2409 2915
13 884 17 887 Α
75 842 167 882 zari,
197 841 221 877 i.
246 855 274 878 e.
303 855 366 886 ego
396 850 430 877 te
461 843 672 876 iustificante
700 855 788 887 opus
812 841 937 878 habeo,

46 96 52 100 ·
79 82 178 117 1075
358 80 444 117 XII.

78 167 378 206 mortificationis,
405 178 509 213 quam
533 177 671 200 necesse
687 172 735 200 est
751 165 826 199 fieri
841 172 922 200 ante
939 165 1064 199 remis-

77 217 213 251 sionem
231 225 462 265 peccatorum.
509 216 556 251 Et
572 229 650 250 cum
664 217 894 261 baptizamur,
914 223 946 250 et
956 215 1059 250 Ioan-

77 268 133 301 nis
158 275 190 302 et
213 267 345 303 Christi
371 269 544 312 baptismo
567 268 803 312 baptizamur,
839 267 861 300 i.
883 279 910 302 e.
933 267 1058 301 morti-

77 318 231 359 ficamur,
259 326 291 352 et
308 319 524 352 mortificatis
539 319 768 352 remittuntur
785 325 934 363 peccata.
977 317 1064 352 Cae-

77 375 190 403 terum
221 369 363 403 Ioannis
400 369 555 403 officium
589 370 731 413 proprie
764 375 834 409 est,
878 368 1064 412 poeniten-

75 420 159 454 tiam
186 421 408 464 praedicare,
437 418 571 454 Christi
592 420 733 465 proprie
750 426 821 460 est,
853 426 988 464 peccata
1009 431 1063 452 re-

75 477 224 505 mlttere.

218 562 319 611 Quia
345 561 422 597 cidi
443 562 616 611 spiritum
642 560 922 599 descendentem.

176 639 330 682 Quando
348 638 434 674 haec
450 638 597 674 historia
613 645 704 683 gesta
722 639 778 680 sit,
806 652 844 673 ex
856 640 934 673 aliis
943 637 1062 673 Evan-

74 689 204 734 gelistis
216 691 366 735 intelligi
377 698 501 735 potest,
523 702 650 734 nempe
660 697 886 736 posteaquam
899 703 917 724 a
930 690 1062 724 Ioanne

74 738 237 775 Christus
260 743 456 786 baptizatus
478 749 539 775 est.
593 739 710 786 Atque
731 742 780 774 ihi
801 741 949 775 loannes
965 741 1061 775 testi-

74 792 198 825 ficatur
213 794 255 825 de
270 791 431 834 Christo,
457 805 535 826 cum
554 792 618 826 ait:
644 791 719 835 Ego
735 805 752 825 a
771 799 804 826 te
819 793 929 825 debeo
946 792 1060 835 bapti—

988 841 1062 877 Re-

75 893 218 937 spondit
244 891 420 928 Christus:
454 893 540 928 Sine
571 894 694 934 modo,
728 895 750 927 i.
774 907 802 927 e.
824 895 985 927 nondum
1011 899 1061 926 est

74 950 210 988 tempus
233 944 497 987 glorificationis
521 956 628 978 meae.
696 943 804 979 Decet
826 957 889 978 nos
914 943 1060 988 implere

73 1006 214 1027 omnem
248 995 442 1037 iusticiam,
476 996 499 1030 i.
523 1008 551 1030 e.
584 1002 722 1039 oportet
752 1008 807 1028 me
831 994 957 1029 subiici
979 994 1058 1037 legi,

73 1045 262 1090 baptizari,
291 1047 513 1087 mortificari,
540 1052 579 1080 ut
603 1046 671 1089 legi
695 1046 922 1084 satisfaciam,
948 1052 987 1079 ut
1011 1045 1059 1078 le-

72 1106 150 1139 gem
165 1097 372 1141 persolvam.
405 1097 529 1131 Postea
546 1097 779 1131 adscendente
790 1095 930 1131 Christo
946 1096 1058 1144 aperti

71 1154 154 1181 sunt
180 1148 287 1189 coeli,
314 1155 347 1182 et
371 1149 459 1182 vidit
480 1148 631 1182 Ioannes
653 1148 816 1192 spiritum
834 1147 900 1182 Dei
917 1148 1060 1181 descen-

70 1198 224 1233 dentem.

175 1263 456 1305 Testimonium,
484 1276 554 1309 quo
579 1264 622 1297 de
640 1264 713 1296 filio
732 1263 935 1297 testificatur
952 1269 1061 1306 pater,

74 1321 124 1348 est
150 1314 292 1358 spiritus
315 1315 524 1348 incumbens
548 1326 652 1358 super
665 1312 868 1351 Christum,
896 1314 986 1346 sicut
1004 1313 1061 1344 in-

72 1364 126 1397 fra
158 1376 231 1408 cap.
251 1364 311 1399 Vl.
344 1365 489 1398 dicitur:
523 1364 630 1397 Hunc
660 1364 754 1397 enim
786 1369 884 1406 pater
909 1363 1061 1405 signavit

71 1412 179 1451 Deus.
228 1412 275 1448 Et
304 1414 428 1448 Esaiae
450 1413 564 1449 LX1.:
601 1414 757 1462 Spiritus
778 1413 925 1447 Domini
956 1425 1061 1456 super

71 1477 128 1499 me
159 1478 217 1505 eo,
253 1467 349 1511 quod
378 1466 520 1500 unxerit
550 1477 616 1498 me.
683 1464 729 1498 Et
759 1464 889 1500 Psalm.
913 1463 1060 1498 XL1V.:

74 1514 184 1550 Unxit
215 1523 268 1556 te,
305 1515 401 1550 Deus
434 1523 525 1549 tuus.
578 1514 674 1548 Haec
705 1516 827 1549 unctio
853 1522 921 1555 est,
954 1526 1059 1559 quam

73 1566 236 1610 figuravit
253 1566 290 1599 in
311 1567 385 1610 lege
402 1567 621 1600 sacerdotum
640 1566 780 1606 unctio,
807 1563 892 1598 haec
909 1566 1062 1599 destillat

73 1629 92 1650 a
124 1618 235 1661 capite
259 1614 392 1651 Christi
423 1617 460 1649 in
486 1618 633 1650 barbam
656 1615 796 1656 Aaron,
829 1613 896 1649 hoc
920 1622 990 1657 est,
1024 1616 1062 1648 in

73 1674 182 1701 totam
217 1669 480 1711 generationem
510 1665 655 1702 Christi.
725 1666 795 1700 Hic
827 1667 970 1711 spiritus
1001 1674 1062 1705 est,

74 1719 134 1763 qui
159 1719 400 1752 testimonium
426 1716 589 1763 perhibet
605 1718 703 1751 cordi
722 1724 862 1755 nostro,
891 1718 985 1761 quod
1004 1729 1062 1750 su-

72 1781 151 1803 mus
173 1770 237 1802 filii
256 1768 341 1809 Dei,
369 1770 540 1802 clamans:
570 1767 672 1802 Abba
696 1775 805 1812 pater.
858 1767 927 1801 Hic
951 1767 1062 1808 sides,

73 1827 245 1865 quantum
264 1820 401 1854 intersit
420 1820 511 1854 inter
527 1819 788 1863 generationem
807 1817 937 1853 Christi
953 1824 984 1851 et
1003 1830 1062 1862 ge-

72 1871 292 1905 nerationem
312 1871 438 1906 carnis.

328 1963 382 1997 Et
407 1975 471 2010 ego
496 1962 696 1996 nesciebam
721 1975 811 1999 eum.

177 2037 313 2073 Multos
335 2038 437 2071 torsit
464 2035 522 2071 hic
548 2038 664 2077 locus,
698 2049 760 2071 cur
784 2036 934 2070 Ioannes
958 2036 1061 2077 dicat,

75 2102 110 2123 se
134 2102 205 2123 non
231 2090 371 2122 novisse
388 2086 569 2122 Christum
589 2089 793 2134 priusquam
810 2088 898 2120 vidit
917 2088 1061 2120 descen-

75 2142 216 2175 dentem
250 2140 450 2173 columbam
480 2140 522 2171 de
555 2139 662 2172 coelo.
724 2138 913 2172 Descendit
943 2145 1059 2172 autem

75 2192 218 2236 spiritus
252 2197 327 2235 post
358 2190 583 2234 baptismum.
652 2189 763 2222 Porro
788 2196 821 2222 et
842 2196 922 2222 ante
944 2189 1059 2232 bapti-

74 2254 189 2276 smum
209 2243 350 2276 videtur
367 2240 518 2274 Ioannes
534 2240 673 2273 novisse
683 2237 861 2274 Christum
873 2266 882 2280 ,
909 2251 986 2272 cum
1004 2240 1060 2272 in—

74 2294 167 2339 quit:
195 2291 272 2337 Ego
289 2305 308 2326 a
326 2299 359 2326 te
376 2292 486 2325 debeo
501 2291 683 2335 baptizari.
737 2290 829 2325 Sunt
846 2290 908 2335 qui
923 2296 1060 2334 putant,

74 2344 243 2378 loannem
270 2351 345 2378 tum
371 2344 513 2376 demum
537 2342 700 2375 didicisse
717 2341 937 2375 divinitatem
953 2338 1060 2374 Chri-

75 2396 140 2436 sti,
164 2407 243 2429 cum
265 2401 365 2428 antea
382 2400 499 2428 nosset
515 2393 589 2427 eius
605 2390 861 2426 humanitatem
874 2419 882 2433 ,
908 2398 942 2425 et
957 2391 1060 2426 sciret

76 2446 284 2480 salvatorem
314 2457 406 2487 esse,
440 2455 640 2490 quanquam
664 2443 779 2477 Deum
807 2454 878 2476 esse
901 2442 1060 2476 nesciret.

76 2496 158 2531 Mea
182 2497 230 2530 sic
252 2503 302 2530 est
323 2496 432 2537 ratio,
458 2495 628 2529 Ioannem
652 2492 718 2528 hoc
742 2494 880 2537 signum
897 2493 1059 2538 allegare,

77 2560 148 2592 quo
189 2554 287 2592 pater
317 2546 557 2581 testimonium
589 2542 731 2579 Christo
765 2545 837 2578 filio
867 2542 1058 2589 perhibuit.

78 2597 126 2633 Ut
159 2598 306 2632 maxime
339 2599 412 2641 ipse
442 2610 482 2630 ex
511 2597 621 2641 priori
646 2597 858 2629 revelatione
879 2593 1059 2629 Christum

79 2651 277 2692 agnoverit,
314 2657 429 2683 tamen
459 2660 532 2681 non
563 2648 689 2690 allegat
714 2646 862 2681 Ioannes
887 2646 1059 2691 privatam
1083 2650 1088 2691 J
1112 2656 1188 2677 rum
1207 2648 1335 2687 portas,

129 2702 304 2733 ΜῑιΑκτΗ.
334 2702 435 2733 Orth.
462 2701 542 2731 Vot..
572 2699 664 2731 XIV.

500 77 891 117 ANNOTATIONES
917 78 984 115 ET
1009 77 1290 116 CONCIONES
1317 79 1368 115 IN
1394 77 1580 117 EVANG.
1608 78 1822 117 IOANNIS.

2006 85 2101 120 1074

1117 165 1384 206 revelationem3
1413 162 1480 199 hoc
1505 165 1645 209 signum
1660 166 1803 209 allegat,
1831 168 1926 212 quod
1945 167 2101 214 Prophe-

1117 223 1170 249 tae
1202 213 1335 250 Christi
1373 217 1512 259 signum
1547 228 1619 250 esse
1652 218 1911 260 praedixerunt.
1978 219 2101 254 Esaiae

1116 265 1227 301 LXI.:
1261 265 1415 310 Spiritus
1441 267 1576 299 domini
1609 279 1714 312 super
1746 281 1811 302 me.
1865 268 1912 303 Ut
1943 270 1988 304 sit
2016 268 2102 304 baec

1116 317 1304 351 sententia:
1339 317 1435 361 Ego,
1469 316 1635 358 Ioannes,
1661 330 1735 351 non
1760 331 1883 353 noram
1907 319 2101 361 Christum,

1117 369 1175 401 sed
1199 368 1376 401 revelante
1394 366 1468 400 Deo
1494 368 1624 408 didici,
1652 376 1685 402 et
1700 370 1924 404 revelationis
1939 383 2022 405 suae
2037 384 2100 417 pa-

1116 426 1168 452 ter
1192 416 1259 452 hoc
1282 418 1522 452 testimonium
1542 416 1739 463 perhibuit3
1767 423 1920 456 ostendit
1938 423 2101 466 spiritum

1115 470 1382 503 descendentem
1408 481 1513 513 super
1535 467 1732 510 Christum,
1757 473 1852 515 quod
1876 473 2015 515 signum
2036 486 2100 507 vo-

1115 520 1169 554 bis
1186 521 1310 563 allego.
1344 519 1434 553 Nam
1452 517 1518 553 hoc
1535 520 1673 563 signum
1691 527 1752 564 est,
1781 534 1850 566 quo
1869 530 1966 566 pater
1983 523 2100 567 signa-

1115 571 1166 605 vit
1188 571 1312 607 filium.
1365 570 1434 604 Hic
1459 577 1527 611 est,
1555 572 1616 615 qui
1632 571 1786 615 baptizat
1803 572 1840 605 in
1859 573 2005 617 spiritu,
2030 575 2054 608 i.
2071 587 2100 611 e.

1114 622 1196 656 facit
1228 634 1357 656 novam
1388 628 1601 662 creaturam,
1634 634 1766 655 novum
1797 623 1936 664 lumen,
1966 637 2099 658 novum

1114 685 1175 706 cor
1197 673 1404 707 mortificato
1431 672 1551 707 veteri.
1612 672 1770 706 Primum
1798 685 1878 717 ergo
1901 672 1958 708 hic
1980 676 2100 709 obser-

1114 725 1271 757 vandum
1293 730 1361 764 est,
1388 721 1570 757 Christum
1594 735 1613 756 a
1638 735 1741 756 carne
1759 737 1831 757 non
1851 726 2032 768 cognosci,
2061 732 2101 760 ut

1115 773 1369 809 Matthxvh:
1395 773 1525 807 Beatus
1541 785 1575 807 es
1591 773 1716 807 Simon
1732 773 1802 808 Bar
1818 775 1903 809 lona
1921 783 1982 810 etc.
2037 776 2100 811 Se-

1114 827 1248 864 cundo,
1291 823 1450 859 Christus
1480 825 1636 868 signatus
1665 831 1714 858 est
1742 832 1775 859 et
1805 833 1932 860 unctus
1963 826 2100 871 Spiritu

1114 884 1253 915 sancto,
1281 883 1318 910 ut
1334 882 1368 909 et
1384 887 1448 909 nos
1463 887 1640 918 ungamur
1657 882 1689 909 et
1705 876 1901 919 signemur,
1928 883 1961 910 et
1979 878 2101 911 destil-

1115 927 1161 960 let
1183 927 1303 960 unctio
1330 927 1403 959 eius
1427 926 1464 958 in
1483 926 1629 959 barbam
1647 924 1780 959 Aaron.
1833 926 1880 960 Et
1897 928 1987 961 sicut
2002 935 2100 972 pater

1113 978 1316 1011 testificatur
1339 978 1382 1009 de
1404 977 1496 1016 filio,
1530 977 1635 1009 misso
1661 975 1797 1020 Spiritu
1821 985 1960 1019 sancto,
1992 979 2038 1012 ita
2064 979 2101 1011 in

1113 1029 1216 1061 nobis
1246 1028 1409 1071 spiritum
1434 1027 1643 1060 arrabonem
1669 1028 1800 1070 gratiae
1823 1035 1925 1062 vocat
1950 1029 2101 1063 Paulus:

1113 1077 1160 1113 Et
1184 1078 1335 1111 vicissim
1362 1078 1564 1112 testificatur
1586 1077 1690 1110 nobis
1719 1078 1882 1121 spiritus,
1922 1081 2016 1125 quod
2043 1092 2099 1114 su-

1114 1142 1191 1163 mus
1206 1128 1271 1163 filii
1289 1128 1376 1170 Dei,
1403 1129 1574 1162 clamans:
1602 1126 1704 1161 Abba
1724 1135 1833 1173 pater.

1477 1254 1532 1288 Et
1556 1266 1620 1300 ego
1647 1253 1734 1299 cidi,

1114 1329 1180 1364 hoc
1204 1331 1362 1373 signum,
1389 1342 1459 1375 quo
1484 1338 1582 1374 pater
1604 1331 1647 1363 de
1662 1330 1734 1364 filio
1753 1331 1955 1365 testificatus
1973 1339 2042 1373 est,
2069 1340 2103 1366 et

1114 1381 1355 1415 testimonium
1383 1378 1583 1423 perhibuit,
1618 1382 1713 1425 quod
1744 1379 1802 1413 hic
1831 1382 1875 1415 sit
1903 1383 1996 1416 filius
2024 1382 2104 1417 Dei.

1114 1431 1161 1465 Et
1181 1429 1266 1465 haec
1290 1438 1340 1464 est
1363 1431 1535 1464 consessio
1560 1431 1779 1475 evangelica,
1815 1431 1904 1465 sicut
1929 1431 2103 1467 Matthaei

1114 1482 1210 1516 XVI.
1244 1489 1404 1526 apparet:
1442 1481 1499 1515 Tu
1531 1493 1566 1515 es
1589 1479 1771 1520 Christus,
1806 1482 1899 1516 filius
1923 1481 1990 1517 Dei
2019 1484 2104 1521 vivi.

1115 1533 1225 1566 Porro
1251 1533 1427 1573 confiteri,
1455 1534 1549 1577 quod
1575 1529 1737 1565 Christus
1761 1532 1805 1566 sit
1828 1533 1920 1567 filius
1936 1533 2025 1576 Dei,
2053 1541 2104 1569 est

1116 1583 1292 1625 confiteri,
1319 1584 1414 1628 quod
1437 1583 1480 1616 sit
1500 1581 1612 1622 Deus,
1637 1583 1808 1624 salvator,
1836 1581 1958 1618 haeres
1981 1592 2016 1619 et
2038 1586 2102 1619 do-

1115 1635 1233 1668 minus
1249 1635 1422 1669 omnium.
1474 1632 1572 1673 Item,
1591 1633 1678 1666 sicut
1694 1633 1765 1678 ipse
1781 1640 1832 1668 est
1851 1631 1972 1669 haeres
1989 1643 2021 1670 et
2037 1637 2103 1669 do-

1117 1686 1233 1718 minus
1258 1687 1435 1724 omnium,
1463 1684 1509 1718 ita
1534 1684 1628 1717 credi
1652 1691 1806 1728 oportet,
1832 1697 1907 1727 eos,
1936 1686 1996 1731 qui
2021 1693 2103 1721 sunt

1116 1737 1153 1768 in
1178 1734 1340 1776 Christo,
1373 1732 1580 1768 cohaeredes
1608 1746 1679 1768 esse
1702 1733 1853 1776 Christi,
1887 1737 2045 1782 adeoque
2070 1744 2104 1771 et

1117 1787 1211 1832 ipsos
1249 1797 1320 1819 esse
1357 1785 1521 1819 dominos
1556 1786 1736 1827 omnium,
1775 1787 1925 1829 peccati,
1967 1788 2103 1829 mortis,

1115 1837 1259 1877 mundi,
1292 1837 1445 1870 breviter
1477 1842 1657 1882 portarum
1690 1836 1805 1872 inseri.
1865 1837 1918 1870 De
1947 1835 2011 1872 hac
2035 1839 2102 1872 fide

1116 1888 1274 1933 loquitur
1291 1886 1481 1931 Apostolus
1498 1886 1602 1921 Rom.
1623 1886 1682 1919 X.:
1709 1887 1747 1921 Si
1773 1888 1808 1919 in
1826 1889 1930 1921 corde
1948 1895 2008 1922 tuo
2027 1901 2102 1922 cre-

1115 1939 1188 1979 dis,
1213 1939 1307 1984 quod
1327 1936 1422 1971 Deus
1447 1949 1524 1970 eum
1549 1937 1769 1972 suscitaverit
1793 1950 1810 1971 a
1836 1939 2004 1980 mortuis,
2032 1940 2054 1974 i.
2073 1952 2102 1975 e.

1116 1989 1383 2035 glorificaverit,
1443 1988 1564 2022 fecerit
1609 1988 1794 2022 dominum
1836 1990 1995 2023 omnium
2036 1997 2102 2025 etc.

1116 2040 1221 2079 Item,
1247 2041 1386 2073 credere
1412 2040 1501 2073 sicut
1526 2040 1599 2083 ipse
1624 2046 1673 2072 est
1696 2039 1807 2080 filius,
1833 2041 1989 2085 adeoque
2011 2041 2101 2074 dile-

1115 2099 1189 2125 ctus
1213 2091 1322 2135 patri,
1356 2091 1402 2124 ita
1427 2101 1510 2133 nos,
1545 2090 1606 2135 qui
1630 2090 1806 2123 credimus
1828 2090 1921 2131 filio,
1955 2092 2100 2126 dilectos

1114 2154 1185 2175 esse
1210 2142 1311 2186 patri.
1364 2140 1423 2176 Sic
1448 2142 1491 2175 ad
1509 2139 1614 2175 Rom.
1632 2139 1747 2175 vm..-
1777 2140 1849 2183 Qui
1875 2141 1971 2174 dedit
1987 2142 2099 2175 filium

1113 2205 1215 2227 suum
1240 2193 1464 2236 unigenitum
1483 2204 1547 2236 pro
1565 2191 1686 2232 nobis,
1709 2192 1888 2236 quomodo
1904 2193 2009 2226 etiam
2025 2204 2098 2226 non

1114 2244 1231 2278 omnia
1249 2256 1327 2278 cum
1346 2244 1408 2277 illo
1426 2242 1629 2277 donantur?

1456 2357 1584 2393 Altera
1612 2356 1670 2392 die
1694 2363 1753 2393 etc.

1213 2437 1308 2472 Haec
1320 2437 1409 2470 sicut
1419 2435 1599 2479 superiora
1610 2434 1836 2477 intelligenda
1846 2439 1936 2468 sunt.
1965 2430 2097 2479 Agnus

1112 2488 1207 2530 Dei,
1235 2490 1256 2524 i.
1275 2501 1303 2523 e.
1319 2488 1379 2533 qui
1397 2500 1415 2520 a
1431 2485 1505 2520 Deo
1524 2487 1626 2519 datus
1643 2491 1693 2518 est
1710 2496 1772 2528 pro
1792 2485 1939 2529 peccatis
1955 2485 2097 2526 nostris,

1113 2548 1146 2575 et
1177 2539 1339 2584 exprimit
1367 2536 1498 2571 Christi
1528 2534 1821 2569 humiliationem.
1889 2532 1968 2581 Qui
1995 2533 2096 2570 tollit

1086 2585 1274 2642 :peccataz
1311 2589 1541 2632 glorificatum
1574 2586 1677 2630 dicit,
1715 2586 1795 2631 quia
1829 2586 2094 2630 fregitf'insero-

1561 2686 1609 2719 68
