2409 2915
51 119 124 156 955
304 117 384 156 XII.

154 203 212 238 Tu
238 204 345 248 igitur
369 203 504 244 videas,
531 209 570 237 ut
593 202 631 235 in
648 201 744 235 illam
762 203 1030 246 promissionem

51 263 83 290 te
112 255 290 296 includas,
318 266 382 288 nec
402 254 542 288 dubites
564 259 596 286 te
619 264 759 298 quoque
784 254 891 297 recipi
915 261 949 288 et
975 266 1031 287 ex—

50 307 177 341 audiri.
230 305 275 339 Et
295 305 395 339 aliter
412 305 456 338 de
471 304 652 337 voluntate
667 302 733 336 Dei
750 304 904 337 sentiens
921 304 1030 337 disce-

50 358 104 390 dit
128 358 172 389 ab
194 356 265 389 eius
288 357 415 396 verbo,
441 360 476 388 et
499 365 572 387 non
599 353 729 388 iudicat
751 356 793 387 de
815 353 881 388 Dei
904 355 1029 388 volun-

51 414 119 442 tate
142 408 234 440 iuxta
258 406 423 446 verbum,
448 405 507 438 sed
525 404 620 438 iuxta
637 402 809 438 humanas
826 411 857 438 et
875 405 1029 450 peregri-

51 470 114 491 nas
132 456 409 500 imaginationes.

100 539 206 575 Tunc
223 543 342 573 euntes
358 536 562 572 Pharisaei
574 537 770 574 consilium
786 537 964 579 inierunt,
994 543 1030 572 ul

151 602 230 626 eum
248 593 411 637 caperent
430 588 468 623 in
486 600 661 625 sermone.

413 701 481 736 De
509 711 664 735 censu.

147 767 358 813 Priusquam
385 769 429 801 de
456 767 659 813 quaestione
683 763 951 801 Pharisaeorum
976 767 1031 800 di-

47 833 133 860 cam,
158 819 256 863 prins
271 819 458 851 dicendum
476 825 525 851 est
540 819 582 850 de
597 818 655 850 illa
671 816 743 860 ipsa
756 814 915 857 historia,
943 830 1031 863 quae

47 871 154 904 fuerit
177 869 344 914 pecunia,
370 877 401 902 et
426 869 520 912 quod
546 868 736 907 tributum,
763 868 805 899 de
829 880 898 912 quo
920 868 1031 901 inter-

45 914 191 964 rogant,
226 919 308 952 inde
340 920 467 963 poterit
498 918 668 961 intelligi,
703 929 807 961 quam
839 919 1028 961 speciosam

46 983 184 1004 causam
215 968 403 1004 habuerint
430 969 569 1010 Iudaei,
603 980 675 1002 non
703 968 812 1001 dandi
838 967 942 1003 huius
967 969 1030 1003 tri-

43 1022 122 1056 buti
138 1020 322 1056 Romanis.

338 1101 508 1136 Historia
535 1100 659 1137 Exodi
679 1104 738 1137 30.

148 1171 244 1204 Deus
268 1171 449 1204 mandavit
466 1170 614 1214 singulis
632 1169 838 1204 bominibus
856 1171 892 1203 in
913 1170 1028 1211 Israel,

47 1223 108 1269 qui
129 1223 312 1263 attigerant
341 1221 542 1254 vicesimum
560 1234 712 1262 annum,
739 1222 822 1255 dare
841 1222 1029 1266 quotannis

46 1273 178 1316 templo
203 1270 468 1311 didrachmum,
502 1273 595 1315 quod
621 1272 712 1305 valet
737 1279 854 1305 nostra
882 1272 1026 1315 pecunia

46 1336 155 1357 unum
179 1324 408 1367 quadrantem
435 1322 530 1354 aurei
555 1319 730 1354 Rhenani.
782 1321 858 1354 Hac
881 1323 1027 1365 pecunia

45 1374 158 1407 voluit
178 1374 274 1406 Dens
298 1371 498 1404 conservari
525 1372 720 1404 aedificium
749 1372 888 1415 templi,
916 1379 948 1405 et
973 1384 1027 1404 re-

42 1423 261 1468 parationem
287 1422 481 1461 librorum,
516 1428 547 1454 et
574 1421 909 1462 instrumentorum,
935 1422 1027 1462 item,

42 1474 157 1507 iuvari
185 1484 352 1517 pauperes
375 1472 599 1511 Sacerdotes,
634 1478 667 1505 et
691 1472 815 1505 viduas
840 1479 872 1506 et
897 1470 1026 1515 orpha-

44 1537 129 1565 nos,
163 1531 195 1558 et
230 1523 266 1555 in
295 1534 449 1561 summa,
482 1519 538 1554 hic
563 1529 636 1555 erat
658 1523 863 1567 praecipuus
887 1520 1026 1556 thesau-

45 1587 105 1609 rus
128 1575 164 1606 in
191 1573 254 1606 bac
279 1579 350 1606 tota
375 1572 640 1614 gubernatione.
712 1572 758 1606 Et
783 1580 854 1606 erat
880 1573 1025 1616 pecunia

44 1637 182 1666 magna.
230 1622 344 1656 Credo
373 1622 435 1654 illo
464 1629 618 1665 tempore
642 1620 772 1657 Christi
798 1623 935 1656 circiter
959 1631 1027 1658 tres

43 1683 171 1710 tonnas
197 1673 272 1707 auri
301 1672 490 1717 quotannis
508 1673 633 1713 fnisse,
661 1673 743 1718 quia
762 1673 800 1707 in
821 1685 946 1717 magna
963 1685 1027 1718 gu—

43 1726 250 1761 bernatione
268 1735 356 1767 opus
373 1729 422 1756 est
441 1723 597 1766 pecunia.

146 1783 235 1817 Cum
266 1789 381 1816 autem
415 1779 571 1814 Romani
605 1781 785 1825 viderent,
837 1783 1027 1827 quotannis

44 1842 177 1871 tantam
212 1832 395 1878 pecuniam
424 1833 465 1864 ad
495 1832 663 1875 templum
691 1833 861 1872 conferri,
895 1840 1026 1866 metue-

43 1888 149 1924 bant,
177 1897 220 1918 ne
240 1883 378 1921 ludaei,
405 1882 466 1927 qui
488 1882 620 1927 alioqui
645 1883 747 1916 facile
770 1884 958 1916 movebant
973 1895 1027 1916 se-

42 1938 213 1977 ditiones,
248 1933 408 1968 instructi
433 1931 495 1965 bae
519 1934 682 1976 pecunia,
715 1934 852 1967 facilius
878 1935 1026 1968 rebella-

42 1994 142 2027 rent,
171 1985 260 2020 banc
283 1984 466 2029 pecuniam
491 1984 532 2015 ad
549 1983 751 2017 Romanum
772 1985 893 2017 fiscum
913 1992 1026 2018 trans-

41 2039 218 2078 tulerunt,
260 2036 342 2082 quia
378 2035 462 2067 inde
493 2034 594 2068 facile
627 2035 801 2080 praesidia
834 2036 926 2069 alere
962 2048 1027 2080 po-

42 2095 171 2124 terant.

146 2145 264 2179 ludaei
290 2150 403 2177 antem
430 2154 528 2185 aegre
547 2144 698 2177 serentes
716 2155 798 2177 snae
814 2144 1026 2187 reipublicae

43 2204 174 2232 tantam
194 2195 376 2240 pecuniam
394 2195 499 2238 eripi,
530 2193 655 2237 passim
673 2194 909 2237 disputabant,
936 2193 1026 2228 banc

41 2248 225 2294 pecuniam
246 2245 419 2280 Romanis
445 2257 515 2277 non
543 2245 695 2277 dandam
720 2256 808 2285 esse,
835 2252 867 2278 et
891 2246 1024 2289 specio-

40 2311 113 2334 sam
131 2309 267 2332 causam
285 2296 500 2339 allegabant:
812 2304 815 2307 ·

143 2356 332 2399 Templum
350 2361 381 2388 et
400 2353 474 2386 iura
492 2353 612 2397 templi
630 2360 791 2397 oportere
808 2354 966 2395 defendi,
994 2362 1026 2388 et

41 2408 155 2442 Deum
182 2407 257 2451 piae
281 2416 403 2439 causae
421 2405 624 2438 adfuturum
642 2416 732 2441 esse,
761 2404 849 2438 sicut
869 2411 1026 2450 tempore

41 2458 333 2493 Maccahaeorum
351 2457 509 2489 adfuerat
528 2455 771 2488 defensoribus
790 2456 923 2499 templi.

142 2515 238 2550 Haec
266 2523 382 2550 autem
410 2513 556 2559 pecunia
582 2514 658 2547 iure
684 2513 806 2547 divino
830 2521 902 2549 erat
925 2516 1024 2550 attri-

39 2569 124 2602 buta
141 2567 284 2611 templo.

143 2624 238 2669 Ergo
259 2630 402 2669 propter
417 2620 508 2657 hanc
525 2623 709 2667 pecuniam
729 2623 861 2658 bellum
877 2636 1022 2659 moven-

42 2677 127 2711 dum
144 2687 216 2710 esse
235 2674 548 2711 ratiocinabantur.

436 114 828 154 ANNOTATIONES
855 115 922 153 ET
949 115 1228 154 CONCIONES
1255 117 1305 153 IN
1332 117 1511 154 EVANG.
1538 119 1814 155 MATTHAEI.

1051 1778 1053 1784 ’
1079 1769 1184 1802 bona.

1052 2039 1053 2058 ;
1079 2021 1187 2054 iectus
1212 2028 1260 2054 est
1287 2019 1391 2054 homo
1416 2035 1433 2055 a
1456 2022 1546 2063 Deo,
1575 2031 1716 2067 propter
1741 2025 1964 2062 calamitates.

1992 122 2064 157 954

1184 202 1260 237 Hoc
1293 212 1540 248 argumentum
1572 207 1674 239 valde
1704 207 1897 250 speciosum
1929 215 1996 248 est,
2034 216 2066 242 et

1081 253 1270 287 difficulter
1292 255 1381 287 solvi
1405 263 1528 299 potest.
1581 256 1669 290 Cum
1697 257 1802 299 igitur
1824 264 1909 291 esset
1929 260 2066 301 pericu-

1082 305 1153 337 losa
1178 304 1354 349 quaestio,
1387 314 1588 350 proponunt
1613 319 1686 339 eam
1713 306 1874 348 Christo,
1910 309 2065 343 sciebant

1080 355 1194 392 enim,
1230 355 1446 389 offensurum
1473 368 1544 390 esse
1564 358 1769 402 alterutros,
1798 358 1979 393 Romanos
2005 367 2064 394 aut

1080 405 1261 450 populum.

1183 455 1249 488 Sed
1269 454 1443 489 Dominus
1462 458 1649 500 respondet
1667 458 1715 490 eis
1733 465 1841 494 acute.
1895 457 1938 494 Et
1960 461 2064 494 simul

1081 507 1123 538 de
1140 506 1277 539 duabus
1295 507 1456 540 maximis
1472 507 1576 541 rebus
1595 520 1652 540 eos
1670 509 1789 548 docet,
1817 511 1976 553 obiurgat
1996 524 2064 553 eos,

1081 557 1173 601 quod
1199 557 1504 591 tumultuabantur
1527 559 1568 590 ‹le
1593 559 1754 602 pecunia,
1784 567 1814 591 et
1842 561 2063 603 negligebant

1082 607 1148 640 alia
1164 607 1372 651 principalia
1394 609 1513 652 templi
1530 609 1624 647 iura,
1650 610 1777 642 scilicet
1796 622 1912 643 veram
1933 613 2064 644 doctri-

1081 669 1180 698 nam,
1208 664 1242 691 et
1264 669 1380 690 veram
1407 659 1683 699 invocationem,
1713 666 1744 693 et
1769 660 1863 694 iubet
1881 673 1937 694 eos
1954 663 2064 694 serti-

1082 715 1189 741 tutem
1205 708 1295 741 serre
1311 708 1347 740 in
1367 721 1404 741 re
1421 711 1606 753 corporali.
1661 709 1754 742 Haec
1770 718 1817 743 est
1836 712 1949 745 brevis
1966 725 2062 745 sum-

1082 771 1136 792 ma
1152 758 1259 791 huius
1273 759 1499 803 quaestionis,
1530 761 1564 792 in
1582 772 1647 804 qua
1666 761 1773 793 multa
1791 769 1870 795 sunt
1890 763 2064 797 discenda.

1182 808 1340 843 Primum
1371 810 1460 844 sicut
1481 810 1577 844 Deus
1603 823 1640 843 ea
1667 812 1738 854 lege
1763 813 1951 856 praecipit,
1987 815 2063 846 dari

1082 860 1272 904 quotannis
1296 861 1429 906 aliquid
1456 862 1498 894 ad
1524 862 1712 905 templum,
1747 862 1792 896 ita
1817 863 1926 897 sciant
1948 862 2063 896 bomi-

1082 922 1142 943 nes
1165 911 1321 952 singulos
1345 912 1471 945 debere
1496 913 1662 946 adiuvare
1679 914 1978 947 conservationem
1998 915 2064 946 mi-

1082 961 1216 994 nisterii
1231 959 1452 1003 Evangelio,
1478 975 1542 1006 pro
1560 963 1631 995 suis
1648 963 1881 999 facultatibus.
1934 964 1978 998 Et
1997 965 2064 996 im-

1082 1011 1136 1055 pie
1165 1012 1298 1045 faciunt
1332 1013 1476 1055 plurimi
1510 1011 1688 1053 homines,
1724 1014 1782 1056 qui
1816 1012 1905 1047 nihil
1938 1016 2064 1049 volunt

1081 1062 1240 1095 conferre
1266 1064 1306 1095 ad
1333 1063 1517 1096 ministerii
1545 1065 1858 1099 conservationem.
1912 1065 1955 1099 Et
1982 1078 2061 1110 pro-

1083 1119 1157 1155 pter
1187 1110 1253 1145 hoc
1288 1120 1465 1157 peccatum
1490 1113 1585 1147 Deus
1617 1115 1718 1157 punit
1750 1113 1928 1153 homines,
1963 1124 1999 1149 ut
2025 1117 2061 1149 in

1081 1162 1219 1205 Aggaeo
1249 1175 1406 1207 expresse
1437 1165 1605 1207 scriptum
1631 1172 1695 1197 est:
1735 1164 1816 1198 Ideo
1842 1178 1968 1199 messes
1992 1178 2063 1200 esse

1079 1213 1275 1252 tenuiores,
1310 1215 1390 1258 quia
1420 1216 1597 1258 negligant
1624 1216 1899 1249 aedificationem
1928 1217 2062 1261 templi,

1079 1271 1111 1297 et
1129 1271 1264 1298 tantum
1286 1265 1437 1307 privatas
1453 1266 1710 1299 aedificationes
1725 1275 1857 1300 curent.

1180 1314 1362 1354 Secundo,
1410 1317 1451 1347 ad
1500 1317 1768 1358 intelligendum
1816 1326 2061 1359 argumentum

1078 1362 1347 1398 Pharisaeorum
1364 1377 1451 1409 opus
1467 1373 1516 1400 est
1530 1368 1630 1400 scire:
1662 1367 1739 1401 Duo
1755 1379 1878 1411 genera
1895 1381 1964 1401 esse
1981 1381 2061 1412 pro-

1077 1415 1297 1450 missionum.

1181 1464 1257 1499 Una
1292 1472 1341 1499 est
1368 1467 1553 1511 praecipua
1581 1467 1767 1511 promissio
1789 1470 1937 1511 gratiae,
1974 1481 2062 1515 quae

1078 1522 1127 1549 est
1152 1517 1381 1557 universalis,
1409 1525 1438 1550 ct
1466 1519 1634 1561 promissa
1658 1526 1798 1562 propter
1816 1520 1926 1553 silium
1946 1521 2063 1562 gratis,

1077 1567 1242 1600 omnibus
1266 1567 1332 1599 fide
1355 1568 1615 1611 accipientibus.
1672 1568 1769 1602 Hanc
1794 1571 2062 1614 promissionem

1079 1624 1172 1650 certo
1205 1617 1279 1650 vult
1311 1616 1404 1651 Deus
1438 1627 1545 1651 ratam
1581 1632 1652 1652 esse
1685 1619 1868 1662 (munilibus,
1902 1622 2063 1666 quolibet

1079 1674 1254 1711 tempore,
1282 1681 1361 1700 cum
1380 1668 1555 1712 accipiunt
1571 1682 1644 1702 earn
1664 1671 1749 1709 fide,
1776 1670 1848 1703 sive
1867 1673 2062 1716 corporalia

1079 1718 1168 1750 hona
1193 1715 1402 1757 habeamus,
1430 1720 1502 1751 sive
1525 1719 1722 1764 eripiantur
1744 1722 1846 1755 nobis
1863 1723 2060 1766 corporalia

1239 1767 1320 1801 Ideo
1345 1776 1435 1802 recte
1460 1769 1544 1803 dicit
1569 1770 1646 1803 lob:
1675 1770 1820 1805 Etiamsi
1845 1773 1977 1807 occidet
1995 1786 2062 1813 me,

1078 1820 1224 1861 sperabo
1250 1818 1284 1851 in
1309 1832 1398 1852 eum.
1453 1819 1497 1853 Et
1518 1820 1691 1855 Dominus
1716 1823 1846 1867 inquit:
1875 1823 2001 1857 Venite
2018 1825 2062 1857 ad

1079 1882 1132 1902 me
1156 1881 1298 1909 omues,
1326 1871 1384 1914 qui
1413 1871 1580 1904 laboratis
1605 1880 1635 1906 et
1659 1874 1793 1906 onerati
1820 1874 1916 1912 estis,
1942 1881 1973 1907 et
1999 1886 2061 1917 ego

1078 1920 1227 1953 reficiam
1253 1932 1324 1953 vos.
1380 1920 1464 1953 Item
1487 1921 1623 1954 Esaias:
1655 1922 1720 1956 Ubi
1746 1924 1918 1958 habitabit
1937 1924 2063 1958 Domi—

1079 1971 1170 2003 nus?
1223 1970 1262 2003 ln
1296 1972 1456 2004 contritis
1487 1978 1519 2004 et
1541 1973 1698 2007 adflictis.
1761 1974 1840 2007 Non
1869 1975 1975 2018 igitur
1999 1977 2062 2008 ah-

2016 2026 2062 2060 Et

1078 2072 1246 2115 sapientia
1283 2073 1472 2106 necessaria
1506 2080 1555 2106 est
1586 2073 1780 2113 Ecclesiae,
1822 2077 1927 2115 scire,
1966 2078 2061 2121 quod

1079 2121 1173 2155 Deus
1198 2121 1278 2155 velit
1306 2135 1369 2156 nos
1391 2123 1541 2157 retinere
1561 2122 1650 2157 hanc
1667 2126 1882 2159 verissimam
1901 2128 2060 2161 consola-

1079 2173 1229 2212 tionem,
1257 2174 1348 2217 quod
1371 2185 1507 2206 necesse
1526 2175 1568 2207 sit
1587 2174 1661 2208 Deo
1680 2177 1835 2214 credere,
1862 2183 1894 2210 et
1911 2178 2062 2220 promis-

1078 2223 1211 2255 sionem
1234 2225 1363 2266 gratiae
1382 2225 1549 2261 retinere,
1577 2226 1678 2257 etiam
1696 2239 1773 2258 cum
1789 2227 1923 2269 magnis
1939 2229 2061 2271 poenis

1077 2273 1337 2317 opprinmntnr,
1391 2273 1435 2308 Ut
1454 2274 1564 2308 Datid
1588 2283 1676 2308 recte
1696 2277 1796 2316 sarit,
1823 2280 1915 2321 quod
1937 2280 2060 2313 retinet

1078 2324 1345 2367 promissionem
1377 2325 1522 2366 gratiae,
1558 2327 1660 2359 etiam
1693 2339 1771 2359 cum
1804 2327 1904 2361 iustis
1937 2330 2060 2372 poenis

1077 2375 1251 2409 obruitur.
1306 2375 1390 2409 Saul
1409 2388 1478 2408 non
1497 2383 1586 2409 recte
1603 2376 1698 2415 facit,
1728 2379 1823 2420 qnod
1841 2379 1957 2412 abiicit
1978 2391 2061 2423 pro-

1077 2425 1277 2458 missionem
1311 2425 1458 2467 gratiae,
1493 2433 1526 2459 et
1557 2427 1673 2479 deficit
1704 2441 1721 2460 a
1750 2427 1842 2470 Deo,
1875 2437 2060 2475 postquam

1075 2477 1179 2510 sentit
1200 2488 1341 2520 poenas.

1181 2526 1254 2560 lmo
1273 2526 1366 2560 Deus
1388 2526 1466 2559 ideo
1487 2526 1579 2559 exuit
1599 2538 1664 2560 nos
1682 2528 1848 2562 omnibus
1863 2530 1965 2563 bonis
1982 2543 2060 2564 cor-

1075 2577 1274 2621 poralibus,
1303 2584 1338 2610 ut
1363 2577 1464 2609 fidem
1486 2578 1627 2620 probet.
1655 2590 1698 2611 an
1718 2579 1851 2613 firmius
1867 2579 2058 2615 adhaerea-

1075 2639 1153 2661 mus
1176 2639 1238 2661 suo
1265 2628 1388 2666 verbo,
1416 2639 1519 2672 qnam
1539 2628 1642 2660 honis
1660 2630 1911 2671 corporalibus.
1965 2631 2060 2667 Haec

1075 2678 1261 2724 diligenter
1276 2678 1530 2712 consideranda
1546 2685 1647 2719 sunt,
1675 2687 1708 2715 et
1723 2677 1790 2715 hoc
1805 2682 1911 2717 breve
1927 2683 2060 2718 dictum
