<?xml version="1.0" encoding="UTF-8"?>
<!DOCTYPE html PUBLIC "-//W3C//DTD XHTML 1.0 Transitional//EN"
    "http://www.w3.org/TR/xhtml1/DTD/xhtml1-transitional.dtd">
<html xmlns="http://www.w3.org/1999/xhtml" xml:lang="en" lang="en">
 <head>
  <title>
</title>
<meta http-equiv="Content-Type" content="text/html;charset=utf-8" />
  <meta name='ocr-system' content='tesseract 3.04.00' />
  <meta name='ocr-capabilities' content='ocr_page ocr_carea ocr_par ocr_line ocrx_word'/>
</head>
<body>
  <div class='ocr_page' id='page_1' title='image "./operaquaesupersu14melauoft/operaquaesupersu14melauoft_0378.png"; bbox 0 0 2409 2915; ppageno 0'>
   <div class='ocr_carea' id='block_1_1' title="bbox 252 104 326 139">
    <p class='ocr_par' dir='ltr' id='par_1_1' title="bbox 252 104 326 139">
     <span class='ocr_line' id='line_1_1' title="bbox 252 104 326 139; baseline 0 -1"><span class='ocrx_word' id='word_1_1' title='bbox 252 104 326 139; x_wconf 79' lang='lat'>739</span> 
     </span>
    </p>
   </div>
   <div class='ocr_carea' id='block_1_2' title="bbox 259 182 1244 272">
    <p class='ocr_par' dir='ltr' id='par_1_2' title="bbox 259 182 1244 272">
     <span class='ocr_line' id='line_1_2' title="bbox 260 182 1244 230; baseline -0.007 -8"><span class='ocrx_word' id='word_1_2' title='bbox 260 196 369 222; x_wconf 85' lang='lat' dir='ltr'>ctum:</span> <span class='ocrx_word' id='word_1_3' title='bbox 412 185 548 220; x_wconf 87' lang='lat' dir='ltr'><strong>Omnes</strong></span> <span class='ocrx_word' id='word_1_4' title='bbox 577 184 638 230; x_wconf 92' lang='lat' dir='ltr'>qui</span> <span class='ocrx_word' id='word_1_5' title='bbox 671 190 703 218; x_wconf 90' lang='lat' dir='ltr'>te</span> <span class='ocrx_word' id='word_1_6' title='bbox 733 189 951 228; x_wconf 86' lang='lat' dir='ltr'>exspectant,</span> <span class='ocrx_word' id='word_1_7' title='bbox 987 194 1061 216; x_wconf 93' lang='lat' dir='ltr'>non</span> <span class='ocrx_word' id='word_1_8' title='bbox 1092 182 1244 216; x_wconf 85' lang='lat' dir='ltr'>confun-</span> 
     </span>
     <span class='ocr_line' id='line_1_3' title="bbox 259 242 396 272; baseline -0.007 -1"><span class='ocrx_word' id='word_1_9' title='bbox 259 242 396 272; x_wconf 90' lang='lat' dir='ltr'>dentur.</span> 
     </span>
    </p>
   </div>
   <div class='ocr_carea' id='block_1_3' title="bbox 661 325 834 351">
    <p class='ocr_par' dir='ltr' id='par_1_3' title="bbox 661 325 834 351">
     <span class='ocr_line' id='line_1_4' title="bbox 661 325 834 351; baseline -0.012 0"><span class='ocrx_word' id='word_1_10' title='bbox 661 325 834 351; x_wconf 83' lang='lat' dir='ltr'>obiectio.</span> 
     </span>
    </p>
   </div>
   <div class='ocr_carea' id='block_1_4' title="bbox 252 385 1245 2359">
    <p class='ocr_par' dir='ltr' id='par_1_4' title="bbox 252 385 1245 1850">
     <span class='ocr_line' id='line_1_5' title="bbox 362 385 1244 435; baseline -0.005 -13"><span class='ocrx_word' id='word_1_11' title='bbox 362 388 407 422; x_wconf 88' lang='lat' dir='ltr'>At</span> <span class='ocrx_word' id='word_1_12' title='bbox 432 388 610 435; x_wconf 89' lang='lat' dir='ltr'>quomodo</span> <span class='ocrx_word' id='word_1_13' title='bbox 633 387 793 426; x_wconf 85' lang='lat' dir='ltr'>credam,</span> <span class='ocrx_word' id='word_1_14' title='bbox 828 385 956 419; x_wconf 79' lang='lat' dir='ltr'>dixerit</span> <span class='ocrx_word' id='word_1_15' title='bbox 979 386 1074 430; x_wconf 88' lang='lat' dir='ltr'>quis,</span> <span class='ocrx_word' id='word_1_16' title='bbox 1102 393 1160 420; x_wconf 91' lang='lat' dir='ltr'>aut</span> <span class='ocrx_word' id='word_1_17' title='bbox 1187 398 1244 418; x_wconf 87' lang='lat' dir='ltr'>ex-</span> 
     </span>
     <span class='ocr_line' id='line_1_6' title="bbox 260 436 1245 484; baseline -0.004 -11"><span class='ocrx_word' id='word_1_18' title='bbox 260 440 434 484; x_wconf 73' lang='lat' dir='ltr'>spectem?</span> <span class='ocrx_word' id='word_1_19' title='bbox 478 451 556 472; x_wconf 89' lang='lat' dir='ltr'>cum</span> <span class='ocrx_word' id='word_1_20' title='bbox 588 436 674 471; x_wconf 89' lang='lat' dir='ltr'>baec</span> <span class='ocrx_word' id='word_1_21' title='bbox 702 437 841 469; x_wconf 76' lang='lat' dir='ltr'>infirma</span> <span class='ocrx_word' id='word_1_22' title='bbox 876 443 1001 470; x_wconf 86' lang='lat' dir='ltr'>natura</span> <span class='ocrx_word' id='word_1_23' title='bbox 1033 448 1105 470; x_wconf 91' lang='lat' dir='ltr'>nou</span> <span class='ocrx_word' id='word_1_24' title='bbox 1137 437 1245 481; x_wconf 84' lang='lat' dir='ltr'><strong>possit</strong></span> 
     </span>
     <span class='ocr_line' id='line_1_7' title="bbox 260 487 1245 534; baseline -0.004 -11"><span class='ocrx_word' id='word_1_25' title='bbox 260 503 383 524; x_wconf 82' lang='lat' dir='ltr'>exuere</span> <span class='ocrx_word' id='word_1_26' title='bbox 404 502 464 523; x_wconf 91' lang='lat' dir='ltr'>seu</span> <span class='ocrx_word' id='word_1_27' title='bbox 489 491 664 534; x_wconf 72' lang='lat' dir='ltr'><strong>deponere</strong></span> <span class='ocrx_word' id='word_1_28' title='bbox 689 487 895 531; x_wconf 77' lang='lat' dir='ltr'>pravitatem</span> <span class='ocrx_word' id='word_1_29' title='bbox 915 487 1097 520; x_wconf 88' lang='lat' dir='ltr'>nobiscum</span> <span class='ocrx_word' id='word_1_30' title='bbox 1115 495 1245 527; x_wconf 85' lang='lat' dir='ltr'>natam,</span> 
     </span>
     <span class='ocr_line' id='line_1_8' title="bbox 260 538 1245 581; baseline -0.003 -8"><span class='ocrx_word' id='word_1_31' title='bbox 260 541 419 574; x_wconf 85' lang='lat' dir='ltr'>omnium</span> <span class='ocrx_word' id='word_1_32' title='bbox 449 538 634 573; x_wconf 85' lang='lat' dir='ltr'>bominum</span> <span class='ocrx_word' id='word_1_33' title='bbox 658 539 763 571; x_wconf 88' lang='lat' dir='ltr'>corda</span> <span class='ocrx_word' id='word_1_34' title='bbox 791 538 892 581; x_wconf 85' lang='lat' dir='ltr'>plena</span> <span class='ocrx_word' id='word_1_35' title='bbox 918 545 999 570; x_wconf 91' lang='lat' dir='ltr'>sunt</span> <span class='ocrx_word' id='word_1_36' title='bbox 1023 538 1245 571; x_wconf 75' lang='lat' dir='ltr'>dubitatione</span> 
     </span>
     <span class='ocr_line' id='line_1_9' title="bbox 258 587 1244 635; baseline -0.002 -12"><span class='ocrx_word' id='word_1_37' title='bbox 258 599 290 625; x_wconf 81' lang='lat' dir='ltr'>et</span> <span class='ocrx_word' id='word_1_38' title='bbox 307 592 540 635; x_wconf 66' lang='lat' dir='ltr'>trepidatione</span> <span class='ocrx_word' id='word_1_39' title='bbox 557 590 710 631; x_wconf 74' lang='lat' dir='ltr'>fugiente</span> <span class='ocrx_word' id='word_1_40' title='bbox 722 589 864 622; x_wconf 81' lang='lat' dir='ltr'>Deum?</span> <span class='ocrx_word' id='word_1_41' title='bbox 916 587 1144 632; x_wconf 70' lang='lat' dir='ltr'>Respo-adeo:</span> <span class='ocrx_word' id='word_1_42' title='bbox 1176 588 1244 621; x_wconf 72' lang='lat' dir='ltr'>Ve-</span> 
     </span>
     <span class='ocr_line' id='line_1_10' title="bbox 257 639 1243 683; baseline -0.003 -8"><span class='ocrx_word' id='word_1_43' title='bbox 257 643 432 675; x_wconf 80' lang='lat' dir='ltr'>rissimum</span> <span class='ocrx_word' id='word_1_44' title='bbox 452 648 501 674; x_wconf 83' lang='lat' dir='ltr'>est</span> <span class='ocrx_word' id='word_1_45' title='bbox 518 641 553 673; x_wconf 91' lang='lat' dir='ltr'>iu</span> <span class='ocrx_word' id='word_1_46' title='bbox 571 640 673 673; x_wconf 91' lang='lat' dir='ltr'>nobis</span> <span class='ocrx_word' id='word_1_47' title='bbox 688 639 852 673; x_wconf 89' lang='lat' dir='ltr'>omnibus</span> <span class='ocrx_word' id='word_1_48' title='bbox 869 651 941 672; x_wconf 85' lang='lat' dir='ltr'>esse</span> <span class='ocrx_word' id='word_1_49' title='bbox 956 646 987 672; x_wconf 90' lang='lat' dir='ltr'>et</span> <span class='ocrx_word' id='word_1_50' title='bbox 1007 651 1148 672; x_wconf 89' lang='lat' dir='ltr'>manere</span> <span class='ocrx_word' id='word_1_51' title='bbox 1165 639 1243 683; x_wconf 93' lang='lat' dir='ltr'>plu-</span> 
     </span>
     <span class='ocr_line' id='line_1_11' title="bbox 258 690 1244 734; baseline -0.002 -9"><span class='ocrx_word' id='word_1_52' title='bbox 258 693 386 725; x_wconf 87' lang='lat' dir='ltr'>rimum</span> <span class='ocrx_word' id='word_1_53' title='bbox 428 691 640 724; x_wconf 86' lang='lat' dir='ltr'>infirmitatis</span> <span class='ocrx_word' id='word_1_54' title='bbox 671 698 703 724; x_wconf 90' lang='lat' dir='ltr'>et</span> <span class='ocrx_word' id='word_1_55' title='bbox 735 690 1000 734; x_wconf 85' lang='lat' dir='ltr'>trepidationis;</span> <span class='ocrx_word' id='word_1_56' title='bbox 1055 703 1174 724; x_wconf 78' lang='lat' dir='ltr'>verum</span> <span class='ocrx_word' id='word_1_57' title='bbox 1207 697 1244 723; x_wconf 92' lang='lat' dir='ltr'>tu</span> 
     </span>
     <span class='ocr_line' id='line_1_12' title="bbox 257 741 1245 787; baseline -0.003 -11"><span class='ocrx_word' id='word_1_58' title='bbox 257 743 445 787; x_wconf 86' lang='lat' dir='ltr'>proponito</span> <span class='ocrx_word' id='word_1_59' title='bbox 472 742 556 782; x_wconf 92' lang='lat' dir='ltr'>tibi,</span> <span class='ocrx_word' id='word_1_60' title='bbox 584 749 617 775; x_wconf 88' lang='lat' dir='ltr'>et</span> <span class='ocrx_word' id='word_1_61' title='bbox 640 741 840 774; x_wconf 83' lang='lat' dir='ltr'>consideres</span> <span class='ocrx_word' id='word_1_62' title='bbox 863 741 981 774; x_wconf 87' lang='lat' dir='ltr'>animo</span> <span class='ocrx_word' id='word_1_63' title='bbox 1006 753 1123 775; x_wconf 78' lang='lat' dir='ltr'>vocem</span> <span class='ocrx_word' id='word_1_64' title='bbox 1149 741 1245 773; x_wconf 89' lang='lat' dir='ltr'>illius</span> 
     </span>
     <span class='ocr_line' id='line_1_13' title="bbox 258 791 1244 838; baseline -0.003 -12"><span class='ocrx_word' id='word_1_65' title='bbox 258 794 375 826; x_wconf 87' lang='lat' dir='ltr'>miseri</span> <span class='ocrx_word' id='word_1_66' title='bbox 395 794 519 838; x_wconf 90' lang='lat' dir='ltr'>patris,</span> <span class='ocrx_word' id='word_1_67' title='bbox 547 792 701 826; x_wconf 61' lang='lat' dir='ltr'>Marcis).</span> <span class='ocrx_word' id='word_1_68' title='bbox 718 792 778 837; x_wconf 88' lang='lat' dir='ltr'>qui</span> <span class='ocrx_word' id='word_1_69' title='bbox 797 792 991 837; x_wconf 73' lang='lat' dir='ltr'>lacrymans</span> <span class='ocrx_word' id='word_1_70' title='bbox 1007 791 1162 835; x_wconf 85' lang='lat' dir='ltr'>agnoscit</span> <span class='ocrx_word' id='word_1_71' title='bbox 1179 792 1244 824; x_wconf 88' lang='lat' dir='ltr'>im-</span> 
     </span>
     <span class='ocr_line' id='line_1_14' title="bbox 258 842 1245 888; baseline -0.003 -11"><span class='ocrx_word' id='word_1_72' title='bbox 258 845 481 878; x_wconf 82' lang='lat' dir='ltr'>becillitatem</span> <span class='ocrx_word' id='word_1_73' title='bbox 506 843 608 884; x_wconf 85' lang='lat' dir='ltr'>fidei,</span> <span class='ocrx_word' id='word_1_74' title='bbox 636 851 668 878; x_wconf 91' lang='lat' dir='ltr'>et</span> <span class='ocrx_word' id='word_1_75' title='bbox 693 850 812 888; x_wconf 89' lang='lat' dir='ltr'>petens</span> <span class='ocrx_word' id='word_1_76' title='bbox 837 855 871 876; x_wconf 91' lang='lat' dir='ltr'>se</span> <span class='ocrx_word' id='word_1_77' title='bbox 897 843 1098 875; x_wconf 81' lang='lat' dir='ltr'>confirmari</span> <span class='ocrx_word' id='word_1_78' title='bbox 1123 842 1245 878; x_wconf 86' lang='lat' dir='ltr'>clami-</span> 
     </span>
     <span class='ocr_line' id='line_1_15' title="bbox 257 893 1244 936; baseline -0.003 -8"><span class='ocrx_word' id='word_1_79' title='bbox 257 902 324 929; x_wconf 82' lang='lat' dir='ltr'>tat:</span> <span class='ocrx_word' id='word_1_80' title='bbox 360 894 473 929; x_wconf 82' lang='lat' dir='ltr'>Credo</span> <span class='ocrx_word' id='word_1_81' title='bbox 500 895 673 933; x_wconf 71' lang='lat' dir='ltr'>Domine„</span> <span class='ocrx_word' id='word_1_82' title='bbox 706 895 764 927; x_wconf 88' lang='lat' dir='ltr'>sed</span> <span class='ocrx_word' id='word_1_83' title='bbox 790 905 890 936; x_wconf 90' lang='lat' dir='ltr'>opem</span> <span class='ocrx_word' id='word_1_84' title='bbox 916 894 1004 926; x_wconf 85' lang='lat' dir='ltr'>serto</span> <span class='ocrx_word' id='word_1_85' title='bbox 1032 905 1127 926; x_wconf 91' lang='lat' dir='ltr'>meae</span> <span class='ocrx_word' id='word_1_86' title='bbox 1151 893 1244 926; x_wconf 87' lang='lat' dir='ltr'>disfi-</span> 
     </span>
     <span class='ocr_line' id='line_1_16' title="bbox 256 942 1244 987; baseline -0.003 -8"><span class='ocrx_word' id='word_1_87' title='bbox 256 946 396 979; x_wconf 86' lang='lat' dir='ltr'>dentiae</span> <span class='ocrx_word' id='word_1_88' title='bbox 418 957 479 979; x_wconf 87' lang='lat' dir='ltr'>scu</span> <span class='ocrx_word' id='word_1_89' title='bbox 504 945 750 978; x_wconf 69' lang='lat' dir='ltr'>imbecillitati.</span> <span class='ocrx_word' id='word_1_90' title='bbox 804 942 957 987; x_wconf 84' lang='lat' dir='ltr'>Oportet</span> <span class='ocrx_word' id='word_1_91' title='bbox 980 944 1073 976; x_wconf 90' lang='lat' dir='ltr'>enim</span> <span class='ocrx_word' id='word_1_92' title='bbox 1101 943 1244 977; x_wconf 77' lang='lat' dir='ltr'>accendi</span> 
     </span>
     <span class='ocr_line' id='line_1_17' title="bbox 257 994 1244 1039; baseline -0.002 -9"><span class='ocrx_word' id='word_1_93' title='bbox 257 998 293 1030; x_wconf 91' lang='lat' dir='ltr'>in</span> <span class='ocrx_word' id='word_1_94' title='bbox 318 996 465 1039; x_wconf 86' lang='lat' dir='ltr'>singulis</span> <span class='ocrx_word' id='word_1_95' title='bbox 484 996 582 1028; x_wconf 90' lang='lat' dir='ltr'>initia</span> <span class='ocrx_word' id='word_1_96' title='bbox 601 1003 632 1029; x_wconf 90' lang='lat' dir='ltr'>et</span> <span class='ocrx_word' id='word_1_97' title='bbox 651 994 864 1028; x_wconf 71' lang='lat' dir='ltr'>scintillulas</span> <span class='ocrx_word' id='word_1_98' title='bbox 883 1006 984 1027; x_wconf 77' lang='lat' dir='ltr'>verae</span> <span class='ocrx_word' id='word_1_99' title='bbox 1003 994 1104 1035; x_wconf 85' lang='lat' dir='ltr'>fidei,</span> <span class='ocrx_word' id='word_1_100' title='bbox 1132 1007 1244 1039; x_wconf 87' lang='lat' dir='ltr'>quan-</span> 
     </span>
     <span class='ocr_line' id='line_1_18' title="bbox 255 1045 1244 1090; baseline -0.003 -9"><span class='ocrx_word' id='word_1_101' title='bbox 255 1047 386 1081; x_wconf 66' lang='lat' dir='ltr'>tumvis</span> <span class='ocrx_word' id='word_1_102' title='bbox 410 1046 614 1089; x_wconf 77' lang='lat' dir='ltr'>languidae,</span> <span class='ocrx_word' id='word_1_103' title='bbox 651 1047 708 1078; x_wconf 80' lang='lat' dir='ltr'>sed</span> <span class='ocrx_word' id='word_1_104' title='bbox 738 1045 905 1089; x_wconf 84' lang='lat' dir='ltr'>paulatim</span> <span class='ocrx_word' id='word_1_105' title='bbox 933 1045 1116 1085; x_wconf 71' lang='lat' dir='ltr'>eluctantis</span> <span class='ocrx_word' id='word_1_106' title='bbox 1141 1053 1244 1090; x_wconf 85' lang='lat' dir='ltr'>atque</span> 
     </span>
     <span class='ocr_line' id='line_1_19' title="bbox 255 1096 1243 1141; baseline -0.001 -11"><span class='ocrx_word' id='word_1_107' title='bbox 255 1097 482 1141; x_wconf 86' lang='lat' dir='ltr'>repugnantis</span> <span class='ocrx_word' id='word_1_108' title='bbox 504 1096 737 1136; x_wconf 76' lang='lat' dir='ltr'>dubitationi,</span> <span class='ocrx_word' id='word_1_109' title='bbox 763 1096 1002 1136; x_wconf 83' lang='lat' dir='ltr'>diffidentiae,</span> <span class='ocrx_word' id='word_1_110' title='bbox 1030 1108 1069 1129; x_wconf 87' lang='lat' dir='ltr'>ac</span> <span class='ocrx_word' id='word_1_111' title='bbox 1088 1097 1243 1141; x_wconf 87' lang='lat' dir='ltr'>trepida-</span> 
     </span>
     <span class='ocr_line' id='line_1_20' title="bbox 255 1144 1243 1190; baseline -0.002 -8"><span class='ocrx_word' id='word_1_112' title='bbox 255 1148 410 1182; x_wconf 89' lang='lat' dir='ltr'>tionibus</span> <span class='ocrx_word' id='word_1_113' title='bbox 434 1148 550 1181; x_wconf 91' lang='lat' dir='ltr'>cordis</span> <span class='ocrx_word' id='word_1_114' title='bbox 573 1147 739 1190; x_wconf 84' lang='lat' dir='ltr'>fugientis</span> <span class='ocrx_word' id='word_1_115' title='bbox 756 1145 882 1183; x_wconf 89' lang='lat' dir='ltr'>Deum.</span> <span class='ocrx_word' id='word_1_116' title='bbox 938 1146 1012 1180; x_wconf 91' lang='lat' dir='ltr'>lmo</span> <span class='ocrx_word' id='word_1_117' title='bbox 1030 1147 1065 1179; x_wconf 94' lang='lat' dir='ltr'>in</span> <span class='ocrx_word' id='word_1_118' title='bbox 1084 1144 1150 1181; x_wconf 88' lang='lat' dir='ltr'>boc</span> <span class='ocrx_word' id='word_1_119' title='bbox 1169 1159 1243 1180; x_wconf 89' lang='lat' dir='ltr'>cer-</span> 
     </span>
     <span class='ocr_line' id='line_1_21' title="bbox 254 1198 1243 1243; baseline -0.001 -11"><span class='ocrx_word' id='word_1_120' title='bbox 254 1199 385 1234; x_wconf 87' lang='lat' dir='ltr'>tamine</span> <span class='ocrx_word' id='word_1_121' title='bbox 406 1205 438 1232; x_wconf 92' lang='lat' dir='ltr'>et</span> <span class='ocrx_word' id='word_1_122' title='bbox 453 1199 546 1231; x_wconf 90' lang='lat' dir='ltr'>lucta</span> <span class='ocrx_word' id='word_1_123' title='bbox 563 1199 771 1231; x_wconf 90' lang='lat' dir='ltr'>discendum</span> <span class='ocrx_word' id='word_1_124' title='bbox 790 1205 858 1238; x_wconf 80' lang='lat' dir='ltr'>est,</span> <span class='ocrx_word' id='word_1_125' title='bbox 885 1198 968 1243; x_wconf 87' lang='lat' dir='ltr'>quid</span> <span class='ocrx_word' id='word_1_126' title='bbox 989 1199 1032 1231; x_wconf 87' lang='lat' dir='ltr'>sit</span> <span class='ocrx_word' id='word_1_127' title='bbox 1050 1210 1130 1231; x_wconf 77' lang='lat' dir='ltr'>vera</span> <span class='ocrx_word' id='word_1_128' title='bbox 1148 1198 1243 1237; x_wconf 86' lang='lat' dir='ltr'>fides,</span> 
     </span>
     <span class='ocr_line' id='line_1_22' title="bbox 254 1248 1244 1295; baseline -0.002 -12"><span class='ocrx_word' id='word_1_129' title='bbox 254 1257 286 1284; x_wconf 90' lang='lat' dir='ltr'>et</span> <span class='ocrx_word' id='word_1_130' title='bbox 310 1250 489 1295; x_wconf 87' lang='lat' dir='ltr'>quomodo</span> <span class='ocrx_word' id='word_1_131' title='bbox 507 1249 673 1291; x_wconf 87' lang='lat' dir='ltr'>languida</span> <span class='ocrx_word' id='word_1_132' title='bbox 690 1248 770 1281; x_wconf 82' lang='lat' dir='ltr'>fidei</span> <span class='ocrx_word' id='word_1_133' title='bbox 789 1249 888 1281; x_wconf 82' lang='lat' dir='ltr'>initia</span> <span class='ocrx_word' id='word_1_134' title='bbox 906 1249 1145 1282; x_wconf 76' lang='lat' dir='ltr'>confirmanda</span> <span class='ocrx_word' id='word_1_135' title='bbox 1161 1249 1244 1289; x_wconf 82' lang='lat' dir='ltr'>sint,</span> 
     </span>
     <span class='ocr_line' id='line_1_23' title="bbox 254 1299 1244 1343; baseline -0.003 -9"><span class='ocrx_word' id='word_1_136' title='bbox 254 1308 293 1334; x_wconf 88' lang='lat' dir='ltr'>ut</span> <span class='ocrx_word' id='word_1_137' title='bbox 318 1307 474 1334; x_wconf 83' lang='lat' dir='ltr'>crescant</span> <span class='ocrx_word' id='word_1_138' title='bbox 498 1306 530 1333; x_wconf 89' lang='lat' dir='ltr'>et</span> <span class='ocrx_word' id='word_1_139' title='bbox 555 1306 764 1343; x_wconf 82' lang='lat' dir='ltr'>augeantur3</span> <span class='ocrx_word' id='word_1_140' title='bbox 793 1299 820 1332; x_wconf 94' lang='lat' dir='ltr'>si</span> <span class='ocrx_word' id='word_1_141' title='bbox 845 1299 930 1332; x_wconf 86' lang='lat' dir='ltr'>fides</span> <span class='ocrx_word' id='word_1_142' title='bbox 954 1306 1004 1332; x_wconf 88' lang='lat' dir='ltr'>est</span> <span class='ocrx_word' id='word_1_143' title='bbox 1030 1299 1244 1342; x_wconf 80' lang='lat' dir='ltr'>languidior,</span> 
     </span>
     <span class='ocr_line' id='line_1_24' title="bbox 254 1350 1242 1395; baseline -0.001 -11"><span class='ocrx_word' id='word_1_144' title='bbox 254 1363 314 1384; x_wconf 93' lang='lat' dir='ltr'>cor</span> <span class='ocrx_word' id='word_1_145' title='bbox 339 1358 438 1384; x_wconf 89' lang='lat' dir='ltr'>tuum</span> <span class='ocrx_word' id='word_1_146' title='bbox 467 1351 646 1384; x_wconf 91' lang='lat' dir='ltr'>intueatur</span> <span class='ocrx_word' id='word_1_147' title='bbox 670 1357 703 1384; x_wconf 88' lang='lat' dir='ltr'>et</span> <span class='ocrx_word' id='word_1_148' title='bbox 720 1350 786 1382; x_wconf 91' lang='lat' dir='ltr'>sibi</span> <span class='ocrx_word' id='word_1_149' title='bbox 807 1357 981 1393; x_wconf 85' lang='lat' dir='ltr'>proponat</span> <span class='ocrx_word' id='word_1_150' title='bbox 998 1350 1133 1395; x_wconf 77' lang='lat' dir='ltr'>aliquot</span> <span class='ocrx_word' id='word_1_151' title='bbox 1150 1350 1242 1383; x_wconf 87' lang='lat' dir='ltr'>dicta</span> 
     </span>
     <span class='ocr_line' id='line_1_25' title="bbox 254 1397 1243 1445; baseline -0.002 -11"><span class='ocrx_word' id='word_1_152' title='bbox 254 1413 314 1435; x_wconf 90' lang='lat' dir='ltr'>seu</span> <span class='ocrx_word' id='word_1_153' title='bbox 337 1401 535 1434; x_wconf 87' lang='lat' dir='ltr'>testimonia</span> <span class='ocrx_word' id='word_1_154' title='bbox 561 1400 837 1445; x_wconf 82' lang='lat' dir='ltr'>promissionum</span> <span class='ocrx_word' id='word_1_155' title='bbox 862 1400 1085 1439; x_wconf 88' lang='lat' dir='ltr'>divinarum,</span> <span class='ocrx_word' id='word_1_156' title='bbox 1112 1397 1168 1432; x_wconf 87' lang='lat' dir='ltr'>bis</span> <span class='ocrx_word' id='word_1_157' title='bbox 1184 1411 1243 1432; x_wconf 88' lang='lat' dir='ltr'>co-</span> 
     </span>
     <span class='ocr_line' id='line_1_26' title="bbox 254 1448 1242 1495; baseline -0.003 -9"><span class='ocrx_word' id='word_1_158' title='bbox 254 1459 362 1486; x_wconf 89' lang='lat' dir='ltr'>netur</span> <span class='ocrx_word' id='word_1_159' title='bbox 386 1451 568 1490; x_wconf 78' lang='lat' dir='ltr'>assentiri,</span> <span class='ocrx_word' id='word_1_160' title='bbox 595 1463 634 1484; x_wconf 88' lang='lat' dir='ltr'>ac</span> <span class='ocrx_word' id='word_1_161' title='bbox 658 1457 779 1495; x_wconf 90' lang='lat' dir='ltr'>petens</span> <span class='ocrx_word' id='word_1_162' title='bbox 802 1450 990 1490; x_wconf 87' lang='lat' dir='ltr'>auxilium,</span> <span class='ocrx_word' id='word_1_163' title='bbox 1017 1450 1150 1484; x_wconf 89' lang='lat' dir='ltr'>tribuat</span> <span class='ocrx_word' id='word_1_164' title='bbox 1168 1448 1242 1483; x_wconf 92' lang='lat' dir='ltr'>Deo</span> 
     </span>
     <span class='ocr_line' id='line_1_27' title="bbox 254 1499 1244 1545; baseline -0.002 -10"><span class='ocrx_word' id='word_1_165' title='bbox 254 1500 350 1536; x_wconf 91' lang='lat' dir='ltr'>hunc</span> <span class='ocrx_word' id='word_1_166' title='bbox 368 1500 558 1541; x_wconf 85' lang='lat' dir='ltr'>bonorem,</span> <span class='ocrx_word' id='word_1_167' title='bbox 584 1499 675 1535; x_wconf 91' lang='lat' dir='ltr'>hanc</span> <span class='ocrx_word' id='word_1_168' title='bbox 691 1502 829 1535; x_wconf 89' lang='lat' dir='ltr'>laudem</span> <span class='ocrx_word' id='word_1_169' title='bbox 848 1501 1004 1534; x_wconf 89' lang='lat' dir='ltr'>veritatis</span> <span class='ocrx_word' id='word_1_170' title='bbox 1020 1507 1123 1545; x_wconf 89' lang='lat' dir='ltr'>atque</span> <span class='ocrx_word' id='word_1_171' title='bbox 1139 1501 1244 1534; x_wconf 86' lang='lat' dir='ltr'>boni-</span> 
     </span>
     <span class='ocr_line' id='line_1_28' title="bbox 255 1550 1243 1597; baseline -0.002 -11"><span class='ocrx_word' id='word_1_172' title='bbox 255 1553 350 1593; x_wconf 91' lang='lat' dir='ltr'>tatis,</span> <span class='ocrx_word' id='word_1_173' title='bbox 384 1553 479 1597; x_wconf 85' lang='lat' dir='ltr'>quod</span> <span class='ocrx_word' id='word_1_174' title='bbox 512 1559 605 1585; x_wconf 92' lang='lat' dir='ltr'>certo</span> <span class='ocrx_word' id='word_1_175' title='bbox 636 1552 721 1585; x_wconf 78' lang='lat' dir='ltr'>velit</span> <span class='ocrx_word' id='word_1_176' title='bbox 754 1563 818 1585; x_wconf 85' lang='lat' dir='ltr'>nos</span> <span class='ocrx_word' id='word_1_177' title='bbox 843 1552 1024 1592; x_wconf 81' lang='lat' dir='ltr'>exaudire,</span> <span class='ocrx_word' id='word_1_178' title='bbox 1059 1558 1093 1585; x_wconf 85' lang='lat' dir='ltr'>et</span> <span class='ocrx_word' id='word_1_179' title='bbox 1115 1551 1151 1584; x_wconf 93' lang='lat' dir='ltr'>in</span> <span class='ocrx_word' id='word_1_180' title='bbox 1179 1550 1243 1584; x_wconf 88' lang='lat' dir='ltr'>hac</span> 
     </span>
     <span class='ocr_line' id='line_1_29' title="bbox 252 1602 1242 1647; baseline -0.002 -11"><span class='ocrx_word' id='word_1_181' title='bbox 252 1605 345 1637; x_wconf 92' lang='lat' dir='ltr'>bona</span> <span class='ocrx_word' id='word_1_182' title='bbox 383 1614 442 1647; x_wconf 88' lang='lat' dir='ltr'>spe</span> <span class='ocrx_word' id='word_1_183' title='bbox 474 1615 533 1636; x_wconf 89' lang='lat' dir='ltr'>seu</span> <span class='ocrx_word' id='word_1_184' title='bbox 565 1602 807 1636; x_wconf 82' lang='lat' dir='ltr'>consolatione</span> <span class='ocrx_word' id='word_1_185' title='bbox 835 1602 1030 1646; x_wconf 81' lang='lat' dir='ltr'>acquiescat</span> <span class='ocrx_word' id='word_1_186' title='bbox 1063 1608 1096 1635; x_wconf 92' lang='lat' dir='ltr'>et</span> <span class='ocrx_word' id='word_1_187' title='bbox 1128 1602 1242 1634; x_wconf 77' lang='lat' dir='ltr'>vivifi-</span> 
     </span>
     <span class='ocr_line' id='line_1_30' title="bbox 253 1651 1241 1698; baseline -0.003 -10"><span class='ocrx_word' id='word_1_188' title='bbox 253 1661 350 1688; x_wconf 88' lang='lat' dir='ltr'>cetur</span> <span class='ocrx_word' id='word_1_189' title='bbox 372 1654 527 1687; x_wconf 85' lang='lat' dir='ltr'>animus:</span> <span class='ocrx_word' id='word_1_190' title='bbox 561 1653 744 1693; x_wconf 90' lang='lat' dir='ltr'>videlicet,</span> <span class='ocrx_word' id='word_1_191' title='bbox 771 1653 867 1698; x_wconf 91' lang='lat' dir='ltr'>quod</span> <span class='ocrx_word' id='word_1_192' title='bbox 890 1651 983 1686; x_wconf 91' lang='lat' dir='ltr'>Deus</span> <span class='ocrx_word' id='word_1_193' title='bbox 1004 1652 1241 1697; x_wconf 89' lang='lat' dir='ltr'>opitulaturus</span> 
     </span>
     <span class='ocr_line' id='line_1_31' title="bbox 252 1703 1244 1748; baseline -0.002 -10"><span class='ocrx_word' id='word_1_194' title='bbox 252 1706 314 1744; x_wconf 89' lang='lat' dir='ltr'>sit,</span> <span class='ocrx_word' id='word_1_195' title='bbox 342 1716 405 1738; x_wconf 88' lang='lat' dir='ltr'>nec</span> <span class='ocrx_word' id='word_1_196' title='bbox 427 1706 628 1738; x_wconf 86' lang='lat' dir='ltr'>deserturus</span> <span class='ocrx_word' id='word_1_197' title='bbox 650 1711 700 1745; x_wconf 89' lang='lat' dir='ltr'>te,</span> <span class='ocrx_word' id='word_1_198' title='bbox 726 1716 790 1737; x_wconf 92' lang='lat' dir='ltr'>nec</span> <span class='ocrx_word' id='word_1_199' title='bbox 814 1703 1066 1748; x_wconf 84' lang='lat' dir='ltr'>permissurus,</span> <span class='ocrx_word' id='word_1_200' title='bbox 1095 1710 1131 1737; x_wconf 90' lang='lat' dir='ltr'>ut</span> <span class='ocrx_word' id='word_1_201' title='bbox 1151 1715 1244 1736; x_wconf 94' lang='lat' dir='ltr'>mer-</span> 
     </span>
     <span class='ocr_line' id='line_1_32' title="bbox 253 1754 1243 1800; baseline -0.001 -11"><span class='ocrx_word' id='word_1_202' title='bbox 253 1756 343 1800; x_wconf 82' lang='lat' dir='ltr'>garis</span> <span class='ocrx_word' id='word_1_203' title='bbox 368 1756 403 1788; x_wconf 92' lang='lat' dir='ltr'>in</span> <span class='ocrx_word' id='word_1_204' title='bbox 431 1764 608 1789; x_wconf 86' lang='lat' dir='ltr'>aeternam</span> <span class='ocrx_word' id='word_1_205' title='bbox 632 1762 803 1798; x_wconf 88' lang='lat' dir='ltr'>mortem,</span> <span class='ocrx_word' id='word_1_206' title='bbox 839 1756 951 1788; x_wconf 91' lang='lat' dir='ltr'>donec</span> <span class='ocrx_word' id='word_1_207' title='bbox 974 1754 1062 1799; x_wconf 91' lang='lat' dir='ltr'>petis</span> <span class='ocrx_word' id='word_1_208' title='bbox 1087 1762 1118 1789; x_wconf 89' lang='lat' dir='ltr'>te</span> <span class='ocrx_word' id='word_1_209' title='bbox 1141 1755 1243 1789; x_wconf 89' lang='lat' dir='ltr'>adiu-</span> 
     </span>
     <span class='ocr_line' id='line_1_33' title="bbox 252 1806 858 1850; baseline -0.007 -10"><span class='ocrx_word' id='word_1_210' title='bbox 252 1808 346 1845; x_wconf 88' lang='lat' dir='ltr'>vari,</span> <span class='ocrx_word' id='word_1_211' title='bbox 376 1814 409 1840; x_wconf 87' lang='lat' dir='ltr'>et</span> <span class='ocrx_word' id='word_1_212' title='bbox 424 1807 509 1849; x_wconf 80' lang='lat' dir='ltr'>erigi</span> <span class='ocrx_word' id='word_1_213' title='bbox 527 1813 626 1840; x_wconf 92' lang='lat' dir='ltr'>tuum</span> <span class='ocrx_word' id='word_1_214' title='bbox 647 1813 764 1850; x_wconf 87' lang='lat' dir='ltr'>pectus</span> <span class='ocrx_word' id='word_1_215' title='bbox 781 1806 858 1839; x_wconf 79' lang='lat' dir='ltr'>fide.</span> 
     </span>
    </p>

    <p class='ocr_par' dir='ltr' id='par_1_5' title="bbox 253 1857 1245 2359">
     <span class='ocr_line' id='line_1_34' title="bbox 354 1857 1244 1901; baseline 0 -11"><span class='ocrx_word' id='word_1_216' title='bbox 354 1857 420 1890; x_wconf 85' lang='lat' dir='ltr'>llic</span> <span class='ocrx_word' id='word_1_217' title='bbox 439 1859 543 1891; x_wconf 85' lang='lat' dir='ltr'>etiam</span> <span class='ocrx_word' id='word_1_218' title='bbox 561 1857 672 1901; x_wconf 84' lang='lat' dir='ltr'>repeti</span> <span class='ocrx_word' id='word_1_219' title='bbox 689 1864 724 1890; x_wconf 87' lang='lat' dir='ltr'>et</span> <span class='ocrx_word' id='word_1_220' title='bbox 740 1864 864 1890; x_wconf 91' lang='lat' dir='ltr'>notum</span> <span class='ocrx_word' id='word_1_221' title='bbox 881 1868 953 1890; x_wconf 90' lang='lat' dir='ltr'>esse</span> <span class='ocrx_word' id='word_1_222' title='bbox 968 1863 1106 1901; x_wconf 84' lang='lat' dir='ltr'>oportet</span> <span class='ocrx_word' id='word_1_223' title='bbox 1119 1857 1244 1890; x_wconf 90' lang='lat' dir='ltr'>discri-</span> 
     </span>
     <span class='ocr_line' id='line_1_35' title="bbox 253 1907 1245 1952; baseline -0.001 -11"><span class='ocrx_word' id='word_1_224' title='bbox 253 1920 332 1941; x_wconf 86' lang='lat' dir='ltr'>men</span> <span class='ocrx_word' id='word_1_225' title='bbox 351 1909 625 1952; x_wconf 88' lang='lat' dir='ltr'>promissionum</span> <span class='ocrx_word' id='word_1_226' title='bbox 643 1919 704 1941; x_wconf 88' lang='lat' dir='ltr'>seu</span> <span class='ocrx_word' id='word_1_227' title='bbox 721 1907 984 1947; x_wconf 84' lang='lat' dir='ltr'>beneficiorum,</span> <span class='ocrx_word' id='word_1_228' title='bbox 1011 1919 1100 1952; x_wconf 90' lang='lat' dir='ltr'>quae</span> <span class='ocrx_word' id='word_1_229' title='bbox 1118 1915 1245 1951; x_wconf 87' lang='lat' dir='ltr'>petun-</span> 
     </span>
     <span class='ocr_line' id='line_1_36' title="bbox 254 1958 1244 2003; baseline -0.001 -10"><span class='ocrx_word' id='word_1_230' title='bbox 254 1967 326 2000; x_wconf 77' lang='lat' dir='ltr'>tur3</span> <span class='ocrx_word' id='word_1_231' title='bbox 356 1959 551 2003; x_wconf 90' lang='lat' dir='ltr'>loquuntur</span> <span class='ocrx_word' id='word_1_232' title='bbox 572 1959 665 1990; x_wconf 85' lang='lat' dir='ltr'>enim</span> <span class='ocrx_word' id='word_1_233' title='bbox 693 1958 780 1990; x_wconf 87' lang='lat' dir='ltr'>aliae</span> <span class='ocrx_word' id='word_1_234' title='bbox 807 1958 1057 2001; x_wconf 86' lang='lat' dir='ltr'>promissiones</span> <span class='ocrx_word' id='word_1_235' title='bbox 1080 1959 1244 1992; x_wconf 88' lang='lat' dir='ltr'>debonis</span> 
     </span>
     <span class='ocr_line' id='line_1_37' title="bbox 253 2008 1244 2057; baseline -0.002 -14"><span class='ocrx_word' id='word_1_236' title='bbox 253 2010 404 2044; x_wconf 87' lang='lat' dir='ltr'>aeternis</span> <span class='ocrx_word' id='word_1_237' title='bbox 434 2021 472 2042; x_wconf 92' lang='lat' dir='ltr'>ac</span> <span class='ocrx_word' id='word_1_238' title='bbox 502 2008 766 2057; x_wconf 69' lang='lat' dir='ltr'>spiritualibus„</span> <span class='ocrx_word' id='word_1_239' title='bbox 807 2008 896 2041; x_wconf 87' lang='lat' dir='ltr'>aliae</span> <span class='ocrx_word' id='word_1_240' title='bbox 927 2009 970 2041; x_wconf 87' lang='lat' dir='ltr'>tle.</span> <span class='ocrx_word' id='word_1_241' title='bbox 1002 2009 1244 2053; x_wconf 71' lang='lat' dir='ltr'>corporalibus</span> 
     </span>
     <span class='ocr_line' id='line_1_38' title="bbox 253 2058 1242 2105; baseline -0.002 -11"><span class='ocrx_word' id='word_1_242' title='bbox 253 2074 292 2094; x_wconf 89' lang='lat' dir='ltr'>ac</span> <span class='ocrx_word' id='word_1_243' title='bbox 317 2060 560 2105; x_wconf 87' lang='lat' dir='ltr'>praesentibus</span> <span class='ocrx_word' id='word_1_244' title='bbox 583 2060 697 2093; x_wconf 86' lang='lat' dir='ltr'>bonis.</span> <span class='ocrx_word' id='word_1_245' title='bbox 752 2058 802 2092; x_wconf 87' lang='lat' dir='ltr'>De</span> <span class='ocrx_word' id='word_1_246' title='bbox 818 2059 996 2092; x_wconf 80' lang='lat' dir='ltr'>beneficiis</span> <span class='ocrx_word' id='word_1_247' title='bbox 1014 2060 1184 2100; x_wconf 84' lang='lat' dir='ltr'>aeternis,</span> <span class='ocrx_word' id='word_1_248' title='bbox 1208 2060 1242 2093; x_wconf 90' lang='lat' dir='ltr'>id</span> 
     </span>
     <span class='ocr_line' id='line_1_39' title="bbox 253 2110 1245 2152; baseline 0 -7"><span class='ocrx_word' id='word_1_249' title='bbox 253 2119 322 2152; x_wconf 82' lang='lat' dir='ltr'>est,</span> <span class='ocrx_word' id='word_1_250' title='bbox 348 2111 635 2145; x_wconf 84' lang='lat' dir='ltr'>reconciliatione</span> <span class='ocrx_word' id='word_1_251' title='bbox 658 2117 691 2144; x_wconf 92' lang='lat' dir='ltr'>et</span> <span class='ocrx_word' id='word_1_252' title='bbox 711 2110 781 2143; x_wconf 85' lang='lat' dir='ltr'>vita</span> <span class='ocrx_word' id='word_1_253' title='bbox 798 2117 957 2149; x_wconf 86' lang='lat' dir='ltr'>aeterna,</span> <span class='ocrx_word' id='word_1_254' title='bbox 985 2110 1165 2145; x_wconf 91' lang='lat' dir='ltr'>sciendum</span> <span class='ocrx_word' id='word_1_255' title='bbox 1184 2117 1245 2152; x_wconf 89' lang='lat' dir='ltr'>est,</span> 
     </span>
     <span class='ocr_line' id='line_1_40' title="bbox 253 2161 1245 2208; baseline -0.001 -12"><span class='ocrx_word' id='word_1_256' title='bbox 253 2163 346 2208; x_wconf 89' lang='lat' dir='ltr'>quod</span> <span class='ocrx_word' id='word_1_257' title='bbox 371 2162 414 2195; x_wconf 91' lang='lat' dir='ltr'>sit</span> <span class='ocrx_word' id='word_1_258' title='bbox 438 2168 619 2195; x_wconf 89' lang='lat' dir='ltr'>aeternum</span> <span class='ocrx_word' id='word_1_259' title='bbox 645 2168 677 2195; x_wconf 87' lang='lat' dir='ltr'>et</span> <span class='ocrx_word' id='word_1_260' title='bbox 704 2161 923 2195; x_wconf 76' lang='lat' dir='ltr'>immutabile</span> <span class='ocrx_word' id='word_1_261' title='bbox 941 2163 1145 2195; x_wconf 87' lang='lat' dir='ltr'>mandatum</span> <span class='ocrx_word' id='word_1_262' title='bbox 1167 2161 1245 2201; x_wconf 82' lang='lat' dir='ltr'>Dei,</span> 
     </span>
     <span class='ocr_line' id='line_1_41' title="bbox 254 2210 1243 2257; baseline 0 -10"><span class='ocrx_word' id='word_1_263' title='bbox 254 2221 291 2247; x_wconf 88' lang='lat' dir='ltr'>ut</span> <span class='ocrx_word' id='word_1_264' title='bbox 321 2213 450 2256; x_wconf 84' lang='lat' dir='ltr'>singuli</span> <span class='ocrx_word' id='word_1_265' title='bbox 477 2210 562 2246; x_wconf 88' lang='lat' dir='ltr'>baec</span> <span class='ocrx_word' id='word_1_266' title='bbox 588 2212 661 2256; x_wconf 90' lang='lat' dir='ltr'>ipsa</span> <span class='ocrx_word' id='word_1_267' title='bbox 689 2212 780 2245; x_wconf 90' lang='lat' dir='ltr'>bona</span> <span class='ocrx_word' id='word_1_268' title='bbox 805 2212 1015 2246; x_wconf 90' lang='lat' dir='ltr'>nominatim</span> <span class='ocrx_word' id='word_1_269' title='bbox 1037 2220 1175 2257; x_wconf 86' lang='lat' dir='ltr'>petant,</span> <span class='ocrx_word' id='word_1_270' title='bbox 1212 2220 1243 2247; x_wconf 87' lang='lat' dir='ltr'>et</span> 
     </span>
     <span class='ocr_line' id='line_1_42' title="bbox 256 2263 1244 2303; baseline 0 -6"><span class='ocrx_word' id='word_1_271' title='bbox 256 2265 354 2297; x_wconf 75' lang='lat' dir='ltr'>firma</span> <span class='ocrx_word' id='word_1_272' title='bbox 381 2264 448 2297; x_wconf 86' lang='lat' dir='ltr'>sule</span> <span class='ocrx_word' id='word_1_273' title='bbox 472 2269 642 2303; x_wconf 74' lang='lat' dir='ltr'>statuant,</span> <span class='ocrx_word' id='word_1_274' title='bbox 668 2275 705 2296; x_wconf 84' lang='lat' dir='ltr'>ea</span> <span class='ocrx_word' id='word_1_275' title='bbox 732 2271 825 2297; x_wconf 88' lang='lat' dir='ltr'>certo</span> <span class='ocrx_word' id='word_1_276' title='bbox 850 2263 917 2297; x_wconf 88' lang='lat' dir='ltr'>sibi</span> <span class='ocrx_word' id='word_1_277' title='bbox 934 2263 1009 2296; x_wconf 87' lang='lat' dir='ltr'>dari</span> <span class='ocrx_word' id='word_1_278' title='bbox 1030 2276 1087 2297; x_wconf 81' lang='lat' dir='ltr'>scu</span> <span class='ocrx_word' id='word_1_279' title='bbox 1105 2265 1244 2297; x_wconf 83' lang='lat' dir='ltr'>contin·</span> 
     </span>
     <span class='ocr_line' id='line_1_43' title="bbox 254 2311 1244 2359; baseline -0.001 -11"><span class='ocrx_word' id='word_1_280' title='bbox 254 2327 349 2359; x_wconf 84' lang='lat' dir='ltr'>gere:</span> <span class='ocrx_word' id='word_1_281' title='bbox 374 2315 462 2348; x_wconf 80' lang='lat' dir='ltr'>sicut</span> <span class='ocrx_word' id='word_1_282' title='bbox 480 2314 551 2359; x_wconf 79' lang='lat' dir='ltr'>ipse</span> <span class='ocrx_word' id='word_1_283' title='bbox 563 2312 737 2347; x_wconf 84' lang='lat' dir='ltr'>Dominus</span> <span class='ocrx_word' id='word_1_284' title='bbox 752 2314 900 2348; x_wconf 82' lang='lat' dir='ltr'>affirmat</span> <span class='ocrx_word' id='word_1_285' title='bbox 911 2311 1122 2349; x_wconf 75' lang='lat' dir='ltr'>lobann.6.2</span> <span class='ocrx_word' id='word_1_286' title='bbox 1150 2314 1244 2349; x_wconf 83' lang='lat' dir='ltr'>llaec</span> 
     </span>
    </p>
   </div>
   <div class='ocr_carea' id='block_1_5' title="bbox 254 2364 1272 2411">
    <p class='ocr_par' dir='ltr' id='par_1_6' title="bbox 254 2364 1272 2411">
     <span class='ocr_line' id='line_1_44' title="bbox 254 2364 1272 2411; baseline 0.002 -14"><span class='ocrx_word' id='word_1_287' title='bbox 254 2374 303 2399; x_wconf 81' lang='lat' dir='ltr'>est</span> <span class='ocrx_word' id='word_1_288' title='bbox 334 2366 496 2398; x_wconf 82' lang='lat' dir='ltr'>voluntas</span> <span class='ocrx_word' id='word_1_289' title='bbox 523 2364 635 2398; x_wconf 72' lang='lat' dir='ltr'>Pau-is</span> <span class='ocrx_word' id='word_1_290' title='bbox 667 2365 727 2410; x_wconf 85' lang='lat' dir='ltr'>qui</span> <span class='ocrx_word' id='word_1_291' title='bbox 758 2365 850 2399; x_wconf 87' lang='lat' dir='ltr'>misit</span> <span class='ocrx_word' id='word_1_292' title='bbox 876 2378 949 2402; x_wconf 80' lang='lat' dir='ltr'>tne.</span> <span class='ocrx_word' id='word_1_293' title='bbox 985 2373 1021 2398; x_wconf 91' lang='lat' dir='ltr'>ut</span> <span class='ocrx_word' id='word_1_294' title='bbox 1046 2367 1159 2399; x_wconf 88' lang='lat' dir='ltr'>omnis</span> <span class='ocrx_word' id='word_1_295' title='bbox 1184 2367 1243 2411; x_wconf 83' lang='lat' dir='ltr'>qui</span> <span class='ocrx_word' id='word_1_296' title='bbox 1269 2365 1272 2390; x_wconf 71' lang='lat' dir='ltr'>l</span> 
     </span>
    </p>
   </div>
   <div class='ocr_carea' id='block_1_6' title="bbox 849 94 1683 134">
    <p class='ocr_par' dir='ltr' id='par_1_7' title="bbox 849 94 1683 134">
     <span class='ocr_line' id='line_1_45' title="bbox 849 94 1683 134; baseline 0.004 -3"><span class='ocrx_word' id='word_1_297' title='bbox 849 96 975 132; x_wconf 86' lang='lat' dir='ltr'>PHIL.</span> <span class='ocrx_word' id='word_1_298' title='bbox 1001 94 1120 132; x_wconf 86' lang='lat' dir='ltr'>MEL.</span> <span class='ocrx_word' id='word_1_299' title='bbox 1147 94 1355 132; x_wconf 86' lang='lat' dir='ltr'><strong>SCRIPTA</strong></span> <span class='ocrx_word' id='word_1_300' title='bbox 1381 94 1683 134; x_wconf 82' lang='lat' dir='ltr'>ExEGETICA.</span> 
     </span>
    </p>
   </div>
   <div class='ocr_carea' id='block_1_7' title="bbox 2201 96 2277 134">
    <p class='ocr_par' dir='ltr' id='par_1_8' title="bbox 2201 96 2277 134">
     <span class='ocr_line' id='line_1_46' title="bbox 2201 96 2277 134; baseline 0.013 -1"><span class='ocrx_word' id='word_1_301' title='bbox 2201 96 2277 134; x_wconf 81' lang='lat'>740</span> 
     </span>
    </p>
   </div>
   <div class='ocr_carea' id='block_1_8' title="bbox 1293 181 2281 573">
    <p class='ocr_par' dir='ltr' id='par_1_9' title="bbox 1293 181 2281 573">
     <span class='ocr_line' id='line_1_47' title="bbox 1293 181 2276 226; baseline 0.001 -10"><span class='ocrx_word' id='word_1_302' title='bbox 1293 181 1426 216; x_wconf 88' lang='lat' dir='ltr'>tionem</span> <span class='ocrx_word' id='word_1_303' title='bbox 1454 183 1626 226; x_wconf 84' lang='lat' dir='ltr'>iustitiae,</span> <span class='ocrx_word' id='word_1_304' title='bbox 1658 183 1932 217; x_wconf 84' lang='lat' dir='ltr'>vivificationem</span> <span class='ocrx_word' id='word_1_305' title='bbox 1962 194 2024 217; x_wconf 90' lang='lat' dir='ltr'>seu</span> <span class='ocrx_word' id='word_1_306' title='bbox 2047 183 2276 218; x_wconf 85' lang='lat' dir='ltr'>donationem</span> 
     </span>
     <span class='ocr_line' id='line_1_48' title="bbox 1293 232 2278 278; baseline 0.002 -12"><span class='ocrx_word' id='word_1_307' title='bbox 1293 232 1446 278; x_wconf 89' lang='lat' dir='ltr'>Spiritus</span> <span class='ocrx_word' id='word_1_308' title='bbox 1467 235 1577 270; x_wconf 87' lang='lat' dir='ltr'>sancti</span> <span class='ocrx_word' id='word_1_309' title='bbox 1596 241 1629 269; x_wconf 89' lang='lat' dir='ltr'>et</span> <span class='ocrx_word' id='word_1_310' title='bbox 1646 235 1738 269; x_wconf 90' lang='lat' dir='ltr'>vitae</span> <span class='ocrx_word' id='word_1_311' title='bbox 1754 241 1926 270; x_wconf 85' lang='lat' dir='ltr'>aeternae.</span> <span class='ocrx_word' id='word_1_312' title='bbox 1977 232 2074 268; x_wconf 88' lang='lat' dir='ltr'>Haec</span> <span class='ocrx_word' id='word_1_313' title='bbox 2088 239 2228 268; x_wconf 75' lang='lat' dir='ltr'>aeterna</span> <span class='ocrx_word' id='word_1_314' title='bbox 2245 241 2278 268; x_wconf 87' lang='lat' dir='ltr'>et</span> 
     </span>
     <span class='ocr_line' id='line_1_49' title="bbox 1293 284 2280 330; baseline 0.002 -14"><span class='ocrx_word' id='word_1_315' title='bbox 1293 284 1488 328; x_wconf 86' lang='lat' dir='ltr'>spiritualia</span> <span class='ocrx_word' id='word_1_316' title='bbox 1510 285 1602 319; x_wconf 89' lang='lat' dir='ltr'>bona</span> <span class='ocrx_word' id='word_1_317' title='bbox 1621 286 1724 319; x_wconf 88' lang='lat' dir='ltr'>fidem</span> <span class='ocrx_word' id='word_1_318' title='bbox 1744 291 1881 330; x_wconf 86' lang='lat' dir='ltr'>oportet</span> <span class='ocrx_word' id='word_1_319' title='bbox 1899 285 1935 318; x_wconf 90' lang='lat' dir='ltr'>in</span> <span class='ocrx_word' id='word_1_320' title='bbox 1954 285 2069 330; x_wconf 88' lang='lat' dir='ltr'>specie</span> <span class='ocrx_word' id='word_1_321' title='bbox 2084 295 2146 318; x_wconf 89' lang='lat' dir='ltr'>seu</span> <span class='ocrx_word' id='word_1_322' title='bbox 2161 285 2280 318; x_wconf 87' lang='lat' dir='ltr'>nomi-</span> 
     </span>
     <span class='ocr_line' id='line_1_50' title="bbox 1295 333 2280 381; baseline 0.001 -14"><span class='ocrx_word' id='word_1_323' title='bbox 1295 335 1404 369; x_wconf 90' lang='lat' dir='ltr'>natim</span> <span class='ocrx_word' id='word_1_324' title='bbox 1438 342 1554 380; x_wconf 88' lang='lat' dir='ltr'>petere</span> <span class='ocrx_word' id='word_1_325' title='bbox 1585 343 1619 370; x_wconf 91' lang='lat' dir='ltr'>et</span> <span class='ocrx_word' id='word_1_326' title='bbox 1645 343 1851 381; x_wconf 85' lang='lat' dir='ltr'>exspectare.</span> <span class='ocrx_word' id='word_1_327' title='bbox 1910 333 2046 370; x_wconf 90' lang='lat' dir='ltr'>Eodem</span> <span class='ocrx_word' id='word_1_328' title='bbox 2071 336 2179 369; x_wconf 89' lang='lat' dir='ltr'>modo</span> <span class='ocrx_word' id='word_1_329' title='bbox 2203 335 2280 369; x_wconf 86' lang='lat' dir='ltr'>sine</span> 
     </span>
     <span class='ocr_line' id='line_1_51' title="bbox 1295 385 2281 430; baseline 0.002 -12"><span class='ocrx_word' id='word_1_330' title='bbox 1295 386 1500 419; x_wconf 91' lang='lat' dir='ltr'>conditione</span> <span class='ocrx_word' id='word_1_331' title='bbox 1530 388 1678 430; x_wconf 88' lang='lat' dir='ltr'>petenda</span> <span class='ocrx_word' id='word_1_332' title='bbox 1701 395 1783 422; x_wconf 92' lang='lat' dir='ltr'>sunt</span> <span class='ocrx_word' id='word_1_333' title='bbox 1804 387 2016 421; x_wconf 88' lang='lat' dir='ltr'>nominatim</span> <span class='ocrx_word' id='word_1_334' title='bbox 2041 386 2135 420; x_wconf 86' lang='lat' dir='ltr'>bona</span> <span class='ocrx_word' id='word_1_335' title='bbox 2159 385 2197 419; x_wconf 85' lang='lat' dir='ltr'>in</span> <span class='ocrx_word' id='word_1_336' title='bbox 2221 396 2281 430; x_wconf 78' lang='lat' dir='ltr'>ge-</span> 
     </span>
     <span class='ocr_line' id='line_1_52' title="bbox 1296 436 2281 481; baseline 0 -12"><span class='ocrx_word' id='word_1_337' title='bbox 1296 448 1377 470; x_wconf 88' lang='lat' dir='ltr'>nere</span> <span class='ocrx_word' id='word_1_338' title='bbox 1408 437 1594 471; x_wconf 80' lang='lat' dir='ltr'>coniuncta</span> <span class='ocrx_word' id='word_1_339' title='bbox 1618 449 1696 471; x_wconf 89' lang='lat' dir='ltr'>cum</span> <span class='ocrx_word' id='word_1_340' title='bbox 1722 438 1954 481; x_wconf 89' lang='lat' dir='ltr'>promissione</span> <span class='ocrx_word' id='word_1_341' title='bbox 1978 437 2107 481; x_wconf 88' lang='lat' dir='ltr'>gratiae</span> <span class='ocrx_word' id='word_1_342' title='bbox 2133 445 2166 472; x_wconf 89' lang='lat' dir='ltr'>et</span> <span class='ocrx_word' id='word_1_343' title='bbox 2187 436 2281 470; x_wconf 87' lang='lat' dir='ltr'>vitae</span> 
     </span>
     <span class='ocr_line' id='line_1_53' title="bbox 1294 487 2281 532; baseline 0 -12"><span class='ocrx_word' id='word_1_344' title='bbox 1294 494 1472 529; x_wconf 85' lang='lat' dir='ltr'>aeternae,</span> <span class='ocrx_word' id='word_1_345' title='bbox 1507 495 1547 521; x_wconf 88' lang='lat' dir='ltr'>ut</span> <span class='ocrx_word' id='word_1_346' title='bbox 1579 489 1783 532; x_wconf 85' lang='lat' dir='ltr'>propagatio</span> <span class='ocrx_word' id='word_1_347' title='bbox 1816 489 1998 523; x_wconf 79' lang='lat' dir='ltr'>doctrinae</span> <span class='ocrx_word' id='word_1_348' title='bbox 2031 487 2213 529; x_wconf 84' lang='lat' dir='ltr'>salutaris,</span> <span class='ocrx_word' id='word_1_349' title='bbox 2247 493 2281 520; x_wconf 89' lang='lat' dir='ltr'>et</span> 
     </span>
     <span class='ocr_line' id='line_1_54' title="bbox 1293 537 1720 573; baseline 0.002 -2"><span class='ocrx_word' id='word_1_350' title='bbox 1293 539 1514 572; x_wconf 86' lang='lat' dir='ltr'>conservatio</span> <span class='ocrx_word' id='word_1_351' title='bbox 1532 537 1720 573; x_wconf 85' lang='lat' dir='ltr'>Ecclesiae.</span> 
     </span>
    </p>
   </div>
   <div class='ocr_carea' id='block_1_9' title="bbox 1293 605 2286 1361">
    <p class='ocr_par' dir='ltr' id='par_1_10' title="bbox 1293 605 2286 1361">
     <span class='ocr_line' id='line_1_55' title="bbox 1396 605 2281 651; baseline -0.001 -11"><span class='ocrx_word' id='word_1_352' title='bbox 1396 605 1465 640; x_wconf 91' lang='lat' dir='ltr'>Sed</span> <span class='ocrx_word' id='word_1_353' title='bbox 1482 608 1524 640; x_wconf 92' lang='lat' dir='ltr'>de</span> <span class='ocrx_word' id='word_1_354' title='bbox 1540 606 1644 640; x_wconf 90' lang='lat' dir='ltr'>bonis</span> <span class='ocrx_word' id='word_1_355' title='bbox 1658 606 1912 651; x_wconf 80' lang='lat' dir='ltr'>corporalibus,</span> <span class='ocrx_word' id='word_1_356' title='bbox 1935 607 2043 649; x_wconf 89' lang='lat' dir='ltr'>victu,</span> <span class='ocrx_word' id='word_1_357' title='bbox 2071 617 2165 651; x_wconf 86' lang='lat' dir='ltr'>pace,</span> <span class='ocrx_word' id='word_1_358' title='bbox 2188 606 2281 640; x_wconf 89' lang='lat' dir='ltr'>bona</span> 
     </span>
     <span class='ocr_line' id='line_1_56' title="bbox 1295 654 2280 701; baseline 0.001 -12"><span class='ocrx_word' id='word_1_359' title='bbox 1295 656 1516 699; x_wconf 86' lang='lat' dir='ltr'>valetudine,</span> <span class='ocrx_word' id='word_1_360' title='bbox 1548 657 1702 701; x_wconf 87' lang='lat' dir='ltr'>divitiis,</span> <span class='ocrx_word' id='word_1_361' title='bbox 1730 669 1852 690; x_wconf 91' lang='lat' dir='ltr'>verum</span> <span class='ocrx_word' id='word_1_362' title='bbox 1876 664 1925 691; x_wconf 91' lang='lat' dir='ltr'>est</span> <span class='ocrx_word' id='word_1_363' title='bbox 1947 654 2031 692; x_wconf 86' lang='lat' dir='ltr'>haec</span> <span class='ocrx_word' id='word_1_364' title='bbox 2057 658 2150 691; x_wconf 90' lang='lat' dir='ltr'>bona</span> <span class='ocrx_word' id='word_1_365' title='bbox 2175 668 2280 701; x_wconf 89' lang='lat' dir='ltr'>opor-</span> 
     </span>
     <span class='ocr_line' id='line_1_57' title="bbox 1295 705 2282 752; baseline -0.001 -11"><span class='ocrx_word' id='word_1_366' title='bbox 1295 715 1367 741; x_wconf 91' lang='lat' dir='ltr'>tere</span> <span class='ocrx_word' id='word_1_367' title='bbox 1384 709 1472 752; x_wconf 90' lang='lat' dir='ltr'>peti,</span> <span class='ocrx_word' id='word_1_368' title='bbox 1496 716 1727 743; x_wconf 86' lang='lat' dir='ltr'>veruntamen</span> <span class='ocrx_word' id='word_1_369' title='bbox 1743 719 1821 741; x_wconf 89' lang='lat' dir='ltr'>cum</span> <span class='ocrx_word' id='word_1_370' title='bbox 1837 705 1902 741; x_wconf 88' lang='lat' dir='ltr'>hac</span> <span class='ocrx_word' id='word_1_371' title='bbox 1918 708 2136 743; x_wconf 90' lang='lat' dir='ltr'>conditione:</span> <span class='ocrx_word' id='word_1_372' title='bbox 2162 714 2201 742; x_wconf 91' lang='lat' dir='ltr'>ut</span> <span class='ocrx_word' id='word_1_373' title='bbox 2216 718 2282 741; x_wconf 88' lang='lat' dir='ltr'>nos</span> 
     </span>
     <span class='ocr_line' id='line_1_58' title="bbox 1296 757 2281 804; baseline 0 -13"><span class='ocrx_word' id='word_1_374' title='bbox 1296 759 1389 801; x_wconf 90' lang='lat' dir='ltr'>ipsos</span> <span class='ocrx_word' id='word_1_375' title='bbox 1414 759 1622 803; x_wconf 82' lang='lat' dir='ltr'>offeramus,</span> <span class='ocrx_word' id='word_1_376' title='bbox 1651 766 1683 793; x_wconf 90' lang='lat' dir='ltr'>et</span> <span class='ocrx_word' id='word_1_377' title='bbox 1708 758 1818 804; x_wconf 89' lang='lat' dir='ltr'>parati</span> <span class='ocrx_word' id='word_1_378' title='bbox 1843 759 1952 792; x_wconf 90' lang='lat' dir='ltr'>simus</span> <span class='ocrx_word' id='word_1_379' title='bbox 1973 760 2016 793; x_wconf 84' lang='lat' dir='ltr'>ad</span> <span class='ocrx_word' id='word_1_380' title='bbox 2041 757 2281 793; x_wconf 87' lang='lat' dir='ltr'>obedientiam</span> 
     </span>
     <span class='ocr_line' id='line_1_59' title="bbox 1294 808 2283 853; baseline -0.001 -11"><span class='ocrx_word' id='word_1_381' title='bbox 1294 808 1370 843; x_wconf 92' lang='lat' dir='ltr'>Deo</span> <span class='ocrx_word' id='word_1_382' title='bbox 1396 811 1661 853; x_wconf 89' lang='lat' dir='ltr'>praestandam,</span> <span class='ocrx_word' id='word_1_383' title='bbox 1689 810 1716 844; x_wconf 91' lang='lat' dir='ltr'>si</span> <span class='ocrx_word' id='word_1_384' title='bbox 1743 821 1808 843; x_wconf 89' lang='lat' dir='ltr'>nos</span> <span class='ocrx_word' id='word_1_385' title='bbox 1831 809 1915 843; x_wconf 88' lang='lat' dir='ltr'>velit</span> <span class='ocrx_word' id='word_1_386' title='bbox 1930 809 2062 844; x_wconf 89' lang='lat' dir='ltr'>diutius</span> <span class='ocrx_word' id='word_1_387' title='bbox 2078 808 2283 844; x_wconf 81' lang='lat' dir='ltr'>afflictioni-</span> 
     </span>
     <span class='ocr_line' id='line_1_60' title="bbox 1294 860 2283 906; baseline -0.001 -13"><span class='ocrx_word' id='word_1_388' title='bbox 1294 861 1360 893; x_wconf 89' lang='lat' dir='ltr'>bus</span> <span class='ocrx_word' id='word_1_389' title='bbox 1384 861 1552 894; x_wconf 85' lang='lat' dir='ltr'>exerceri:</span> <span class='ocrx_word' id='word_1_390' title='bbox 1580 861 1878 906; x_wconf 89' lang='lat' dir='ltr'>quemadmodum</span> <span class='ocrx_word' id='word_1_391' title='bbox 1899 871 2000 905; x_wconf 86' lang='lat' dir='ltr'>saepe</span> <span class='ocrx_word' id='word_1_392' title='bbox 2018 861 2091 894; x_wconf 86' lang='lat' dir='ltr'>fieri</span> <span class='ocrx_word' id='word_1_393' title='bbox 2111 860 2283 899; x_wconf 82' lang='lat' dir='ltr'>videmus,</span> 
     </span>
     <span class='ocr_line' id='line_1_61' title="bbox 1294 907 2283 956; baseline -0.001 -12"><span class='ocrx_word' id='word_1_394' title='bbox 1294 912 1388 955; x_wconf 87' lang='lat' dir='ltr'>quod</span> <span class='ocrx_word' id='word_1_395' title='bbox 1407 910 1526 945; x_wconf 90' lang='lat' dir='ltr'>Sancti</span> <span class='ocrx_word' id='word_1_396' title='bbox 1544 923 1616 945; x_wconf 91' lang='lat' dir='ltr'>non</span> <span class='ocrx_word' id='word_1_397' title='bbox 1632 911 1828 945; x_wconf 90' lang='lat' dir='ltr'>liberentur</span> <span class='ocrx_word' id='word_1_398' title='bbox 1844 911 1879 943; x_wconf 90' lang='lat' dir='ltr'>in</span> <span class='ocrx_word' id='word_1_399' title='bbox 1896 907 1961 945; x_wconf 91' lang='lat' dir='ltr'>hac</span> <span class='ocrx_word' id='word_1_400' title='bbox 1976 911 2045 945; x_wconf 88' lang='lat' dir='ltr'>vita</span> <span class='ocrx_word' id='word_1_401' title='bbox 2063 923 2103 944; x_wconf 90' lang='lat' dir='ltr'>ex</span> <span class='ocrx_word' id='word_1_402' title='bbox 2118 921 2283 956; x_wconf 74' lang='lat' dir='ltr'>praesen-</span> 
     </span>
     <span class='ocr_line' id='line_1_62' title="bbox 1294 962 2283 1007; baseline -0.002 -11"><span class='ocrx_word' id='word_1_403' title='bbox 1294 962 1388 996; x_wconf 92' lang='lat' dir='ltr'>tibus</span> <span class='ocrx_word' id='word_1_404' title='bbox 1413 962 1536 1006; x_wconf 89' lang='lat' dir='ltr'>poenis</span> <span class='ocrx_word' id='word_1_405' title='bbox 1553 969 1612 996; x_wconf 89' lang='lat' dir='ltr'>aut</span> <span class='ocrx_word' id='word_1_406' title='bbox 1629 962 1904 1000; x_wconf 82' lang='lat' dir='ltr'>calamitatibus,</span> <span class='ocrx_word' id='word_1_407' title='bbox 1940 962 1984 995; x_wconf 92' lang='lat' dir='ltr'>de</span> <span class='ocrx_word' id='word_1_408' title='bbox 2000 962 2129 1007; x_wconf 89' lang='lat' dir='ltr'>quibus</span> <span class='ocrx_word' id='word_1_409' title='bbox 2145 967 2283 1006; x_wconf 92' lang='lat' dir='ltr'>petunt,</span> 
     </span>
     <span class='ocr_line' id='line_1_63' title="bbox 1294 1012 2284 1059; baseline -0.001 -13"><span class='ocrx_word' id='word_1_410' title='bbox 1294 1020 1353 1047; x_wconf 90' lang='lat' dir='ltr'>aut</span> <span class='ocrx_word' id='word_1_411' title='bbox 1372 1020 1462 1047; x_wconf 91' lang='lat' dir='ltr'>certe</span> <span class='ocrx_word' id='word_1_412' title='bbox 1482 1014 1577 1059; x_wconf 90' lang='lat' dir='ltr'>quod</span> <span class='ocrx_word' id='word_1_413' title='bbox 1594 1012 1792 1053; x_wconf 79' lang='lat' dir='ltr'>differatur,</span> <span class='ocrx_word' id='word_1_414' title='bbox 1820 1024 1883 1046; x_wconf 90' lang='lat' dir='ltr'>nec</span> <span class='ocrx_word' id='word_1_415' title='bbox 1899 1024 1980 1046; x_wconf 90' lang='lat' dir='ltr'>mox</span> <span class='ocrx_word' id='word_1_416' title='bbox 1998 1013 2178 1056; x_wconf 86' lang='lat' dir='ltr'>contingat</span> <span class='ocrx_word' id='word_1_417' title='bbox 2195 1012 2284 1045; x_wconf 86' lang='lat' dir='ltr'>libe·-</span> 
     </span>
     <span class='ocr_line' id='line_1_64' title="bbox 1295 1061 2284 1108; baseline -0.001 -11"><span class='ocrx_word' id='word_1_418' title='bbox 1295 1064 1404 1104; x_wconf 87' lang='lat' dir='ltr'>ratio,</span> <span class='ocrx_word' id='word_1_419' title='bbox 1431 1076 1496 1098; x_wconf 91' lang='lat' dir='ltr'>nec</span> <span class='ocrx_word' id='word_1_420' title='bbox 1520 1065 1731 1108; x_wconf 88' lang='lat' dir='ltr'>respondeat</span> <span class='ocrx_word' id='word_1_421' title='bbox 1755 1071 1901 1097; x_wconf 82' lang='lat' dir='ltr'>eventus</span> <span class='ocrx_word' id='word_1_422' title='bbox 1924 1061 2090 1097; x_wconf 86' lang='lat' dir='ltr'>humanis</span> <span class='ocrx_word' id='word_1_423' title='bbox 2113 1063 2284 1107; x_wconf 84' lang='lat' dir='ltr'>imagina-</span> 
     </span>
     <span class='ocr_line' id='line_1_65' title="bbox 1294 1114 2285 1160; baseline -0.002 -11"><span class='ocrx_word' id='word_1_424' title='bbox 1294 1115 1453 1149; x_wconf 89' lang='lat' dir='ltr'>tionibus</span> <span class='ocrx_word' id='word_1_425' title='bbox 1478 1122 1510 1149; x_wconf 88' lang='lat' dir='ltr'>et</span> <span class='ocrx_word' id='word_1_426' title='bbox 1534 1115 1672 1160; x_wconf 89' lang='lat' dir='ltr'>optatis.</span> <span class='ocrx_word' id='word_1_427' title='bbox 1725 1114 1815 1148; x_wconf 90' lang='lat' dir='ltr'>Nam</span> <span class='ocrx_word' id='word_1_428' title='bbox 1839 1114 1958 1158; x_wconf 86' lang='lat' dir='ltr'>regula</span> <span class='ocrx_word' id='word_1_429' title='bbox 1981 1115 2026 1148; x_wconf 88' lang='lat' dir='ltr'>de</span> <span class='ocrx_word' id='word_1_430' title='bbox 2041 1115 2207 1148; x_wconf 78' lang='lat' dir='ltr'>omnibus</span> <span class='ocrx_word' id='word_1_431' title='bbox 2222 1114 2285 1147; x_wconf 88' lang='lat' dir='ltr'>be-</span> 
     </span>
     <span class='ocr_line' id='line_1_66' title="bbox 1294 1164 2285 1211; baseline -0.001 -13"><span class='ocrx_word' id='word_1_432' title='bbox 1294 1166 1427 1200; x_wconf 82' lang='lat' dir='ltr'>neficiis</span> <span class='ocrx_word' id='word_1_433' title='bbox 1443 1173 1475 1200; x_wconf 89' lang='lat' dir='ltr'>et</span> <span class='ocrx_word' id='word_1_434' title='bbox 1491 1166 1787 1211; x_wconf 87' lang='lat' dir='ltr'>promissionibus</span> <span class='ocrx_word' id='word_1_435' title='bbox 1803 1165 2056 1210; x_wconf 87' lang='lat' dir='ltr'>corporalibus,</span> <span class='ocrx_word' id='word_1_436' title='bbox 2077 1165 2151 1198; x_wconf 88' lang='lat' dir='ltr'>sive</span> <span class='ocrx_word' id='word_1_437' title='bbox 2166 1164 2285 1199; x_wconf 90' lang='lat' dir='ltr'>nomi-</span> 
     </span>
     <span class='ocr_line' id='line_1_67' title="bbox 1294 1215 2274 1261; baseline -0.001 -12"><span class='ocrx_word' id='word_1_438' title='bbox 1294 1217 1415 1258; x_wconf 86' lang='lat' dir='ltr'>natim,</span> <span class='ocrx_word' id='word_1_439' title='bbox 1443 1217 1516 1251; x_wconf 83' lang='lat' dir='ltr'>sive</span> <span class='ocrx_word' id='word_1_440' title='bbox 1533 1229 1606 1250; x_wconf 94' lang='lat' dir='ltr'>non</span> <span class='ocrx_word' id='word_1_441' title='bbox 1621 1216 1831 1250; x_wconf 88' lang='lat' dir='ltr'>nominatim</span> <span class='ocrx_word' id='word_1_442' title='bbox 1849 1215 2029 1261; x_wconf 84' lang='lat' dir='ltr'>expressis,</span> <span class='ocrx_word' id='word_1_443' title='bbox 2056 1216 2208 1250; x_wconf 87' lang='lat' dir='ltr'>tenenda</span> <span class='ocrx_word' id='word_1_444' title='bbox 2223 1221 2274 1249; x_wconf 88' lang='lat' dir='ltr'>est</span> 
     </span>
     <span class='ocr_line' id='line_1_68' title="bbox 1293 1265 2286 1312; baseline -0.002 -11"><span class='ocrx_word' id='word_1_445' title='bbox 1293 1269 1389 1312; x_wconf 87' lang='lat' dir='ltr'>quod</span> <span class='ocrx_word' id='word_1_446' title='bbox 1425 1265 1578 1302; x_wconf 86' lang='lat' dir='ltr'>habeant</span> <span class='ocrx_word' id='word_1_447' title='bbox 1614 1279 1768 1301; x_wconf 87' lang='lat' dir='ltr'>annexas</span> <span class='ocrx_word' id='word_1_448' title='bbox 1797 1267 1851 1301; x_wconf 90' lang='lat' dir='ltr'>vel</span> <span class='ocrx_word' id='word_1_449' title='bbox 1882 1266 2035 1300; x_wconf 89' lang='lat' dir='ltr'>inclusas</span> <span class='ocrx_word' id='word_1_450' title='bbox 2064 1266 2286 1301; x_wconf 87' lang='lat' dir='ltr'>conditiones</span> 
     </span>
     <span class='ocr_line' id='line_1_69' title="bbox 1293 1317 2159 1361; baseline 0 -10"><span class='ocrx_word' id='word_1_451' title='bbox 1293 1319 1396 1351; x_wconf 91' lang='lat' dir='ltr'>duas:</span> <span class='ocrx_word' id='word_1_452' title='bbox 1426 1318 1571 1351; x_wconf 90' lang='lat' dir='ltr'>alteram</span> <span class='ocrx_word' id='word_1_453' title='bbox 1589 1318 1845 1361; x_wconf 82' lang='lat' dir='ltr'>castigationis,</span> <span class='ocrx_word' id='word_1_454' title='bbox 1873 1318 2018 1352; x_wconf 90' lang='lat' dir='ltr'>alteram</span> <span class='ocrx_word' id='word_1_455' title='bbox 2036 1317 2159 1352; x_wconf 89' lang='lat' dir='ltr'>crucis.</span> 
     </span>
    </p>
   </div>
   <div class='ocr_carea' id='block_1_10' title="bbox 1294 1382 2288 2088">
    <p class='ocr_par' dir='ltr' id='par_1_11' title="bbox 1294 1382 2288 2088">
     <span class='ocr_line' id='line_1_70' title="bbox 1395 1382 2286 1427; baseline 0.001 -10"><span class='ocrx_word' id='word_1_456' title='bbox 1395 1382 1473 1417; x_wconf 82' lang='lat' dir='ltr'>Etsi</span> <span class='ocrx_word' id='word_1_457' title='bbox 1488 1384 1581 1416; x_wconf 91' lang='lat' dir='ltr'>enim</span> <span class='ocrx_word' id='word_1_458' title='bbox 1601 1384 1779 1417; x_wconf 86' lang='lat' dir='ltr'>verissime</span> <span class='ocrx_word' id='word_1_459' title='bbox 1797 1384 1945 1427; x_wconf 85' lang='lat' dir='ltr'>largitur</span> <span class='ocrx_word' id='word_1_460' title='bbox 1960 1382 2056 1417; x_wconf 91' lang='lat' dir='ltr'>Deus</span> <span class='ocrx_word' id='word_1_461' title='bbox 2071 1383 2175 1419; x_wconf 88' lang='lat' dir='ltr'>etiam</span> <span class='ocrx_word' id='word_1_462' title='bbox 2193 1384 2286 1418; x_wconf 79' lang='lat' dir='ltr'>bona</span> 
     </span>
     <span class='ocr_line' id='line_1_71' title="bbox 1294 1432 2286 1478; baseline 0.001 -11"><span class='ocrx_word' id='word_1_463' title='bbox 1294 1434 1470 1478; x_wconf 89' lang='lat' dir='ltr'>corporis,</span> <span class='ocrx_word' id='word_1_464' title='bbox 1497 1432 1735 1467; x_wconf 88' lang='lat' dir='ltr'>nibilominus</span> <span class='ocrx_word' id='word_1_465' title='bbox 1758 1440 1875 1467; x_wconf 89' lang='lat' dir='ltr'>tamen</span> <span class='ocrx_word' id='word_1_466' title='bbox 1898 1434 2040 1477; x_wconf 85' lang='lat' dir='ltr'>castigat</span> <span class='ocrx_word' id='word_1_467' title='bbox 2058 1441 2092 1468; x_wconf 88' lang='lat' dir='ltr'>et</span> <span class='ocrx_word' id='word_1_468' title='bbox 2111 1434 2212 1477; x_wconf 88' lang='lat' dir='ltr'>punit</span> <span class='ocrx_word' id='word_1_469' title='bbox 2229 1433 2286 1468; x_wconf 81' lang='lat' dir='ltr'>in-</span> 
     </span>
     <span class='ocr_line' id='line_1_72' title="bbox 1294 1483 2284 1528; baseline 0 -10"><span class='ocrx_word' id='word_1_470' title='bbox 1294 1485 1508 1521; x_wconf 85' lang='lat' dir='ltr'>obedientes.</span> <span class='ocrx_word' id='word_1_471' title='bbox 1562 1483 1647 1518; x_wconf 78' lang='lat' dir='ltr'>Vult</span> <span class='ocrx_word' id='word_1_472' title='bbox 1666 1484 1748 1518; x_wconf 89' lang='lat' dir='ltr'>item</span> <span class='ocrx_word' id='word_1_473' title='bbox 1767 1483 1844 1528; x_wconf 91' lang='lat' dir='ltr'>pios</span> <span class='ocrx_word' id='word_1_474' title='bbox 1860 1484 2022 1523; x_wconf 82' lang='lat' dir='ltr'>exerceri,</span> <span class='ocrx_word' id='word_1_475' title='bbox 2050 1491 2082 1517; x_wconf 91' lang='lat' dir='ltr'>et</span> <span class='ocrx_word' id='word_1_476' title='bbox 2092 1483 2284 1519; x_wconf 86' lang='lat' dir='ltr'>Ecclesiam</span> 
     </span>
     <span class='ocr_line' id='line_1_73' title="bbox 1295 1534 2286 1579; baseline 0.002 -11"><span class='ocrx_word' id='word_1_477' title='bbox 1295 1535 1488 1569; x_wconf 91' lang='lat' dir='ltr'>subiectam</span> <span class='ocrx_word' id='word_1_478' title='bbox 1520 1546 1593 1568; x_wconf 88' lang='lat' dir='ltr'>esse</span> <span class='ocrx_word' id='word_1_479' title='bbox 1617 1535 1732 1574; x_wconf 87' lang='lat' dir='ltr'>cruci,</span> <span class='ocrx_word' id='word_1_480' title='bbox 1767 1541 1910 1579; x_wconf 90' lang='lat' dir='ltr'>propter</span> <span class='ocrx_word' id='word_1_481' title='bbox 1933 1534 2052 1578; x_wconf 85' lang='lat' dir='ltr'>plures</span> <span class='ocrx_word' id='word_1_482' title='bbox 2074 1545 2214 1568; x_wconf 73' lang='lat' dir='ltr'>causas:</span> <span class='ocrx_word' id='word_1_483' title='bbox 2242 1536 2286 1570; x_wconf 88' lang='lat' dir='ltr'>de</span> 
     </span>
     <span class='ocr_line' id='line_1_74' title="bbox 1296 1582 2288 1631; baseline 0.001 -12"><span class='ocrx_word' id='word_1_484' title='bbox 1296 1586 1425 1631; x_wconf 83' lang='lat' dir='ltr'>quibus</span> <span class='ocrx_word' id='word_1_485' title='bbox 1447 1585 1649 1630; x_wconf 86' lang='lat' dir='ltr'>saepissime</span> <span class='ocrx_word' id='word_1_486' title='bbox 1672 1597 1735 1619; x_wconf 93' lang='lat' dir='ltr'>suo</span> <span class='ocrx_word' id='word_1_487' title='bbox 1757 1585 1834 1618; x_wconf 91' lang='lat' dir='ltr'>loco</span> <span class='ocrx_word' id='word_1_488' title='bbox 1852 1584 1992 1619; x_wconf 91' lang='lat' dir='ltr'>auditis.</span> <span class='ocrx_word' id='word_1_489' title='bbox 2045 1582 2182 1627; x_wconf 85' lang='lat' dir='ltr'>David,</span> <span class='ocrx_word' id='word_1_490' title='bbox 2207 1583 2288 1620; x_wconf 80' lang='lat' dir='ltr'>Ma-</span> 
     </span>
     <span class='ocr_line' id='line_1_75' title="bbox 1297 1636 2288 1680; baseline 0.002 -11"><span class='ocrx_word' id='word_1_491' title='bbox 1297 1647 1394 1670; x_wconf 86' lang='lat' dir='ltr'>nasse</span> <span class='ocrx_word' id='word_1_492' title='bbox 1419 1636 1634 1679; x_wconf 85' lang='lat' dir='ltr'>castigantur</span> <span class='ocrx_word' id='word_1_493' title='bbox 1660 1643 1694 1670; x_wconf 89' lang='lat' dir='ltr'>et</span> <span class='ocrx_word' id='word_1_494' title='bbox 1717 1636 1917 1680; x_wconf 89' lang='lat' dir='ltr'>puniuntur</span> <span class='ocrx_word' id='word_1_495' title='bbox 1941 1642 2086 1680; x_wconf 87' lang='lat' dir='ltr'>propter</span> <span class='ocrx_word' id='word_1_496' title='bbox 2110 1643 2203 1671; x_wconf 80' lang='lat' dir='ltr'>certa</span> <span class='ocrx_word' id='word_1_497' title='bbox 2226 1637 2288 1671; x_wconf 89' lang='lat' dir='ltr'>de-</span> 
     </span>
     <span class='ocr_line' id='line_1_76' title="bbox 1296 1684 2288 1732; baseline 0.002 -11"><span class='ocrx_word' id='word_1_498' title='bbox 1296 1687 1377 1721; x_wconf 91' lang='lat' dir='ltr'>licta</span> <span class='ocrx_word' id='word_1_499' title='bbox 1408 1699 1486 1728; x_wconf 86' lang='lat' dir='ltr'>sua;</span> <span class='ocrx_word' id='word_1_500' title='bbox 1526 1684 1672 1732; x_wconf 81' lang='lat' dir='ltr'>loseph,</span> <span class='ocrx_word' id='word_1_501' title='bbox 1708 1685 1891 1727; x_wconf 86' lang='lat' dir='ltr'>Ieremias,</span> <span class='ocrx_word' id='word_1_502' title='bbox 1926 1686 2054 1721; x_wconf 88' lang='lat' dir='ltr'>Daniel</span> <span class='ocrx_word' id='word_1_503' title='bbox 2082 1695 2288 1723; x_wconf 85' lang='lat' dir='ltr'>exercentur</span> 
     </span>
     <span class='ocr_line' id='line_1_77' title="bbox 1295 1738 2287 1780; baseline 0.002 -8"><span class='ocrx_word' id='word_1_504' title='bbox 1295 1738 1491 1780; x_wconf 92' lang='lat' dir='ltr'>aerumnis,</span> <span class='ocrx_word' id='word_1_505' title='bbox 1516 1739 1744 1772; x_wconf 89' lang='lat' dir='ltr'>abducuntur</span> <span class='ocrx_word' id='word_1_506' title='bbox 1762 1738 1797 1770; x_wconf 94' lang='lat' dir='ltr'>iu</span> <span class='ocrx_word' id='word_1_507' title='bbox 1815 1738 1937 1771; x_wconf 83' lang='lat' dir='ltr'>exilia:</span> <span class='ocrx_word' id='word_1_508' title='bbox 1966 1738 2100 1772; x_wconf 86' lang='lat' dir='ltr'>tametsi</span> <span class='ocrx_word' id='word_1_509' title='bbox 2144 1745 2238 1774; x_wconf 85' lang='lat' dir='ltr'>etant</span> <span class='ocrx_word' id='word_1_510' title='bbox 2254 1746 2287 1774; x_wconf 81' lang='lat' dir='ltr'>et</span> 
     </span>
     <span class='ocr_line' id='line_1_78' title="bbox 1296 1787 2286 1834; baseline 0.001 -11"><span class='ocrx_word' id='word_1_511' title='bbox 1296 1796 1495 1834; x_wconf 85' lang='lat' dir='ltr'>exspectent</span> <span class='ocrx_word' id='word_1_512' title='bbox 1520 1801 1537 1823; x_wconf 91' lang='lat' dir='ltr'>a</span> <span class='ocrx_word' id='word_1_513' title='bbox 1556 1787 1632 1823; x_wconf 89' lang='lat' dir='ltr'>Deo</span> <span class='ocrx_word' id='word_1_514' title='bbox 1657 1789 1915 1824; x_wconf 86' lang='lat' dir='ltr'>liberationem.</span> <span class='ocrx_word' id='word_1_515' title='bbox 1972 1787 2103 1822; x_wconf 68' lang='lat' dir='ltr'>Verum</span> <span class='ocrx_word' id='word_1_516' title='bbox 2151 1789 2182 1823; x_wconf 86' lang='lat' dir='ltr'>ie</span> <span class='ocrx_word' id='word_1_517' title='bbox 2197 1789 2286 1824; x_wconf 89' lang='lat' dir='ltr'>scire</span> 
     </span>
     <span class='ocr_line' id='line_1_79' title="bbox 1295 1839 2286 1886; baseline 0 -12"><span class='ocrx_word' id='word_1_518' title='bbox 1295 1847 1452 1885; x_wconf 89' lang='lat' dir='ltr'>oportet,</span> <span class='ocrx_word' id='word_1_519' title='bbox 1486 1852 1709 1886; x_wconf 88' lang='lat' dir='ltr'>nequaquam</span> <span class='ocrx_word' id='word_1_520' title='bbox 1742 1846 1924 1884; x_wconf 83' lang='lat' dir='ltr'>propterea</span> <span class='ocrx_word' id='word_1_521' title='bbox 1949 1839 2138 1884; x_wconf 85' lang='lat' dir='ltr'>petitiones</span> <span class='ocrx_word' id='word_1_522' title='bbox 2160 1852 2286 1886; x_wconf 84' lang='lat' dir='ltr'>corpo—</span> 
     </span>
     <span class='ocr_line' id='line_1_80' title="bbox 1296 1891 2287 1937; baseline 0.001 -12"><span class='ocrx_word' id='word_1_523' title='bbox 1296 1891 1423 1925; x_wconf 90' lang='lat' dir='ltr'>ralium</span> <span class='ocrx_word' id='word_1_524' title='bbox 1448 1891 1698 1925; x_wconf 80' lang='lat' dir='ltr'>beneficiorum</span> <span class='ocrx_word' id='word_1_525' title='bbox 1725 1891 1841 1924; x_wconf 90' lang='lat' dir='ltr'>irritas</span> <span class='ocrx_word' id='word_1_526' title='bbox 1864 1902 1956 1930; x_wconf 87' lang='lat' dir='ltr'>esse,</span> <span class='ocrx_word' id='word_1_527' title='bbox 1985 1891 2044 1923; x_wconf 87' lang='lat' dir='ltr'>sed</span> <span class='ocrx_word' id='word_1_528' title='bbox 2065 1897 2159 1924; x_wconf 89' lang='lat' dir='ltr'>certo</span> <span class='ocrx_word' id='word_1_529' title='bbox 2176 1891 2287 1937; x_wconf 82' lang='lat' dir='ltr'>impe-</span> 
     </span>
     <span class='ocr_line' id='line_1_81' title="bbox 1297 1941 2287 1983; baseline 0.002 -8"><span class='ocrx_word' id='word_1_530' title='bbox 1297 1949 1388 1976; x_wconf 91' lang='lat' dir='ltr'>trare</span> <span class='ocrx_word' id='word_1_531' title='bbox 1409 1943 1637 1981; x_wconf 84' lang='lat' dir='ltr'>alterutrum,</span> <span class='ocrx_word' id='word_1_532' title='bbox 1666 1942 1849 1976; x_wconf 66' lang='lat' dir='ltr'>videlicet:</span> <span class='ocrx_word' id='word_1_533' title='bbox 1879 1948 1937 1975; x_wconf 93' lang='lat' dir='ltr'>aut</span> <span class='ocrx_word' id='word_1_534' title='bbox 1956 1941 2222 1983; x_wconf 84' lang='lat' dir='ltr'>liberationem,</span> <span class='ocrx_word' id='word_1_535' title='bbox 2249 1950 2287 1977; x_wconf 87' lang='lat' dir='ltr'>ut</span> 
     </span>
     <span class='ocr_line' id='line_1_82' title="bbox 1297 1992 2285 2037; baseline 0.002 -12"><span class='ocrx_word' id='word_1_536' title='bbox 1297 2005 1440 2037; x_wconf 83' lang='lat' dir='ltr'>prorsus</span> <span class='ocrx_word' id='word_1_537' title='bbox 1469 1993 1659 2034; x_wconf 81' lang='lat' dir='ltr'>tollantur,</span> <span class='ocrx_word' id='word_1_538' title='bbox 1692 2000 1751 2027; x_wconf 90' lang='lat' dir='ltr'>aut</span> <span class='ocrx_word' id='word_1_539' title='bbox 1776 1992 2053 2035; x_wconf 86' lang='lat' dir='ltr'>mitigationem,</span> <span class='ocrx_word' id='word_1_540' title='bbox 2086 1999 2124 2027; x_wconf 88' lang='lat' dir='ltr'>ut</span> <span class='ocrx_word' id='word_1_541' title='bbox 2149 1992 2285 2027; x_wconf 83' lang='lat' dir='ltr'>lenian-</span> 
     </span>
     <span class='ocr_line' id='line_1_83' title="bbox 1297 2044 1791 2088; baseline -0.002 -10"><span class='ocrx_word' id='word_1_542' title='bbox 1297 2051 1353 2078; x_wconf 87' lang='lat' dir='ltr'>tur</span> <span class='ocrx_word' id='word_1_543' title='bbox 1369 2044 1582 2078; x_wconf 83' lang='lat' dir='ltr'>calamitates</span> <span class='ocrx_word' id='word_1_544' title='bbox 1598 2050 1630 2078; x_wconf 87' lang='lat' dir='ltr'>et</span> <span class='ocrx_word' id='word_1_545' title='bbox 1648 2055 1791 2088; x_wconf 85' lang='lat' dir='ltr'>poenae.</span> 
     </span>
    </p>
   </div>
   <div class='ocr_carea' id='block_1_11' title="bbox 1296 2110 2289 2408">
    <p class='ocr_par' dir='ltr' id='par_1_12' title="bbox 1296 2110 2289 2408">
     <span class='ocr_line' id='line_1_84' title="bbox 1398 2110 2289 2161; baseline 0.002 -16"><span class='ocrx_word' id='word_1_546' title='bbox 1398 2112 1456 2145; x_wconf 88' lang='lat' dir='ltr'>Sic</span> <span class='ocrx_word' id='word_1_547' title='bbox 1476 2111 1808 2161; x_wconf 58' lang='lat' dir='ltr'>precanturlisaias.</span> <span class='ocrx_word' id='word_1_548' title='bbox 1836 2110 2051 2151; x_wconf 83' lang='lat' dir='ltr'>Hieremias,</span> <span class='ocrx_word' id='word_1_549' title='bbox 2079 2117 2111 2145; x_wconf 89' lang='lat' dir='ltr'>et</span> <span class='ocrx_word' id='word_1_550' title='bbox 2128 2110 2289 2147; x_wconf 82' lang='lat' dir='ltr'>aliiPro-</span> 
     </span>
     <span class='ocr_line' id='line_1_85' title="bbox 1297 2160 2286 2208; baseline 0.002 -13"><span class='ocrx_word' id='word_1_551' title='bbox 1297 2160 1443 2206; x_wconf 76' lang='lat' dir='ltr'>pbetae,</span> <span class='ocrx_word' id='word_1_552' title='bbox 1476 2163 1535 2208; x_wconf 87' lang='lat' dir='ltr'>qui</span> <span class='ocrx_word' id='word_1_553' title='bbox 1561 2175 1639 2196; x_wconf 88' lang='lat' dir='ltr'>cum</span> <span class='ocrx_word' id='word_1_554' title='bbox 1665 2163 1784 2197; x_wconf 80' lang='lat' dir='ltr'>vident</span> <span class='ocrx_word' id='word_1_555' title='bbox 1811 2163 1879 2196; x_wconf 83' lang='lat' dir='ltr'>iam</span> <span class='ocrx_word' id='word_1_556' title='bbox 1907 2163 2023 2205; x_wconf 78' lang='lat' dir='ltr'>vagari</span> <span class='ocrx_word' id='word_1_557' title='bbox 2048 2174 2194 2207; x_wconf 77' lang='lat' dir='ltr'>poenas,</span> <span class='ocrx_word' id='word_1_558' title='bbox 2223 2175 2286 2197; x_wconf 80' lang='lat' dir='ltr'>nec</span> 
     </span>
     <span class='ocr_line' id='line_1_86' title="bbox 1296 2213 2285 2257; baseline 0 -10"><span class='ocrx_word' id='word_1_559' title='bbox 1296 2216 1475 2255; x_wconf 81' lang='lat' dir='ltr'>futurum,</span> <span class='ocrx_word' id='word_1_560' title='bbox 1503 2221 1540 2247; x_wconf 90' lang='lat' dir='ltr'>ut</span> <span class='ocrx_word' id='word_1_561' title='bbox 1563 2214 1680 2248; x_wconf 89' lang='lat' dir='ltr'>statim</span> <span class='ocrx_word' id='word_1_562' title='bbox 1705 2221 1837 2248; x_wconf 82' lang='lat' dir='ltr'>cessent</span> <span class='ocrx_word' id='word_1_563' title='bbox 1862 2220 1919 2248; x_wconf 86' lang='lat' dir='ltr'>aut</span> <span class='ocrx_word' id='word_1_564' title='bbox 1944 2225 2087 2257; x_wconf 65' lang='lat' dir='ltr'>prorsus</span> <span class='ocrx_word' id='word_1_565' title='bbox 2104 2213 2285 2252; x_wconf 77' lang='lat' dir='ltr'>tollantur,</span> 
     </span>
     <span class='ocr_line' id='line_1_87' title="bbox 1297 2263 2285 2310; baseline 0.001 -13"><span class='ocrx_word' id='word_1_566' title='bbox 1297 2272 1419 2309; x_wconf 88' lang='lat' dir='ltr'>petunt</span> <span class='ocrx_word' id='word_1_567' title='bbox 1455 2273 1570 2299; x_wconf 80' lang='lat' dir='ltr'>tamen</span> <span class='ocrx_word' id='word_1_568' title='bbox 1610 2272 1643 2299; x_wconf 80' lang='lat' dir='ltr'>ct</span> <span class='ocrx_word' id='word_1_569' title='bbox 1674 2265 1862 2310; x_wconf 87' lang='lat' dir='ltr'>impetrant</span> <span class='ocrx_word' id='word_1_570' title='bbox 1897 2264 2166 2308; x_wconf 78' lang='lat' dir='ltr'>mitigationem.</span> <span class='ocrx_word' id='word_1_571' title='bbox 2235 2263 2285 2299; x_wconf 79' lang='lat' dir='ltr'>lta</span> 
     </span>
     <span class='ocr_line' id='line_1_88' title="bbox 1297 2313 2285 2360; baseline 0 -11"><span class='ocrx_word' id='word_1_572' title='bbox 1297 2317 1390 2349; x_wconf 87' lang='lat' dir='ltr'>enim</span> <span class='ocrx_word' id='word_1_573' title='bbox 1410 2315 1605 2349; x_wconf 79' lang='lat' dir='ltr'>Hieremias</span> <span class='ocrx_word' id='word_1_574' title='bbox 1627 2324 1703 2350; x_wconf 79' lang='lat' dir='ltr'>orat</span> <span class='ocrx_word' id='word_1_575' title='bbox 1729 2329 1800 2360; x_wconf 86' lang='lat' dir='ltr'>cap.</span> <span class='ocrx_word' id='word_1_576' title='bbox 1824 2316 1896 2350; x_wconf 85' lang='lat'>10.:</span> <span class='ocrx_word' id='word_1_577' title='bbox 1925 2315 2070 2359; x_wconf 64' lang='lat' dir='ltr'>Corripe</span> <span class='ocrx_word' id='word_1_578' title='bbox 2089 2327 2144 2347; x_wconf 85' lang='lat' dir='ltr'>me</span> <span class='ocrx_word' id='word_1_579' title='bbox 2162 2313 2285 2349; x_wconf 83' lang='lat' dir='ltr'>Domi·</span> 
     </span>
     <span class='ocr_line' id='line_1_89' title="bbox 1297 2366 2286 2408; baseline 0.002 -9"><span class='ocrx_word' id='word_1_580' title='bbox 1297 2380 1361 2405; x_wconf 79' lang='lat' dir='ltr'>ne,</span> <span class='ocrx_word' id='word_1_581' title='bbox 1397 2374 1625 2400; x_wconf 73' lang='lat' dir='ltr'>veruntamen</span> <span class='ocrx_word' id='word_1_582' title='bbox 1659 2368 1692 2400; x_wconf 90' lang='lat' dir='ltr'>in</span> <span class='ocrx_word' id='word_1_583' title='bbox 1723 2368 1871 2408; x_wconf 86' lang='lat' dir='ltr'>iudicio,</span> <span class='ocrx_word' id='word_1_584' title='bbox 1902 2377 1975 2398; x_wconf 80' lang='lat' dir='ltr'>non</span> <span class='ocrx_word' id='word_1_585' title='bbox 2001 2367 2037 2398; x_wconf 92' lang='lat' dir='ltr'>in</span> <span class='ocrx_word' id='word_1_586' title='bbox 2064 2366 2204 2407; x_wconf 85' lang='lat' dir='ltr'>surore,</span> <span class='ocrx_word' id='word_1_587' title='bbox 2240 2378 2286 2401; x_wconf 83' lang='lat' dir='ltr'>ne</span> 
     </span>
    </p>
   </div>
   <div class='ocr_carea' id='block_1_12' title="bbox 254 2402 2286 2470">
    <p class='ocr_par' dir='ltr' id='par_1_13' title="bbox 254 2402 2286 2470">
     <span class='ocr_line' id='line_1_90' title="bbox 254 2402 2286 2470; baseline 0 -20"><span class='ocrx_word' id='word_1_588' title='bbox 254 2416 354 2450; x_wconf 83' lang='lat' dir='ltr'>novit</span> <span class='ocrx_word' id='word_1_589' title='bbox 369 2416 496 2449; x_wconf 86' lang='lat' dir='ltr'>Filium</span> <span class='ocrx_word' id='word_1_590' title='bbox 515 2423 547 2449; x_wconf 89' lang='lat' dir='ltr'>et</span> <span class='ocrx_word' id='word_1_591' title='bbox 565 2417 673 2449; x_wconf 82' lang='lat' dir='ltr'>credit</span> <span class='ocrx_word' id='word_1_592' title='bbox 695 2417 730 2449; x_wconf 90' lang='lat' dir='ltr'>iu</span> <span class='ocrx_word' id='word_1_593' title='bbox 750 2429 842 2454; x_wconf 70' lang='lat' dir='ltr'>eum,</span> <span class='ocrx_word' id='word_1_594' title='bbox 869 2413 993 2450; x_wconf 82' lang='lat' dir='ltr'>babeat</span> <span class='ocrx_word' id='word_1_595' title='bbox 1010 2416 1116 2450; x_wconf 78' lang='lat' dir='ltr'>vitam</span> <span class='ocrx_word' id='word_1_596' title='bbox 1136 2425 1243 2451; x_wconf 80' lang='lat' dir='ltr'>aeter-</span> <span class='ocrx_word' id='word_1_597' title='bbox 1268 2402 1272 2470; x_wconf 66' lang='lat' dir='ltr'>l</span> <span class='ocrx_word' id='word_1_598' title='bbox 1297 2421 1385 2452; x_wconf 79' lang='lat' dir='ltr'>sorte</span> <span class='ocrx_word' id='word_1_599' title='bbox 1410 2420 1451 2452; x_wconf 85' lang='lat' dir='ltr'>ad</span> <span class='ocrx_word' id='word_1_600' title='bbox 1480 2417 1633 2452; x_wconf 86' lang='lat' dir='ltr'>nibilum</span> <span class='ocrx_word' id='word_1_601' title='bbox 1660 2419 1794 2461; x_wconf 74' lang='lat' dir='ltr'>redigas</span> <span class='ocrx_word' id='word_1_602' title='bbox 1819 2429 1884 2451; x_wconf 76' lang='lat' dir='ltr'>me.</span> <span class='ocrx_word' id='word_1_603' title='bbox 1939 2414 1981 2449; x_wconf 87' lang='lat' dir='ltr'>Et</span> <span class='ocrx_word' id='word_1_604' title='bbox 2002 2415 2120 2450; x_wconf 68' lang='lat' dir='ltr'>Esaias</span> <span class='ocrx_word' id='word_1_605' title='bbox 2138 2414 2194 2451; x_wconf 80' lang='lat' dir='ltr'>bis</span> <span class='ocrx_word' id='word_1_606' title='bbox 2208 2429 2286 2452; x_wconf 72' lang='lat' dir='ltr'>ver-</span> 
     </span>
    </p>
   </div>
   <div class='ocr_carea' id='block_1_13' title="bbox 257 2466 1243 2511">
    <p class='ocr_par' dir='ltr' id='par_1_14' title="bbox 257 2466 1243 2511">
     <span class='ocr_line' id='line_1_91' title="bbox 257 2466 1243 2511; baseline 0.001 -11"><span class='ocrx_word' id='word_1_607' title='bbox 257 2480 349 2502; x_wconf 87' lang='lat' dir='ltr'>nam.</span> <span class='ocrx_word' id='word_1_608' title='bbox 412 2466 507 2500; x_wconf 82' lang='lat' dir='ltr'>Deus</span> <span class='ocrx_word' id='word_1_609' title='bbox 541 2474 703 2500; x_wconf 89' lang='lat' dir='ltr'>aeternus</span> <span class='ocrx_word' id='word_1_610' title='bbox 733 2467 951 2500; x_wconf 67' lang='lat' dir='ltr'>seu-tissime</span> <span class='ocrx_word' id='word_1_611' title='bbox 985 2468 1172 2511; x_wconf 73' lang='lat' dir='ltr'>praecipit,</span> <span class='ocrx_word' id='word_1_612' title='bbox 1208 2476 1243 2501; x_wconf 94' lang='lat' dir='ltr'>ut</span> 
     </span>
    </p>
   </div>
   <div class='ocr_carea' id='block_1_14' title="bbox 1297 2465 2284 2514">
    <p class='ocr_par' dir='ltr' id='par_1_15' title="bbox 1297 2465 2284 2514">
     <span class='ocr_line' id='line_1_92' title="bbox 1297 2465 2284 2514; baseline -0.001 -11"><span class='ocrx_word' id='word_1_613' title='bbox 1297 2469 1350 2503; x_wconf 84' lang='lat' dir='ltr'>bis</span> <span class='ocrx_word' id='word_1_614' title='bbox 1381 2471 1589 2514; x_wconf 78' lang='lat' dir='ltr'>deprecatur</span> <span class='ocrx_word' id='word_1_615' title='bbox 1620 2469 1726 2507; x_wconf 73' lang='lat' dir='ltr'>imm„</span> <span class='ocrx_word' id='word_1_616' title='bbox 1767 2481 1837 2512; x_wconf 83' lang='lat' dir='ltr'>rap.</span> <span class='ocrx_word' id='word_1_617' title='bbox 1857 2468 1933 2502; x_wconf 60' lang='lat'>64:</span> <span class='ocrx_word' id='word_1_618' title='bbox 1974 2465 2029 2501; x_wconf 55' lang='lat' dir='ltr'>Ab</span> <span class='ocrx_word' id='word_1_619' title='bbox 2062 2465 2217 2502; x_wconf 82' lang='lat' dir='ltr'>Domine</span> <span class='ocrx_word' id='word_1_620' title='bbox 2246 2474 2284 2502; x_wconf 81' lang='lat' dir='ltr'>tn</span> 
     </span>
    </p>
   </div>
   <div class='ocr_carea' id='block_1_15' title="bbox 257 2517 2284 2616">
    <p class='ocr_par' dir='ltr' id='par_1_16' title="bbox 257 2517 2284 2616">
     <span class='ocr_line' id='line_1_93' title="bbox 257 2517 2283 2563; baseline 0.001 -13"><span class='ocrx_word' id='word_1_621' title='bbox 257 2520 376 2551; x_wconf 73' lang='lat' dir='ltr'>credas</span> <span class='ocrx_word' id='word_1_622' title='bbox 409 2518 443 2550; x_wconf 93' lang='lat' dir='ltr'>iu</span> <span class='ocrx_word' id='word_1_623' title='bbox 472 2517 619 2556; x_wconf 79' lang='lat' dir='ltr'>Filium,</span> <span class='ocrx_word' id='word_1_624' title='bbox 655 2525 685 2551; x_wconf 83' lang='lat' dir='ltr'>et</span> <span class='ocrx_word' id='word_1_625' title='bbox 721 2519 864 2563; x_wconf 86' lang='lat' dir='ltr'>quidem</span> <span class='ocrx_word' id='word_1_626' title='bbox 897 2519 1068 2562; x_wconf 76' lang='lat' dir='ltr'>postulat,</span> <span class='ocrx_word' id='word_1_627' title='bbox 1103 2527 1138 2552; x_wconf 91' lang='lat' dir='ltr'>ut</span> <span class='ocrx_word' id='word_1_628' title='bbox 1170 2520 1244 2552; x_wconf 77' lang='lat' dir='ltr'>siut·</span> <span class='ocrx_word' id='word_1_629' title='bbox 1268 2520 1271 2560; x_wconf 75' lang='lat' dir='ltr'>l</span> <span class='ocrx_word' id='word_1_630' title='bbox 1298 2520 1400 2554; x_wconf 76' lang='lat' dir='ltr'>Pater</span> <span class='ocrx_word' id='word_1_631' title='bbox 1419 2528 1449 2554; x_wconf 82' lang='lat' dir='ltr'>et</span> <span class='ocrx_word' id='word_1_632' title='bbox 1469 2521 1633 2554; x_wconf 84' lang='lat' dir='ltr'>conditor</span> <span class='ocrx_word' id='word_1_633' title='bbox 1647 2532 1705 2553; x_wconf 80' lang='lat' dir='ltr'>seu</span> <span class='ocrx_word' id='word_1_634' title='bbox 1725 2520 1824 2553; x_wconf 76' lang='lat' dir='ltr'>tit-tor</span> <span class='ocrx_word' id='word_1_635' title='bbox 1840 2526 1968 2555; x_wconf 77' lang='lat' dir='ltr'>noster.</span> <span class='ocrx_word' id='word_1_636' title='bbox 1997 2530 2152 2553; x_wconf 70' lang='lat' dir='ltr'>eceenos</span> <span class='ocrx_word' id='word_1_637' title='bbox 2170 2518 2283 2553; x_wconf 83' lang='lat' dir='ltr'>lutum</span> 
     </span>
     <span class='ocr_line' id='line_1_94' title="bbox 257 2561 2284 2616; baseline 0.001 -14"><span class='ocrx_word' id='word_1_638' title='bbox 257 2568 460 2602; x_wconf 84' lang='lat' dir='ltr'>conditione</span> <span class='ocrx_word' id='word_1_639' title='bbox 485 2570 625 2611; x_wconf 84' lang='lat' dir='ltr'>credas,</span> <span class='ocrx_word' id='word_1_640' title='bbox 651 2571 744 2614; x_wconf 77' lang='lat' dir='ltr'>quod</span> <span class='ocrx_word' id='word_1_641' title='bbox 773 2567 855 2603; x_wconf 79' lang='lat' dir='ltr'>ltaec</span> <span class='ocrx_word' id='word_1_642' title='bbox 882 2570 953 2614; x_wconf 85' lang='lat' dir='ltr'>ipsa</span> <span class='ocrx_word' id='word_1_643' title='bbox 972 2570 1063 2604; x_wconf 86' lang='lat' dir='ltr'>bona</span> <span class='ocrx_word' id='word_1_644' title='bbox 1082 2571 1243 2603; x_wconf 84' lang='lat' dir='ltr'>nomina·</span> <span class='ocrx_word' id='word_1_645' title='bbox 1268 2561 1271 2604; x_wconf 86' lang='lat' dir='ltr'>l</span> <span class='ocrx_word' id='word_1_646' title='bbox 1297 2579 1396 2605; x_wconf 86' lang='lat' dir='ltr'>tunm</span> <span class='ocrx_word' id='word_1_647' title='bbox 1423 2579 1453 2605; x_wconf 89' lang='lat' dir='ltr'>et</span> <span class='ocrx_word' id='word_1_648' title='bbox 1473 2584 1576 2616; x_wconf 85' lang='lat' dir='ltr'>opera</span> <span class='ocrx_word' id='word_1_649' title='bbox 1595 2583 1764 2604; x_wconf 83' lang='lat' dir='ltr'>manuum</span> <span class='ocrx_word' id='word_1_650' title='bbox 1784 2578 1945 2609; x_wconf 74' lang='lat' dir='ltr'>tuarum,</span> <span class='ocrx_word' id='word_1_651' title='bbox 1973 2582 2016 2603; x_wconf 82' lang='lat' dir='ltr'>ne</span> <span class='ocrx_word' id='word_1_652' title='bbox 2035 2568 2192 2604; x_wconf 70' lang='lat' dir='ltr'>irascaris</span> <span class='ocrx_word' id='word_1_653' title='bbox 2210 2567 2284 2604; x_wconf 85' lang='lat' dir='ltr'>Do·</span> 
     </span>
    </p>
   </div>
   <div class='ocr_carea' id='block_1_16' title="bbox 259 2620 2049 2663">
    <p class='ocr_par' dir='ltr' id='par_1_17' title="bbox 259 2620 2049 2663">
     <span class='ocr_line' id='line_1_95' title="bbox 259 2620 2049 2663; baseline 0.002 -10"><span class='ocrx_word' id='word_1_654' title='bbox 259 2620 319 2653; x_wconf 88' lang='lat' dir='ltr'>tim</span> <span class='ocrx_word' id='word_1_655' title='bbox 340 2621 401 2652; x_wconf 84' lang='lat' dir='ltr'>tibi</span> <span class='ocrx_word' id='word_1_656' title='bbox 421 2621 566 2653; x_wconf 78' lang='lat' dir='ltr'>daturus</span> <span class='ocrx_word' id='word_1_657' title='bbox 586 2621 647 2659; x_wconf 72' lang='lat' dir='ltr'>sit,</span> <span class='ocrx_word' id='word_1_658' title='bbox 675 2621 822 2663; x_wconf 79' lang='lat' dir='ltr'>gratiam</span> <span class='ocrx_word' id='word_1_659' title='bbox 838 2632 897 2654; x_wconf 86' lang='lat' dir='ltr'>scu</span> <span class='ocrx_word' id='word_1_660' title='bbox 916 2621 1102 2662; x_wconf 74' lang='lat' dir='ltr'>gratuitam</span> <span class='ocrx_word' id='word_1_661' title='bbox 1120 2622 1243 2655; x_wconf 74' lang='lat' dir='ltr'>remis·</span> <span class='ocrx_word' id='word_1_662' title='bbox 1268 2621 1271 2650; x_wconf 82' lang='lat' dir='ltr'>l</span> <span class='ocrx_word' id='word_1_663' title='bbox 1298 2623 1392 2655; x_wconf 88' lang='lat' dir='ltr'>mine</span> <span class='ocrx_word' id='word_1_664' title='bbox 1418 2623 1536 2663; x_wconf 78' lang='lat' dir='ltr'>valde,</span> <span class='ocrx_word' id='word_1_665' title='bbox 1574 2634 1618 2655; x_wconf 83' lang='lat' dir='ltr'>ne</span> <span class='ocrx_word' id='word_1_666' title='bbox 1642 2623 1802 2655; x_wconf 75' lang='lat' dir='ltr'>etl&#39;untlas</span> <span class='ocrx_word' id='word_1_667' title='bbox 1828 2622 1916 2656; x_wconf 80' lang='lat' dir='ltr'>iram</span> <span class='ocrx_word' id='word_1_668' title='bbox 1944 2628 2049 2656; x_wconf 75' lang='lat' dir='ltr'>tunm.</span> 
     </span>
    </p>
   </div>
   <div class='ocr_carea' id='block_1_17' title="bbox 2118 2617 2284 2655">
    <p class='ocr_par' dir='ltr' id='par_1_18' title="bbox 2118 2617 2284 2655">
     <span class='ocr_line' id='line_1_96' title="bbox 2118 2617 2284 2655; baseline 0.006 -1"><span class='ocrx_word' id='word_1_669' title='bbox 2118 2617 2163 2655; x_wconf 83' lang='lat' dir='ltr'>Et</span> <span class='ocrx_word' id='word_1_670' title='bbox 2186 2618 2284 2655; x_wconf 71' lang='lat' dir='ltr'>Aba·</span> 
     </span>
    </p>
   </div>
   <div class='ocr_carea' id='block_1_18' title="bbox 258 2666 2283 2718">
    <p class='ocr_par' dir='ltr' id='par_1_19' title="bbox 258 2666 2283 2718">
     <span class='ocr_line' id='line_1_97' title="bbox 258 2666 2283 2718; baseline 0.001 -14"><span class='ocrx_word' id='word_1_671' title='bbox 258 2669 390 2704; x_wconf 77' lang='lat' dir='ltr'>sionem</span> <span class='ocrx_word' id='word_1_672' title='bbox 420 2679 659 2714; x_wconf 73' lang='lat' dir='ltr'>peccatorum,</span> <span class='ocrx_word' id='word_1_673' title='bbox 699 2672 884 2710; x_wconf 80' lang='lat' dir='ltr'>iustitiam,</span> <span class='ocrx_word' id='word_1_674' title='bbox 922 2673 953 2705; x_wconf 90' lang='lat' dir='ltr'>id</span> <span class='ocrx_word' id='word_1_675' title='bbox 986 2679 1056 2713; x_wconf 81' lang='lat' dir='ltr'>est,</span> <span class='ocrx_word' id='word_1_676' title='bbox 1091 2673 1242 2718; x_wconf 84' lang='lat' dir='ltr'>imputa·</span> <span class='ocrx_word' id='word_1_677' title='bbox 1268 2666 1271 2701; x_wconf 67' lang='grc' dir='ltr'><strong>ἶ</strong></span> <span class='ocrx_word' id='word_1_678' title='bbox 1297 2686 1358 2707; x_wconf 87' lang='lat' dir='ltr'>cuc</span> <span class='ocrx_word' id='word_1_679' title='bbox 1376 2673 1426 2708; x_wconf 78' lang='grc'>8.;</span> <span class='ocrx_word' id='word_1_680' title='bbox 1464 2673 1616 2708; x_wconf 88' lang='lat' dir='ltr'>Domine</span> <span class='ocrx_word' id='word_1_681' title='bbox 1649 2686 1712 2707; x_wconf 82' lang='lat' dir='ltr'>nos</span> <span class='ocrx_word' id='word_1_682' title='bbox 1739 2685 1827 2718; x_wconf 78' lang='lat' dir='ltr'>opus</span> <span class='ocrx_word' id='word_1_683' title='bbox 1852 2681 1950 2708; x_wconf 90' lang='lat' dir='ltr'>tuum</span> <span class='ocrx_word' id='word_1_684' title='bbox 1974 2684 2111 2711; x_wconf 76' lang='lat' dir='ltr'>sumus,</span> <span class='ocrx_word' id='word_1_685' title='bbox 2147 2671 2283 2706; x_wconf 74' lang='lat' dir='ltr'>vivifie-</span> 
     </span>
    </p>
   </div>
   <div class='ocr_carea' id='block_1_19' title="bbox 2346 1523 2389 2915">
    <p class='ocr_par' dir='ltr' id='par_1_20' title="bbox 2346 1523 2389 2915">
     <span class='ocr_line' id='line_1_98' title="bbox 2346 1523 2389 2915; baseline 0 0"><span class='ocrx_word' id='word_1_686' title='bbox 2346 1523 2389 2915; x_wconf 95' lang='lat' dir='ltr'> </span> 
     </span>
    </p>
   </div>
  </div>
 </body>
</html>
