2409 2915
63 113 137 149 889
271 118 276 123 ’
311 111 392 150 ΧΠ.

65 206 99 234 et
117 199 184 232 fide
203 205 403 244 exspectant
420 199 590 242 integram
605 197 851 232 liberationem
871 210 890 232 a
908 206 1046 244 peccato

64 257 98 284 et
114 257 238 285 morte.

163 299 224 334 Vl.
275 299 343 334 IIic
371 299 463 333 filius
486 299 631 333 assumit
654 296 846 332 humanam
871 307 1045 340 naturam,

61 358 95 385 et
119 351 190 384 nisi
214 358 301 384 esset
324 348 390 384 hoc
410 351 586 384 decretum
602 350 644 382 de
661 349 733 382 filio
751 350 901 391 factum,
928 358 965 385 ut
983 352 1044 384 ad-

62 408 216 436 sumeret
239 399 429 435 humanam
452 407 635 440 naturam,
666 400 827 434 funditus
853 407 936 435 tunc
957 401 1043 435 fuis-

61 460 135 488 sent
160 452 264 486 deleti
283 450 396 485 Adam
420 458 453 484 et
470 449 588 489 Heva,
616 457 649 484 et
674 451 793 484 nullus
814 448 922 484 homo
941 461 1043 485 natus

60 510 166 544 esset,
197 509 228 536 et
253 500 319 535 hoc
342 513 431 549 opus
453 501 541 543 Dei,
569 502 700 535 scilicet
725 508 850 536 natura
876 499 1042 541 humana,

58 555 179 588 fuisset
194 553 322 586 frustra
340 552 534 588 conditum.

162 602 242 638 Vll.
293 601 488 636 Hic-Filius
509 603 547 636 fit
568 603 725 644 victima,
753 609 786 636 et
808 613 944 646 semper
968 613 1042 635 ma-

59 661 118 688 net
142 653 335 687 vivificator
356 665 419 700 per
433 653 664 697 Evangelium
689 654 724 686 in
742 652 917 691 Ecclesia,
947 654 1042 686 adest

57 703 269 747 Evangelio,
297 711 329 737 et
351 704 399 737 sic
422 711 471 737 est
496 705 626 739 efficax.
679 703 777 738 Sicut
803 704 889 737 dicit
914 701 1041 737 lohan-

57 756 113 789 nis
132 755 205 789 10.:
233 754 308 797 Ego
332 755 440 788 vitam
466 762 642 789 aeternam
663 756 707 788 do
727 755 786 789 eis.
839 755 944 787 Item:
968 753 1040 787 'Ne-

55 819 112 840 mo
134 805 235 839 novit
254 805 412 844 Patrem,
440 805 509 838 nisi
527 804 659 846 Filius,
687 812 720 839 et
743 805 798 839 cui
816 805 909 839 volet
928 805 1041 838 Filius

55 858 221 891 revelare.

159 904 256 940 vm.
309 905 390 939 Non
415 907 498 940 satis
519 913 569 941 est
587 907 630 939 ‹le
644 906 735 939 Filio
752 907 858 947 scire,
885 906 980 951 quod
996 904 1039 938 sit

55 958 215 997 victima,
240 958 298 989 sed
323 964 461 1001 oportet
487 964 517 990 tc
541 958 628 990 scire
645 958 767 997 etiam,
794 958 888 1002 quod
907 955 963 989 hic
979 955 1039 988 Fi-

55 1009 124 1042 lius
156 1008 201 1041 sit
230 1007 345 1040 efficax
373 1020 435 1051 per
461 1009 624 1047 verbnm,
658 1008 809 1041 vivificet
834 1015 865 1041 te
890 1014 924 1041 et
948 1006 1039 1040 adsit

54 1059 135 1100 tibi,
161 1065 195 1092 et
212 1060 272 1092 det
288 1058 353 1092 tibi
371 1058 544 1106 Spiritum
561 1065 731 1091 sanctum.

156 1116 257 1150 Hanc
288 1123 395 1150 totam
428 1117 624 1149 doctrinam
648 1118 690 1149 ‹le
718 1116 846 1149 Messia
873 1116 1037 1158 ignorant

53 1180 175 1203 omnes
205 1167 303 1211 impii
337 1165 508 1203 homines.
576 1166 671 1200 Ilaec
697 1174 747 1201 est
770 1179 905 1200 summa
932 1164 1037 1199 huius

53 1219 280 1265 quaestionis.

302 1308 509 1352 Respondet
525 1310 632 1352 igitur
650 1308 789 1343 Petrus:

178 1374 238 1410 Tu
254 1387 288 1409 es
305 1371 497 1413 Christus,
513 1372 627 1419 filius
641 1373 718 1407 Dei
733 1373 896 1408 vis-entis.

135 1451 218 1485 Hic
235 1451 359 1485 Petrus
382 1451 627 1495 complectitur
652 1458 759 1485 totam
777 1451 974 1484 doctrinam
991 1451 1034 1483 de

49 1501 205 1538 Christo.
255 1501 307 1535 De
322 1502 458 1535 duabus
476 1502 628 1549 naturis,
656 1509 687 1536 et
705 1504 747 1535 de
763 1502 888 1535 officiis
906 1501 993 1535 eius.

152 1561 319 1594 Nominat
343 1572 422 1593 eum
444 1560 578 1602 filium,
603 1561 734 1594 scilicet
755 1561 798 1594 ab
823 1561 925 1594 initio
949 1561 1033 1593 mis-

49 1625 126 1648 sum
152 1613 194 1645 ad
217 1610 431 1651 Ecclesiam,
461 1618 494 1645 et
518 1623 723 1659 personam,
751 1624 813 1655 per
836 1622 940 1655 quam
964 1611 1033 1644 im—
1057 1605 1060 1657 1

49 1663 200 1697 mediate
225 1661 328 1695 Pater
352 1667 514 1694 aeternus
541 1662 611 1694 edit
639 1662 921 1705 promissionem.
987 1661 1059 1712 Ltj

49 1715 113 1750 scit
143 1710 237 1746 liunc
265 1712 376 1744 filium
402 1719 525 1745 natura
550 1724 622 1745 esse
648 1713 758 1745 filium
781 1724 886 1755 supra
911 1723 1033 1745 omnes
1056 1722 1059 1748 !

254 1761 347 1805 Quia
371 1763 484 1804 angeli
509 1775 580 1796 non
604 1763 781 1796 sciverunt
797 1775 836 1796 ex
851 1774 912 1796 sua
929 1770 1032 1797 natu·
1055 1750 1059 1793 l

1056 1802 1058 1810 i

47 1765 198 1808 angelos.

47 1816 112 1850 rali
142 1813 314 1858 sapientia
339 1810 405 1846 hoc
431 1825 597 1847 arcannm
622 1814 798 1847 decretum
824 1815 867 1846 de
893 1815 1031 1847 redem-

48 1867 152 1901 tione.
215 1863 330 1898 Etiam
361 1864 473 1906 angeli
498 1876 569 1897 non
593 1871 739 1908 possunt
764 1865 886 1898 tollere
911 1876 1031 1908 pecca-

46 1925 122 1952 tum
147 1921 181 1949 et
202 1921 362 1948 mortem.
432 1914 530 1949 Dicit
554 1922 669 1948 autem
696 1915 898 1959 promissio:
935 1914 1030 1949 Con-
1054 1918 1057 1972 1

44 1974 132 2003 teret
151 1971 254 2010 caput
273 1964 457 2009 serpentis.
1054 1973 1058 2013 1

148 2016 317 2050 Nominat
339 2016 421 2048 item
441 2013 624 2049 Christum
641 2027 700 2049 seu
720 2015 899 2049 Messiam.
952 2013 1030 2049 Hoc
1054 2019 1058 2056 1

445 110 837 149 ANNOTATIONES
863 113 927 148 ET
954 110 1234 149 CONCIONES
1273 113 1321 148 IN
1355 113 1534 151 EVANG.
1560 111 1840 150 MATTHAEI.

2017 113 2089 149 890

1204 197 1288 235 llll.
1344 199 1430 234 ltem
1459 197 1565 233 habet
1588 199 1742 233 officium
1766 198 2018 239 benedicendi,
2054 205 2087 232 et

1095 249 1276 304 =benedicit
1315 262 1389 283 non
1418 251 1532 284 solum
1565 250 1810 284 annuntiando
1842 249 2085 283 remissionem

1100 306 1340 342 peccatorum,
1367 301 1427 333 sed
1453 301 1575 341 etiam,
1602 301 1683 346 quia
1706 312 1742 334 re
1763 301 1835 345 ipsa
1855 301 1947 335 tollit
1964 313 2084 344 pecca-

1098 356 1193 389 tum,
1221 357 1252 383 et
1280 358 1448 391 mortem,
1478 357 1512 384 et
1535 352 1649 384 reddit
1666 351 1793 390 vitam,
1821 363 1898 385 cum
1914 351 1958 385 sit
1974 348 2082 398 λόγος

1097 401 1228 434 aeterni
1248 400 1363 435 Patris
1379 401 1545 434 vivificus.

1493 500 1566 536 Est
1587 499 1686 538 Rex.

1198 574 1292 618 Quia
1309 576 1433 609 liberat
1451 589 1515 610 nos
1532 590 1549 610 a
1569 584 1730 621 peccato,
1756 585 1885 617 morte,
1910 576 2083 619 Diabolis,

1095 626 1244 660 destruit
1273 638 1423 669 regnum
1447 625 1610 670 Diaboli,
1643 635 1676 662 et
1705 629 1819 662 reddit
1854 629 1956 663 nobis
1982 630 2083 662 iusti-

1094 683 1177 710 tiam
1196 684 1229 710 et
1245 677 1351 711 vitam
1371 684 1559 714 aeternam.

1197 735 1294 769 Talis
1313 735 1391 771 Rex
1414 743 1482 777 est,
1509 738 1696 771 restituens
1718 744 1898 771 aeternnm
1921 750 2081 779 regnum,

1093 798 1166 820 non
1191 787 1396 830 politicum,
1423 788 1482 820 sed
1508 787 1573 826 ita,
1600 794 1639 821 ut
1662 796 1755 821 certo
1779 795 1936 832 tempore
1951 789 2009 823 fiat
2028 789 2081 821 vi-

1093 837 1212 877 ctima,
1238 838 1328 871 sicut
1338 835 1516 882 Propheta
1535 838 1668 883 inquit:
1699 838 1792 881 Quia
1809 839 1963 871 animam
1981 851 2080 872 suam

1093 894 1199 930 ponet
1236 900 1300 932 pro
1338 895 1497 932 peccato,
1539 889 1674 922 videbit
1708 901 1825 922 semen
1855 889 2080 933 longaevum.

1091 937 1188 972 Haec
1205 939 1323 972 omnia
1342 939 1589 984 complectitur
1605 940 1778 973 confessio
1797 938 1903 975 Petri.

1513 1049 1658 1083 Textus.

1141 1122 1282 1158 Beatus
1299 1135 1333 1156 es
1349 1121 1478 1157 Simon
1495 1122 1580 1157 Bar
1593 1122 1707 1166 Iona,
1732 1125 1821 1172 quia
1841 1137 1926 1160 caro
1941 1131 1972 1160 el
1988 1139 2078 1160 san-

1189 1174 1276 1219 guis
1299 1187 1371 1207 non
1393 1173 1561 1208 revelavit
1579 1174 1665 1215 tibi,
1691 1173 1758 1209 sed
1770 1173 1883 1210 Pater
1899 1189 1998 1211 meus
2013 1177 2079 1224 qui

1192 1225 1230 1258 in
1256 1224 1363 1258 coelis
1389 1230 1450 1260 est.
1506 1223 1597 1259 Tibi
1619 1224 1716 1259 dico:
1745 1224 1803 1260 Tu
1823 1239 1858 1261 es
1873 1225 2019 1267 Petrus,
2046 1234 2077 1262 cl

1191 1287 1299 1322 super
1326 1273 1423 1309 hanc
1456 1273 1602 1309 Petram
1632 1274 1835 1322 aedificabo
1871 1276 2075 1312 Ecclesiam

1191 1338 1318 1359 meam.
1371 1325 1425 1358 Et
1445 1331 1572 1373 portae
1597 1326 1799 1375 inferorum
1824 1341 1896 1362 non
1919 1341 2076 1375 praes-‹t-

1191 1375 1316 1409 lebunt
1340 1374 1514 1410 adversus
1537 1389 1625 1411 eam.
1680 1377 1732 1411 El
1758 1377 1854 1412 dabo
1873 1379 1942 1412 tibi
1959 1379 2029 1413 clm
2041 1392 2076 1414 es

1191 1426 1295 1472 regni
1319 1430 1508 1461 coelorum.
1560 1426 1614 1461 Et
1639 1426 1875 1476 quodcunque
1899 1429 2075 1476 ligae-eris

1188 1483 1469 1524 superterram,
1505 1479 1572 1512 erit
1592 1477 1750 1525 ligatum
1775 1479 1813 1512 in
1840 1480 1957 1517 coelis.
2022 1480 2074 1514 Et

1188 1526 1424 1576 quodcunque
1440 1527 1610 1572 solveris,
1636 1530 1702 1564 erit
1721 1530 1881 1565 solulum
1900 1531 1937 1564 in
1957 1531 2076 1568 coelis.

1190 1611 1273 1645 Post
1297 1612 1476 1646 recitatam
1495 1614 1747 1647 confessionem
1765 1617 1924 1660 seqnitur
1940 1617 2072 1651 doctri-

1085 1674 1129 1696 na
1150 1662 1366 1697 deEcclesia.
1419 1662 1465 1696 Et
1480 1675 1628 1708 sequens
1646 1677 1725 1709 pars
1744 1667 1900 1700 continet
1919 1674 2072 1711 quatuor

1085 1713 1292 1758 praecipuos
1308 1714 1484 1749 articulos.

1187 1762 1329 1796 Primus
1360 1771 1429 1805 est,
1464 1764 1557 1808 quod
1591 1763 1745 1798 Ecclesia
1778 1778 1850 1799 non
1883 1768 2071 1811 colligatur

1085 1812 1239 1847 humana
1264 1814 1435 1856 sapientia
1461 1821 1494 1848 et
1520 1815 1655 1848 viribus
1683 1813 1866 1858 humanis,
1893 1820 1953 1851 sed
1975 1821 2071 1865 quod

1084 1865 1163 1898 viva
1196 1866 1354 1898 membra
1385 1864 1561 1898 Ecclesiae
1589 1874 1797 1905 nascantur,
1840 1867 1942 1902 Patre
1972 1882 2071 1903 reve-

1084 1916 1176 1948 lante
1194 1915 1340 1947 verbum
1353 1940 1361 1954 ‚
1388 1923 1421 1950 et
1439 1917 1544 1949 corda
1562 1914 1721 1950 trahente
1741 1919 1783 1950 ad
1803 1920 2017 1954 credendum
2037 1928 2071 1955 et

1083 1966 1323 2000 confirmante.

1186 2016 1370 2050 Secundus
1387 2022 1450 2057 est,
1478 2017 1520 2049 de
1534 2017 1743 2059 ministerio,
1771 2021 1864 2064 quod
1881 2021 2070 2055 velitDeus

46 2079 175 2103 nomen
215 2064 485 2113 comprehendit
523 2068 610 2100 duas
649 2074 809 2107 naturas,
856 2066 1029 2110 divinam,
1054 2058 1058 2098 l
1083 2079 1155 2100 esse
1180 2067 1415 2101 ministerium
1441 2068 1672 2102 confessionis
1695 2069 1730 2101 in
1747 2069 1920 2110 Ecclesia,
1944 2079 1978 2105 et
1997 2073 2070 2106 dis-

46 2130 135 2165 quae
152 2124 201 2151 est
219 2117 370 2150 secunda
385 2128 533 2160 persona
551 2117 747 2151 divinitatis
763 2119 808 2152 ab
825 2118 927 2151 initio
945 2118 1028 2151 mis-
1053 2144 1057 2161 ,
1083 2118 1193 2150 cernit
1221 2117 1417 2152 doctrinam
1433 2117 1610 2152 Ecclesiae
1637 2120 1815 2164 propriam
1841 2123 1884 2155 ab
1903 2123 2069 2156 omnibus

44 2182 80 2204 sa
98 2170 140 2203 ad
159 2167 361 2201 Ecclesiam.
1053 2163 1057 2198 1

147 2219 304 2253 Alteram
322 2215 513 2250 humanam
532 2229 571 2249 ex
588 2218 723 2261 virgine
739 2225 941 2252 assumtam.
1053 2209 1056 2268 1

1080 2177 1194 2202 sectis.

1186 2217 1348 2258 Tertius,
1375 2217 1563 2260 promissio
1586 2227 1618 2253 et
1642 2221 1832 2254 consolatio
1855 2229 1903 2256 est
1928 2224 1970 2256 ‹le
1986 2235 2066 2267 per-

146 2268 241 2302 Haec
266 2274 336 2301 tota
353 2267 527 2305 Persona,
556 2267 591 2299 in
617 2281 685 2313 qua
707 2276 790 2303 sunt
811 2271 901 2302 duae
924 2275 1028 2302 natu·
1053 2278 1055 2295 2
1081 2270 1250 2313 petuitate
1272 2268 1466 2308 Ecclesiae,
1502 2272 1596 2314 qnod
1632 2284 1702 2303 non
1734 2273 1839 2315 possit
1869 2273 1997 2314 deleri,
2032 2281 2065 2308 et

44 2334 120 2363 rae,
147 2327 196 2354 est
215 2318 381 2359 Messias,
410 2318 446 2350 id
468 2325 535 2356 est,
560 2316 636 2352 Rex
656 2326 794 2361 noster,
821 2326 854 2353 et
870 2331 1028 2353 summus
1053 2349 1055 2367 5
1081 2322 1173 2364 quod
1199 2320 1242 2354 sit
1266 2321 1434 2353 duratura
1461 2328 1538 2362 post
1563 2318 1652 2354 hanc
1678 2322 1783 2354 vitam
1807 2323 1843 2356 in
1868 2331 1937 2357 tota
1953 2332 2066 2358 aeter-

44 2372 226 2408 Sacerdos.

144 2421 213 2456 llic
232 2421 266 2454 in
285 2426 455 2465 quantum
474 2418 644 2453 Sacerdos
662 2417 767 2454 habet
786 2418 870 2454 haec
888 2420 1014 2456 officia.

145 2473 172 2508 L
225 2471 406 2505 Praedicat
422 2469 665 2513 Evangelium.

143 2523 191 2560 ll.
245 2519 362 2556 Offert
378 2521 586 2555 sacrificium
607 2533 670 2565 pro
687 2521 800 2553 nobis.

142 2573 207 2609 Ill.
258 2571 405 2616 Semper
422 2583 483 2615 pro
499 2572 601 2606 nobis
617 2578 713 2612 orat,
737 2571 773 2603 in
790 2571 967 2615 passione,
992 2579 1025 2606 et

43 2633 180 2670 postea,
208 2624 279 2657 imo
302 2623 345 2656 ab
370 2622 472 2655 initio
496 2629 572 2666 post
595 2623 749 2668 lapsum,
776 2622 871 2656 iuxta
890 2623 1023 2658 dictum

42 2676 170 2711 Psalm.
185 2676 239 2711 2.:
266 2673 411 2708 Postula
426 2685 444 2707 a
461 2685 517 2706 me
534 2679 598 2708 etc.

1080 2378 1200 2406 nitate.

1181 2421 1338 2464 Quartus
1364 2420 1407 2452 de
1431 2419 1606 2460 clavibus,
1636 2422 1677 2454 de
1697 2434 1856 2466 expressa
1872 2425 2064 2458 annuntia-

1080 2471 1176 2505 tione
1213 2470 1429 2505 remissionis
1469 2479 1710 2514 poecatorum,
1752 2486 1839 2517 quae
1872 2481 1955 2507 tnnc
1991 2483 2064 2510 erat

1078 2523 1196 2566 ignota
1214 2520 1424 2555 Pharisaeis.
1476 2521 1521 2556 Et
1539 2523 1574 2555 in
1592 2523 1786 2557 ministerio
1805 2524 1890 2568 legis
1908 2538 1978 2558 non
1997 2526 2065 2561 suit

1078 2574 1282 2607 mandatum
1300 2574 1342 2605 (le
1363 2583 1521 2615 expressa
1540 2574 1756 2609 remissione.

1179 2623 1231 2657 De
1257 2621 1310 2656 his
1333 2628 1485 2667 quatuor
1509 2624 1680 2665 materiis,
1716 2625 1853 2658 etiamsi
1880 2632 1960 2658 sunt
1985 2638 2062 2660 am-

1045 2703 1052 2712 ,
1078 2674 1277 2719 plissimae,
1312 2680 1429 2707 tamen
1452 2673 1607 2708 breviter
1632 2675 1766 2718 dicam,
1800 2682 1839 2710 ut
1862 2677 2062 2712 meminisse
