2409 2915
259 82 332 119 855

361 165 407 199 ll.
442 163 495 198 De
519 159 757 200 neutralibus,
784 158 844 202 qui
862 157 989 191 nolunt
1007 167 1079 189 esse
1102 156 1140 189 in
1161 167 1247 189 con-

262 217 411 251 sessione
439 211 646 255 Evangelii,
678 217 738 244 aut
762 209 889 242 nolunt
920 219 992 240 esse
1014 206 1100 240 socii
1126 205 1250 243 crucis,

264 275 293 300 et
311 266 477 299 simulant
494 261 712 300 sedubstare,
728 266 760 293 et
775 265 970 301 exspectare
988 257 1157 291 iudicium
1167 267 1251 301 syn-

264 317 336 350 odi.
389 316 455 350 &ic
474 313 594 349 §mittet
611 313 658 346 bie
676 311 764 347 teins
781 310 855 344 teile,
875 308 937 352 {ein
952 308 1077 343 mssuen.

366 372 430 408 Ill.
465 371 517 405 De
534 376 651 416 aperte
668 366 893 412 blasphemis.

575 463 622 488 De
642 461 752 493 primo
770 459 938 485 articulo.

367 514 420 550 De
454 514 658 548 discrimine
694 512 945 545 miraculorum
979 510 1099 555 quaeri
1132 514 1254 552 potest,

270 578 349 601 cum
375 566 479 599 etiam
503 563 647 598 Ethnici
672 561 828 596 habeant
850 562 1038 601 miracula,
1074 571 1161 605 quae
1184 559 1255 592 sint

267 629 368 655 vera,
397 628 484 661 quae
501 614 609 648 falsa?
644 613 747 647 Item:
777 611 941 646 Vidimus
957 611 1066 645 multa
1084 609 1255 643 miracula

269 668 357 702 sacta
374 667 411 700 in
428 665 651 700 invocatione
667 670 880 698 sanctorum.

593 755 638 780 De
658 754 710 779 his
729 753 934 785 respondeo.

375 809 509 843 Tribus
526 807 640 841 modis
658 807 909 841 discernuntur
926 802 1106 837 miracula.

372 867 494 902 Primo
519 865 723 900 substantia.
777 864 869 907 Quia
894 863 1064 907 quaedam
1088 867 1170 895 sunt
1188 860 1258 893 ini-

274 919 447 954 mitabilia
482 917 668 955 Diabolis,
704 922 742 948 ut
773 912 990 947 resuscitatio
1026 918 1258 952 mortuorum,

274 971 395 1004 sistere
412 969 520 1002 solem
541 974 603 1001 etc.
646 965 740 999 Haec
758 964 939 997 manifeste
957 968 1140 1002 testantur,
1163 963 1256 1006 quod

273 1021 405 1054 faciens
422 1019 465 1051 sit
484 1030 500 1050 a
519 1017 610 1056 Deo,
637 1022 670 1049 et
685 1016 779 1058 quod
799 1015 882 1047 fiant
901 1013 973 1046 sola
990 1013 1110 1045 divina
1135 1019 1259 1056 poten-

274 1071 333 1106 tia.
384 1068 430 1103 Et
446 1068 527 1102 talia
546 1065 670 1100 habuit
685 1063 840 1099 Ecclesia
859 1065 942 1097 inde
959 1074 1070 1108 usque
1087 1075 1104 1096 n
1125 1062 1259 1106 princi-

275 1121 334 1165 pio
366 1119 494 1157 multa,
530 1129 618 1163 quae
644 1116 828 1158 cogitanda
861 1121 962 1155 sunt,
990 1121 1029 1148 ut
1050 1114 1260 1147 confirment

276 1183 357 1212 nos,
383 1170 476 1214 quod
495 1167 656 1202 doctrina
675 1164 850 1200 Ecclesiae
867 1177 946 1199 vera
963 1164 1018 1199 sit.

375 1217 518 1253 Etbnici
543 1218 645 1252 etiam
669 1215 869 1251 habuerunt
892 1215 1081 1254 miracula,
1112 1220 1168 1256 ut,
1201 1226 1260 1247 rex

278 1270 496 1316 Tarquinius
511 1268 619 1303 secuit
636 1268 788 1313 lapidem
806 1267 930 1301 cultro.

378 1320 524 1365 Aspasia
550 1318 674 1353 habuit
697 1318 893 1355 somnium,
925 1322 964 1350 ut
989 1322 1136 1359 ungeret
1166 1326 1201 1348 se
1224 1314 1260 1346 in

277 1372 364 1406 facie
381 1371 470 1405 rosis
485 1369 647 1404 detractis
672 1381 690 1402 a
709 1379 836 1402 corona
855 1366 1013 1399 Veneris.
1065 1364 1112 1400 Et
1135 1366 1181 1399 ita
1202 1376 1263 1397 cu-

277 1429 350 1457 rata
368 1429 437 1465 est,
469 1432 548 1455 cum
570 1419 696 1453 medici
715 1418 931 1453 curationem
947 1417 1104 1450 ulcerum
1123 1416 1160 1448 in
1176 1415 1263 1448 facie
1288 1420 1289 1429 ¹

279 1475 530 1517 desperassent.

381 1521 483 1555 Talia
509 1521 617 1554 multa
643 1521 730 1553 facta
756 1525 838 1552 sunt
860 1518 896 1550 in
922 1517 1017 1551 cultu
1042 1515 1265 1556 Sanctorum,

280 1581 311 1608 ct
330 1572 501 1606 Diabolus
523 1571 625 1604 facile
650 1577 760 1614 potest
787 1569 869 1602 talia
892 1569 1017 1603 facere.
1070 1566 1139 1601 Sed
1168 1577 1264 1599 mor-

280 1631 359 1659 tuos
380 1622 584 1656 resuscitare
599 1632 672 1653 non
691 1626 822 1664 potest,
849 1625 912 1654 etc.

378 1673 538 1707 Secunda
562 1671 772 1705 differentia.
824 1668 1011 1707 Miracula‚
1033 1678 1122 1713 quae
1140 1667 1228 1700 fiunt
1245 1677 1263 1699 a

278 1725 373 1765 Deo,
410 1735 481 1756 non
516 1729 598 1756 sunt
632 1721 819 1755 coniuncta
845 1732 923 1753 cum
952 1718 1071 1764 aliquo
1098 1718 1265 1751 mandato

279 1775 462 1808 manifeste
489 1773 616 1818 impio,
641 1784 705 1806 nec
728 1770 912 1805 stabiliunt
931 1770 1115 1802 manifeste
1131 1768 1264 1802 cultum

280 1827 448 1870 impium,
480 1831 519 1858 ut
550 1823 693 1868 quando
723 1819 869 1856 Ethnici
894 1827 988 1854 vates
1018 1819 1266 1864 praedixerunt

280 1877 432 1921 aliquem
450 1881 632 1915 eventum,
657 1873 834 1907 iusserunt
851 1871 992 1904 mactari
1011 1868 1184 1903 humanas
1200 1866 1264 1901 lio-

282 1928 375 1961 stias.
416 1926 481 1959 Vel
498 1925 723 1958 stabilierunt
739 1922 960 1955 manifestam
979 1920 1214 1953 idololatriam
1233 1926 1266 1952 et

282 1977 467 2016 libidines,
501 1982 538 2008 ut
565 1971 694 2007 Bacchi
720 1972 898 2006 miracula.
960 1970 1062 2004 Talia
1087 1981 1159 2002 non
1185 1975 1265 2002 sunt

282 2027 450 2061 miracula
467 2025 528 2058 filii
547 2023 632 2064 Dei,
658 2021 749 2057 nibil
768 2021 996 2068 praecipiunt,
1023 2021 1117 2067 quod
1136 2026 1266 2065 pugnet

282 2089 360 2112 cum
377 2076 550 2109 mandatis
566 2075 643 2110 Dei.

386 2125 428 2160 Et
446 2137 647 2171 quanquam
668 2124 835 2157 miracula
860 2123 1009 2157 multum
1027 2127 1170 2155 movent
1189 2121 1266 2153 ani-

284 2190 359 2213 mos
378 2176 582 2216 hominum,
609 2183 723 2210 tamen
742 2173 837 2208 Deus
864 2174 961 2206 iussit
984 2185 1021 2206 ea
1045 2172 1194 2205 conferri
1223 2172 1265 2204 ad

284 2231 405 2272 legem.
458 2227 495 2261 Si
516 2232 672 2271 pugnant
689 2237 766 2258 cum
786 2225 858 2267 lege
876 2222 938 2257 Dei
963 2231 994 2257 et
1012 2234 1171 2266 expresso
1191 2234 1267 2255 ver-

285 2282 349 2321 bo,
377 2287 457 2312 tunc
477 2279 571 2311 iubet
590 2276 682 2310 Deus
699 2288 735 2309 ea
754 2275 862 2308 reiici.

386 2330 444 2363 Sic
470 2335 601 2372 spectra
627 2334 865 2365 mortuorum,
900 2324 1042 2370 quaudo
1070 2324 1268 2367 petiverunt

286 2381 413 2415 Missas
441 2381 491 2412 vel
521 2379 621 2415 talin,
650 2377 837 2411 reiirienda
864 2383 963 2414 suut.
991 2375 1072 2420 quia
1101 2374 1267 2408 Diabolus

286 2444 347 2475 per
362 2429 424 2464 bas
439 2430 577 2464 fraudes
596 2428 729 2473 quiaerit
753 2427 1052 2461 confirmationem
1077 2424 1267 2459 idolorum.

286 2482 333 2517 Ut
358 2494 418 2523 ego
448 2481 517 2514 srio
550 2478 732 2513 honestam
759 2485 973 2517 matronam,
1008 2488 1096 2521 quae
1128 2482 1266 2507 mortuo

287 2534 362 2565 viru
380 2539 449 2565 erat
469 2531 609 2575 gravida
624 2557 631 2570 ,
660 2529 753 2563 veuit
770 2530 811 2562 ad
831 2541 904 2562 eam
924 2528 1069 2561 maritus
1090 2527 1266 2560 sedentem

288 2586 327 2616 ad
348 2585 461 2616 focum
482 2589 560 2614 ante
577 2592 736 2619 coc-nam,
763 2587 793 2614 et
813 2580 938 2612 marito
957 2589 1071 2612 comes
1092 2585 1164 2611 erat
1190 2577 1268 2608 luu-

287 2645 350 2678 gus
375 2630 577 2667 monachus.
633 2631 684 2666 lbi
710 2631 856 2665 maritus
879 2630 977 2664 iussit
1003 2640 1145 2663 uxorem
1172 2634 1268 2661 trau-

850 72 976 108 PHIL.
1003 69 1120 108 MEL.
1145 65 1353 106 SCRIPTA
1382 64 1681 103 EXEGETICA.

2211 65 2285 101 856

1299 153 1411 197 quillo
1431 153 1549 186 animo
1567 164 1658 193 esse,
1682 151 1763 197 quia
1780 162 1896 185 secum
1911 151 2002 185 bene
2020 155 2199 194 ageretur,
2225 153 2287 186 sed

1301 203 1443 237 iubebat
1461 204 1631 248 quaedam
1649 203 1766 237 debita
1781 202 1890 242 solvi,
1914 208 1948 235 et
1964 208 2033 236 tres
2052 200 2180 234 Missas
2197 203 2288 236 cele-

1301 253 1408 286 brari.
1461 251 1507 287 Et
1529 260 1648 297 postea
1672 254 1793 287 abiens
1819 252 1918 286 dedit
1936 252 2038 285 uxori
2062 263 2228 292 manum,
2254 259 2290 286 et

1301 304 1388 337 ussit
1404 314 1499 343 eam,
1524 309 1562 336 ut
1579 309 1651 337 tota
1671 304 1766 338 fieret
1782 310 1856 337 atra
1874 303 1964 336 sicut
1979 303 2098 337 carbo.
2135 301 2193 335 Sic
2210 309 2291 336 tan-

1302 362 1376 388 tum
1397 353 1535 386 vexavit
1553 351 1725 387 Diabolus
1742 354 1835 398 piam
1859 360 2078 393 matronam,
2105 351 2161 386 cui
2185 353 2291 387 etiam

1303 410 1419 448 postea
1452 404 1654 438 mandatum
1677 411 1745 444 est,
1778 416 1822 438 ne
1845 401 1928 438 huic
1957 409 2092 447 spectro
2125 404 2292 444 crederet,

1303 456 1361 488 sed
1380 454 1552 488 iudicaret
1568 454 1674 488 fuisse
1689 453 1896 490 Daemones.
1949 453 1996 488 Et
2014 453 2185 498 scriptura
2201 454 2293 488 clare

1305 505 1406 540 dicit:
1436 504 1515 538 Non
1532 517 1550 538 a
1569 504 1718 538 mortuis
1735 505 1928 541 veritatem.

1406 562 1528 598 Tertia
1546 563 1746 597 differentia
1763 571 1824 599 est.
1850 563 1943 597 Vera
1957 563 2128 597 miracula
2145 563 2235 598 fiunt
2249 562 2295 597 ad

1306 614 1553 648 stabiliendam
1577 613 1793 657 agnitionem
1817 625 1934 647 veram
1959 614 2022 647 filii
2040 613 2128 658 Dei,
2155 620 2188 648 et
2205 614 2295 647 fiunt

1307 666 1343 698 in
1362 664 1506 698 nomine
1523 665 1585 698 filii
1605 664 1690 704 Dei,
1717 671 1749 698 et
1765 671 1884 709 aperte
1901 664 2116 698 maledicunt
2130 663 2296 704 Diabolo‚

1307 723 1340 749 et
1357 715 1492 760 pellunt
1504 714 1675 749 Diabolos
1693 715 1825 748 invitos
1849 721 1881 748 et
1895 721 2141 759 repugnantes„

1406 772 1476 806 Sed
1501 773 1587 805 falsa
1614 773 1783 805 miracula
1813 772 1900 805 fiunt
1925 772 2000 805 sine
2023 773 2205 807 mentione
2231 770 2296 804 filii

1307 821 1393 863 Dei,
1420 829 1454 857 et
1475 835 1548 856 non
1564 823 1779 857 maledicunt
1794 821 1975 863 Diabolis,
2001 835 2065 857 nec
2081 834 2216 867 semper
2238 832 2298 855 eos

1308 873 1458 917 pellunt.
1510 873 1587 907 Hae
1611 874 1750 916 regulae
1767 875 1809 907 de
1833 873 2013 907 miraculis
2031 871 2088 907 bic
2111 874 2298 907 continen-

1309 930 1385 964 tur,
1416 925 1559 969 quando
1574 921 1734 957 Christus
1757 925 1860 960 dicit,
1889 935 2045 968 pugnare
2062 935 2098 957 se
2114 935 2192 958 cum
2210 923 2297 957 Dia-

1309 974 1412 1008 bolis.
1467 974 1640 1009 Diabolus
1659 986 1731 1007 non
1750 974 1898 1008 destruit
1915 975 1987 1018 ipse
2011 986 2112 1008 suum
2137 985 2298 1017 regnum.

1310 1024 1380 1058 Sed
1397 1025 1489 1058 filius
1508 1023 1571 1058 Dei
1597 1025 1746 1058 destruit
1766 1036 1912 1068 regnum
1934 1024 2086 1058 Diaboli.
2123 1023 2301 1058 Miracula

1310 1087 1390 1109 vera
1415 1076 1524 1116 fiunt,
1549 1087 1620 1108 non
1648 1076 1690 1108 ad
1717 1075 2018 1109 confirmationem
2044 1075 2149 1108 falsae
2166 1074 2300 1108 doctri-

1310 1137 1394 1164 nae,
1422 1133 1461 1160 ut
1476 1125 1660 1166 diabolica,
1686 1126 1744 1159 sed
1761 1126 1849 1160 fiunt
1867 1138 1945 1159 cum
1963 1125 2222 1170 praedicatione
2239 1136 2299 1157 ve-

1312 1188 1370 1210 rae
1394 1177 1586 1211 doctrinae.
1646 1175 1704 1210 Sic
1730 1177 1862 1222 inquit:
1899 1174 1977 1219 Ego
2002 1176 2094 1209 facio
2118 1174 2300 1214 miracula,

1313 1239 1402 1272 quae
1420 1239 1491 1260 non
1510 1233 1622 1271 potest
1647 1227 1778 1261 imitari
1797 1226 1988 1270 Diabolus,
2017 1233 2049 1261 et
2067 1225 2202 1270 expello
2218 1235 2302 1258 eum

1312 1285 1584 1321 repugnantem,
1611 1284 1644 1311 et
1661 1278 1751 1311 facio
1770 1279 1812 1311 ad
1832 1278 2080 1311 stabiliendam
2100 1288 2217 1310 veram
2234 1277 2302 1308 do-

1313 1328 1473 1361 ctrinam.
1525 1326 1621 1371 Ergo
1640 1329 1762 1362 scitote
1780 1340 1854 1361 mea
1874 1328 2040 1361 miracula
2059 1338 2139 1360 vera
2159 1337 2242 1360 esse.

1415 1385 1604 1430 Postquam
1629 1387 1673 1419 de
1697 1386 1857 1419 doctrina
1888 1385 2142 1419 miraculorum
2165 1385 2299 1418 dictum

1287 1466 1289 1474 ,
1314 1443 1383 1476 est,
1411 1437 1479 1469 iam
1499 1436 1601 1469 etiam
1621 1437 1771 1470 addatur
1790 1436 1995 1470 consolatio.

1287 1486 1290 1541 4
1418 1494 1541 1527 Petrus
1566 1494 1698 1539 inquit:
1725 1491 1896 1527 Diabolus
1921 1493 2102 1533 circumit,
2129 1504 2301 1538 quaerens

1314 1557 1419 1590 quem
1450 1545 1608 1579 devoret.
1671 1541 1766 1586 Ergo
1797 1555 1935 1587 semper
1966 1543 2155 1577 insidiatur
2186 1543 2304 1577 nobis.

1288 1626 1290 1634 ,
1314 1597 1399 1630 Ideo
1425 1592 1482 1627 bic
1507 1594 1682 1628 discamus
1710 1594 1821 1627 filium
1847 1593 1912 1627 Dei
1937 1594 2116 1627 custodem
2140 1600 2302 1627 nostrum

1288 1656 1289 1662 ¹
1316 1658 1407 1686 esse,
1435 1652 1468 1678 et
1487 1651 1662 1689 petamus,
1688 1650 1726 1677 ut
1752 1644 1904 1688 depellat
1930 1643 2116 1684 Diabolos‚
2141 1644 2230 1678 sicut
2247 1644 2304 1677 di-

1288 1706 1291 1721 ·
1315 1704 1412 1782 ³<gum
1435 1702 1512 1780 lest:
1548 1694 1661 1729 Filius
1689 1693 1755 1728 Dei
1787 1695 1902 1736 venit,
1937 1701 1975 1729 ut
2008 1695 2165 1729 destruat
2195 1705 2301 1739 opera

1352 1747 1431 1782 iabo
1450 1746 1471 1779 i.

1368 1833 1432 1867 De
1459 1829 1772 1866 neutralibus
1799 1834 1843 1864 et
1868 1828 1924 1863 de
1950 1828 2252 1875 blasphemis.

1421 1896 1528 1931 Multi
1545 1903 1668 1941 putant
1685 1896 1891 1940 sapientiam
1909 1907 1981 1929 esse
2001 1895 2067 1929 inm
2085 1902 2216 1935 tacere,
2244 1902 2302 1929 aut

1318 1960 1437 1993 gerere
1454 1959 1489 1981 se
1506 1947 1691 1981 neutrales.
1725 1946 1792 1980 Sed
1811 1944 1974 1980 Christus
1991 1943 2046 1979 bic
2064 1947 2206 1979 damnat
2226 1958 2301 1980 eos:

1319 1999 1391 2042 Qui
1415 2011 1487 2032 non
1513 2005 1698 2040 congregat
1724 2009 1879 2037 mecum,
1905 1997 2063 2040 dissipat.
2125 1995 2210 2030 ltem
2234 1996 2303 2029 alio

1319 2051 1396 2083 loco
1428 2049 1596 2093 praecipit
1625 2047 1896 2080 confessionem:
1933 2046 2003 2090 Qui
2033 2046 2219 2080 confitetur
2249 2057 2305 2080 me

1319 2112 1435 2134 coram
1464 2097 1686 2137 bominibus,
1720 2098 1913 2131 confitebor
1947 2110 2025 2130 vum
2062 2109 2178 2130 coram
2207 2105 2305 2142 patre

1320 2164 1398 2184 meo
1425 2150 1576 2184 coelesti.
1648 2148 1730 2182 Ideo
1758 2148 1932 2182 neutrales
1958 2148 2089 2185 sciant,
2123 2160 2194 2180 non
2222 2149 2304 2182 satis

1319 2213 1392 2236 esse
1410 2208 1539 2241 tacere,
1568 2201 1626 2234 sed
1644 2199 1872 2232 necessarium
1891 2211 1964 2232 esse
1977 2198 2244 2234 confessionem.

1613 2295 1677 2328 Dc
1706 2291 2008 2337 blasphemis.

1422 2362 1488 2395 llic
1503 2362 1593 2395 clare
1609 2361 1776 2394 disceruit
1791 2366 1901 2393 textus
1918 2357 2151 2403 blasphemias
2166 2359 2211 2394 ab
2225 2359 2304 2394 aliis

1321 2414 1479 2458 pcccatis.
1530 2412 1700 2456 'l'riplicia
1719 2417 1799 2444 sunt
1820 2417 1968 2454 peccata.

1422 2472 1553 2511 Primo,
1580 2477 1659 2504 suut
1678 2470 1896 2503 infirmitates
1912 2466 2095 2503 haerentes
2111 2468 2146 2502 in
2163 2468 2304 2509 unctis,

1320 2535 1408 2569 quae
1427 2530 1509 2557 suut
1527 2521 1608 2555 mali
1627 2522 1801 2559 adfectus.
1829 2519 1899 2560 bssu'e
1915 2521 2068 2566 ncigung,
2094 2519 2224 2566 quibus
2245 2530 2304 2553 re-

1321 2581 1474 2618 pugnant
1494 2572 1614 2615 sancti,
1643 2578 1673 2605 et
1691 2583 1762 2604 non
1781 2569 1965 2615 indulgent
1984 2578 2105 2606 contra
2120 2569 2304 2604 eonscien-

1320 2625 1416 2660 tiam.
1470 2623 1564 2658 llaec
1580 2622 1798 2667 agnoscenda
1815 2629 1908 2659 sunt.
1960 2619 2006 2657 Et
2023 2628 2106 2656 sunt
2124 2620 2161 2654 in
2185 2620 2304 2655 omni-
