2409 2915
88 119 185 158 1015
324 120 405 157 ΧΠ.

79 207 194 253 punit.
248 206 296 243 Ut
319 206 415 241 Deus
440 207 579 252 punivit
605 206 764 248 Saulem,
798 207 859 253 qui
881 208 1064 242 interfece-
1090 215 1094 224 ¹

80 265 132 291 rat
145 258 367 292 Sacerdotes:
395 258 489 292 Deus
506 256 846 302 punivitDavidern,
873 260 933 304 qui
953 260 1063 293 multo

80 309 224 342 duriora
249 316 362 344 morte
389 320 506 352 passus
531 316 598 349 est,
628 309 708 354 quia
734 317 894 352 rapuerat
920 311 1063 343 alterius
1090 326 1093 359 g

80 359 282 402 coniugem,
317 366 348 392 et
375 359 473 393 iussit
498 365 609 392 astute
632 359 746 392 virum
771 360 858 393 tolli.
918 360 963 394 Et
989 373 1061 394 non

78 410 247 444 debemus
269 409 450 449 dubitare,
484 409 571 454 quin
596 416 708 443 servet
731 409 824 443 Deus
848 408 938 443 hanc
959 422 1061 454 regu·
1088 446 1090 452 ‚

77 459 167 500 lam,
200 460 304 504 punit
336 459 452 503 gladio
483 471 623 500 omnes,
658 460 717 505 qui
750 461 877 493 iniuste
905 461 1058 504 gladium

15 542 17 546 Α
76 510 273 553 stringunt,
306 510 378 543 sive
399 509 468 543 sint
491 509 623 553 Reges,
656 511 730 544 sive
752 510 954 556 Principes,
987 513 1059 545 sive

14 564 16 602 ᾗ
74 557 237 593 homines
260 560 297 593 in
320 560 471 604 populo,
500 567 532 593 et
548 573 621 594 nou
641 568 784 595 manent
801 562 974 606 impunita
992 560 1058 595 ho-

74 610 237 649 micidia,
264 622 351 656 quae
368 611 455 644 fiunt
472 611 615 646 iniuste.

175 667 359 702 Discamus
382 677 495 703 autem
523 681 680 714 expresse
696 669 782 703 diei:
811 669 882 713 Qui
900 671 1056 715 gladium

14 734 15 739 ¹
72 719 262 762 acceperit,
295 720 427 753 scilicet
455 732 527 753 non
558 722 676 754 datum
708 733 725 753 a
752 722 905 763 legibus,
939 722 1055 764 gladio

72 769 214 814 peribit.
274 770 449 815 Loquitur
478 783 559 814 ergo
589 773 632 804 de
656 771 832 805 seditiosis
855 780 888 806 et
913 773 1054 816 talibus,

71 820 134 865 qui
164 832 237 853 non
267 828 350 854 sunt
382 822 624 868 magistratus,
659 828 691 855 et
718 823 760 855 de
784 823 1054 865 magistratibus,

70 871 212 915 quando
228 878 347 904 contra
366 872 468 914 leges,
495 884 534 905 ex
550 873 692 916 proprio
709 873 827 905 surore
843 873 927 906 alios
942 873 1053 906 inter·
1080 899 1082 902 .

66 919 209 965 ficiunt,
244 921 334 955 sicut
356 922 438 955 fecit
461 921 573 963 Nero,
605 921 783 967 Caligula,
817 923 1054 965 Domitianus,
1079 930 1081 945 ³

67 977 101 1005 et
117 971 178 1004 alii
198 972 338 1016 tyranni
356 973 512 1016 plurimi.

168 1028 221 1064 Ita
247 1031 392 1069 videtis,
420 1032 513 1076 quod
533 1029 695 1065 Christus
719 1032 821 1065 etiam
846 1032 883 1065 in
908 1029 972 1065 hac
990 1043 1052 1066 sua

65 1079 230 1126 passione
256 1088 373 1115 tamen
397 1083 498 1115 docet
515 1080 708 1116 Ecclesiam
727 1084 769 1115 de
787 1083 1052 1124 tentationibus,

66 1141 156 1175 quae
171 1131 336 1166 accidunt
353 1130 529 1167 Ecclesiae
546 1139 702 1177 tempore
719 1133 982 1178 persecutionis.

450 1233 497 1257 De
528 1235 662 1263 quarto.

167 1280 328 1317 Tandem
351 1282 526 1317 Dominus
550 1284 671 1316 volens
694 1283 848 1328 capitur,
879 1290 913 1317 et
936 1295 1050 1328 quan-
1074 1315 1077 1328 ,

462 118 851 158 ANNOTATIONES
879 120 946 157 ET
973 119 1251 158 CONCIONES
1286 122 1335 158 IN
1371 123 1553 161 EVANC„
1584 127 1862 165 ΜΑΤΤῙΙΑΕΙ.

2008 133 2102 170 1014

1119 219 1215 249 rum,
1251 214 1284 243 et
1314 209 1418 244 simul
1442 209 1595 247 dicimur
1618 211 1859 250 inobedientes
1881 215 2100 260 imperatori.

1116 258 1184 292 Sed
1204 259 1312 293 simus
1329 262 1491 296 instructi
1511 271 1543 297 et
1561 266 1755 300 confirmati
1772 279 1851 300 vera
1870 270 2101 304 excusatione.

1216 317 1446 353 Considerate
1463 328 1575 354 autem
1596 320 1684 356 hanc
1700 322 1894 365 historiam,
1920 330 1961 359 ad
1981 329 2098 374 aliqua

1115 369 1301 412 respondet
1319 367 1513 412 Dominus,
1540 373 1581 405 ad
1600 373 1716 417 aliqua
1736 386 1806 407 non
1826 379 2023 420 respondet.

1215 425 1393 468 Primum,
1427 441 1498 461 non
1525 433 1729 474 respondet,
1763 433 1823 465 ubi
1849 434 1934 468 levis
1957 443 2004 469 est
2032 438 2096 470 ob-

1113 476 1236 515 iectio,
1265 489 1335 510 nou
1363 480 1541 521 pertinens
1563 482 1605 513 ad
1624 482 1818 515 doctrinam
1833 510 1840 524 ,
1868 492 1900 518 et
1916 487 1976 518 ubi
1995 489 2095 520 vani-

1111 534 1161 560 tas
1187 528 1323 560 testium
1350 541 1410 571 per
1426 540 1461 562 se
1478 531 1661 565 manifesta
1679 539 1746 573 est,
1773 540 1811 567 ut
1827 545 1904 567 cum
1921 537 2094 573 obiiciunt

1084 618 1085 621 Ἰ
1110 578 1153 610 de
1171 578 1406 611 destructione
1424 581 1558 624 templi.

1213 636 1376 670 Secundo
1395 640 1597 681 respondet,
1624 640 1685 673 ubi
1701 641 1737 674 fit
1753 642 1884 676 mentio
1901 644 2092 681 doctrinae.

1083 685 1085 699 ³
1109 685 1197 719 Nam
1222 684 1279 720 hic
1301 695 1351 721 est
1374 688 1541 722 articulus
1564 690 1643 723 fidei
1667 692 1893 735 praecipuus,
1921 696 2014 738 quod
2034 694 2091 730 hic

1111 735 1205 770 lesus
1234 744 1335 771 natus
1361 750 1399 770 ex
1424 739 1576 781 virgine,
1609 741 1651 774 sit
1668 740 1832 783 Messias,
1861 750 1891 776 et
1916 745 1959 778 sit
1976 745 2088 779 Filius

1107 786 1173 820 Dei
1199 788 1390 832 promissus
1407 788 1589 829 Patribus,
1616 798 1655 825 ut
1674 791 1719 825 sit
1738 794 1913 827 redemtor
1930 803 1961 829 et
1978 797 2089 830 salva-

1108 844 1162 871 tor
1177 839 1314 882 generis
1332 836 1488 872 humani.

1208 898 1263 931 De
1287 896 1354 932 hoc
1377 905 1473 932 tanto
1499 898 1646 932 articulo
1665 900 1915 944 interrogatus.
1941 904 2013 937 edit
2029 917 2087 938 ex-

1078 984 1080 1006 ς
1105 959 1255 991 pressam
1269 949 1538 990 consessionem,
1590 950 1890 987 Lucae22.dicit:
1913 953 1987 997 Ego
1999 967 2088 992 sum.

1206 1005 1290 1040 Post
1319 1004 1410 1040 hanc
1441 1008 1694 1041 confessionem
1729 1022 1886 1053 expresse
1918 1012 2088 1047 damnant

1104 1068 1181 1089 eum
1207 1068 1347 1095 omnes,
1384 1057 1454 1090 imo
1481 1058 1649 1093 clamant:
1685 1059 1781 1102 Quid
1805 1073 1893 1105 opus
1917 1069 1966 1096 est
1990 1064 2087 1098 testi-

1103 1107 1194 1140 bus?
1248 1106 1317 1151 Ipsi
1335 1108 1536 1141 audivimus
1551 1120 1591 1141 ex
1608 1121 1668 1142 ore
1687 1110 1771 1145 eius,

1077 1011 1080 1068 ἰ

1204 1164 1248 1199 Et
1274 1173 1350 1209 post
1373 1166 1702 1200 condemnationem
1727 1169 1850 1201 factam
1870 1182 1886 1202 a
1904 1169 2086 1205 Pontifici-

1100 1217 1186 1254 hus,
1216 1216 1283 1248 iam
1309 1217 1504 1249 nebulones
1529 1217 1581 1249 illi
1602 1218 1754 1251 ministri
1774 1218 1983 1254 Pontificum
2003 1223 2086 1256 illu-

1074 1270 1077 1291 3
1101 1268 1189 1300 dunt
1207 1264 1366 1307 Christo,
1393 1273 1426 1300 et
1444 1267 1645 1311 percutiunt
1664 1280 1741 1301 eum
1759 1276 1822 1304 etc.

64 1344 171 1378 quam
192 1341 276 1367 sunt
298 1334 347 1366 ibi
372 1335 533 1377 proditor
558 1341 591 1367 et
614 1332 792 1374 cohortes,
818 1341 934 1367 tamen
956 1332 1046 1367 nihil
1072 1364 1076 1388 4
1146 1375 1153 1381 ·
1204 1324 1242 1358 1¹²
1271 1323 1335 1358 hac
1354 1325 1473 1382 ‚pf-ima
1497 1327 1793 1382 cfmdemnatlone
1820 1340 1935 1363 coram
1960 1330 2085 1366 Ponti·

62 1383 257 1430 potuissent
273 1384 426 1421 efficere,
454 1383 522 1416 nisi
538 1384 712 1417 Dominus
728 1384 849 1416 volens
865 1384 994 1417 sineret
1012 1396 1047 1416 se
1074 1411 1075 1414 ,
1101 1375 1223 1431 flf¹b¹¹⁵
1247 1376 1377 1407 accedst
1402 1387 1468 1408 ¹³m
1485 1376 1580 1408 ³¹¹Ud
1599 1377 1742 1411 malum·
1799 1377 1873 1421 ῘΡὸθ
1889 1379 2014 1414 petrns
2032 1383 2085 1414 ¹⁵¹-

63 1434 139 1477 capi
162 1440 196 1466 et
219 1434 336 1476 ligari,
363 1434 422 1466 sed
441 1440 556 1467 tamen
575 1433 744 1467 Diabolus
763 1440 795 1467 et
812 1433 911 1478 impii
931 1431 1046 1466 homi-
1072 1441 1075 1473 ι
1099 1425 1197 1458 bfflll‘
1228 1422 1454 1465 hOfPibilffsss,
1495 1425 1542 1458 32³
1573 1438 1644 1458 ¹¹0¹]
1677 1428 1790 1459 solum
1821 1429 1858 1462 fit
1889 1433 2083 1473 persecutio

61 1495 124 1516 nes
155 1483 357 1525 insaniunt,
393 1491 426 1517 et
459 1491 632 1518 conantur
657 1485 779 1518 fraude
812 1491 845 1517 et
876 1484 1045 1517 violentia

60 1531 254 1567 Ecclesiam
278 1535 415 1575 delere,
442 1541 474 1568 et
493 1535 588 1568 Deus
612 1532 678 1567 hoc
700 1535 818 1579 aliquo
836 1546 946 1579 usque
967 1547 1045 1581 per-

61 1584 187 1622 mittit,
221 1586 281 1617 sed
312 1592 430 1618 tamen
466 1593 572 1618 metas
600 1585 800 1625 constituit,
833 1592 865 1618 et
888 1593 1046 1618 servatur

60 1635 196 1678 regula:
223 1633 335 1668 Nemo
350 1636 462 1680 rapiet
477 1647 559 1668 oves
575 1647 667 1668 meas
686 1647 725 1668 ex
743 1635 906 1668 manibus
922 1635 1018 1669 meis.

139 1723 334 1776 Cupientes
352 1725 475 1761 Iesum
493 1725 676 1761 duxerunt
695 1725 750 1760 od
762 1723 962 1773 Caipham.

162 1793 231 1828 Hic
263 1802 314 1829 est
339 1796 512 1829 secundus
537 1802 633 1828 actus
661 1795 842 1839 passionis,
905 1793 1045 1827 Primus

59 1844 128 1878 fuit
158 1845 195 1878 in
228 1843 351 1884 horto,
386 1845 559 1879 secundus
591 1853 642 1878 est
665 1857 781 1878 coram
804 1844 1044 1880 Pontificibus.

58 1893 104 1929 Et
121 1893 176 1929 hic
188 1896 291 1930 simul
304 1897 505 1930 continetur
517 1893 663 1929 historia
674 1897 716 1929 de
728 1894 1042 1939 negationel‘etriv

162 1954 281 1997 Quare
305 1962 420 1989 autem
439 1955 535 1999 prius
553 1955 694 1989 ducitur
709 1952 872 1988 Christus
889 1955 931 1986 ad
948 1952 1045 1986 Pon-

58 2005 190 2039 tifices?
241 2005 471 2050 Respondeo:
499 2005 598 2040 Talis
624 2013 675 2039 est
697 2016 878 2050 processus
902 2004 940 2036 in
964 2015 1044 2047 per-

59 2056 237 2089 secutione
255 2055 440 2092 Ecclesiae.
493 2055 652 2090 Primum
668 2057 925 2090 condemnatur
939 2051 1043 2088 Chri-

60 2113 133 2139 stus
148 2117 166 2140 a
177 2105 426 2141 Sacerdotibus
442 2114 474 2141 et
490 2119 508 2140 a
523 2106 748 2147 Ductoribus,
773 2104 811 2139 hi
828 2112 911 2140 sunt
927 2104 1044 2149 primi,

58 2157 121 2201 qui
152 2163 315 2190 accusant
339 2165 371 2191 et
397 2158 634 2191 condemnant
659 2169 738 2190 eum
763 2158 807 2190 de
828 2156 964 2190 duabus
989 2167 1041 2188 re-

58 2207 141 2241 bus:
170 2208 213 2240 de
229 2205 448 2254 blasphemia
475 2214 508 2242 et
534 2209 577 2241 de
595 2207 780 2241 seditione.

161 2262 208 2299 Et
229 2277 430 2311 quanquam
455 2266 582 2299 durum
608 2272 676 2303 est,
703 2264 879 2297 nominari
898 2263 1043 2297 seditio-

60 2326 137 2349 sum
160 2327 276 2349 coram
296 2317 448 2356 mundo,
477 2324 593 2350 tamen
612 2315 723 2349 multo
741 2315 865 2349 durius
881 2321 950 2354 est,
973 2314 1042 2346 dici

58 2363 314 2410 blasphemum.
366 2366 477 2400 Nobis
501 2373 550 2400 est
576 2367 686 2399 multo
705 2366 846 2406 durius,
876 2365 968 2410 quod
988 2364 1043 2397 di-

59 2416 174 2450 cimur
198 2414 363 2450 haeretici
387 2424 420 2450 et
444 2425 581 2451 autores
606 2428 787 2456 errorum,
819 2427 923 2461 quam
949 2416 1041 2458 quod

59 2467 211 2500 dicimur
228 2467 469 2502 inobedientes
489 2467 717 2512 Imperatori,
745 2473 803 2500 aut
823 2465 992 2501 seditiosi·

162 2524 258 2559 Haec
281 2536 406 2568 magna
424 2526 571 2560 crimina
590 2532 720 2570 quanta
740 2525 829 2564 sint,
854 2523 1043 2568 unusquis-
1066 2558 1068 2562 ,

60 2587 129 2620 que
152 2576 244 2620 apud
269 2587 304 2609 se
328 2576 473 2619 cogitet,
507 2584 538 2609 et
561 2576 710 2609 sciamus
734 2575 860 2608 similia
887 2575 1042 2607 accidere

61 2625 99 2658 in
124 2624 297 2667 Ecclesia,
330 2627 612 2671 quandocunque
641 2626 678 2659 sit
708 2626 920 2669 persecutio,
953 2624 1042 2658 sicut

61 2686 156 2709 nuuc
180 2688 320 2722 quoque
337 2677 466 2711 similia
486 2677 572 2711 fiunt
584 2701 593 2715 ‚
621 2676 774 2710 dicimur
789 2683 926 2711 autores
944 2687 1040 2709 erro-

1069 1543 1074 1614 ‘
1097 1526 1273 1560 scandala.

1071 1480 1074 1533 J
1099 1487 1160 1519 per
1183 1473 1321 1517 hostes,
1348 1476 1406 1508 sed
1431 1475 1534 1510 etiam
1560 1476 1596 1509 in
1622 1477 1696 1521 ipsa
1717 1476 1868 1512 Ecclesia
1889 1489 2084 1525 sequuntur

1202 1585 1254 1617 Ac
1286 1591 1437 1629 utroque
1464 1585 1569 1617 modo
1592 1586 1765 1619 Diabolus
1796 1588 1898 1629 furit,
1936 1589 2085 1634 impellit

1098 1633 1300 1675 Pontifices,
1328 1643 1359 1669 et
1376 1635 1479 1668 simul
1496 1635 1634 1668 infirma
1650 1638 1806 1670 membra
1818 1636 1992 1673 Ecclesiae
2005 1648 2083 1674 ten-

1097 1691 1163 1725 tat,
1190 1691 1230 1717 ut
1248 1685 1352 1717 etiam
1370 1685 1545 1719 labantur.

1199 1741 1268 1776 Ubi
1288 1749 1403 1776 autem
1421 1749 1472 1776 est
1490 1742 1669 1777 Ecclesia?
1723 1744 1847 1788 Qualis
1863 1746 1990 1791 species
2009 1749 2082 1781 est?

1068 1810 1071 1858 1
1097 1790 1155 1826 An
1176 1804 1247 1825 non
1265 1804 1401 1837 semper
1416 1799 1553 1837 oportet
1573 1795 1607 1826 in
1624 1806 1750 1841 genere
1770 1794 1924 1831 humano
1941 1810 2082 1831 manere

1096 1841 1315 1876 Ecclesiam?

1096 1893 1258 1938 oportet?

1197 1950 1358 1985 Profecto
1375 1951 1442 1984 iam
1461 1952 1698 1998 lacrymabilis
1716 1955 1846 1998 species
1861 1963 1929 1997 est,
1957 1956 2081 1991 Petrus

1095 2009 1216 2046 negat,
1243 2002 1405 2046 Apostoli
1430 2003 1588 2048 dissipati
1613 2012 1695 2038 sunt
1719 2012 1750 2038 et
1769 2007 1950 2048 dubitant,
1978 2016 2011 2042 et
2028 2016 2080 2041 ta-

1095 2065 1176 2086 men
1207 2064 1343 2086 necesse
1369 2059 1420 2086 est
1442 2054 1612 2099 reliquam
1637 2067 1709 2088 esse
1729 2054 1939 2097 Ecclesiam,
1973 2056 2079 2091 Chri-

1097 2110 1169 2137 stus
1192 2103 1266 2147 ipse
1287 2100 1401 2136 adhuc
1420 2105 1587 2138 miracula
1607 2105 1708 2144 facit,
1737 2106 1803 2138 iam
1824 2107 1858 2139 in
1878 2107 1981 2141 horto
1998 2109 2079 2142 fecit

1095 2151 1211 2187 adhuc
1234 2153 1422 2193 miracula,
1455 2156 1645 2199 prostravit
1669 2156 1814 2195 milites,
1841 2158 1976 2191 sanavit
2000 2159 2078 2191 vul-

1095 2210 1268 2241 neratum.

1195 2261 1239 2296 Et
1255 2269 1398 2296 manent
1413 2262 1582 2306 reliquiae
1599 2269 1795 2297 constantes
1809 2265 1843 2298 in
1858 2266 1935 2309 fide,
1963 2266 2077 2300 Maria

1095 2319 1225 2357 mater,
1254 2320 1287 2347 et
1309 2313 1383 2347 eius
1401 2324 1500 2346 soror
1518 2312 1630 2345 Maria
1649 2312 1840 2358 (Ileophae,
1870 2323 1902 2350 et
1920 2317 1980 2350 alii
1997 2318 2076 2362 qui-

1095 2365 1175 2397 dam
1201 2364 1244 2397 ab
1268 2362 1324 2397 his
1346 2363 1551 2396 confirmati.
1606 2362 1674 2396 Sed
1699 2370 1814 2398 tamen
1835 2367 1902 2399 iam
1923 2379 2023 2410 parva
2043 2375 2077 2401 et

1066 2417 1069 2442 Ι
1094 2415 1258 2458 languida
1276 2421 1308 2448 et
1325 2413 1491 2447 deformis
1510 2421 1559 2446 est
1576 2412 1747 2454 Ecclesia,
1779 2418 1836 2449 sed
1853 2425 1927 2460 post
1945 2416 2076 2451 Pascha

1094 2477 1215 2498 rursus
1235 2465 1270 2498 fit
1286 2475 1411 2507 magna
1428 2471 1459 2497 et
1479 2463 1640 2506 gloriosa.
1693 2463 1788 2499 Ilaec
1803 2467 2075 2511 consideremus,

1094 2528 1138 2549 ne
1156 2515 1356 2549 deficiamus
1376 2521 1517 2558 propter
1535 2514 1750 2547 tentationes.

1065 2568 1068 2607 !
1199 2573 1271 2607 lam
1298 2580 1332 2607 et
1348 2572 1443 2606 Petri
1468 2572 1603 2617 lapsum
1626 2579 1659 2606 et
1674 2574 1939 2608 conversionem
1958 2578 2075 2610 consi—

1065 2614 1067 2659 ἱ
1094 2625 1263 2658 deremus.

1062 2665 1070 2721 ᾗ
1195 2674 1284 2708 Tres
1299 2673 1481 2708 distinctae
1500 2673 1701 2717 negationes
1718 2671 1775 2708 hie
1790 2674 2048 2710 describuntur.

1386 2722 1466 2757 64*

1367 1842 1413 1878 Et
1441 1844 1584 1888 quidem
1615 1846 1770 1890 conspici
1799 1859 1874 1880 eam
1906 1855 1938 1882 et
1964 1849 2081 1882 audiri
