2409 2915
287 86 361 122 847

289 178 330 209 bn
348 171 469 207 &otus
491 167 596 202 mium
613 166 739 204 lernen,
766 164 830 197 »nb
851 160 933 203 nicht
953 159 1047 204 butd)
1064 161 1179 195 nubere
1202 167 1271 204 meg

289 226 323 260 in
339 221 450 269 {fimet
467 219 590 263 steigcn.
643 214 796 250 Qatfimb
816 212 853 256 ist
876 221 979 258 5uuot
1002 211 1128 257 gefagt,
1155 210 1275 252 &iesca

288 275 368 311 &on
392 273 449 315 bat
473 269 559 306 &ott
580 264 716 313 gesanb,
752 267 816 299 vnb
846 263 1050 310 geiptodnn,
1077 263 1194 301 miden
1215 261 1277 303 iott
1300 261 1302 268 ’

287 326 316 370 it
340 325 448 369 beten.
501 321 578 356 253⁰:
603 317 660 362 sid)
686 327 730 351 nu
755 315 833 356 ῐτόῆ
857 316 918 350 mit
949 314 1066 358 561d>en
1089 311 1277 357 &prticben'

288 380 342 412 bet
360 375 472 421 gcbssrt
495 369 669 417 gemifstid)
689 369 721 403 in
744 368 793 403 bie
816 368 864 412 301
888 365 1099 410 betfelbigen,
1123 366 1171 399 bie
1190 362 1277 399 &ott

287 428 344 464 mil
363 426 496 470 etbssren
514 424 578 458 nub
600 430 765 456 unnemen.

392 483 488 527 §Dide
505 483 577 518 Qete
599 480 660 524 solt
683 479 713 523 it
742 478 798 519 bet)
817 476 887 519 eud)
906 476 965 521 offt
988 477 1051 512 nnb
1067 476 1128 511 mit
1145 472 1278 520 groffem

289 537 372 581 ctnft
388 535 578 577 ben-adnm.
616 531 697 566 Qut>
714 529 750 572 ist
768 527 847 571 biefe
861 527 932 563 ssere
950 526 1069 572 tieblid)
1085 526 1278 571 furgematet

290 592 335 625 im
357 585 590 628 §ananeifcben
612 581 790 625 ῧτεωῑείη,
819 581 860 614 bct
886 578 1036 624 §bt-istus
1060 578 1100 621 sie
1123 578 1199 621 batt
1221 586 1279 611 cm:

290 641 424 685 spuebt,
452 636 546 683 gleid)
566 635 617 669 als
636 633 750 678 gebssre
774 631 814 674 sie
831 631 914 674 nicht
929 631 962 665 in
979 632 1032 665 bct
1048 629 1201 675 Spciligen
1219 627 1280 685 3301,

289 694 353 727 nub
377 692 427 733 fet)
452 684 644 729 vecmorffen
667 684 727 719 mie
754 683 804 718 ein
823 681 947 728 ῷιιηῠ,
976 681 1041 724 lesit
1064 680 1104 723 sie
1127 679 1179 722 sid)
1197 677 1281 722 mcbt

291 740 500 785 vet-mettica,
525 738 660 781 sonbetn
684 733 798 779 iptidn
822 733 883 768 mit
905 732 1023 777 grosfcr
1046 731 1194 775 metebcit
1216 730 1280 764 ont>

290 793 482 840 bssfftigteit,
509 789 574 825 mie
592 787 744 834 {afinblin
765 784 842 828 effen
865 784 941 827 aud)
966 784 1026 818 mit
1053 786 1109 818 ben
1131 781 1281 822 Stinbtin,

291 848 340 882 bie
362 842 559 887 btssfamtin,
585 839 633 874 bie
647 842 739 872 nutet
756 837 814 871 ben
832 834 922 879 sifi-1>
940 834 1058 878 saucii,
1086 838 1141 868 ctc.

392 902 490 937 Haec
505 898 579 934 dixi
595 899 639 931 de
654 897 767 930 dicto:
789 893 915 926 Venite
931 894 973 925 ad
992 904 1049 925 me
1064 902 1197 930 omnes,
1221 890 1283 936 qui

294 954 463 991 laboratis
488 958 521 985 et
550 947 688 983 onerati
713 944 812 985 estis,
846 954 909 987 ego
933 943 1086 976 reficiam
1112 953 1184 976 vos.
1236 939 1286 975 Et

293 1009 382 1042 bene
407 1006 621 1038 mementote
646 995 736 1030 hanc
762 1001 870 1029 totam
895 993 1185 1027 consolationem.
1237 991 1286 1026 Et

293 1065 427 1092 certum
452 1061 503 1087 est
518 1051 584 1085 boc
599 1049 692 1082 dicto
711 1046 843 1080 multos
866 1045 964 1078 omni
987 1052 1144 1089 tempore
1167 1055 1286 1077 serva-

294 1117 347 1144 tos
376 1117 460 1140 esse.
520 1102 579 1137 Sic
608 1098 690 1134 Dux
712 1097 916 1131 fridericus
941 1094 1084 1129 Elector
1112 1094 1286 1129 Saxoniae

294 1167 326 1194 et
350 1157 411 1192 alii
438 1154 541 1189 multi
575 1150 713 1185 assidue
741 1148 779 1181 in
813 1159 923 1192 agone
951 1146 1194 1192 repetiverunt
1219 1143 1288 1178 hoc

294 1211 440 1245 dictum.

425 1272 571 1310 Discite
595 1284 619 1304 a
644 1281 717 1312 me,
747 1267 836 1317 quia
862 1266 964 1301 milis
982 1278 1063 1300 sum
1084 1269 1114 1299 el
1132 1262 1288 1299 humilis

500 1320 614 1358 corde.

423 1374 564 1412 Tollite
580 1374 706 1418 iugum
724 1381 841 1403 meum
859 1380 968 1414 super
984 1379 1058 1403 vos.

397 1445 501 1480 Prius
523 1441 630 1481 dixit,
655 1450 764 1485 quare
786 1436 900 1471 Filius
925 1435 1052 1469 missus
1077 1434 1141 1475 sit,
1169 1440 1202 1467 et
1225 1433 1291 1466 ad-

297 1501 369 1535 dita
397 1503 448 1531 est
476 1491 681 1539 promissio,
715 1496 748 1523 et
772 1488 977 1521 mandatum
1004 1493 1076 1527 est,
1108 1491 1147 1518 ut
1171 1495 1293 1518 omnes

298 1551 444 1586 credant
460 1546 531 1579 filio
543 1571 551 1584 ,
579 1550 612 1576 et
629 1543 672 1575 ad
693 1551 773 1573 eum
791 1538 1006 1581 confugiant.

398 1596 501 1633 Nunc
525 1593 625 1628 addit
646 1590 844 1625 doctrinam
863 1589 906 1621 de
929 1599 1051 1626 cruce,
1074 1586 1156 1631 quia
1174 1596 1239 1618 nos
1255 1585 1294 1617 in

300 1650 453 1687 Ecclesia
475 1656 612 1680 necesse
635 1649 685 1676 est
701 1641 809 1680 scire,
834 1639 929 1684 quod
947 1636 1104 1672 Ecclesia
1122 1635 1294 1679 singulari

300 1701 448 1739 consilio
465 1698 529 1732 Dei
546 1694 700 1729 subiecta
718 1692 762 1726 sit
778 1690 884 1730 cruci,
906 1696 939 1723 et
954 1695 1095 1737 oportet
1111 1688 1198 1721 scire
1212 1698 1295 1720 cau-

301 1767 353 1789 sas
385 1766 402 1785 a
429 1752 505 1785 Deo
527 1746 715 1784 revelatas,
747 1753 856 1788 quare
886 1741 971 1774 velit
993 1738 1190 1774 Ecclesiam
1212 1737 1295 1771 sub-

303 1807 424 1840 iectam
443 1812 514 1834 esse
532 1798 639 1831 cruci.

406 1853 480 1887 Nisi
504 1850 599 1884 enim
623 1848 732 1881 simus
757 1842 990 1890 praemoniti,
1020 1847 1208 1875 moventur
1230 1837 1298 1873 ho-

303 1908 416 1941 mines
435 1902 500 1937 lioc
520 1899 668 1935 rationis
684 1901 908 1941 argumento:

406 1955 537 1997 Magna
563 1948 793 1995 prosperitas,
820 1945 952 1989 gloria,
985 1942 1186 1988 opulentia,
1220 1953 1298 1985 pax,

306 2015 388 2044 sunt
404 2006 468 2040 Dei
487 2006 591 2036 dona.
770 2014 775 2019 ·

408 2056 504 2097 Ergo
522 2052 583 2087 ubi
608 2057 690 2084 sunt
708 2049 766 2082 illa
787 2049 898 2086 bona,
926 2047 978 2079 illi
999 2045 1115 2090 potius
1133 2045 1300 2077 videntur

308 2123 380 2146 esse
400 2106 551 2153 populus
563 2102 643 2137 Dei.
692 2100 861 2133 Videmus
879 2105 994 2131 autem
1008 2096 1146 2130 'furcos
1163 2103 1196 2129 et
1212 2095 1301 2128 alios

308 2158 505 2198 dominari,
540 2161 571 2188 et
597 2151 791 2187 Ecclesiam
823 2161 895 2183 esse
919 2149 1103 2186 miseram,
1139 2154 1171 2180 et
1197 2146 1299 2179 adfli-

309 2223 411 2249 cmm,
466 2208 548 2241 ldeo
582 2216 654 2237 non
686 2202 910 2245 cogitandum
937 2206 1005 2239 est,
1041 2196 1135 2231 hunc
1163 2205 1300 2231 coetum

311 2266 475 2299 miserum
497 2269 568 2291 esse
585 2254 756 2300 populun»
773 2253 837 2285 Dei
850 2279 858 2289 ,
885 2257 942 2283 aut
961 2250 1095 2293 placere
1113 2250 1199 2282 Deo.

414 2312 525 2343 Valde
551 2312 737 2339 moventur
763 2302 948 2337 hominum
977 2301 1084 2332 animi
1111 2298 1175 2333 linc
1200 2311 1303 2342 argu-

312 2373 449 2401 mento,
478 2369 505 2392 rt
528 2359 626 2392 multi
645 2356 845 2389 ‹lesu-innta
870 2353 942 2387 Deo
968 2359 1111 2396 propter
1137 2352 1302 2395 splendo-
1330 2368 1333 2399 Ξ

1330 2413 1333 2426 ·=
1360 2399 1592 2432 discernimus
1609 2410 1688 2431 euin
1708 2398 1751 2429 al»
1769 2397 1935 2429 munibus
1952 2396 2100 2430 Sanctis.

1462 2449 1624 2482 Svcundo
1644 2448 1717 2481 vult
1740 2455 1854 2480 tamen
1874 2445 2035 2480 Christus
2057 2449 2160 2481 etiam
2179 2459 2214 2480 se
2235 2447 2350 2481 consi·
2395 2468 2398 2478 ‚

315 2432 386 2452 rem
408 2412 650 2457 imporinrnm.

417 2467 497 2499 ldeo
524 2474 621 2504 saepe
645 2457 814 2501 scriptura
840 2454 966 2499 repetit
991 2451 1083 2486 lianc
1108 2453 1303 2486 doctrinam

315 2524 357 2553 dc·
376 2531 489 2552 (ωιτν,
514 2514 671 2546 adstruunt
690 2507 879 2541 Ecclesiam
900 2505 1091 2538 subiectam
1111 2517 1181 2536 essu·
1199 2504 1304 2540 cruci,

315 2581 344 2604 ·-t
373 2567 511 2610 exponi·
539 2574 678 2599 causis,
713 2567 746 2592 ct
778 2559 882 2592 simul
908 2557 1004 2590 addit
1037 2555 1306 2595 consolationi-s,

317 2623 408 2668 quod
428 2621 522 2653 Deus
539 2616 574 2647 in
592 2612 656 2646 liae
673 2612 742 2643 xit..
762 2617 874 2642 tamen
895 2608 997 2640 nobis
1013 2607 1116 2639 etiam
1136 2618 1235 2649 opem
1255 2607 1304 2637 so·-

319 2682 389 2708 rat.
419 2679 447 2703 rt
470 2665 678 2700 mirabiliter
699 2670 807 2696 servet
830 2659 1039 2698 Ecclesiam„
1069 2665 1098 2690 et
1117 2659 1209 2702 quud
1231 2664 1305 2701 pust

884 74 1005 110 PHIL.
1033 72 1148 110 MEL.
1177 72 1388 109 SCRlPTA
1415 71 1715 108 EXEGETICA.

2237 73 2312 110 848

1327 156 1420 191 hanc
1442 159 1550 193 vitam
1575 157 1731 192 Ecclesia
1756 158 1800 192 sit
1823 155 1989 193 habitura
2011 166 2187 194 aeternam
2214 159 2315 194 laeti·

1326 209 1431 251 tiam,
1456 209 1683 254 sapientiam,
1708 209 1899 251 iustitiam,
1931 217 1965 244 et
1988 211 2084 254 quod
2113 208 2209 244 Deus
2231 217 2318 245 tunc

1327 260 1413 294 velit
1431 271 1504 293 esse
1521 260 1640 294 omnia
1659 261 1696 294 in
1713 261 1890 296 omnibus.
1945 261 1977 295 1.
1994 257 2154 295 Corinth.
2175 258 2233 296 15.

1430 309 1526 344 Haec
1539 311 1698 345 doctrina
1715 312 1860 356 repetita
1877 318 1927 345 est
1943 311 1980 345 in
1989 311 2129 345 Psalmo
2139 311 2204 347 3⁷.
2235 310 2318 346 Noti

1329 361 1517 399 aemulari,
1545 367 1580 395 et
1600 373 1701 406 saepe
1718 362 1821 395 alias:
1847 369 1881 397 et
1893 360 2055 397 Christus
2072 362 2157 395 alibi
2181 362 2319 409 inquit:

1330 412 1370 447 Si
1392 411 1472 457 quis
1496 412 1574 446 vult
1594 422 1652 445 me
1680 413 1797 458 sequi,
1827 414 1928 448 tollat
1951 425 2087 447 crucem
2112 425 2223 448 suam.
2274 412 2322 447 Et

1332 462 1464 497 Paulus
1491 462 1627 508 inquit:
1661 462 1816 508 Oportet
1843 477 1965 498 omnes
1994 463 2070 499 fieri
2097 464 2230 498 similes
2256 464 2322 497 filii

1331 512 1416 556 Dei,
1443 512 1549 549 Rom.
1572 513 1607 547 8.

1433 563 1492 599 Sic
1519 563 1689 609 praecipit
1710 561 1778 598 hoe
1807 565 1904 605 loco,
1937 573 1975 600 ut
2005 566 2171 600 tollamus
2202 566 2323 610 iugum

1334 614 1463 660 ipsius,
1487 615 1523 649 id
1541 623 1609 657 est,
1638 615 1822 650 doctrinae
1838 617 2104 658 consessionem,
2131 629 2220 662 quae
2235 629 2324 651 sem-

1334 678 1396 711 per
1412 667 1524 701 adfert
1541 667 1579 700 in
1595 667 1731 700 mundo
1747 678 1898 704 crucem.
1949 667 2045 702 Haec
2063 675 2113 703 est
2135 667 2325 713 simplicis—

1335 729 1423 751 sima
1443 717 1632 752 enarratio.

1437 767 1507 802 Sed
1524 768 1604 802 vide
1619 769 1799 814 quomodo
1817 768 1997 814 loquatur.
2048 769 2210 804 Mundus
2232 769 2327 803 iudi—

1337 826 1391 853 cat
1416 831 1553 853 crucem
1579 831 1651 853 esse
1673 820 1940 855 amarissimam.
1992 821 2172 855 Dominus
2188 826 2328 854 contra-

1337 870 1429 904 rium
1447 871 1564 904 docet:
1590 870 1716 913 Iugum
1731 883 1849 904 meum
1866 883 1971 905 suave
1986 878 2046 906 est.

1442 920 1538 955 Haec
1563 921 1738 956 contraria
1769 922 2050 958 considerentur.

1339 972 1480 1016 corpori
1505 984 1643 1006 crucem
1665 984 1820 1006 amaram
1845 984 1937 1015 esse,
1969 981 2008 1008 ut
2035 973 2207 1014 interfici,
2234 985 2331 1007 com-

1340 1024 1440 1062 buri,
1468 1030 1551 1057 sunt
1566 1035 1684 1056 amara
1699 1024 1852 1068 corpori.

1442 1074 1512 1109 Sed
1545 1086 1624 1108 cum
1654 1074 1759 1107 corda
1792 1080 1874 1108 sunt
1903 1081 2014 1109 erecta
2042 1076 2131 1114 fide,
2164 1074 2260 1108 intus
2284 1080 2334 1107 est

1340 1125 1534 1159 consolatio
1551 1133 1584 1159 et
1599 1125 1729 1158 laetitia
1746 1125 1784 1158 in
1799 1124 1888 1166 Deo,
1916 1126 2005 1160 sicut
2020 1125 2234 1160 Laurentius
2249 1136 2335 1158 con-

1341 1176 1549 1210 solationem
1575 1176 1703 1218 sentit,
1731 1188 1810 1209 cum
1834 1176 1951 1210 uritur
1972 1176 2009 1209 in
2033 1177 2219 1215 craticula,
2246 1175 2337 1209 sicut

1343 1228 1476 1261 dictum
1495 1233 1560 1260 est:
1588 1226 1678 1261 Cum
1695 1227 1772 1271 ipso
1791 1239 1868 1260 sum
1889 1227 1927 1260 in
1947 1227 2189 1263 tribulatione.
2229 1225 2335 1261 Item:

1344 1277 1508 1312 Tristitia
1533 1284 1646 1311 vestra
1666 1284 1820 1311 vertetur
1839 1277 1876 1311 in
1894 1278 2076 1321 gaudium.
2130 1277 2235 1312 Item:
2262 1276 2335 1321 Qui

1343 1329 1465 1373 perdet
1489 1339 1611 1371 agrurn
1631 1335 1697 1361 etc.
1720 1328 1866 1372 recipiet
1889 1329 2093 1374 centuplum
2117 1329 2156 1362 in
2174 1327 2240 1363 hac
2255 1329 2338 1368 vita,

1344 1387 1377 1413 et
1394 1379 1501 1413 vitam
1518 1384 1696 1411 aeternam
1713 1385 1842 1422 postea.

1450 1427 1648 1473 Utrumque
1667 1429 1902 1472 promittitur,
1934 1430 2130 1464 consolatio
2147 1430 2185 1463 in
2202 1427 2265 1464 hac
2284 1429 2338 1461 vi·
2390 1442 2392 1462 :

1347 1488 1398 1520 ta,
1431 1480 1492 1514 sed
1522 1486 1639 1513 tamen
1672 1492 1750 1513 cum
1777 1480 2026 1522 tribulatione,
2061 1488 2095 1515 et
2121 1488 2239 1526 postea
2265 1480 2337 1514 vita
2390 1475 2392 1488 ;

1346 1539 1499 1565 aeterna.
2390 1566 2392 1571 ,

1451 1581 1546 1615 Haec
1570 1588 1641 1615 tota
1667 1581 1792 1614 concio
1822 1588 1906 1615 tunc
1934 1581 2164 1625 intelligitur,
2197 1582 2340 1626 quando
2390 1587 2393 1606 ¹

1347 1633 1570 1676 adfligimur,
1597 1639 1628 1665 et
1648 1632 1851 1677 quaerimus
1866 1633 2156 1669 consolationem.
2198 1632 2269 1668 Sed
2287 1644 2341 1666 se·
2391 1665 2393 1676 ,

1349 1684 1423 1718 curi
1455 1690 1488 1717 et
1520 1683 1661 1727 profani
1693 1680 1854 1716 homines
1885 1684 2049 1718 derident
2082 1681 2174 1718 hanc
2199 1684 2341 1718 concio·
2390 1696 2392 1730 ξ

1349 1748 1449 1775 nem,
1479 1734 1524 1767 ita
1543 1734 1684 1767 brevius
1701 1734 1744 1766 de
1762 1746 1799 1767 ea
1817 1735 1908 1770 dico,

1451 1784 1641 1830 Postquam
1669 1793 1783 1818 autem
1801 1786 1844 1819 de
1862 1797 1964 1819 cruce
1982 1785 2088 1825 dixit,
2114 1797 2185 1819 sese
2211 1797 2341 1830 propo·
2390 1795 2393 1808 ·

1351 1837 1404 1871 nit
1428 1844 1594 1881 tanquam
1618 1836 1833 1879 exemplum:
1862 1835 1995 1870 Discite
2012 1849 2030 1870 a
2049 1848 2122 1877 me,
2149 1837 2231 1882 quia
2249 1836 2344 1870 mitis
2391 1870 2393 1876 ,

1352 1901 1428 1923 sum
1448 1895 1479 1921 et
1498 1885 1644 1920 humilis
1659 1887 1775 1919 corde.

1454 1937 1522 1971 llic
1553 1937 1707 1981 primum
1748 1935 1832 1970 haec
1861 1937 2152 1972 commones-actio
2185 1948 2343 1972 necessa-

1354 1991 1404 2024 ria
1430 1997 1490 2023 est.

1454 2038 1617 2075 Christus
1633 2039 1822 2083 dupliciter
1839 2041 2080 2081 agnoscendus
2096 2047 2145 2074 est
2157 2067 2165 2079 .
2191 2039 2345 2084 primum

1354 2100 1391 2126 ut
1417 2092 1570 2126 salvator
1598 2097 1629 2124 ct
1656 2103 1757 2124 cansa
1782 2090 1927 2132 salutis,
1961 2092 2139 2131 secundo,
2164 2098 2204 2125 ut
2230 2102 2345 2125 exem·
2395 2095 2409 2117 .:

1355 2144 1465 2188 plum.

1460 2193 1637 2233 Primum,
1665 2205 1765 2226 causa
1785 2193 1906 2226 salutis
1926 2200 1993 2233 est,
2021 2200 2059 2227 ut
2083 2195 2260 2226 redemtor
2283 2204 2347 2226 sun

1328 2246 1501 2297 ¹meritn,
1539 2245 1620 2278 item
1647 2245 1846 2283 effectione,
1880 2244 1962 2289 quia
1998 2244 2069 2288 ipse
2097 2243 2251 2278 viviticat
2284 2255 2349 2277 nos

1359 2296 1551 2338 Evangelio
1569 2302 1602 2329 et
1619 2295 1754 2340 Spiritu
1772 2303 1901 2328 sancio.

1463 2347 1556 2380 llaec
1581 2354 1629 2380 est
1655 2346 1862 2391 principalis
1883 2345 2016 2388 agnitio
2041 2342 2198 2385 Christi.
2228 2346 2263 2379 in
2282 2357 2349 2392 qua

1361 2501 1476 2534 ‹tt—rari
1504 2508 1538 2533 ut
1566 2500 1782 2546 exemplum,
1812 2506 1847 2532 ut
1872 2507 1901 2531 et
1926 2498 2055 2532 l‘anlns
2079 2500 2120 2531 ad
2143 2497 2350 2543 Ptnitippen-
2394 2516 2397 2522 ·

1361 2565 1411 2587 svs
1429 2553 1540 2594 rapite
1558 2553 1592 2586 Q,
1610 2551 1772 2594 proponit
1794 2547 1976 2582 christum
1996 2557 2030 2583 ut
2052 2549 2260 2593 exemplunm.

1465 2602 1541 2636 lloc
1558 2603 1682 2635 sentite
1701 2602 1734 2633 in
1754 2602 1866 2637 vobis.
1891 2602 1985 2647 quod
2005 2609 2034 2634 et
2057 2601 2090 2633 in
2108 2597 2262 2641 Christo,
2290 2601 2349 2646 qni
2395 2628 2397 2633 ,

1362 2667 1439 2689 curn
1458 2661 1541 2688 esset
1563 2654 1726 2686 informa
1744 2651 1806 2686 Dei
1826 2659 1888 2685 etc.

2110 921 2244 956 Verum
2269 928 2332 962 est,
2376 936 2380 939 ·
