2409 2915
267 94 334 126 311

269 177 373 215 inias,
401 171 678 216 desperationes,
713 175 745 202 et
769 175 949 202 aeternum
977 167 1134 201 exitium.
1188 166 1256 201 Sed

269 228 328 271 qni
351 226 497 258 redeunt
514 222 556 254 ad
579 227 732 264 patrem,
760 216 825 251 hos
841 225 970 263 quanta
988 218 1173 251 elementia
1198 229 1256 250 ex-
1283 228 1284 234 ¹

268 277 391 323 ciphi,
420 274 455 305 in
480 270 544 305 hac
567 270 720 312 imagine
738 270 928 302 clarissime
945 269 1175 312 significatum
1196 274 1256 302 est.

370 340 522 374 Basilius
552 337 668 382 inquit
693 338 736 369 de
762 334 828 370 hoc
860 337 935 384 ipso
969 337 1062 369 loco:
1099 335 1254 368 Tantum
1284 348 1285 365 1

270 393 372 429 velis,
403 398 433 424 et
452 390 544 424 Deus
562 387 810 433 praeoccurrit.
866 386 916 420 lta
934 385 991 419 bie
1008 394 1105 430 pater
1133 384 1255 430 procul

270 445 488 476 accedentem
509 439 697 483 conspicit,
727 437 862 484 trepide
878 444 909 471 et
934 438 1098 480 languide
1122 436 1257 469 accedi·
1284 457 1285 460 =

269 505 365 536 mus,
393 499 426 526 et
442 491 632 525 adferimus
649 501 719 521 non
740 488 881 529 merita,
910 491 967 520 sed
987 488 1156 532 pollutam
1175 498 1258 519 con-

269 544 469 583 scientiam,
497 548 530 575 et
554 551 696 583 magnas
721 539 851 572 sordes.

270 595 354 629 tales
364 605 495 631 sumus,
513 599 627 625 tamen
640 596 739 634 pater
749 589 912 630 occurrit,
926 590 1031 622 modo
1042 589 1259 628 accedamus,

269 645 390 689 procul
416 644 530 684 videt,
558 641 592 673 id
621 647 690 680 est,
717 641 781 674 scit
805 647 942 674 nostras
956 640 1133 680 miserias,
1160 644 1258 672 curat

269 708 351 735 nos,
379 694 449 727 edit
473 693 640 732 verbum,
668 697 700 724 et
721 698 820 724 vocat
843 703 926 732 nos,
953 691 1103 724 afficitur
1121 690 1258 722 miseri-

268 745 405 785 cordia,
441 743 530 777 serio
553 742 630 776 vult
651 753 714 774 nos
737 754 893 784 servare,
923 736 960 775 ut
986 740 1099 775 Oseae
1122 742 1176 775 11.
1203 740 1259 773 in-

269 798 363 842 quit:
411 794 630 828 Conversum
657 800 702 825 est
732 793 767 825 in
792 806 846 825 me
871 805 932 825 cor
960 805 1092 832 meum,

268 845 542 885 commiseratio,
571 857 643 877 non
660 843 784 876 faciam
805 844 959 876 sororem
977 843 1046 875 irae
1067 854 1172 875 meae.

370 913 510 947 Deinde
525 911 694 950 occurrit,
720 911 755 943 id
777 918 844 950 est,
870 910 974 944 nobis
998 909 1258 953 languentibuS,
1285 914 1287 926 ³

269 967 343 1009 ipse
360 976 425 997 nos
443 960 586 996 attrahit
604 962 712 994 verbo
731 968 763 994 et
781 960 918 1013 Spiritu
935 968 1066 995 sancto,
1104 959 1151 993 Ut
1161 959 1259 1003 Apo—

270 1017 334 1049 cal.
360 1016 393 1048 3.
420 1014 568 1047 dicitur:
610 1010 685 1055 Age
713 1012 986 1055 poenitentiam,
1020 1009 1111 1044 Ecce
1136 1017 1188 1043 sto
1214 1011 1257 1042 ad
1284 1033 1286 1040 .

271 1067 420 1106 ostium,
447 1071 480 1097 et
502 1064 622 1107 pulso,
655 1063 683 1095 si
709 1063 788 1107 quis
812 1062 964 1095 audierit
991 1073 1109 1094 vocem
1134 1073 1260 1118 mean-14,

269 1116 448 1160 ingrediar
471 1115 514 1148 ad
538 1126 629 1147 eum.
685 1112 793 1146 lrruit
822 1113 858 1145 in
882 1113 1032 1151 collum,
1057 1112 1260 1155 complecti-

270 1177 428 1209 turnus,
455 1171 625 1199 sustentat
639 1164 676 1197 in
696 1164 817 1197 dolore
839 1170 871 1198 et
886 1164 1009 1208 poenis
1025 1161 1200 1196 Davidem
1228 1169 1261 1196 et

269 1219 411 1252 similes.
472 1214 771 1259 Extingueremur
802 1215 896 1247 enim
932 1215 1028 1248 luctu
1052 1220 1095 1247 'et
1127 1213 1262 1254 dolore,

269 1269 337 1302 nisi
368 1282 384 1301 a
415 1267 490 1301 Deo
512 1267 762 1300 adiuvaremur
790 1272 824 1299 et
857 1277 1088 1299 servaremur.

272 1331 338 1364 que
362 1320 419 1352 dat
446 1317 623 1357 osculum,
652 1317 685 1350 id
704 1323 773 1357 est,
801 1316 994 1349 annunciat
1018 1315 1260 1348 remissionem

272 1377 510 1414 peccatorum,
539 1374 572 1401 et
593 1380 683 1401 nova
701 1367 777 1400 lnce
803 1374 836 1400 et
859 1366 1101 1400 consolatione
1126 1365 1262 1407 mitigat

273 1416 422 1454 terrores
441 1426 472 1453 et
490 1430 632 1466 poenas.
685 1415 840 1451 Econtra
868 1417 960 1450 filius
985 1428 1019 1450 se
1041 1416 1130 1460 patri
1149 1416 1261 1449 subii-

272 1472 334 1512 cit,
362 1471 488 1504 fatetur
503 1469 654 1513 culpam,
680 1475 712 1502 et
729 1468 885 1512 agnoscit
902 1468 1078 1511 duplicem
1094 1467 1262 1500 0ttensio-
1286 1494 1287 1500 ,

272 1535 372 1561 nem,
400 1521 550 1561 scilicet,
579 1532 614 1553 se
629 1519 704 1553 Deo
724 1527 757 1553 et
778 1519 867 1563 patri
887 1526 1128 1552 contumacem
1146 1518 1262 1553 fuisse.

273 1572 312 1606 ln
343 1570 407 1604 hac
438 1572 619 1614 agnitione
649 1578 680 1604 ct
710 1570 996 1603 reconciliatione
1020 1570 1056 1602 sit
1079 1569 1289 1619 renovatiof

270 1636 327 1656 sen
348 1621 576 1665 regeneratio.

375 1690 496 1723 Novus
521 1688 629 1731 igitur
649 1685 706 1720 hic
723 1695 867 1721 ornatus
885 1687 1112 1727 describitur,
1147 1687 1263 1725 vestis,

274 1741 446 1781 ammlus,
473 1739 589 1774 calcei.
637 1738 726 1772 Nam
764 1739 798 1771 in
836 1739 1065 1772 conversione
1094 1738 1265 1780 ‚redditur

275 1793 429 1837 Spiritus
451 1797 607 1830 sanctus,
631 1796 670 1823 ut
686 1788 790 1823 Rom.
809 1789 842 1824 8.
863 1789 1010 1823 dicitur:
1040 1789 1111 1831 Qui
1137 1789 1264 1833 spiritu

274 1844 338 1877 Dei
363 1844 558 1881 ducuntur,
585 1838 622 1873 hi
645 1848 727 1875 sunt
750 1841 813 1872 filii
840 1840 915 1874 Dei.
969 1839 1136 1873 Annulus
1153 1840 1263 1883 signi-

274 1895 352 1927 ficat
368 1891 602 1934 Evangelinrn
625 1897 659 1923 et
684 1891 806 1930 fidem,
833 1902 900 1935 qua
927 1897 1086 1933 receptus
1110 1891 1264 1933 agnoscit

274 1945 339 1978 sibi
366 1943 501 1976 restitui
526 1940 698 1975 honorem
722 1940 958 1979 filiifamilias,
980 1940 1045 1972 sibi
1073 1941 1172 1973 reddi
1192 1941 1264 1984 pri-

276 1996 403 2029 stinam
434 1993 666 2027 nobilitatem.
720 1991 807 2025 Nam
837 1989 1070 2033 Evangelium
1107 1992 1263 2024 testimo-

276 2047 375 2079 nium
394 2051 442 2078 est
458 2042 770 2083 reconciliationis,
797 2049 829 2075 et
846 2042 931 2074 fides
955 2048 1004 2075 est
1032 2039 1264 2086 apprehensio

277 2105 310 2131 et
334 2095 544 2143 applicatio,
569 2101 607 2128 ut
632 2094 660 2128 si
686 2093 818 2126 ammlo
843 2093 1057 2135 significetur
1076 2093 1265 2137 applicatio

278 2146 426 2181 honoris
448 2145 606 2179 alienius.
659 2142 822 2189 Denique
857 2144 1009 2177 annulus
1044 2151 1093 2177 est
1125 2144 1263 2185 signum

278 2197 426 2231 foederis
457 2196 616 2230 alicuius,

278 2297 460 2341 Evangelii
488 2305 517 2330 rt
545 2298 620 2330 lide.

280 2350 458 2383 scientiam
485 2348 740 2382 universaliter.
799 2346 913 2380 Calcei
936 2347 1128 2389 significant
1161 2361 1265 2390 opera

281 2399 492 2439 vocationis,
522 2399 556 2431 in
575 2399 701 2444 quibus
718 2399 833 2431 lucere
850 2398 1021 2431 confessio
1039 2399 1187 2430 maxinu·
1205 2401 1263 2430 de-

279 2452 347 2485 bet.
402 2452 584 2492 Quantum
609 2451 713 2481 decus
735 2456 802 2487 est,
833 2450 926 2493 quod
946 2446 1117 2482 Ethuirus
1140 2450 1267 2494 aliquis

281 2502 378 2546 prins
403 2502 544 2542 ignarus
570 2498 656 2543 Dei,
684 2507 802 2543 postea
828 2512 1016 2533 comersus
1038 2501 1161 2533 foedus
1186 2501 1264 2533 fac-it
1292 2510 1293 2515 ¹

282 2566 358 2585 rum
385 2551 450 2584 hoc
474 2551 564 2590 lli-o,
593 2551 651 2595 qui
677 2551 758 2584 dato
776 2547 987 2590 Evangelio,
1015 2558 1179 2596 tanquam
1203 2564 1265 2583 au-

283 2604 386 2641 nulo,
412 2609 557 2634 testatur
581 2600 674 2634 bunc
699 2601 764 2633 sibi
789 2601 994 2634 adiunctum
1022 2614 1104 2635 esse.

282 2665 385 2699 quam
410 2653 515 2695 igitur
539 2649 632 2686 bunc
656 2652 848 2693 anuinium,
877 2652 911 2684 id
936 2659 1005 2688 est.
1036 2651 1267 2696 Evangelium

855 82 978 116 PlllL.
1008 82 1121 117 MEL.
1149 80 1358 116 SCRIPTA
1388 79 1683 116 EXEGE'FICA.

907 537 1118 584 Quanquam
1142 544 1256 570 autem
1284 570 1286 579 Ι

1132 791 1258 824 exarsit
1285 802 1287 822 ι

1147 1264 1258 1298 Deni-
1286 1282 1287 1285 =

1285 1341 1288 1356 ·
1312 1333 1504 1366 scientiam.

684 2193 755 2228 lam
781 2201 896 2227 autem
922 2191 979 2227 hic
1010 2195 1266 2235 reconciliatum,
1290 2203 1292 2214 ¹

279 2250 404 2283 iterum
430 2248 552 2280 foedus
576 2244 754 2279 faciteam
777 2243 871 2286 Deo,
899 2246 992 2289 quod
1025 2246 1060 2278 lit
1087 2246 1266 2288 agnitione
1290 2262 1293 2291 3

683 2295 797 2330 vestis
830 2296 1000 2339 siguificat
1028 2297 1156 2329 bonam
1181 2310 1265 2329 con-
1290 2307 1292 2310 ⁴

1168 2601 1266 2635 l‘usl-
1292 2619 1293 2623 ¹

2221 83 2295 119 312

2404 145 2407 156 1

1308 166 1456 211 accepit,
1479 168 1576 201 nulla
1595 168 1625 201 ei
1643 167 1790 201 societas
1807 173 1856 200 est
1874 178 1953 199 cum
1968 164 2169 210 Epicureis,
2197 169 2292 204 nulla
2316 181 2318 184 ·
2356 187 2358 189 >
2404 158 2407 184 ς

1309 230 1387 251 cum
1402 219 1445 250 iis
1463 219 1520 262 qui
1543 218 1636 251 idola
1656 219 1788 258 colunt,
1811 218 1868 250 sed
1888 215 2132 250 xeranemn
2144 217 2295 254 invocat.
2314 218 2322 225 ”
2341 230 2349 240 ·

1282 251 1286 312 Ιξ
1413 267 1462 301 lta
1483 269 1634 304 orimum
1654 269 1866 302 discernitur
1883 268 2026 305 annulo,
2045 268 2078 300 id
2098 275 2159 312 est,
2176 267 2296 303 Evan-

1283 316 1286 339 Ῑ
1310 319 1400 362 gelio
1420 325 1452 352 et
1471 320 1538 351 fide
1555 321 1598 351 ab
1617 317 1797 359 Ethnicis,
1825 319 1987 352 videlicet
2003 325 2148 351 ornatus
2166 319 2209 351 iis
2225 321 2295 354 vir-

1311 370 1462 408 tutibus,
1490 370 1526 401 in
1557 370 1686 413 quibus
1714 370 1872 404 consistit
1907 370 2095 404 invocatio.
2159 370 2306 411 Deinde,

1284 424 1285 429 ’
1311 427 1409 453 veste
1428 421 1659 460 discernitur,
1691 420 1810 454 induit
1831 420 1923 454 enim
1954 422 2082 453 lionam
2114 421 2296 454 conscien-

1311 472 1393 503 tiam
1422 472 1685 511 reconciliatus,
1721 471 1802 515 quia
1831 472 1911 504 dato
1937 471 2073 515 Spiritu
2103 479 2222 505 sancto
2241 472 2296 505 in-

1311 529 1459 555 coantnr
1482 529 1638 555 caeterae
1660 522 1827 562 virtutes,
1863 522 2021 565 dilectio,
2049 523 2206 563 castitas,
2237 534 2295 556 ve-
2317 512 2327 521 ⁵

1312 573 1413 612 ritas,
1448 573 1509 605 etsi
1537 573 1625 606 vivit.
1648 573 1741 606 inter
1766 570 1957 611 Effluit-os,
1982 573 2149 612 iniustos,
2179 573 2312 618 periug

1285 625 1625 675 ,ros,'ol›scoenns,
1659 631 1776 657 tamen
1810 623 1890 655 illos
1923 635 1995 656 non
2028 623 2205 663 imitatur,
2237 625 2296 657 sed

1285 683 1286 686 ’
1311 686 1392 707 suae
1419 675 1542 715 vestis,
1569 675 1602 707 id
1626 682 1697 714 est,
1726 687 1808 707 snae
1830 674 2064 707 conscientiae
2086 675 2296 707 munditiem

1285 714 1440 760 'tuetmu
1500 725 1679 759 Postremo
1711 732 1743 758 et
1772 725 1895 757 calceis
1929 724 2159 766 discernitur,
2195 727 2299 761 refert

1285 747 1288 798 Ι
1310 787 1406 809 suam
1427 776 1642 809 vacationem
1666 777 1707 810 ad
1726 776 1872 818 gloriam
1893 774 1976 812 Dei,
2002 776 2030 808 si
2048 783 2098 809 est
2115 777 2299 819 magistra-
2344 779 2346 781 ’

1284 829 1287 864 3
1311 833 1384 866 tus,
1412 827 1568 860 defendit
1593 825 1777 869 Evangelii
1803 827 2059 867 ministerium,
2092 827 2119 859 si
2143 835 2192 861 est
2221 827 2298 860 lito·-

1284 871 1286 897 ἶ
1312 885 1423 917 ratus,
1466 877 1596 910 servire.
1622 877 1800 911 Ecclesiae
1823 878 1859 909 in
1886 877 2054 910 discendo
2079 885 2110 911 et
2137 879 2298 911 docendo
2351 912 2356 924 ἑ

1310 926 1504 970 Evangelio
1531 929 1668 963 studet..
1718 927 1880 973 Denique
1912 928 2070 970 singulae
2101 930 2300 963 vocationes
2348 925 2357 970 ᾗ

1311 979 1427 1023 aliqua
1449 979 1484 1010 in
1502 987 1599 1022 parte
1616 976 1791 1012 Ecclesiae
1807 979 1938 1012 servire
1956 987 2111 1022 possunt·
2361 977 2368 984 ”

1414 1027 1459 1062 Et
1476 1027 1570 1062 ltunc
1595 1029 1767 1077 triplicem
1785 1038 1948 1063 ornatum
1967 1030 2154 1072 diligenter
2177 1029 2300 1062 memi-

1310 1080 1485 1120 nerimus,
1512 1087 1550 1113 ut
1566 1081 1658 1113 enim
1679 1081 1776 1122 prins
1794 1081 1941 1114 illustris
1957 1081 2146 1125 descriptio
2171 1093 2301 1124 propo-

1285 1131 1374 1164 vsita
1402 1138 1452 1165 est
1483 1143 1628 1174 operum
1658 1131 1722 1164 Dei
1755 1143 1834 1174 erga
1861 1143 1945 1171 nos,
1980 1143 2058 1163 cum
2091 1131 2303 1164 describitur

1311 1189 1410 1226 pater
1426 1194 1623 1216 occurrens.
1678 1181 1728 1216 lta
1746 1179 1807 1215 hic'
1823 1194 1959 1215 summa
1984 1182 2092 1215 totius
2115 1194 2229 1215 novae
2251 1182 2302 1214 vi-

1312 1240 1365 1266 tae
1388 1233 1567 1276 aptissime
1592 1230 1842 1274 comprehensa
1873 1240 1934 1264 est.
2000 1232 2169 1264 Annulus
2193 1232 2301 1274 sigui-
2351 1235 2354 1239 '

1312 1284 1389 1315 sicat
1412 1280 1646 1325 Evangelium
1679 1289 1711 1316 et
1746 1282 1859 1315 fidem.
1921 1281 2037 1316 Vestis
2062 1282 2190 1315 bonam
2218 1276 2313 1315 con·¹

1557 1332 1675 1367 Calcei
1692 1342 1796 1377 opera
1816 1333 2022 1370 vocationis,
2048 1332 2082 1365 in
2101 1333 2230 1376 quibus
2249 1333 2303 1366 lu-

1313 1396 1390 1417 cere
1415 1384 1518 1416 debet
1545 1384 1728 1418 consessio.
1788 1383 2002 1417 Convixinm
2028 1383 2199 1426 significat
2225 1396 2302 1428 per-

1312 1443 1453 1482 petuam
1480 1434 1668 1475 laetitiam,
1702 1441 1735 1468 et
1761 1435 2034 1467 celebrationem
2068 1446 2125 1467 seu
2149 1447 2302 1468 comme-

1313 1485 1545 1520 morationem
1582 1486 1832 1518 beneficiorum
1870 1485 1933 1517 l)ei
1981 1486 2017 1517 in
2059 1482 2122 1518 bac
2159 1485 2229 1519 vita
2271 1493 2303 1518 et

1313 1543 1466 1571 aeterna,

1414 1586 1471 1621 Fit
1489 1594 1603 1620 autem
1622 1588 1754 1621 mentio
1774 1587 1914 1621 mactati
1933 1587 2052 1626 vituli,
2081 1593 2118 1619 nt
2133 1585 2305 1629 significe-

1287 1634 1290 1641 '
1315 1645 1372 1670 tur
1388 1639 1550 1671 mactatio
1571 1635 1722 1677 Christi,
1749 1638 1848 1671 cuius
1866 1644 1977 1670 morte
2004 1636 2151 1670 redemti
2175 1647 2307 1677 sumus,

1287 1686 1290 1732 l
1315 1694 1348 1721 et
1362 1688 1461 1720 cuius
1481 1689 1549 1720 vita
1568 1689 1671 1722 nobis
1690 1689 1806 1722 reddit
1822 1689 2008 1727 iusticiam,
2036 1687 2208 1731 Spiritum
2224 1699 2305 1721 sau—

1314 1745 1407 1771 ctum
1436 1746 1469 1772 et
1498 1739 1605 1772 vitam
1641 1745 1837 1777 aeternam,
1872 1746 1904 1771 et
1939 1735 2004 1770 hoc
2029 1739 2223 1770 redemtore
2247 1750 2305 1771 ve-

1315 1789 1462 1828 scimur,
1490 1790 1579 1823 sicut
1598 1787 1722 1824 lohan.
1743 1789 1778 1823 6.
1791 1789 1946 1828 dicitnr,
1975 1788 2009 1821 id
2028 1795 2077 1821 est
2091 1814 2100 1826 ,
2128 1788 2196 1820 iam
2214 1789 2303 1822 fidu-

1316 1840 1366 1874 cia
1392 1840 1502 1882 ipsius
1528 1840 1725 1873 accedimus
1751 1841 1791 1872 ad
1811 1838 1946 1879 Deum,
1971 1846 2003 1872 et
2026 1839 2304 1872 consolationem

1315 1891 1552 1934 concipimus,
1580 1903 1660 1923 vere
1679 1901 1743 1923 nos
1762 1891 1932 1929 vivificat,
1959 1891 2019 1923 dat
2035 1889 2207 1933 Spiritum
2225 1902 2305 1923 san-

1289 1962 1291 1973 ·
1315 1948 1427 1982 ctum,
1454 1953 1534 1974 vere
1551 1941 1667 1975 incoat
1685 1941 1790 1974 vitam
1817 1948 2014 1981 aeternam,
2038 1953 2106 1985 qua
2131 1940 2305 1983 glorifica-

1317 1991 1446 2026 bimur.

1419 2041 1597 2076 llactenus
1623 2043 1658 2075 in
1685 2041 1748 2076 hac
1780 2044 1881 2086 longa
1905 2042 2140 2086 descriptione
2172 2043 2305 2076 reditus

1317 2093 1379 2125 filii
1400 2094 1558 2138 prodigi,
1583 2094 1784 2127 dulcissima
1803 2095 1917 2137 imago
1937 2093 2112 2138 proposita
2130 2100 2192 2133 est,
2217 2105 2306 2136 quae

1317 2156 1379 2177 nos
1403 2145 1444 2177 ad
1471 2145 1722 2188 poenitentiam
1748 2143 1926 2183 bortatur,
1954 2152 1984 2177 et
2010 2151 2155 2178 testatur
2170 2155 2234 2177 nos
2251 2157 2307 2178 re-

1317 2195 1406 2238 cipi,
1442 2203 1475 2229 et
1507 2207 1627 2229 causas
1651 2204 1681 2229 et
1710 2196 1853 2229 effectus
1883 2197 2019 2229 ermlite
2050 2195 2304 2240 complectitur.

1317 2247 1436 2289 Quare
1453 2259 1554 2289 saepe
1578 2254 1608 2280 et
1627 2248 1814 2289 diligenter
1830 2248 2013 2289 cogitanda
2032 2254 2078 2278 est
2092 2273 2100 2283 ,
2124 2254 2158 2279 ut
2179 2258 2243 2279 nos
2261 2247 2304 2280 ad

1318 2298 1570 2340 poenitentiam
1592 2305 1621 2331 et
1642 2298 1804 2342 pietatem
1822 2299 2020 2331 excitemus.
2066 2296 2186 2330 Postea
2203 2297 2305 2330 addi-

1318 2356 1375 2381 tur
1401 2346 1604 2394 hypocritae
1629 2349 1836 2392 obiurgatio.
1892 2348 1957 2382 Hie
1980 2349 2047 2381 inm
2073 2349 2225 2382 ostendit
2250 2349 2306 2381 di—

1317 2400 1501 2442 sriplinam
1520 2408 1711 2437 externam,
1728 2413 1848 2444 quamv
1860 2400 1886 2433 is
1901 2412 2004 2444 supra
2021 2399 2159 2431 laudata
2178 2406 2241 2438 est,
2256 2406 2307 2433 ta—

1318 2463 1397 2482 men
1422 2463 1492 2483 uon
1516 2451 1712 2485 satisfacere
1737 2451 1800 2493 legi
1828 2451 1903 2485 l).-i.
1960 2450 2083 2483 l‘nlrra
2111 2463 2164 2483 res
2189 2457 2218 2484 et
2245 2462 2305 2483 ne-

1319 2502 1464 2534 cessaria
1498 2511 1544 2535 est
1573 2515 1710 2535 morum
1737 2503 1950 2537 moderatio,
1988 2509 2015 2533 et
2043 2501 2225 2543 diligentia
2253 2501 2305 2533 vi—

1320 2553 1415 2585 tandi
1433 2553 1607 2592 scandala,
1635 2560 1664 2585 et
1685 2555 1863 2586 communi
1884 2552 2131 2598 tranquillitati
2150 2552 2305 2585 servien-

1318 2603 1371 2641 di,
1398 2604 1456 2636 sed
1486 2604 1520 2636 in
1545 2601 1736 2649 hypocritis
1764 2617 1886 2646 magua
1910 2612 1988 2637 sunt
2015 2602 2181 2636 interiora
2208 2603 2304 2643 vitia,

1291 2647 1294 2694 l
1319 2654 1448 2688 scilicet
1475 2655 1654 2702 persuasio
1688 2656 1850 2699 propriae
1878 2655 2049 2692 iustitiae,
2084 2666 2162 2687 cum
2190 2663 2306 2687 tamen
