2409 2915
56 106 132 144 277
596 103 678 140 ΧΠ.

729 97 1120 139 ΑΝΝΟΤΑΤΙΟΝΕ8
1153 98 1203 134 IN
1237 97 1540 136 EVANGELIA.'

1999 101 2072 138 278

58 199 110 226 est
123 190 250 226 animis
269 191 440 232 doctrina,
464 190 558 236 quod
574 187 669 223 Deus
685 188 770 222 velit
792 188 899 231 affligi
919 185 1040 222 Eccle-
1090 190 1180 219 stum
1205 191 1238 218 et
1253 185 1485 229 tranquillum
1502 184 1655 227 regimen
1672 184 1791 226 civile,
1817 191 1855 220 ut
1875 184 2073 222 1.Timoth.

57 243 163 283 siam,
189 249 332 286 propter
348 242 475 276 multas
491 251 627 280 causas,
653 251 692 273 ac
705 239 790 273 velit
805 240 967 272 accedere
984 239 1040 271 in-

57 294 297 332 vocationem,
330 299 371 326 ut
399 291 566 326 excitetur
585 290 688 331 fides,
719 289 894 333 accipiens
917 289 1040 322 remis-

57 343 191 378 sionem
222 350 451 388 peccatorum.
509 340 665 382 Deinde,
698 347 736 374 ut
766 347 894 374 statuat
923 338 1037 372 Deum

56 401 215 428 autorem
247 404 318 426 esse
349 392 597 425 beneficiorum
630 390 887 436 corporalium,
930 401 1038 435 eaque

55 445 145 477 velle
163 445 265 484 dare,
293 454 337 476 ne
358 443 395 475 in
412 440 476 476 hae
494 443 564 474 vita
580 442 720 486 penitus
741 441 899 474 deleatur
917 438 1039 473 Eccle-

55 495 124 535 sia,
151 494 237 527 sicut
255 494 405 526 servavit
421 490 562 532 Nohae,
579 489 758 525 Abraham
771 518 780 531 ,
798 490 922 524 Mosen
934 515 943 529 ,
971 491 1037 524 mi-

55 545 228 578 rabilibus
245 544 376 584 modis,
402 550 442 577 ut
457 544 592 588 reliqua
615 549 702 576 esset
718 540 886 577 Ecclesia.

157 594 215 628 Sic
232 595 339 637 igitur
354 605 572 627 exerceamus
589 594 692 626 fidem
709 599 858 637 utroque
875 592 981 625 modo
999 591 1036 624 in

54 645 223 690 petitione
240 645 489 689 corporalium.
540 643 698 677 Primum
715 643 864 676 sciamus
880 649 1036 676 statuen-

54 697 140 730 dum
166 707 237 729 esse
259 697 302 728 de
327 695 532 728 remissione
555 702 775 738 peccatorum
795 700 936 737 propter
962 705 1036 726 me-

54 747 242 779 diatorem:
270 746 397 779 deinde
416 745 567 778 sciamus
583 756 602 777 a
618 743 692 777 Deo
711 745 858 788 petenda
881 750 913 776 et
931 755 1034 787 expe-

53 797 179 830 ctanda
205 807 277 829 esse
299 796 468 829 beneficia
490 795 668 839 corporis,
695 802 727 828 et
752 793 825 828 Deo
844 806 947 827 curae
963 805 1036 827 esse

52 846 262 887 Ecclesiam,
288 847 420 880 etiamsi
439 845 506 879 alia
522 847 676 879 membra
695 846 796 879 aliter
818 851 970 885 exercet,
996 856 1035 877 ac

53 897 130 930 vult
153 909 218 930 nos
242 898 283 930 ad
308 897 543 930 obedientiam
571 902 711 943 paratos
729 907 812 931 esse.
865 895 1035 929 Servabat

52 945 243 980 Ecclesiam
265 946 378 988 Deus,
411 947 546 980 etiamsi
574 947 714 991 tyranni
739 946 888 979 Paulum
912 952 944 979 et
969 944 1032 978 Ti-

53 995 235 1031 motheum
258 999 414 1031 confecto
437 997 612 1031 curriculo
628 997 897 1031 Interficiebant,
951 995 1033 1029 Ser-

51 1048 147 1081 vabit
166 1046 356 1082 Ecclesiam
368 1076 377 1088 ,
404 1048 538 1081 etiamsi
553 1047 690 1092 aliquos
707 1048 781 1091 pios
798 1047 888 1080 sinet
903 1058 920 1079 a
937 1045 1033 1079 Tur-

52 1099 101 1131 cis
118 1097 281 1132 interfici.
322 1099 380 1133 Sic
396 1111 460 1132 nos
480 1105 637 1141 petamus
652 1105 684 1131 et
701 1104 918 1142 expectemus
935 1097 1034 1129 auxi-

52 1149 158 1189 lium,
182 1156 216 1183 et
233 1156 349 1182 tamen
367 1150 407 1181 ad
427 1149 664 1182 obedientiam
689 1148 799 1192 parati
816 1148 936 1181 simus.
989 1145 1035 1180 Et

52 1199 193 1243 quidem
219 1200 368 1233 sciamus
391 1211 462 1232 non
488 1211 559 1232 esse
577 1199 693 1231 irritas
710 1210 845 1242 preces,
869 1199 926 1230 sed
945 1209 1033 1230 sem-

51 1261 114 1293 per
139 1250 326 1292 impetrare
347 1250 464 1295 aliqua
487 1250 596 1288 bona,
631 1249 701 1281 imo
724 1255 757 1282 et
780 1248 1033 1290 mitigationem

52 1300 287 1342 corporalium
314 1312 579 1340 aerumnarum,
613 1305 652 1332 ut
676 1298 788 1332 Lucae
803 1299 863 1331 21.
888 1298 1034 1332 dicitur:

51 1347 162 1383 Orate
186 1357 226 1384 ut
251 1351 391 1393 possitis
415 1351 568 1394 effugere
581 1349 700 1382 omnia
718 1347 818 1390 haec,
845 1360 933 1394 quae
950 1361 1037 1381 ven-

48 1406 126 1433 tura
141 1407 223 1434 sunt
242 1407 306 1436 etc.

447 1484 493 1508 De
512 1485 648 1514 quarto.

155 1534 331 1578 Quartum
358 1541 407 1568 est
432 1547 486 1568 res
513 1535 672 1578 petenda.
725 1532 818 1567 Sunt
833 1539 972 1573 autem,
999 1537 1038 1565 ut

52 1587 119 1619 iam
137 1586 269 1620 dictum
288 1592 357 1626 est,
384 1585 472 1618 aliae
490 1597 544 1618 res
561 1584 779 1629 spirituales,
805 1584 894 1616 aliae
911 1594 1037 1627 corpo-

52 1637 161 1675 rales,
195 1643 233 1670 ut
256 1635 462 1676 consilium,
497 1647 673 1669 successus
706 1635 743 1666 in
769 1634 971 1673 vocatione,
1005 1638 1038 1666 et

51 1694 186 1722 caetera
212 1687 303 1719 vitae
325 1687 518 1719 commoda.
577 1684 672 1718 Haec
697 1685 815 1717 omnia
843 1684 918 1716 vult
943 1682 1037 1716 Deus

52 1738 122 1783 peti
148 1750 164 1769 a
189 1750 244 1778 se,
272 1743 305 1770 et
328 1737 470 1781 quidem
498 1737 541 1769 de
565 1736 749 1769 vocatione
775 1735 922 1769 dicitur:
951 1733 1037 1767 Sine

51 1800 108 1822 me
124 1786 214 1820 niliil
235 1788 377 1830 potestis
392 1787 516 1820 facere.

153 1837 205 1871 Ac
220 1838 304 1871 fides
322 1837 510 1881 dupliciter
527 1842 705 1870 exercetur
720 1836 757 1868 in
776 1834 943 1878 petitione
959 1846 1036 1867 cor-

51 1888 238 1933 poralium.
298 1887 456 1921 Primum
490 1888 574 1931 petit
607 1887 847 1920 remissionem
878 1892 1037 1929 peccato-

51 1952 143 1974 rum.
198 1937 335 1972 Deinde
351 1939 506 1982 agnoscit
523 1939 640 1971 Deum
656 1944 812 1970 autorem
837 1946 909 1968 esse
923 1935 1038 1968 bono-

53 2002 131 2024 rum
156 2001 394 2030 successuum,
420 1996 452 2022 et
472 1989 621 2022 aliorum
645 1987 894 2021 beneficiorum
913 1997 1038 2029 corpo-

53 2041 181 2074 ralium
194 2065 202 2079 ‚
231 2047 263 2073 et
279 2040 369 2073 velle
389 2052 426 2073 ea
443 2040 526 2072 dare
552 2039 744 2072 servandae
761 2036 938 2070 Ecclesiae
955 2048 1037 2069 cau-

53 2103 103 2130 sa,
121 2091 209 2124 sicut
226 2090 392 2134 scriptum
411 2097 474 2123 est:
501 2090 575 2124 Scit
593 2097 688 2134 pater
705 2095 817 2122 vester
837 2089 930 2132 quod
950 2097 1037 2129 opus

53 2140 211 2175 habeatis
232 2140 287 2174 his
304 2141 480 2174 omnibus.
516 2139 621 2174 Item:
649 2138 801 2183 Reliqua
825 2137 1038 2171 adiicientur

53 2193 165 2226 vobis.
219 2191 325 2225 Item:
354 2190 446 2224 lacta
466 2203 582 2224 curam
600 2197 694 2224 tuam
712 2190 750 2222 in
765 2188 878 2223 Deum
890 2215 899 2229 ,
915 2194 946 2221 et
964 2187 1037 2231 ipse

52 2249 86 2277 te
104 2242 268 2276 enutriet.

153 2300 221 2335 Hic
245 2300 375 2344 singuli
398 2301 600 2333 intueamur
614 2305 751 2342 peccata
769 2304 907 2337 nostra,
934 2306 1039 2328 voca-

54 2353 188 2393 tiones,
215 2352 428 2386 calamitates
445 2350 603 2394 publicas
617 2356 648 2382 et
663 2349 826 2393 privatas.
878 2347 944 2380 His
960 2354 1038 2379 tan-

54 2403 99 2438 tis
122 2402 386 2436 necessitatibus
412 2401 584 2435 admoniti
609 2401 811 2432 invocemus
827 2396 959 2437 Deum,
990 2396 1038 2428 si-

56 2461 114 2488 cut
134 2453 235 2487 dicit:
263 2452 392 2493 Petite,
419 2464 482 2486 nec
497 2452 540 2485 sit
557 2450 709 2495 precatio
727 2449 843 2481 inanis
860 2447 1039 2492 βαττολο-

55 2502 120 2552 γία
145 2504 220 2537 sine
252 2503 431 2547 petitione.
490 2502 625 2536 Milites
650 2507 775 2545 petunt
798 2510 972 2532 successus
1001 2497 1038 2530 in

56 2555 208 2599 praelio,
234 2553 419 2588 Senatores
436 2553 638 2597 sapientiam
656 2553 693 2584 in
711 2551 828 2584 dando
845 2549 991 2582 consilio
1007 2554 1039 2581 et

59 2606 334 2650 gubernatione,
361 2603 532 2637 Doctores
547 2610 578 2636 et
596 2602 759 2645 discipuli
779 2602 814 2633 in
831 2600 956 2633 studiis
976 2605 1039 2633 etc.

57 2655 194 2691 Deinde
227 2663 259 2690 et
288 2667 427 2700 pacem,
459 2655 732 2688 foecunditatem
764 2659 894 2690 terrae,
929 2648 1040 2684 hone-

1087 238 1122 271 2.
1146 235 1290 270 dicitur:
1320 235 1368 269 Ut
1383 235 1611 279 tranquillam
1631 242 1663 269 et
1686 236 1839 281 quietam
1861 237 1967 271 vitam
1990 249 2071 280 aga-

1087 297 1164 319 mus
1181 286 1218 318 in
1239 285 1336 318 omni
1355 285 1481 328 pietate
1502 291 1534 318 et
1553 282 1742 322 honestate.

1187 343 1388 384 Postremo,
1416 343 1552 388 quoties
1576 343 1619 375 de
1642 346 1842 386 precatione
1867 347 2069 390 cogitamus,

1087 395 1297 437 adiungatur
1314 394 1504 438 gratiarum
1520 393 1628 434 actio,
1645 405 1873 437 agnoscamus
1889 404 2067 441 acceptum

1088 446 1294 478 beneficium
1327 457 1344 477 a
1374 443 1448 477 Deo
1483 444 1675 487 profectum
1703 456 1793 486 esse,
1828 453 1860 479 et
1888 447 1918 479 ci
1942 449 2069 480 debere

1087 496 1357 538 gratitudinem,
1383 506 1470 539 quae
1489 495 1703 527 ostendenda
1722 502 1769 528 est
1787 496 1993 539 dupliciter,
2013 511 2068 530 ce-

1087 546 1280 579 lebratione
1305 545 1430 589 ipsius,
1458 551 1491 578 et
1513 551 1632 578 nostra
1648 545 1870 589 obedientia,
1898 553 1929 580 et
1951 548 2068 592 quoti-

1086 597 1141 630 die
1159 597 1268 630 multa
1285 596 1452 629 beneficia
1472 607 1490 627 a
1508 593 1583 628 Deo
1601 596 1803 639 accipimus,
1832 608 1931 640 saepe
1947 598 2068 630 desen-

1085 648 1204 679 dimur
1218 648 1384 680 adversus
1401 645 1580 679 diabolum
1592 670 1601 684 ‚
1626 646 1780 689 depulsis
1799 647 1873 680 eius
1890 647 2027 681 insidiis
2048 660 2067 681 a

1084 697 1176 731 Filio
1198 696 1283 735 Dei,
1311 707 1396 741 quas
1418 707 1483 729 nos
1508 707 1651 739 prorsus
1670 697 1883 738 ignoramus.
1916 697 1962 732 Et
1987 705 2068 732 sunt

1083 749 1151 781 alia
1177 747 1450 780 innumerabilia
1475 746 1660 786 beneficia,
1688 747 1766 780 ideo
1784 747 1915 781 Paulus
1939 749 2067 793 inquit,

1088 800 1117 834 1.
1136 796 1294 832 Thessal.
1314 797 1456 831 ultimo:
1486 795 1701 830 Incessanter
1719 804 1831 837 orate,
1850 799 1886 831 in
1903 800 2067 832 omnibus

1057 859 1059 879 l
1083 849 1208 892 gratias
1227 849 1329 891 agite·

1370 964 1590 1004 Dominica
1615 964 1795 1007 Exaudi.

1324 1035 1557 1079 Evangelium
1586 1034 1755 1070 Iohannis
1782 1035 1837 1073 15.

1133 1109 1226 1147 Cum
1246 1110 1375 1144 venerit
1393 1115 1512 1144 aulem
1531 1107 1757 1152 Paracletus,
1783 1123 1885 1159 quem
1905 1123 1968 1158 ego
1985 1113 2069 1146 mil-

1186 1166 1261 1195 lam
1285 1160 1384 1194 cobis
1409 1174 1432 1194 a
1454 1165 1577 1208 patre,
1607 1160 1776 1208 spiritum
1801 1163 1980 1204 cer-ilalis,
2007 1165 2072 1211 qui

1185 1225 1209 1245 α
1232 1216 1335 1258 patre
1348 1209 1527 1257 procedit,
1555 1210 1618 1244 ille
1640 1211 1883 1246 testimonium
1902 1211 2071 1260 perhibe-

1186 1262 1238 1296 hit
1257 1259 1297 1294 de
1314 1273 1378 1297 me.
1430 1259 1531 1307 Quin
1552 1266 1581 1294 et
1602 1274 1660 1295 ros
1678 1267 1780 1296 testes
1798 1263 1894 1304 estis,
1918 1264 2007 1312 quia
2021 1264 2069 1298 ab

1188 1312 1296 1346 initio
1311 1323 1444 1345 mecum
1463 1312 1558 1345 estis.

1138 1370 1239 1405 Haec
1264 1369 1405 1404 loculus
1427 1382 1507 1403 sum
1535 1369 1653 1412 robis,
1680 1376 1717 1404 11!
1742 1370 1892 1419 nequid
1906 1369 2073 1422 offenda-

1191 1421 1303 1462 mini,
1329 1418 1481 1454 Alienos
1497 1433 1520 1453 a
1536 1421 1742 1467 synagogis
1752 1421 1897 1469 facient
1916 1435 1986 1463 ros,
2010 1422 2077 1457 sed

1193 1471 1284 1505 ceni!
1302 1468 1416 1509 hora,
1445 1475 1482 1504 nl
1499 1471 1617 1504 omnis
1639 1472 1705 1518 qui
1729 1470 1895 1506 occiderit
1919 1485 1997 1515 vos,
2021 1474 2074 1507 ci-

1191 1520 1321 1556 dentur
1336 1520 1470 1555 cultum
1485 1527 1673 1568 praestare
1683 1521 1778 1558 Deo.
1833 1522 1886 1556 Et
1903 1521 1991 1557 haec
2003 1524 2074 1572 sa-

1192 1573 1282 1606 cient
1301 1571 1416 1613 robis,
1444 1572 1532 1619 quia
1551 1585 1622 1605 non
1641 1578 1816 1606 noverunt
1830 1579 1989 1620 patrem,
2014 1587 2074 1608 ne-

1191 1635 1256 1671 que
1280 1634 1345 1658 me.
1397 1620 1473 1655 Sed
1500 1619 1589 1656 haec
1611 1622 1750 1656 loculus
1779 1636 1856 1656 sum
1885 1624 2000 1663 cobis,
2038 1630 2075 1658 ut

1192 1685 1270 1706 cum
1304 1672 1434 1705 venerii
1468 1677 1605 1718 tempus
1638 1671 1752 1713 illud,
1788 1674 2078 1708 reminiscamini

1191 1735 1310 1756 eorum
1324 1751 1331 1763 ‚
1358 1720 1458 1770 quod
1472 1734 1535 1767 ego
1553 1720 1710 1756 dixerim
1729 1723 1839 1757 cobis.
1890 1723 1992 1759 Ilaec
2009 1739 2075 1759 au-

1190 1778 1257 1807 lem
1281 1773 1381 1806 cobis
1405 1772 1453 1807 ab
1481 1772 1588 1806 initio
1617 1785 1689 1806 non
1715 1771 1817 1812 dixi,
1846 1775 1934 1823 quia
1959 1776 2075 1810 cobis-

1189 1837 1267 1858 cum
1290 1836 1401 1859 eram.

1139 1909 1224 1943 Loci
1243 1913 1413 1956 qualitor,

1243 1975 1270 2012 Ι,
1298 1975 1468 2010 Doctrina
1494 1976 1537 2008 de
1558 1974 1654 2016 Deo,
1682 1976 1760 2020 quis
1785 1977 1846 2017 sit,
1872 1984 1903 2011 et
1927 1991 2076 2023 quomo-

1296 2028 1340 2059 do
1365 2027 1409 2059 sit
1426 2027 1666 2068 agnoscendus
1685 2034 1717 2060 et
1735 2028 1964 2062 invocandus.

1242 2083 1287 2119 Il,
1317 2083 1406 2127 Quis
1431 2083 1475 2116 sit
1504 2082 1658 2126 Spiritus
1682 2093 1838 2127 sanctus,
1865 2094 1897 2120 et
1922 2088 2013 2132 quod
2032 2087 2075 2121 sit

1292 2134 1476 2178 proprium
1495 2134 1570 2167 eius
1590 2135 1757 2170 officium.

1241 2192 1304 2228 Ill.
1360 2192 1574 2226 Testificatio
1606 2194 1754 2237 duplex,
1788 2194 1891 2227 altera
1925 2207 1987 2239 per
2010 2197 2076 2230 mi-

1294 2244 1500 2284 nisterium,
1528 2244 1635 2276 altera
1654 2245 1688 2276 in
1708 2245 1882 2279 cordibus.

1243 2303 1305 2337 IV.
1332 2303 1505 2337 Doctrina
1525 2304 1567 2335 de
1592 2315 1703 2339 cruce.

1480 2383 1527 2407 De
1558 2382 1679 2412 primo.

1189 2444 1300 2488 Saepe
1315 2443 1482 2477 monendi
1502 2449 1582 2475 sunt
1604 2440 1762 2475 homines
1781 2445 1823 2476 (le
1839 2444 2070 2480 invocatione.

1062 2510 1064 2521 ⁴
1089 2494 1197 2530 Multi
1224 2495 1439 2539 precationes
1471 2493 1594 2527 dicunt
1625 2495 1774 2538 quadam
1807 2497 2070 2536 consuetudine,

1090 2547 1137 2579 ita
1161 2553 1198 2579 ut
1224 2557 1323 2578 mens
1349 2557 1460 2590 neque
1484 2544 1627 2586 cogitet,
1655 2555 1756 2587 quem
1780 2544 1894 2576 Doum
1921 2546 2070 2587 invocet,

1090 2609 1203 2642 neque
1218 2608 1332 2629 secum
1352 2597 1423 2640 ipsa
1444 2601 1604 2639 quaerat,
1622 2605 1683 2625 cur
1703 2595 1861 2628 exaudiat
1880 2594 1983 2637 Deus,
2004 2610 2067 2629 ne-

1091 2660 1158 2692 que
1179 2648 1337 2690 seiungat
1366 2658 1462 2679 suam
1499 2643 1755 2676 invocationem
1791 2656 1808 2677 a
1832 2644 2000 2683 'l'urcica,
2037 2656 2068 2682 et

1484 2694 1556 2727 18⁶
