2409 2915
229 124 303 159 619

235 207 356 246 bonis,
382 199 546 249 prohibet
564 195 770 233 conturbari
785 195 958 230 dominia,
1008 193 1101 239 Quia
1119 207 1220 240 prae-

237 265 374 302 ceptum
407 253 514 287 dicit:
558 249 640 284 Non
671 249 805 282 furtum
834 246 952 282 facies.
1011 244 1101 280 Nam
1128 246 1157 280 si
1183 246 1222 279 in

236 304 415 342 communi
439 315 478 336 ac
505 301 704 346 promiscuo
727 310 845 332 rerum
870 309 955 338 usu,
987 302 1158 342 tanquam
1184 297 1221 329 in
1247 302 1250 319 ⁵

238 354 479 392 commentitia
511 350 670 385 Platonis
704 349 862 387 civitate,
902 347 1093 381 vivendum
1119 347 1222 380 nobis

239 415 346 447 esset,
372 417 446 439 non
472 409 589 449 posset
612 413 657 434 ne
683 399 820 434 infinita
846 398 988 444 quidem
1013 397 1221 443 cuiusquam

237 457 409 506 rapacitas
430 454 516 488 furti
540 451 685 486 nomine
701 450 828 484 notari.
881 447 982 491 Quae
997 448 1091 482 enim
1108 449 1145 481 in
1162 447 1222 481 illa

238 507 422 543 Platonica
454 504 660 539 confusione
693 501 744 534 rei
781 500 916 534 alienae
954 499 1136 543 occupatio
1167 497 1222 530 vet

239 559 375 594 invasio
409 562 524 602 posset
555 551 724 587 existere?
765 550 995 585 Manifestum
1029 556 1080 582 est
1104 549 1222 592 igitur,

240 623 320 645 cum
357 610 450 642 furta
481 603 756 650 prohibeantur,
806 600 1070 636 distinctionem
1107 599 1223 633 domi-

239 662 382 695 niorum
407 665 439 691 et
463 667 581 690 rerum
607 653 856 698 proprietatem
883 651 1052 695 sapientia
1085 657 1118 683 et
1149 649 1224 692 lege

239 712 304 747 Dei
322 709 521 744 ordinatam
537 716 629 744 esse,
655 703 802 748 Deoque
825 702 978 747 placere:
1007 713 1071 734 nec
1093 712 1222 744 appro-

239 762 317 796 bari
333 760 539 794 facultatum
559 754 779 789 temerariam
804 761 836 786 et
861 753 1042 787 confusam
1066 751 1161 784 velut
1187 751 1224 782 in

241 824 354 847 unum
381 819 545 844 acervum
576 805 794 849 congeriem,
827 804 922 836 unde
944 801 1092 845 singuli,
1130 801 1223 846 quod

241 862 388 897 fortuito
411 856 644 903 arripuerint,
673 855 853 894 auferant,
879 854 1026 897 perinde
1050 859 1089 885 ut
1110 859 1225 885 temu-

243 914 329 948 lenti
354 913 500 947 iuvenes
520 907 699 941 interdum
733 905 904 949 proiectas
935 916 996 946 per
1028 903 1144 936 iocum
1171 902 1226 936 lu-

242 967 399 1008 dumque
416 967 526 994 vestes
543 958 581 991 in
600 967 709 990 uuum
729 954 908 987 cumulum
928 952 1107 997 sigillatim
1129 959 1225 997 post-

243 1028 284 1050 ea
316 1013 438 1048 sortito
470 1014 651 1054 repetunt,
693 1005 858 1048 vellsuas
891 1004 945 1037 vel
975 1004 1107 1038 alienas
1139 1003 1227 1036 reci-

246 1067 395 1112 pientes.

348 1115 421 1148 lmo
444 1109 650 1156 sapientiam
677 1115 710 1142 et
732 1107 949 1155 voluntatem
972 1104 1038 1138 Dei
1065 1104 1227 1138 conside-
1253 1112 1255 1130 ³

244 1178 326 1202 rans
345 1166 380 1198 in
407 1162 592 1197 hominum
617 1158 894 1198 consociatione,
921 1164 953 1189 et
978 1156 1096 1189 nervis
1119 1155 1228 1189 socie-

246 1219 345 1254 tatis,
373 1225 522 1259 agnosce
540 1210 631 1245 hanc
654 1209 914 1244 ordinationem
940 1219 1028 1252 opus
1054 1206 1118 1241 Dei
1144 1217 1228 1244 esse,
1254 1208 1255 1211 ’

244 1277 285 1304 ut
308 1269 352 1302 sit
378 1264 593 1311 proprietas,
628 1268 660 1294 et
691 1260 846 1304 legitima
881 1270 998 1291 rerum
1032 1257 1228 1291 distinctio:

247 1328 279 1355 et
305 1320 416 1352 laetus
442 1313 556 1349 autori
577 1313 651 1345 eius
674 1311 829 1351 ordinis,
855 1308 1062 1342 attribuenti
1086 1308 1152 1341 tibi
1178 1307 1228 1340 fa-

247 1371 394 1404 cultates
409 1373 513 1411 atque
538 1361 780 1401 conservanti,
805 1360 933 1404 gratias
956 1370 1035 1401 age,
1063 1358 1117 1391 cui
1144 1358 1230 1390 fide-

248 1422 330 1455 liter
345 1419 381 1451 in
401 1413 636 1451 oeconomicis
654 1412 777 1446 officiis
794 1411 887 1444 iuxta
904 1409 1065 1442 ordinem
1089 1408 1132 1441 ab
1155 1408 1230 1452 ipso

250 1470 423 1505 sancitum
441 1465 531 1500 servi
550 1471 653 1508 atque
678 1463 900 1505 obtempera,
927 1467 1074 1503 tuasque
1097 1469 1231 1502 posses-

250 1523 367 1556 siones
385 1525 419 1552 et
435 1518 594 1551 fortunas
612 1513 685 1547 Deo
709 1513 895 1551 offerente,
929 1510 1173 1553 suppeditante
1199 1515 1232 1542 et

248 1567 482 1621 provehente,
524 1573 639 1609 partas
670 1562 825 1596 honestis
860 1561 928 1594 tuis
962 1560 1160 1600 laboribus,
1200 1566 1233 1592 et

249 1626 340 1657 iusta
356 1617 551 1658 industria,
580 1615 633 1647 vel
651 1614 728 1647 aliis
744 1611 907 1655 legitimis
926 1611 1099 1654 licitisque
1117 1610 1232 1643 modis

250 1671 456 1718 acquisitas,
497 1667 627 1706 retine,
668 1664 803 1707 tibique
838 1674 876 1694 ac
910 1661 1029 1694 liberis
1061 1660 1147 1699 tuis,
1189 1661 1231 1692 ad

250 1731 380 1758 vestras
404 1727 437 1754 et
470 1719 621 1752 aliorum
654 1713 893 1749 necessitates,
929 1711 1111 1754 frugaliter
1137 1723 1233 1743 com-

247 1786 362 1821 parce.
1012 1812 1019 1819 ·
1050 1812 1057 1819 ⁸
1174 1811 1182 1820 Ὗ

354 1823 405 1857 lta
429 1821 581 1866 primum
610 1816 740 1855 sciatis,
768 1815 860 1859 quod
891 1825 957 1845 vox
984 1813 1125 1850 ‹ln-uia,
1153 1811 1232 1844 lNou

251 1879 384 1911 furtum
401 1872 504 1906 facies
518 1898 526 1909 ‚
552 1870 727 1902 discernat
745 1864 920 1898 dominia:
951 1864 1116 1907 quodque
1135 1863 1234 1895 liceat

252 1927 382 1961 habere
413 1921 617 1966 proprium,
659 1929 696 1949 ac
729 1927 830 1948 suum
863 1915 989 1956 cuique
1019 1921 1156 1947 tenere:
1201 1919 1233 1945 et

253 1977 347 2023 quod
375 1971 591 2017 explodenda
617 1968 684 2000 sint
710 1965 858 1998 fanatica
882 1964 1112 1995 deliramenta
1139 1964 1235 1994 Ana-

251 2027 483 2072 baptistarum
516 2028 545 2053 et
571 2014 848 2057 Monachoruui,
877 2026 894 2047 a
919 2015 1046 2059 quibus
1069 2021 1234 2057 tauquam

254 2075 439 2113 diabolicis
462 2070 630 2112 contagiis
656 2066 845 2100 abhorreri¹
869 2077 906 2097 ac
933 2065 1108 2105 refugere,
1136 2063 1233 2107 peni-

254 2139 379 2173 tusque
407 2123 536 2158 hahere
567 2130 767 2164 persuasum
796 2116 950 2151 debe-tis,
985 2116 1078 2159 qnod
1105 2126 1232 2159 nequa-

255 2191 360 2227 quam
381 2174 545 2210 sauctitas
564 2177 620 2204 aut
641 2167 804 2212 perse-ctio
824 2167 863 2199 sit
883 2166 1057 2197 discederu-
1082 2178 1098 2196 a
1126 2165 1235 2197 facul-

259 2231 410 2266 tatibus,
454 2236 512 2258 seu
544 2233 615 2255 non
645 2228 762 2251 tenere
788 2217 989 2261 proprium,
1032 2229 1068 2247 ac
1096 2215 1235 2247 interitu

257 2279 498 2315 fraudulenter
521 2281 552 2306 et
574 2273 796 2314 impudenter
821 2267 915 2298 abuti
944 2267 1055 2298 aliena
1082 2266 1235 2298 lita-rali-

259 2340 339 2369 tate,
367 2329 419 2360 xvc-l
438 2328 560 2368 ignaxa
580 2321 803 2354 mendicitate
823 2315 1237 2362 (quaesituispeciosi-st)

258 2392 290 2416 et
309 2377 552 2414 consimilibus
575 2371 768 2406 artificiosis
787 2368 989 2410 imposturis
1009 2368 1158 2399 aliorum
1179 2381 1236 2409 pa-

705 2422 795 2455 llae-c
826 2419 1011 2451 mitissima
1045 2416 1238 2462 hypocrisis

691 2485 762 2504 nou
794 2478 841 2503 est
879 2470 985 2513 pietas
1019 2477 1076 2501 aut
1109 2469 1237 2500 saucti-

259 2432 425 2468 trirnonia
447 2425 639 2460 exhaurire,

260 2493 306 2517 est
339 2483 453 2514 cloaca
486 2475 639 2512 diaboli,

261 2547 393 2568 luunt-0.

359 2586 541 2613 tao-terum
571 2574 714 2609 new-atis
740 2570 812 2608 bic,
849 2570 1106 2614 inemori-teque
1140 2583 1237 2601 inan-

260 2636 348 2668 d··tis
385 2629 622 2662 dulcissimam
658 2623 863 2657 sonu-utiam
890 2622 1108 2658 Salomonis,
1151 2634 1238 2664 quat·

262 2683 502 2718 moestissima
521 2680 627 2720 ligura
648 2676 833 2707 xci-borum
853 2672 1096 2716 complectitur
1111 2672 1237 2715 arpin-

818 110 946 148 PHlL.
972 107 1089 146 MEL.
1114 109 1322 147 SCRIPTA
1348 109 1650 149 EXEGETICA.

2180 113 2253 149 620

1245 205 1249 245 ς
1273 196 1324 240 git
1347 202 1548 243 utrumque.
1603 195 1788 242 Approbat
1817 196 2083 241 proprietatem,
2119 200 2251 243 praeci-

1245 263 1249 296 1
1274 247 1374 291 piens
1404 248 1661 291 frugalitatem,
1700 247 1956 282 custodientem
1987 258 2042 280 res
2075 250 2248 293 proprias:

1274 304 1307 331 et
1334 303 1450 331 tamen
1478 298 1554 332 vult
1577 299 1762 342 erogendis
1786 297 2016 342 eleemosynis
2041 301 2252 340 necessariis,

1274 347 1427 391 benigne
1446 348 1563 381 iuvari
1581 361 1661 382 vere
1677 357 1835 393 egentes,
1863 361 1926 392 pro
1943 347 2178 384 facultatibus.

1377 399 1430 431 Ac
1452 396 1653 432 Salomonis
1685 397 1769 432 baec
1792 406 1874 433 sunt
1897 399 2020 432 verba:
2050 397 2180 432 Fontes
2202 399 2253 432 tui

1247 447 1251 487 ,¹
1276 448 1482 482 deriventur
1497 449 1610 490 foras,
1644 456 1677 483 et
1700 456 1739 483 tu
1763 448 1938 483 Dominus
1961 461 2082 482 eorum
2106 455 2257 483 maneto.

1248 489 1251 539 ἶ
1278 498 1317 532 ld
1346 499 1591 533 suavissimum
1617 499 1769 538 dictum,
1802 507 1840 533 ut
1869 500 2040 543 egregiam
2073 506 2107 533 et
2138 510 2255 533 veram

1248 571 1251 590 a
1276 548 1451 583 Ecclesiae
1467 548 1533 583 Dei
1551 549 1749 584 doctrinam
1766 551 1808 583 de
1824 547 1891 583 hoc
1909 550 2049 593 negotio
2073 550 2256 594 proponit,

1249 604 1251 632 4
1277 601 1324 634 ita
1342 601 1447 633 simul
1465 608 1514 633 est
1532 601 1670 644 elegans
1693 607 1726 633 et
1751 601 1836 634 utile
1857 607 2077 644 praeceptum
2100 613 2254 634 oecono-

1277 651 1427 691 micum,
1466 650 1675 686 unicuilibet
1702 650 1943 695 patrifamilias
1966 650 2152 695 diligenter
2172 663 2257 685 cou-

1278 701 1518 737 siderandum.

1250 790 1253 803 9
1376 751 1544 797 Expresse
1564 751 1667 786 dicit:
1695 750 1753 785 Tu
1777 750 1952 785 Dominus
1977 751 2026 784 tui
2054 751 2160 786 fontis
2181 763 2256 784 ma-

1250 810 1253 849 l
1279 809 1381 841 neto,
1409 811 1442 836 et
1465 815 1536 836 non
1564 803 1624 836 alii
1651 809 1776 837 tecum.
1837 801 1904 835 Hic
1928 801 2108 846 perspicue
2131 802 2259 835 confir-

1250 857 1254 912 }
1279 860 1351 886 mat
1374 853 1564 895 legitimam
1583 853 1825 886 dominiorum
1849 852 2131 894 distinctionem,
2157 859 2190 886 et
2211 852 2259 884 si—

1252 913 1254 926 *
1280 904 1355 936 mul
1378 910 1522 944 monet,
1549 904 1710 937 vitandas
1727 914 1798 936 esse.
1818 903 2059 948 profusiones,
2088 910 2121 937 et
2136 900 2260 937 haere-

1281 954 1430 988 ditatum
1456 954 1714 997 dissipationes.
1767 952 1854 987 Vult
1881 961 1914 987 te
1937 954 2120 997 frugaliter
2145 960 2177 987 et
2200 965 2258 987 or-

1253 1019 1255 1026 ·
1281 1006 1401 1038 diuate
1426 1005 1496 1038 tuis
1521 1005 1625 1038 rebus
1648 1004 1699 1038 uti
1724 1005 1765 1037 ad
1792 1005 2050 1044 necessitatem,
2077 1016 2120 1037 ne
2143 1004 2259 1037 usuris

1252 1029 1255 1111 1
1282 1054 1489 1095 exhaustus,
1523 1055 1578 1088 vel
1609 1066 1794 1099 oppressus
1818 1067 1897 1088 aere
1921 1055 2056 1097 alieno,
2093 1054 2261 1097 redigaris

1281 1107 1323 1140 ad
1342 1106 1624 1146 mendicitatem,
1651 1106 1707 1138 sed
1726 1112 1763 1138 ut
1779 1105 1948 1138 incolumi
1965 1105 2178 1149 patrimonio
2196 1106 2261 1138 (lo-

1254 1154 1255 1190 l
1281 1157 1432 1190 minium
1458 1157 1561 1190 fundi
1589 1157 1755 1190 retineas:
1792 1157 1879 1189 sicut
1911 1155 2044 1189 ibidem
2074 1155 2259 1199 praecipit:

1282 1207 1371 1241 Bibe
1387 1219 1513 1253 aquam
1531 1219 1569 1240 ex
1588 1207 1657 1241 tuis
1673 1206 1851 1245 cisternis,
1878 1212 1910 1239 et
1929 1207 1977 1240 tui
1997 1206 2104 1239 fontis
2128 1206 2262 1238 rivulos

1282 1259 1383 1299 bibe,
1418 1271 1489 1291 uon
1515 1258 1660 1296 fureris,
1695 1257 1888 1302 praederis,
1924 1257 2038 1301 rapias
2061 1268 2100 1289 ex
2126 1256 2262 1291 alienis.

1283 1307 1328 1342 Et
1355 1309 1459 1352 paulo
1484 1316 1580 1342 ante:
1623 1307 1701 1341 Non
1736 1309 1796 1340 des
1820 1307 2001 1341 facultates
2027 1314 2103 1339 tuas
2126 1307 2264 1347 alienis.

1255 1342 1258 1435 ἓ
1284 1370 1347 1392 nec
1364 1359 1592 1392 substantiam
1616 1365 1710 1391 tuam
1731 1357 1951 1397 crudelibus,
1977 1358 2010 1390 id
2031 1365 2099 1397 est,
2130 1358 2264 1400 ignavis

1255 1440 1257 1452 l

1256 1500 1257 1515 l

1283 1406 1522 1447 helluonibus,
1539 1406 1746 1442 hirudinum
1758 1420 1864 1447 more,
1880 1408 2263 1452 tanquamsanguinem

1284 1467 1382 1493 tuum
1404 1460 1649 1502 exugentibus,
1678 1459 1758 1504 qui,
1782 1465 1965 1503 postquam
1987 1459 2084 1491 abusi
2104 1465 2160 1491 tua
2180 1459 2264 1491 faci-

1284 1510 1381 1544 litate
1416 1511 1644 1543 comederunt
1676 1517 1731 1543 tua
1763 1510 1875 1552 bona,
1917 1515 2031 1552 postea
2056 1515 2087 1541 te
2111 1509 2264 1542 derisum

1285 1561 1482 1604 petulanter
1522 1561 1746 1594 mordacibus
1775 1560 1877 1592 dictis
1907 1560 2080 1601 exagitant
2112 1566 2144 1593 et
2175 1559 2266 1592 inse-

1286 1618 1438 1644 ctautur.

1388 1660 1463 1693 llae
1480 1661 1671 1693 sententiae
1689 1672 1809 1693 omnes
1828 1666 2026 1703 congruunt
2045 1660 2086 1692 ad
2106 1657 2195 1694 hanc
2215 1672 2269 1693 re-

1286 1712 1404 1754 gulam
1421 1724 1521 1754 saepe
1539 1711 1720 1754 repetitam
1741 1711 1775 1743 iu
1801 1712 1958 1744 doctriua
1983 1711 2140 1749 coelesti,
2168 1711 2266 1744 side-

1258 1775 1260 1799 :
1288 1763 1385 1801 licet,
1427 1762 1652 1794 ordinatione
1684 1773 1722 1794 ac
1751 1762 1931 1794 voluntate
1962 1761 2083 1794 diviua
2113 1761 2269 1804 singulos

1288 1811 1417 1846 habere
1437 1812 1683 1856 proprietatem
1709 1819 1740 1845 et
1761 1811 1959 1844 dominium
1987 1811 2022 1844 in
2048 1812 2118 1843 suis
2137 1823 2269 1854 posses-

1288 1863 1467 1901 sionibus,
1514 1861 1657 1906 Deoque
1689 1869 1819 1904 gratam
1847 1873 1918 1894 esse
1955 1861 2204 1905 parsimoniam
2233 1862 2267 1894 in

1289 1913 1538 1946 conservandis
1556 1912 1776 1955 patrimoniis
1792 1919 1821 1944 et
1839 1909 2130 1951 haereditatibus,
2156 1923 2199 1945 ne
2216 1912 2266 1945 sa-

1289 1964 1433 1996 cultates
1452 1971 1587 1995 nostras
1606 1962 1755 2005 profusis
1766 1963 1939 1995 sumtibus
1956 1962 2002 1995 sic
2014 1959 2268 2000 exhauriamus,

1289 2021 1325 2046 nt
1344 2013 1470 2045 nostris
1487 2014 1598 2045 ‹lt-siut
1619 2013 1819 2047 necessaria.

1393 2063 1484 2097 llinc
1501 2064 1633 2096 discant
1654 2063 1734 2096 item
1754 2075 1866 2104 reges,
1901 2069 2088 2105 potestates
2111 2075 2148 2097 ae
2166 2063 2264 2107 prin-

1290 2115 1398 2158 cipes,
1426 2126 1460 2145 st·
1485 2127 1624 2158 quoque
1650 2114 1759 2146 teneri
1785 2126 1822 2146 ac
1853 2114 2001 2155 obligari
2038 2114 2110 2155 lege
2137 2115 2269 2154 divina,

1291 2179 1333 2197 ne
1358 2163 1562 2197 exhauriant
1591 2166 1680 2196 bona
1705 2165 1926 2198 subditorum
1951 2164 2147 2198 immodicis
2175 2166 2271 2210 expi-

1262 2228 1264 2253 ξ
1292 2216 1499 2250 latiouibus.
1534 2217 1590 2246 sed
1620 2223 1654 2248 ut
1681 2215 1723 2247 sit
1755 2215 1947 2248 tolerabilis
1981 2215 2202 2249 mediocritas
2233 2216 2267 2249 in

1292 2266 1451 2310 petendis
1480 2266 1643 2308 legitimis
1669 2273 1698 2298 ct
1722 2266 1911 2298 ordinariis
1935 2265 2119 2308 stipendiis
2143 2279 2181 2299 ac
2205 2267 2268 2301 tri-

1294 2318 1395 2350 liutis.
1454 2316 1586 2349 Debent
1606 2317 1698 2349 euiiu
1718 2329 1857 2359 parcere
1881 2315 2010 2348 civiuin
2037 2316 2269 2352 facultatibus.

1293 2382 1336 2400 in·
1371 2368 1624 2400 rniuurbentur
1653 2367 1829 2404 «lovinium,
1872 2377 1958 2397 neve
1995 2366 2127 2398 subditi
2165 2379 2268 2401 excu-

1294 2420 1428 2452 tiantur
1446 2431 1482 2450 ex
1504 2418 1641 2457 sumtis,
1669 2418 1725 2450 sed
1747 2424 1783 2450 ut
1802 2416 1868 2449 frui
1888 2416 1959 2448 suis
1985 2416 2186 2457 laboribus,
2212 2425 2269 2452 ut-

1293 2483 1359 2514 qui·
1381 2469 1538 2512 proprias
1557 2467 1808 2512 possessiones,
1837 2467 1956 2506 xillas,
1981 2468 2122 2507 domos,
2147 2474 2180 2502 et
2197 2469 2268 2502 for-

1294 2528 1395 2553 tnnas
1412 2528 1528 2553 tenere
1550 2518 1694 2561 possint.
1759 2517 1845 2550 Natu
1864 2517 1937 2550 iure
1955 2517 2076 2550 «livino
2097 2519 2268 2566 populum

1294 2569 1421 2603 habt-re»
1440 2570 1683 2613 proprietatem
1714 2569 1749 2600 in
1767 2569 1836 2601 suis
1863 2569 1984 2609 rebus,
2010 2565 2154 2602 historia
2180 2571 2269 2614 regis

1295 2621 1416 2654 Achab
1442 2620 1643 2663 oct-iipantis
1664 2619 1799 2651 siin-aui
1819 2616 1977 2656 Naboth,
2003 2619 2094 2652 clarc
2114 2627 2270 2660 testatur,

1264 2698 1267 2712 g
1293 2673 1374 2717 quia
1397 2673 1490 2704 Deus
1508 2672 1631 2703 sinder
1651 2670 1859 2703 nominatim
1878 2676 1966 2703 taxat
1987 2667 2075 2703 hanc
2094 2670 2270 2713 iniuriam,

1255 1454 1258 1468 ι

1255 1473 1258 1498 l
