2409 2915
97 112 168 147 801
347 110 427 146 ΧΠ.

97 197 255 231 discunt:
291 197 440 232 Dolores
464 195 586 230 mortis
609 195 919 229 circumdederunt
944 207 1016 236 me,
1051 201 1084 228 et

97 249 252 293 pericula
274 248 404 283 inferni
432 248 644 281 invenerunt
664 258 732 280 me.
792 245 902 280 Multi
927 246 1082 291 oppressi

96 297 152 333 his
183 300 369 334 doloribus
398 299 437 332 in
467 304 648 331 aeternum
683 296 828 330 exitium
862 304 981 331 ruunt.
1037 296 1084 330 Ut.

96 349 200 392 Saul,
235 349 356 392 ludas,
387 345 622 392 Aehitophet‚
650 355 683 381 et
706 348 768 380 alii
793 348 1082 388 innumerabiles,

95 402 336 435 testimonium
361 412 400 434 ac
424 399 595 432 iudicium
611 398 715 442 Legis
739 399 930 433 sentientes
947 399 1080 432 dolori-

94 453 161 486 bus
184 453 377 486 inferorum
402 461 546 494 prorsus
568 450 839 494 opprimuntur,
867 445 900 484 et
918 450 954 482 111
971 448 1025 483 1115
1043 450 1080 482 111

94 510 164 538 tota
181 502 382 537 aeternitate
398 498 557 535 haerent.

194 553 263 588 Sed
281 559 402 587 contra
418 550 485 586 hoc
501 551 660 586 terribile
676 552 847 585 iudicium
858 551 960 595 Legis
973 564 1080 597 quae-

92 605 201 639 renda
220 610 271 638 est
285 611 320 638 et
336 604 444 637 altera
461 616 528 636 vox
543 601 730 647 Evangelii
746 604 787 636 de
798 602 890 636 Filio
903 603 991 644 Dei,
1018 604 1079 648 qni

89 707 200 740 factus
225 712 295 745 est,
320 712 360 739 ut
384 713 479 739 certo
505 707 563 739 det
581 705 824 739 remissionem
845 712 1077 749 peccatorum,

87 757 258 791 iustitiam
274 763 307 791 et
317 757 424 790 vitam
437 763 612 790 aeternam
625 755 746 799 gratis,
771 768 843 789 non
857 763 1000 800 propter
1012 769 1077 789 iio-

88 815 158 842 stra
175 809 293 852 aliqua
309 808 432 840 merita
449 814 508 841 aut
523 818 640 854 opera.
695 806 800 840 Hunc
816 808 926 840 silium
944 808 1074 841 aeterni

87 858 202 894 Patris
217 858 413 892 Dominum
429 865 589 892 nostrum
602 857 717 892 Iesum
728 855 907 893 Christum
925 858 1075 891 salvato·-

87 922 160 943 rem
183 923 221 944 ac
246 910 471 943 liberatorem
496 915 676 950 nostrum,
705 921 843 942 necesse
860 915 909 942 est
923 909 1075 952 agnosci,

87 962 189 996 sicuti
212 961 248 993 in
275 961 569 1005 promissionibus
595 972 681 1004 quas
706 961 801 993 dedit
825 960 1001 1004 patribus,
1043 967 1074 993 et

85 1013 123 1046 in
139 1012 270 1046 visibili
290 1012 547 1045 consuetudine
564 1018 714 1044 assumta
730 1008 883 1044 humana
897 1018 1022 1044 natura
1040 1022 1074 1044 se

85 1065 200 1108 ipsum
213 1063 386 1107 patefecit.
419 1063 471 1095 Ac
483 1062 679 1095 firmissime
691 1063 882 1095 tenendum
896 1069 955 1102 est,
979 1060 1074 1095 hunc

85 1114 202 1148 Iesum
224 1111 406 1148 Christum
431 1112 545 1146 Deum
575 1119 609 1146 et
639 1111 819 1145 hominem
844 1113 947 1155 longe
969 1124 1073 1156 supra

984 1162 1071 1196 Nam

85 1165 227 1199 Moisen
259 1164 500 1198 extollendum
533 1170 565 1197 et
596 1163 813 1196 efferendum
846 1175 931 1197 esse.

84 1215 143 1250 hic
165 1228 257 1250 unus
280 1213 442 1249 Christus
461 1213 555 1247 lesus
572 1213 747 1247 Dominus
772 1220 803 1247 et
829 1214 982 1247 salvator
1007 1226 1073 1247 no—
1099 1222 1101 1233 ⁴

84 1274 172 1307 ster,
199 1278 316 1299 veram
340 1278 378 1298 ac
404 1272 533 1298 certam
556 1265 832 1298 consolationem
859 1265 895 1296 in
915 1262 981 1297 hoc
1000 1272 1072 1298 ter-

83 1316 418 1358 ribiliiudiciolegis
431 1317 573 1359 profert,
598 1315 764 1359 inquiens
776 1312 987 1349 lohann.3.:
1013 1314 1072 1349 Sic

81 1367 178 1402 Deus
199 1367 321 1400 dilexit
347 1367 539 1404 mnndum,
567 1372 606 1398 nt
631 1365 741 1398 filium
767 1364 990 1407 unigenitum
1008 1366 1072 1397 da-

80 1426 153 1459 ret,
182 1425 221 1451 ut
238 1417 354 1450 omnis
371 1417 431 1461 qni
449 1417 559 1449 credit
576 1416 612 1448 in
631 1427 728 1456 eum,
759 1427 830 1447 non
847 1423 983 1459 pereat,
1011 1417 1069 1449 sed

81 1468 207 1503 habeat
228 1468 333 1502 vitam
358 1474 547 1501 aeternam.
600 1464 693 1499 Haec
718 1466 913 1499 consolatio
937 1479 1004 1499 vox
1021 1474 1071 1500 est

79 1519 265 1564 Evangelii
293 1519 455 1563 propria,
484 1517 689 1562 praedicans
713 1518 749 1550 iu
774 1518 920 1550 nomine
945 1525 977 1551 et
994 1518 1070 1551 esfi-

79 1572 172 1606 cacia
196 1570 342 1604 Domini
368 1570 478 1603 nostri
505 1569 584 1602 Iesu
602 1566 734 1602 Christi
761 1568 1012 1612 poenitentiam
1037 1576 1071 1602 et

79 1622 321 1657 remissionem
348 1627 581 1664 peccatorum.
634 1618 679 1652 Et
704 1619 834 1652 auditis
859 1619 1070 1663 saepissime,

78 1673 175 1708 hunc
189 1672 384 1705 Dominum
406 1670 520 1704 lesum
538 1668 737 1710 Christum,
765 1676 797 1702 et
816 1667 907 1702 hanc
922 1670 1068 1712 gratiam

80 1725 155 1759 eius
186 1722 480 1761 inenarrabilem,
515 1721 581 1753 fide
610 1721 849 1766 accipiendam
876 1727 910 1753 et
935 1720 1069 1763 ample-

81 1775 242 1809 ctendam
266 1785 358 1816 esse,
386 1773 475 1805 sicut
498 1773 645 1805 dicitur:
685 1770 756 1813 Qui
782 1771 891 1803 credit
918 1771 953 1803 in
980 1783 1069 1811 eum,

79 1824 186 1859 habet
209 1824 317 1857 vitam
341 1830 529 1857 aeternam.
590 1821 633 1855 Et
657 1823 730 1865 ipsa
754 1823 865 1854 oratio
890 1823 1068 1866 quomodo

79 1875 308 1917 intelligenda
329 1874 392 1913 sit,
420 1873 505 1906 alibi
525 1873 700 1916 copiosius
717 1873 915 1915 exponitur,

181 1924 315 1970 Estque
340 1924 493 1968 primum
520 1923 678 1956 omnium
700 1921 766 1955 hoc
784 1923 1016 1956 certissimum
1035 1929 1068 1955 et

80 1979 154 2011 sine
181 1977 252 2009 nlla
274 1975 497 2009 dubitatione
512 1987 652 2013 verum,
680 1986 751 2006 non
770 1981 932 2017 oportere
951 1971 1068 2006 homi-

78 2041 158 2062 nem
178 2028 213 2059 in
231 2027 378 2071 peccatis
399 2033 520 2059 contra
536 2025 804 2063 conscientiam,
833 2026 869 2056 in
888 2024 1068 2058 furoribus
1093 2061 1094 2067 ἵ
1507 2060 1514 2066 ·
1770 2063 1777 2070 ·
1799 2064 1805 2070 .

77 2076 239 2113 Ethnicis
272 2084 303 2110 et
329 2075 531 2120 Epicureis,
566 2083 626 2109 aut
657 2076 693 2108 in
721 2076 901 2119 proposito
928 2076 1067 2108 sceleris
1092 2072 1095 2106 ἶ
1121 2057 1614 2116 ³⁹¹⁸fn¹¹⁵P³fe¹⁸‚nf'b'Sfflm
1640 2064 1905 2106 reconffl'fflmr’
1933 2068 2109 2112 imputans

1093 2130 1094 2137 1
1121 2109 1224 2141 1101115
1251 2108 1315 2141 filii
1345 2116 1532 2151 iustitiam,
1564 2119 1595 2144 et
1618 2114 1800 2147 remittens
1828 2125 1965 2158 peccata
1991 2127 2109 2153 nostra

78 2191 320 2225 expavescere,
347 2178 436 2210 sicut
461 2178 575 2223 inquit
594 2177 785 2211 Dominus:
815 2177 967 2220 Spiritus
987 2189 1067 2209 5311-
1092 2182 1094 2199 ³
1121 2171 1257 2191 ⁰¹¹¹¹³¹³²
1286 2167 1317 2193 et
1336 2160 1521 2194 effundum
1542 2161 1645 2195 ΡἈῙΕὟ
1660 2171 1691 2197 θῖ
1708 2163 1820 2198 Filius
1836 2166 2007 2210 Spiritum
2027 2182 2108 2203 san-

772 2228 815 2261 Et
834 2229 869 2260 111
888 2228 1066 2260 iurameii-
1091 2255 1093 2264 ⁴

79 2141 198 2164 secure
229 2140 391 2167 manere,
425 2128 482 2160 sed
513 2134 674 2171 oportere
699 2127 878 2169 agnitione
906 2127 976 2159 irae
1001 2126 1066 2158 Dei

78 2239 153 2266 ctus
175 2238 296 2274 arguet
311 2229 484 2262 mundum
503 2231 546 2261 de
566 2235 716 2271 peccato.

78 2291 135 2322 to,
163 2282 256 2327 quod
278 2280 371 2315 Deus
396 2280 468 2324 ipse
489 2280 523 2311 111
543 2277 726 2312 Ezechiele
745 2279 930 2322 proponit,
958 2289 1065 2321 copu-

39 2353 45 2359 ·
77 2334 182 2368 lativa
207 2333 319 2366 oratio
337 2338 402 2371 est,
430 2331 664 2374 complectens
681 2336 888 2374 utrumqne,
919 2341 1065 2361 conver-
1091 2348 1093 2353 ·

78 2386 212 2418 sionem
235 2390 267 2417 et
291 2382 587 2416 consolationem:
618 2380 708 2413 Yivo
728 2391 807 2422 ego,
837 2381 921 2413 dicit
939 2380 1065 2413 Domi-
1090 2413 1093 2422 ,

78 2448 161 2473 nus,
189 2435 271 2467 uolo
294 2441 441 2467 mortem
470 2431 678 2477 peccatori&
706 2433 764 2464 sed
783 2439 818 2464 ut
840 2438 1065 2464 convertatur

78 2494 112 2521 et
128 2487 231 2519 vivat.
293 2483 370 2518 Hoc
389 2485 624 2517 iuramentum
643 2484 684 2514 de
702 2489 818 2515 nostra
837 2481 1065 2515 conversione

77 2538 349 2576 consideremus,
375 2543 408 2568 et
425 2535 573 2567 sciamus
592 2532 813 2572 velleDenm,
836 2540 873 2566 ut
891 2534 931 2565 ad
951 2533 1062 2577 ipsum

77 2595 334 2623 convertamur.

79 2640 189 2684 capite
213 2638 358 2672 dicitur:
389 2637 443 2670 Ad
466 2648 569 2681 quein
596 2636 803 2679 respiciam?
831 2635 896 2667 nisi
918 2636 958 2667 ad
978 2647 1062 2678 pau-

79 2689 257 2734 perculum
283 2696 315 2721 et
341 2687 531 2720 contritum
556 2686 679 2729 spiritu
708 2695 738 2720 et
765 2693 970 2720 trementem
991 2698 1059 2719 ser-

129 2743 302 2773 Memmii.
334 2741 435 2772 Orsa.
462 2740 542 2769 Voi.
574 2738 665 2770 XIV.

488 107 884 144 ANNOTATIONES
913 108 978 144 ET
1006 107 1286 145 CONCIONES
1315 109 1365 145 IN
1393 108 1570 148 EVANG.
1602 114 1883 153 MATTHAEI.

94 656 102 664 ⁶
323 655 331 662 ,
434 655 442 661 ,
611 654 618 660 ,
759 655 766 661 ,
807 654 815 660 ,
1051 655 1059 662 .
1102 611 1106 650 l
1134 617 1228 652 Iesus
1247 616 1410 653 Christus
1428 622 1584 664 protulit.

91 667 178 690 iram
200 661 333 689 aeterni
348 654 461 688 Patris
485 654 655 699 placavit,
682 660 715 687 et
735 661 873 688 Victima
896 666 958 698 pro
975 656 1078 687 uobis
1103 658 1106 694 ὴ

1097 1457 1099 1461 s
1124 1443 1163 1464 ac
1188 1432 1268 1475 tegi.

402 2584 448 2619 Et
470 2587 590 2619 eodem
617 2586 722 2618 modo
750 2586 783 2617 in
812 2583 913 2617 Esaia
939 2584 1063 2616 ultimo

2053 126 2126 160 802

1136 206 1258 228 mones
1287 207 1394 230 meos.
1457 196 1618 233 Omnino
1650 202 1744 235 enim
1777 216 1915 239 necesse
1945 215 1994 242 est
2020 210 2125 243 etiam

1108 264 1111 283 :
1135 242 1227 278 hanc
1249 246 1444 281 terribilem
1466 251 1675 285 sententiam
1696 254 1782 297 legis
1799 257 1965 292 adversus
1982 271 2046 293 nos
2063 273 2126 294 au-

1107 295 1111 363 1
1135 296 1231 337 dire,
1257 303 1295 330 ut
1315 298 1465 332 sciamus
1485 312 1549 333 nos
1570 314 1641 335 esse
1659 316 1736 337 reos
1754 313 1785 339 et
1804 319 1933 350 poenas
1952 312 2125 353 promeri-

1135 353 1188 380 tos
1218 359 1302 383 esse.
1369 347 1504 383 Harum
1535 364 1726 395 poenarum
1755 364 1787 390 et
1814 355 1918 393 huius
1942 360 2014 394 irae
2039 374 2124 396 con—

1134 404 1253 443 spectu
1268 410 1408 432 necesse
1425 407 1475 434 est
1494 413 1558 434 nos
1575 406 1818 447 perterrefieri.

1234 464 1426 512 Postquam
1452 480 1534 502 vero
1560 481 1620 502 cor
1642 473 1756 514 coepit
1782 471 1835 507 his
1859 477 2041 513 doloribus
2057 493 2122 525 op-

1133 517 1260 561 primi,
1287 518 1449 551 addenda
1469 526 1519 553 est
1539 527 1572 554 ct
1590 523 1800 564 consolatio,
1829 539 1933 570 quam
1952 529 2120 566 immensa

1131 568 1289 601 bonitate
1321 580 1359 601 ex
1389 569 1470 602 sinu
1502 572 1633 604 aeterni
1659 571 1772 607 Patris
1796 574 1971 612 Dominus
2002 589 2122 615 noster

1638 623 1724 656 Nam
1743 637 1816 658 non
1836 628 1912 662 vult
1928 628 2022 663 Deus
2042 632 2119 665 ideo

1131 682 1214 702 voce
1241 670 1326 714 legis
1351 672 1582 714 perterresieri
1599 701 1606 713 ,
1633 681 1671 707 ut
1695 675 1730 708 in
1756 683 1825 709 tota
1849 681 2054 715 aeternitate
2082 684 2119 716 in

1129 720 1329 755 fremitibus
1342 721 1536 756 inferorum
1549 727 1811 760 contumeliosis
1825 730 1990 764 adversus
2001 733 2118 767 Deum

1129 783 1350 829 maneamus,
1378 774 1437 806 sed
1462 780 1502 807 ut
1525 775 1567 807 ad
1593 775 1706 819 ipsum
1725 787 1988 823 convertamur,
2016 792 2048 818 et
2063 797 2118 817 re-

1128 834 1331 856 missionem
1356 830 1597 868 peccatorum‚
1625 827 1793 860 iustitiam
1820 837 1853 863 et
1876 831 1981 865 vitam
2005 842 2117 868 aeter-

1128 885 1210 906 nam
1243 887 1515 919 consequamur:
1561 878 1655 922 quod
1688 878 1725 911 fit
1757 879 1793 911 in
1826 878 1920 915 hunc
1955 886 2116 919 moduni:

1127 924 1232 958 Certo
1255 926 1373 959 credat
1396 937 1434 958 ac
1458 933 1586 960 statuat
1609 940 1669 961 cor
1692 935 1809 968 tuum,
1838 931 1955 965 Deum
1974 943 2117 980 propter

1128 975 1238 1008 filium
1265 974 1461 1010 Dominum
1486 977 1600 1010 Iesum
1621 978 1801 1014 Christum
1828 991 1921 1016 certo
1945 986 2008 1018 tibi
2034 988 2116 1020 dare

1100 1046 1102 1056 ι
1127 1026 1370 1061 remissionem
1388 1035 1608 1071 peccatorum
1620 1054 1628 1068 ‚
1656 1037 1690 1063 et
1707 1028 1771 1064 hac
1788 1032 1860 1076 ipsa
1877 1035 1944 1067 fide
1960 1037 1996 1069 in
2012 1040 2116 1071 corde

1127 1084 1187 1110 tuo
1215 1075 1374 1111 babitare
1398 1085 1431 1111 et
1455 1079 1625 1113 efficacem
1647 1092 1738 1123 esse,
1766 1089 1799 1115 et
1819 1092 1979 1126 potenter
1995 1101 2033 1121 ex
2051 1090 2115 1122 do-

1126 1128 1263 1161 loribus
1287 1128 1482 1162 inferorum
1504 1136 1537 1163 te
1563 1130 1713 1174 eripere,
1747 1140 1779 1166 et
1803 1135 1912 1168 vitam
1938 1146 2114 1172 aeternam

1126 1178 1192 1211 tibi
1217 1180 1409 1213 restituere.
1471 1179 1516 1213 Et
1539 1193 1740 1226 quanquam
1765 1184 1800 1216 in
1827 1183 1889 1219 hac
1914 1189 2112 1223 tristissima

1126 1236 1157 1262 et
1189 1230 1447 1274 squalidissima
1475 1232 1545 1264 vita
1576 1240 1692 1267 manet
1722 1234 1846 1277 ingens
1871 1237 2057 1273 infirmitas
2082 1249 2115 1275 et

1126 1279 1326 1324 inquinatio
1354 1287 1492 1315 nostra:
1521 1290 1637 1316 tamen
1659 1291 1789 1318 statuas
1818 1295 1912 1322 certo
1938 1297 1970 1323 te
1995 1304 2012 1324 a
2038 1290 2113 1326 Deo

1125 1327 1190 1363 hac
1212 1330 1286 1374 ipsa
1312 1331 1380 1363 fide
1401 1339 1598 1375 receptum,
1627 1340 1659 1367 et
1684 1335 1853 1370 iustitiam
1879 1340 1941 1372 filii
1958 1340 2024 1374 Dei
2049 1343 2112 1376 tibi

1124 1380 1332 1424 imputatam
1355 1393 1445 1420 esse,
1474 1390 1507 1415 et
1529 1381 1594 1416 hac
1617 1384 1690 1425 ipsa
1713 1387 1774 1418 filii
1794 1388 1925 1423 iustitia
1946 1398 1979 1424 te
1995 1394 2113 1426 vestiri

1338 1431 1387 1465 lta
1415 1433 1509 1466 enim
1536 1434 1653 1479 inquit
1676 1435 1806 1470 Paulus
1830 1440 1866 1472 2.
1883 1439 2044 1477 Corinth.
2060 1443 2113 1479 5.:

1123 1481 1215 1516 Eum
1240 1483 1300 1528 qui
1326 1495 1399 1517 non
1422 1485 1522 1519 novit
1544 1493 1740 1530 peccatum,
1770 1487 1865 1523 Deus
1888 1492 1969 1527 fecit
1993 1506 2114 1538 pecca-

1123 1540 1216 1574 tum,
1243 1540 1282 1567 ut
1306 1546 1371 1567 nos
1389 1535 1551 1569 fieremus
1572 1537 1704 1571 iustitia
1721 1537 1787 1572 Dei
1808 1540 1845 1573 in
1865 1542 1952 1586 ipso.
2006 1544 2113 1579 Com-

1122 1582 1310 1628 prehendit
1334 1584 1466 1618 Paulus
1498 1593 1706 1632 utrumque,
1741 1599 1889 1625 mortem
1921 1601 1952 1627 et
1982 1597 2113 1639 passio-

1123 1647 1202 1668 nem
1215 1660 1224 1673 ,
1251 1642 1283 1668 et
1301 1636 1508 1670 immensam
1527 1637 1590 1671 filii
1608 1640 1766 1681 gratiam.

1225 1701 1382 1736 Primum
1408 1703 1543 1749 inquit:
1572 1703 1678 1739 Deus
1701 1707 1781 1741 secit
1803 1708 1914 1743 filium
1933 1720 2112 1755 peccatum

1122 1765 1185 1797 pro
1212 1754 1335 1794 nobis,
1362 1751 1429 1787 hoc
1446 1762 1515 1796 est,
1543 1756 1605 1789 etsi
1624 1764 1698 1791 erat
1716 1758 1791 1791 sine
1809 1769 1968 1803 peccato,
1992 1770 2111 1797 tamen

1094 1820 1096 1830 ι
1122 1805 1209 1836 iram
1229 1805 1396 1838 adversus
1416 1812 1594 1848 peccatum
1612 1820 1676 1851 pro
1693 1809 1796 1842 nobis
1813 1808 1906 1845 hunc
1924 1813 2035 1847 filium
2053 1828 2111 1858 gc-

1122 1861 1211 1888 stare
1231 1855 1354 1888 voluit.
1409 1854 1523 1901 Atque
1543 1857 1588 1889 ita
1608 1856 1665 1891 hic
1682 1859 1776 1893 fiiius
1791 1861 1930 1895 victima
1948 1877 2011 1907 pro
2030 1879 2110 1910 pec-

1121 1913 1198 1939 cato
1222 1905 1392 1938 innocens
1414 1913 1446 1939 et
1461 1908 1647 1950 purissima
1661 1909 1744 1949 suit,
1773 1917 1805 1944 et
1821 1914 1968 1947 nuncin
1984 1928 2109 1950 arcano

1121 1956 1270 1989 consilio
1304 1959 1438 1990 aeterni
1461 1956 1575 1991 Patris
1607 1959 1919 2005 impervestigabili
1945 1969 2111 2002 omnibus

1121 2007 1289 2040 creaturis
1312 2020 1375 2050 pro
1399 2008 1500 2041 nobis
1523 2009 1728 2049 intercedit,
1756 2019 1789 2045 et
1808 2013 1882 2057 ipso
1903 2016 2110 2060 deprecante

1120 2217 1214 2243 ctum
1239 2211 1274 2242 in
1293 2212 1396 2244 corda
1414 2219 1550 2253 nostra,
1578 2220 1615 2247 111
1634 2221 1665 2247 et
1682 2223 1820 2248 aeterna
1839 2218 1970 2252 institia
1989 2228 2019 2254 et
2038 2223 2106 2255 vita

1119 2273 1181 2305 per
1202 2259 1296 2294 hunc
1324 2262 1437 2305 ipsum
1459 2261 1655 2297 Dominum
1680 2273 1839 2299 nostrum
1866 2269 1979 2303 Iesum
2000 2269 2107 2305 Chri-

1120 2319 1210 2345 stum
1230 2313 1384 2346 1111101115
1403 2311 1599 2347 inchoetur.
1633 2313 1677 2348 Et
1696 2329 1896 2362 quanquam
1916 2330 2031 2356 manet
2052 2324 2106 2356 in-

1119 2363 1263 2396 firmitas
1280 2363 1314 2396 111
1334 2365 1438 2397 nobis
1455 2365 1555 2398 valde
1572 2366 1691 2404 tristis,
1716 2375 1747 2401 et
1764 2368 2011 2406 inclinationes
2027 2387 2106 2417 pra-

1119 2426 1181 2447 vae
1225 2415 1520 2455 innumerabiles,
1571 2423 1686 2449 tamen
1729 2419 1859 2453 iustitia
1900 2422 1961 2454 filii
2003 2426 2106 2458 nobis

1118 2465 1329 2509 imputatur,
1362 2474 1391 2499 et
1422 2463 1486 2498 hoc
1512 2467 1719 2501 umbraculo
1744 2472 1863 2503 sordes
1891 2482 2030 2507 nostrae
2057 2483 2103 2509 te—

1089 2543 1091 2548 .
1117 2522 1258 2559 guntur.

1218 2583 1320 2617 Hanc
1357 2585 1633 2618 consolationem
1675 2587 1710 2619 in
1752 2590 1849 2621 omni
1883 2591 2106 2628 invocatione

1117 2635 1400 2674 consideremus,
1435 2643 1465 2668 et
1498 2637 1646 2669 sciamus
1671 2646 1833 2682 oportere
1856 2649 2046 2689 utrumque
2069 2648 2104 2678 in

1118 2686 1221 2720 nohis
1244 2687 1279 2718 in
1300 2687 1476 2731 perpetuis
1496 2687 1668 2721 exercitiis
1687 2691 1923 2737 poenitentiae
1942 2707 2102 2738 crescere,

1568 2737 1611 2772 51
