2409 2915
107 56 206 91 1169
397 56 478 94 XII.

102 149 221 176 nostra
231 169 240 184 ,
267 143 490 177 iustificantis
505 154 708 189 quanquam
723 151 932 187 peccatores.

103 194 246 237 videre,
291 194 470 239 quomodo
507 206 570 238 per
601 200 741 237 peccata
774 195 913 229 erudiat
943 203 1091 230 sanctos.

102 243 216 278 Paulo
248 245 410 289 superius
441 244 654 290 proponitur
683 245 844 289 pertinax
866 245 961 280 Petri
992 247 1091 290 igno-

102 295 219 329 rantia
236 296 328 335 scum
353 296 487 329 carnali
511 295 665 340 quodam
688 307 786 329 more
808 294 950 332 Christo
976 295 1091 332 hono-

101 356 178 378 rem
201 343 357 382 haberet.
410 346 479 380 Hic
502 352 534 379 et
551 347 788 392 praesumptio
808 346 904 380 Petri
921 350 1091 383 describi-

101 402 171 431 tur.
226 395 318 439 Quia
340 409 423 430 vero
447 404 573 430 natura
597 398 794 431 adiudicata
814 399 920 432 morti
940 407 990 433 est
1009 412 1089 443 pro-

99 453 179 491 pter
203 455 384 491 peccatum
407 446 635 493 (quacunque
651 448 708 481 die
729 450 951 488 comedonis,
977 457 1089 484 morte

98 497 278 542 morieris)
303 510 374 531 non
394 505 505 542 potest
522 510 596 531 non
613 500 839 532 succumbere
855 501 977 542 morti,
1009 502 1088 534 ideo

98 548 220 582 nullae
242 549 332 581 vires
351 549 455 582 liberi
473 550 631 589 arbitrii,
659 550 778 582 nullae
796 552 952 584 carnales
970 552 1087 586 inten-

98 599 212 632 tiones
241 605 388 642 possunt
420 606 568 633 mortem
599 601 767 638 tolerare,
802 602 862 634 sed
886 602 996 645 gloria
1021 601 1087 636 Dei

99 656 168 690 est,
196 661 285 694 quae
308 650 544 683 munientium
569 651 675 684 corda
698 651 852 686 vivificat
870 653 995 696 spiritu
1012 665 1087 692 suo,

95 706 136 734 ut
158 700 227 733 iam
254 713 347 733 mors
370 713 444 733 non
463 701 506 733 sit
522 712 629 736 mors.
682 700 782 735 Sicut
798 702 889 736 Psal.
906 703 968 737 XL
986 704 1085 738 dicit:

97 749 231 785 Vivent
248 752 353 784 corda
370 763 493 784 eorum
510 751 548 783 in
564 752 718 784 seculum
737 753 861 794 seculi,
890 754 910 787 i.
929 766 958 790 e.
975 767 1086 799 quen-

97 814 202 847 quam
236 802 456 842 moriantur‚
493 810 611 835 tamen
640 802 710 835 vita
736 803 775 835 in
797 804 900 837 corde
922 805 1086 838 absorbet

96 853 169 885 vim
201 852 336 886 mortis.
398 850 533 897 Estque
565 853 602 885 id
634 863 722 895 opus
756 852 843 894 Dei,
877 854 1086 888 vivificantis

95 904 294 944 credentes;
328 903 418 937 sicut
450 901 728 938 Psalm.XL111.
759 904 860 937 dicit:
892 903 1085 938 Brachium

94 966 218 988 eorum
243 966 316 987 non
345 953 495 987 salvabit
519 965 595 994 eos,
631 954 690 986 sed
718 954 837 987 dextra
863 962 922 988 tua
948 962 981 988 et
1005 957 1085 989 bra-

93 1002 215 1038 chium
238 1012 358 1046 tuum,
387 1011 420 1038 et
442 1004 656 1038 illuminatio
683 1005 800 1038 vultus
819 1005 890 1044 tui,
916 1006 1084 1050 quoniam

94 1056 337 1100 complacuisti
356 1056 394 1088 in
410 1056 457 1088 eis
476 1062 539 1088 etc.
591 1054 638 1088 Et
659 1057 687 1089 1.
700 1054 776 1089 Cor.
789 1055 887 1091 XV.:
916 1056 990 1090 Deo
1007 1068 1084 1100 gra-

93 1106 160 1151 tia,
201 1107 297 1152 quod
325 1106 423 1140 dedit
455 1106 558 1138 nobis
588 1105 772 1139 victoriam
806 1119 867 1149 per
897 1108 1082 1140 dominum

92 1164 255 1191 nostrum
295 1156 409 1191 lesum
444 1154 636 1191 Christum.
713 1156 959 1202 Probaturque
999 1159 1084 1191 fides

90 1205 298 1241 huiusmodi
323 1207 598 1247 tentationibus,
623 1207 684 1240 ubi
712 1207 779 1239 iam
802 1209 920 1241 nullae
945 1217 1083 1243 creatu—

90 1270 150 1292 rae
173 1271 276 1302 opem
299 1260 437 1299 ferunt,
466 1258 555 1291 sicut
581 1269 642 1301 per
664 1270 803 1290 omnem
830 1259 937 1292 vitam
964 1259 1082 1304 inopia

91 1316 126 1343 et
141 1310 288 1343 infamia
300 1337 309 1351 ‚
334 1310 397 1343 ubi
415 1308 566 1342 desuerit
582 1308 711 1341 rationi
727 1309 927 1343 consilium.

222 1399 349 1448 Quare
374 1413 447 1434 non
471 1411 618 1447 possum
642 1404 673 1433 te
697 1400 801 1447 sequi
824 1399 944 1436 modo.

191 1476 273 1510 Non
289 1477 372 1509 satis
386 1474 599 1509 intellexisse
610 1473 765 1516 Petrum,
794 1489 882 1521 quae
899 1477 1081 1520 praedixe-

90 1534 146 1562 rat
163 1526 328 1560 Christus
352 1528 394 1559 de
419 1525 596 1570 passione,
622 1533 767 1569 apparet
790 1539 829 1560 ex
856 1527 927 1560 illis
945 1528 1079 1560 verbis:

89 1578 210 1622 Quare
233 1590 307 1611 non
323 1583 407 1616 etc„
432 1576 505 1609 scil.
532 1586 609 1607 cum
635 1589 696 1619 ego
722 1578 825 1620 plane
836 1578 1079 1611 constituerim

89 1630 193 1663 etiam
221 1628 293 1663 unzi
319 1634 467 1661 mortem
496 1625 614 1666 obire,
639 1634 743 1672 atque
768 1628 813 1661 ita
840 1640 983 1672 prorsus
1001 1640 1079 1661 sen-

90 1681 187 1715 tiam.
241 1677 541 1715 Miraturl‘etrus,
566 1689 628 1710 cur
645 1679 742 1723 sequi
761 1691 832 1712 non
853 1679 971 1722 possit,
996 1680 1077 1725 quia

89 1731 180 1765 ratio
210 1743 274 1764 nec
306 1732 374 1763 vim
405 1730 548 1772 mortis,
582 1740 644 1762 nec
672 1742 770 1763 suam
799 1731 1078 1764 imbecillitatem

88 1782 221 1823 cernit,
247 1789 286 1815 ut
308 1781 415 1816 Rom.
434 1779 514 1815 VII.
539 1782 655 1826 inquit
674 1780 883 1825 Apostolus:
912 1779 987 1824 Ego
1014 1782 1079 1814 ali-

89 1833 233 1878 quando
260 1833 333 1865 sine
358 1833 430 1875 lege
459 1831 548 1873 vixi,
583 1831 648 1866 hoc
674 1839 744 1873 est,
772 1845 844 1865 non
867 1833 957 1865 sensi
985 1832 1079 1865 iudi-

90 1884 183 1917 cium
202 1883 306 1926 legis,
333 1884 422 1916 sicut
441 1895 503 1916 nec
515 1883 724 1917 Pharisaeus
740 1884 799 1915 ille
816 1883 932 1916 Lucae
942 1881 1078 1917 XVIII.

87 1934 252 1967 cernebat
284 1941 462 1977 peccatum
494 1946 618 1976 suum,
650 1946 728 1967 cum
761 1934 909 1974 diceret,
944 1946 979 1966 se
1004 1945 1077 1967 non

89 1995 162 2018 esse
180 1984 269 2017 sicut
287 1991 451 2017 caeteros.

270 2072 444 2108 Animam
470 2079 571 2108 tuam
595 2087 662 2121 pro
686 2086 739 2107 me
763 2075 901 2121 pones?

189 2151 294 2186 Tune
318 2159 467 2186 mortem
494 2151 674 2184 vinceres?
702 2152 807 2197 idque
831 2164 894 2196 pro
917 2165 989 2194 me,
1015 2154 1076 2199 qui

86 2205 161 2249 ipse
177 2205 214 2236 in
232 2201 299 2236 hoc
316 2203 417 2243 veni,
442 2209 480 2236 ut
497 2202 648 2235 vincam.

87 2295 203 2331 Amen
231 2308 338 2329 amen
363 2293 443 2329 dico
469 2294 587 2335 robis,
631 2303 829 2341 antequam
853 2294 986 2341 gallus
1011 2302 1073 2334 etc.

189 2373 258 2407 Hic
274 2379 324 2406 est
343 2372 455 2405 exitus
473 2371 604 2414 gloriae
622 2370 748 2404 carnis,
803 2370 927 2405 Petrus
943 2373 1074 2407 consti-

87 2431 204 2460 tuerat
227 2425 319 2467 apud
344 2435 396 2464 se,
423 2434 457 2456 se
482 2422 636 2455 officium
662 2421 741 2454 fidei
766 2421 960 2461 facturum,
989 2436 1074 2458 con-

87 2482 218 2511 stanter
250 2481 450 2508 secuturum
482 2480 545 2508 etc.
604 2471 725 2517 Neque
755 2472 851 2505 aliud
882 2475 988 2508 sentit
1015 2482 1074 2509 aut

87 2526 199 2561 cernit
221 2524 359 2560 Petrus,
419 2523 471 2558 Ea
497 2523 607 2568 gloria
633 2523 747 2556 carnis
774 2531 835 2559 est.
897 2523 966 2559 Sed
992 2526 1073 2571 quia

85 2577 239 2612 carnalis
261 2576 498 2621 praesumptio
515 2588 589 2609 non
609 2576 693 2608 fides
707 2582 796 2617 erat,
822 2576 901 2609 ideo
917 2589 989 2610 non
1007 2578 1073 2610 du-

87 2628 197 2672 ravit,
227 2627 309 2673 quia
331 2628 446 2661 omnis
472 2627 580 2669 gloria
604 2627 719 2660 carnis
745 2639 806 2661 ceu
832 2627 941 2671 gloria
965 2629 1072 2665 foeni.

139 2680 317 2712 Merum.
337 2681 439 2712 Orza.
469 2677 554 2713 Ver.
573 2680 664 2711 XJV.

532 55 929 94 ANNOTATIONES
955 57 1022 94 ET
1049 58 1330 98 CONCIONES
1358 63 1409 98 IN
1435 62 1619 102 EVANG.
1649 65 1863 105 IOANNIS.

984 144 1047 179 Est
1062 152 1095 180 et

2042 74 2140 111 1170

1148 145 1254 188 Quod
1281 148 1310 181 si
1330 149 1378 182 sic
1395 150 1462 184 exit
1477 151 1590 198 gloria
1607 152 1744 196 piarum
1763 155 2003 191 intentionum
2020 165 2136 194 tamen

1147 199 1361 238 carnalium,
1388 201 1466 246 quis
1491 209 1542 236 est
1562 203 1702 238 futurus
1725 206 1836 240 exitus
1855 208 1985 251 gloriae
2002 221 2137 251 eorum,

1145 249 1207 292 qui
1226 250 1329 284 rebus
1346 253 1470 285 mundi
1488 253 1626 287 fidunt?

1485 377 1621 432 Caput
1675 381 1796 423 XIV.

1247 457 1355 491 Initio
1380 456 1486 493 huius
1504 461 1647 505 capitis,
1674 469 1713 496 ut
1732 463 1907 508 plerisque
1925 465 2010 498 locis
2025 464 2134 499 Chri-⁹

1144 515 1215 540 stus
1247 507 1374 542 iterum
1405 510 1558 552 indicat,
1592 513 1635 545 ad
1669 514 1754 557 quid
1776 515 1931 555 venerit,
1967 517 2062 560 quod
2087 518 2133 551 sit

1143 558 1297 591 officium
1330 572 1451 601 suum,
1480 574 1570 606 quae
1601 565 1745 607 proprie
1766 576 1805 597 ev
1810 565 1966 608 angelica
1987 568 2130 611 praedi-

1143 609 1231 642 catio
1263 616 1330 649 est,
1362 611 1494 645 scilicet
1521 624 1556 645 se
1583 624 1676 654 esse,
1710 615 1771 659 qui
1797 616 1997 649 mansiones
2021 625 2130 660 paret,

1142 659 1201 703 qui
1224 637 1361 693 rediehs
1378 674 1442 695 nos
1457 671 1661 707 recepturus
1679 665 1724 698 sit
1742 666 1785 698 ad
1804 678 1858 707 se,
1885 678 1919 700 se
1937 679 2008 700 esse
2027 668 2130 709 viam,

1142 710 1321 744 veritatem
1340 718 1372 745 et
1389 713 1508 749 vitam.
1562 713 1745 749 Postremo
1763 693 1889 750 finieiis
1905 718 2053 762 explicat
2071 730 2130 752 su-

1142 761 1278 803 periora
1302 762 1362 795 illa
1387 763 1533 804 clarius,
1561 777 1640 798 cum
1664 766 1797 811 inquit:
1830 767 1943 800 Nemo
1967 769 2064 802 xenit
2085 760 2129 802 ad

1141 817 1274 854 patrem
1299 812 1367 843 nisi
1384 823 1445 854 per
1460 823 1527 846 me.
1577 814 1714 845 Eodem
1732 817 1882 857 pertinet
1897 819 1992 863 quod
2011 819 2129 864 sequi—

1140 867 1216 899 tur,
1245 868 1378 904 patrem
1396 862 1577 919 cognosci,
1608 863 1636 895 si
1653 864 1725 906 ipse
1743 875 1992 906 cognoscatur
2020 876 2052 903 et
2068 881 2129 913 pa-

1139 917 1228 944 trem
1254 912 1384 952 videri,
1413 913 1440 944 si
1467 913 1541 956 ipse
1565 913 1738 948 videatur.
1792 913 1910 947 Habes
1933 913 2037 949 huius
2061 917 2130 950 loci

1140 969 1171 994 et
1196 973 1341 1006 scopum
1365 969 1397 996 et
1421 969 1541 1007 caput,
1568 964 1610 996 ad
1635 965 1731 1009 quod
1756 964 1892 1010 reliqua
1911 963 2058 999 historia
2074 979 2129 1000 re-

1139 1013 1282 1045 ferenda
1316 1019 1386 1053 est,
1426 1020 1466 1047 ut
1495 1014 1688 1055 discamus,
1723 1027 1796 1048 non
1830 1015 1960 1049 nostris
1992 1017 2128 1050 viribus

1140 1063 1319 1096 iustificari
1351 1075 1434 1102 nos,
1472 1076 1543 1097 non
1569 1065 1699 1098 nostris
1724 1066 1858 1099 meritis
1884 1066 2032 1108 salvari,
2066 1069 2127 1101 sed

1139 1109 1273 1146 Christi
1296 1114 1422 1157 spiritu
1446 1127 1511 1147 nos
1536 1115 1743 1157 santfficari,
1769 1114 1902 1150 Christi
1929 1118 2039 1159 gratia
2062 1129 2127 1151 nos

1138 1163 1285 1205 salvari,
1326 1176 1468 1210 esseque
1497 1163 1588 1199 hanc
1617 1167 1709 1199 viam
1740 1168 1783 1199 ad
1813 1168 1978 1208 salutern,
2020 1180 2126 1213 quam

1138 1214 1251 1258 praeit
1273 1211 1454 1256 Christus,
1485 1217 1616 1250 scilicet
1644 1224 1815 1259 mortem,
1849 1218 1949 1263 eique
1979 1219 2127 1262 imagini

1137 1272 1299 1308 oportere
1322 1278 1387 1299 nos
1410 1267 1542 1300 similes
1562 1267 1646 1300 fieri.
1700 1267 1752 1301 De
1771 1269 1931 1311 passione
1948 1277 2027 1303 ante
2044 1270 2126 1303 satis

1136 1316 1258 1349 multa.
1312 1314 1381 1349 Hic
1403 1329 1498 1350 nunc
1522 1315 1712 1361 Apostolos
1736 1320 1937 1353 consolatur
1954 1317 2127 1361 Christus,

1136 1365 1317 1409 inquiens:
1346 1365 1398 1399 Ne
1420 1369 1582 1400 turbetur
1605 1381 1665 1401 cor
1689 1376 1861 1410 vestrum,
1888 1371 2036 1409 scilicet,
2063 1371 2127 1404 ubi

1135 1427 1191 1448 me
1206 1416 1366 1449 videritis
1381 1417 1557 1460 crucifigi,
1583 1419 1645 1450 ubi
1662 1419 1763 1452 vobis
1777 1432 1918 1465 quoque
1935 1427 2054 1463 portae
2071 1421 2125 1453 in-

1135 1466 1291 1499 ferorum
1318 1474 1468 1501 mortem
1491 1467 1742 1510 minabuntur,
1779 1476 1855 1503 tum
1879 1482 1951 1503 non
1979 1478 2125 1505 contur-

1135 1517 1238 1550 betur
1255 1529 1315 1550 cor
1333 1524 1500 1554 vestrum.

1249 1589 1411 1627 Credilis
1435 1594 1473 1627 in
1497 1593 1639 1635 Deum,
1668 1600 1699 1629 el
1725 1595 1763 1628 in
1786 1607 1840 1630 me
1862 1594 2004 1633 credite.

1229 1660 1331 1703 'Quia
1355 1659 1516 1697 Christus
1542 1664 1772 1707 crucifigitur,
1810 1671 1912 1707 negat
1939 1677 2018 1698 eum
2042 1677 2121 1700 caro

1134 1711 1256 1744 salutis
1279 1719 1437 1745 autorem
1464 1725 1553 1755 esse3
1582 1715 1684 1756 item,
1712 1714 1794 1759 quia
1819 1715 2026 1758 affliguntur
2042 1728 2122 1750 san-

1134 1762 1196 1802 cti,
1231 1769 1332 1805 negat
1356 1776 1454 1802 caro,
1488 1762 1552 1797 hos
1567 1764 1650 1799 xDeo
1676 1778 1779 1799 curae
1804 1777 1885 1799 esse.
1944 1767 2123 1801 Adversus

1133 1810 1200 1846 hoc
1224 1814 1427 1847 scandalum
1453 1816 1636 1850 confirmat
1650 1814 1812 1850 Christus
1829 1817 2038 1861 discipulos,
2066 1819 2122 1851 in-

1133 1863 1271 1908 quiens:
1295 1863 1449 1899 Creditis
1467 1867 1503 1898 in
1514 1865 1640 1906 Deum,
1667 1868 1753 1900 etin
1771 1880 1826 1900 me
1842 1868 1984 1907 credite,
2007 1869 2042 1902 id
2060 1876 2121 1909 est,

1133 1915 1162 1947 si
1186 1915 1327 1949 creditis
1352 1917 1446 1961 quod
1464 1915 1559 1950 Deus
1583 1919 1626 1952 sit
1643 1930 1704 1951 vos
1721 1919 1998 1961 glorificaturus,
2024 1921 2120 1964 quod

1133 1965 1257 2008 diligat
1280 1978 1342 1999 vos
1360 1966 1474 2010 Deus,
1503 1969 1650 2009 credite,
1679 1970 1772 2011 quod
1798 1966 1864 2002 hoc
1886 1970 1990 2002 modo
2011 1970 2120 2013 glori-

1129 2016 1228 2054 ficet,
1257 2018 1557 2061 quemadmodum
1585 2031 1639 2052 me
1665 2020 1791 2053 videtis
1812 2020 2061 2062 glorificatum,
2087 2028 2120 2055 et

1132 2067 1283 2108 credite,
1311 2069 1405 2112 quod
1431 2066 1516 2102 haec
1543 2082 1618 2103 mea
1643 2081 1736 2103 mors
1761 2070 1816 2103 via
1836 2070 1879 2104 sit
1897 2071 1939 2103 ad
1959 2071 2118 2113 gloriam,

1131 2124 1165 2151 et
1182 2129 1294 2156 meam
1313 2126 1346 2152 et
1363 2119 1519 2152 universi
1537 2121 1694 2164 corporis
1710 2122 1790 2161 mei,
1817 2122 1912 2166 quod
1931 2122 2119 2156 satisfaciat

1130 2180 1193 2211 pro
1211 2171 1359 2212 peccatis
1375 2171 1498 2203 mundi
1517 2177 1578 2205 etc.
1636 2171 1743 2204 Vides
1758 2171 1877 2214 igitur,
1906 2172 1995 2205 velle
2012 2170 2117 2206 Chri-

1129 2226 1240 2260 stum,
1275 2221 1342 2254 fide
1376 2221 1574 2254 confirmari
1605 2223 1730 2262 corda,
1765 2234 1837 2255 non
1861 2223 2012 2256 externis
2035 2223 2117 2256 ullis

1127 2270 1248 2314 signis.

1204 2354 1249 2389 Si
1270 2367 1341 2403 quo
1363 2355 1486 2389 minus
1509 2353 1685 2389 dixissem
1712 2356 1828 2399 cobis,
1864 2357 1953 2405 quia
1978 2362 2037 2394 etc.

1230 2423 1414 2467 Quatenus
1442 2425 1602 2457 nondum
1634 2433 1715 2460 sunt
1738 2433 1877 2471 paratae
1902 2426 2113 2465 mansiones,

1127 2475 1224 2509 locus
1248 2475 1390 2519 quidem
1408 2483 1475 2515 est,
1503 2476 1560 2508 sed
1579 2478 1739 2510 nondum
1757 2477 1936 2510 absolutus
1953 2483 2020 2518 est3
2049 2478 2112 2511 ab·

1125 2526 1281 2559 solvetur
1312 2532 1449 2565 autem,
1494 2538 1571 2559 cum
1606 2525 1767 2562 Christus
1801 2531 1967 2561 evacuato
2003 2539 2110 2571 regno

1125 2577 1248 2610 mortis
1264 2588 1325 2620 per
1341 2587 1437 2608 suam
1454 2583 1602 2610 mortem
1619 2578 1697 2612 ierit
1716 2585 1941 2621 regnaturus,
1969 2578 2110 2622 placans

1123 2635 1256 2674 patrem
1290 2634 1323 2661 et
1356 2628 1574 2661 sanctificans
1603 2630 1794 2665 credentes.
1849 2627 1932 2662 Meo
1966 2629 2108 2674 quidem

1551 2678 1599 2712 74
