2409 2915
332 91 403 126 511

335 178 522 210 adventum
541 169 708 211 Messiae‚
735 179 838 215 quem
862 168 964 202 etiam
993 168 1135 212 prodest
1159 168 1320 212 cogitare,

335 234 374 260 ut
391 225 556 259 securitas
574 221 723 256 carnalis
741 220 949 263 corrigatur.

440 271 639 318 Prophetae
651 272 830 305 interdum
846 270 949 303 simul
963 269 1157 313 loquuntur
1169 270 1210 303 de
1222 276 1320 303 utro-

338 338 406 371 que
430 327 583 358 adventu
600 320 753 363 Christi,
778 328 817 355 ut
840 319 896 354 hic
924 319 996 353 lo'ejt
1019 319 1177 364 loquitur
1201 322 1242 353 de
1267 331 1320 352 re-

337 376 511 410 velatione
527 373 732 416 Evangelii,
759 378 794 406 et
812 371 928 405 statim
947 369 1105 413 adiungit
1124 371 1319 414 gloriosum

337 429 528 462 adventum
562 422 697 458 Christi
728 423 765 455 in
799 421 991 455 novissimo
1025 421 1167 455 iudicio.
1236 420 1321 454 Pars

338 476 543 523 prophetiae
576 475 794 517 intelligatur
823 473 867 505 de
897 471 1011 515 primo
1037 472 1208 511 adventu,
1243 474 1329 515 pars'

339 531 382 563 de
405 528 569 561 secundo.
622 524 710 558 Nam
735 535 824 567 quae
849 523 892 555 de
912 521 1021 565 signis
1043 522 1144 555 dicit:
1180 521 1320 555 Mittam

339 579 564 622 sanguinem,
592 575 718 618 ignem,
746 573 807 607 Sol
824 573 1017 606 mutabitur
1032 579 1092 606 etc.
1145 571 1220 606 Etsi
1239 570 1322 604 haec

339 631 443 663 etiam
469 632 615 671 possunt
639 623 895 658 accommodari
920 624 963 656 ad
989 629 1127 670 tempus
1152 622 1323 666 passionis

338 679 491 715 Christi,
535 683 651 710 tamen
690 674 894 707 describunt
931 679 1042 706 totum
1082 680 1218 717 tempus
1247 679 1323 716 post

338 727 524 772 Evangelii
548 725 799 760 revelationem
815 736 925 767 usque
945 725 987 756 ad
1009 723 1197 763 iudicium,
1225 724 1324 756 vide-

338 782 420 814 licet
443 778 618 812 excidium
644 776 752 810 totius
770 774 931 808 Iudaicae
954 774 1084 817 gentis,
1111 774 1323 807 mutationes

338 841 547 874 regnorum,
587 834 622 861 et.
648 826 860 860 calamitates
889 825 1064 868 publicas,
1100 835 1188 868 quae
1221 830 1324 857 erunt

338 881 512 916 saeviores
529 879 566 911 in
581 878 667 917 fine,
693 877 781 909 sicut
799 881 1001 918 praemonet
1015 872 1176 907 Christus
1194 872 1324 910 Matth.

339 935 400 968 ⁶28.
426 938 458 965 et
482 930 568 963 Luc.
586 929 646 962 21.
677 933 715 959 ut
740 926 900 957 videmus
924 923 991 955 iam
1015 924 1182 957 omnibus
1207 925 1325 968 regnis

340 981 543 1026 impendere
571 976 814 1011 mutationem.
878 972 923 1007 Et
947 974 1163 1016 praedictum
1185 983 1235 1009 est
1258 987 1325 1008 no-

338 1032 500 1067 minatim
531 1030 574 1062 de
598 1027 677 1069 Gog
709 1033 742 1059 et
768 1025 914 1068 magog,
950 1024 984 1056 id
1009 1031 1081 1065 est,
1115 1025 1158 1058 de
1185 1025 1325 1067 Turcis‚

339 1084 433 1129 quod
457 1082 527 1114 sint
550 1077 718 1111 vastaturi
743 1077 849 1109 arinis
865 1086 1026 1118 magnam
1052 1082 1184 1118 partem
1201 1075 1324 1110 Eccle-

339 1137 421 1169 siae.
475 1130 697 1164 Praedictum
723 1134 772 1160 est
797 1134 830 1160 et
846 1127 889 1159 de
907 1123 1128 1160 Antichristo
1145 1138 1205 1160 seu
1222 1139 1324 1171 pseu-

338 1180 577 1229 dopropheta,
603 1180 638 1212 id
663 1184 730 1218 est,
757 1177 870 1221 Papa,
896 1176 957 1221 qui
982 1177 1116 1210 sedebit
1138 1177 1174 1209 in
1195 1178 1324 1222 templo

337 1235 426 1275 Dei,
455 1233 491 1266 id
515 1238 584 1273 est,
609 1230 648 1263 in
672 1229 746 1274 ipsa
762 1226 936 1271 Ecclesia,
965 1234 996 1261 et
1013 1228 1228 1271 grassabitur
1244 1229 1325 1264 dolo

337 1294 370 1321 et
388 1286 431 1321 vi.

440 1335 536 1369 Haec
560 1333 652 1366 mala
674 1332 952 1371 consideremus,
979 1337 1011 1364 et
1036 1330 1103 1363 fide
1130 1342 1193 1362 nos
1215 1331 1325 1370 magis

337 1386 558 1425 muniamus,
585 1391 619 1417 et
632 1394 771 1416 oremus
786 1381 920 1420 Deum,
948 1387 987 1414 ut
1004 1391 1068 1412 nos
1085 1385 1216 1419 servet,
1244 1379 1323 1423 quia

338 1439 376 1471 iu
406 1437 521 1476 Luca,
556 1446 634 1468 curn
665 1433 785 1466 eadem
817 1431 1085 1473 praedicuntur:
1120 1429 1197 1463 Erit
1227 1441 1325 1473 pres—

337 1500 417 1522 sura
444 1485 620 1530 gentium,
657 1490 772 1516 tamen
801 1481 942 1514 additur
968 1480 1160 1513 consolatio
1187 1481 1323 1512 eadem:

337 1539 452 1581 Prope
485 1543 535 1570 est
569 1533 738 1567 redemtio
770 1538 894 1566 vestra.
965 1529 1069 1564 Item:
1106 1530 1260 1573 Yigilate
1293 1537 1325 1564 et

337 1596 452 1627 orate,
485 1594 523 1620 ut
556 1583 695 1628 possitis
720 1580 804 1615 haec
830 1581 991 1624 effugere.
1043 1579 1147 1614 Certe
1172 1581 1324 1624 pericula

336 1648 537 1682 temporum
562 1633 751 1668 hortantur
775 1644 839 1664 nos
856 1632 898 1664 ad
918 1631 1170 1675 precationem,
1197 1637 1230 1664 et
1249 1644 1325 1664 mo-

335 1696 423 1726 nent
453 1689 584 1722 instare
609 1685 710 1718 illum
739 1683 852 1719 diem,
885 1694 954 1727 quo
976 1693 1098 1714 omnes
1124 1682 1220 1725 impii
1246 1693 1323 1714 cum

336 1740 488 1775 diabolis
515 1738 552 1771 in
578 1743 736 1769 aeternas
759 1744 887 1777 poenas
903 1733 1133 1773 abiicicntur,
1163 1740 1195 1765 et
1214 1731 1326 1765 Filius

336 1791 406 1827 Dei
431 1787 641 1834 glorificabit
664 1783 856 1819 Ecclesiam
881 1795 989 1818 suam.
1054 1782 1130 1816 Iloc
1154 1783 1323 1816 iudicium

336 1841 441 1878 nobis
463 1848 720 1884 proponamus,
748 1842 782 1869 et
800 1836 948 1867 sciamus
965 1846 1037 1867 uon
1057 1834 1178 1877 procul
1196 1835 1325 1867 abesse.

337 1893 418 1934 (Jog
450 1898 483 1924 et
507 1888 637 1930 Magog
669 1897 748 1918 vere
779 1885 938 1928 pervenit
962 1884 997 1915 in
1024 1895 1201 1917 summum
1227 1885 1321 1917 sasti-

337 1943 453 1988 gium,
479 1946 513 1973 et
531 1934 770 1971 Antichristus
797 1935 864 1966 iam
891 1934 1076 1966 revelatur.
1132 1933 1226 1966 llaec
1243 1942 1324 1969 sunt

336 1995 435 2036 signa
464 1987 581 2024 ultimi
614 1984 800 2028 temporis,
835 1985 878 2016 de
911 1995 981 2028 quo
1015 1984 1231 2027 praedictum
1265 1992 1324 2024 est,

335 2046 430 2082 fore,
456 2048 496 2076 ut
518 2043 648 2073 crescat
672 2042 755 2069 tunc
780 2034 950 2078 impietas„
1004 2032 1086 2067 ldeo
1110 2034 1218 2067 simus
1235 2035 1323 2078 vigi-

336 2096 448 2128 lantes
471 2097 505 2125 et
520 2088 630 2128 cauti,
657 2098 701 2120 ne
718 2085 919 2118 deficiamus
938 2097 956 2118 a
971 2097 1051 2117 vera
1071 2085 1249 2123 doctrina,
1279 2086 1323 2119 ti-

334 2153 492 2179 meamus
515 2146 548 2174 et
570 2139 774 2171 invocemus
797 2135 929 2172 Deum,
957 2142 995 2168 ut
1019 2147 1082 2168 nos
1106 2142 1218 2178 regat,
1244 2135 1322 2169 Non

335 2195 557 2230 ostendamus
587 2199 666 2222 eum
698 2193 817 2219 nostra
842 2185 1117 2228 ingr.·ititudine,
1151 2193 1183 2219 et
1210 2187 1323 2231 turpi-

335 2246 461 2280 tudine
489 2251 641 2276 morum.
701 2236 797 2270 llaec
826 2236 1021 2269 admonitio
1046 2237 1238 2270 neccssaria
1263 2245 1323 2277 est,

336 2295 478 2343 quando
494 2294 537 2327 de
556 2289 664 2334 signis
683 2287 849 2334 postremi
870 2286 1036 2331 temporis
1053 2287 1194 2323 dicitur.

432 2401 648 2440 Secunda
676 2410 787 2444 par-5
817 2398 1058 2432 concionis
1086 2398 1231 2435 Petri.

515 2473 588 2508 Vari
610 2469 787 2505 lar-aelium
810 2469 921 2501 audire
945 2467 1041 2501 verba
1064 2467 1153 2501 haec.

438 2545 480 2580 ln
499 2545 616 2589 priore
633 2548 730 2587 parte
741 2539 930 2574 concionis
945 2539 1077 2573 dictum
1095 2546 1157 2577 est.
1184 2542 1324 2587 deipsis

338 2600 420 2634 noxi
446 2593 664 2630 'testamenti
692 2589 888 2630 beneficiis,
922 2590 966 2622 de
988 2590 1199 2631 salvatione,
1225 2601 1256 2626 et
1282 2596 1324 2627 de

339 2650 527 2686 donatione
550 2644 705 2691 Spiritus
726 2641 855 2683 nancti,
881 2640 942 2687 qui
965 2647 1014 2676 est
1035 2638 1186 2677 arrhabo
1214 2656 1324 2679 novae

928 82 1054 119 PHlL.
1082 78 1198 119 MEL.
1225 79 1433 118 SCRIPTA
1457 80 1757 120 EXEGETICA.

1374 175 1406 202 et
1423 175 1584 204 aeternae
1601 169 1759 204 iustitiae
1774 175 1806 203 et
1824 166 1925 204 vitae.
1982 167 2087 203 Nune
2103 169 2259 214 sequitur
2276 181 2356 214 pars

1374 221 1547 260 secunda,
1579 222 1622 254 de
1652 232 1752 254 causa
1786 231 1846 253 seu
1871 226 1994 254 autore
2018 216 2145 253 horum
2170 219 2355 254 beneficio-

1374 282 1473 310 rum,
1498 271 1648 312 scilicet,
1672 272 1714 304 de
1732 270 1871 304 Messia.
1920 268 1966 304 Et
1991 270 2176 313 diligenter
2198 270 2356 304 conside-

1373 321 1525 354 randum
1557 327 1628 361 est,
1662 319 1753 354 hanc
1785 321 1990 355 concionem
2024 322 2067 354 de
2091 319 2219 353 Messia
2246 331 2358 363 passo,

1374 371 1596 412 resuscitato,
1628 370 1822 414 glorificato
1844 379 1877 406 et
1900 378 2088 415 regnante,
2121 370 2255 415 opponi
2281 381 2359 404 car-

1374 421 1515 455 nalibus
1553 422 1867 464 imaginationibus
1907 421 2129 463 ludaeoram,
2169 423 2213 455 de
2250 431 2359 464 regno

1375 473 1556 505 mundano
1584 471 1750 513 messiae,
1785 473 1883 517 quasi
1908 473 1999 507 dicat
2025 472 2169 506 Petrus:
2204 470 2276 505 Vos
2301 483 2361 504 ex-

1375 522 1519 566 pectatis
1544 521 1709 556 Messiam
1734 529 1766 555 et
1788 523 2031 565 liberatorem,
2065 523 2125 568 qui
2150 521 2260 568 pulsis
2283 520 2361 556 Ro-
2403 543 2405 545 >

1375 573 1509 613 manis,
1538 573 1669 607 tribuat
1689 573 1791 605 vobis
1810 573 1994 617 imperium
2014 574 2158 612 mundi,
2186 573 2274 608 Ecce
2289 572 2360 606 iam

1376 623 1474 656 venit
1499 623 1665 663 Messias,
1698 623 1800 657 aliter
1831 631 1970 666 regnat,
2005 636 2110 668 quam
2133 635 2195 657 vos
2218 623 2360 668 putatis.

1376 673 1504 707 Faetus
1531 681 1581 707 est
1611 674 1750 707 victima
1785 686 1847 717 pro
1875 675 2022 718 peccatis
2042 675 2178 716 generis
2202 672 2362 713 humani,

1377 736 1456 757 cum
1481 736 1500 757 a
1525 725 1625 758 vobis
1650 724 1854 759 interfectus
1877 731 1936 760 est.
1996 723 2133 758 Deinde
2157 723 2361 758 resuscitato

1376 774 1471 809 Deus
1486 775 1604 808 omnia
1622 775 1781 823 subiecit.
1830 774 1937 809 Hunc
1951 776 2066 809 Iesum
2083 787 2186 820 quem
2204 785 2265 808 vos
2280 785 2362 808 cru-

1377 825 1549 867 cifixistiS,
1576 825 1698 860 scitote
1716 824 1882 860 Messiam
1902 834 1935 861 et
1952 826 2161 860 salvatorem
2178 837 2262 862 esse.

1480 891 1529 927 Ut
1543 899 1658 926 autem
1675 905 1770 927 nunc
1787 906 1866 928 cum
1884 892 2024 927 Iudaeis
2037 894 2126 927 duae
2143 893 2246 927 nobis
2262 903 2365 937 prae-

1378 943 1499 988 cipuae
1528 950 1610 978 sunt
1643 945 1873 988 quaestiones.
1952 942 2075 978 Altera
2105 956 2150 977 an
2179 941 2390 978 Christum.

1378 994 1575 1038 oportuerit
1599 995 1690 1038 pati,
1718 1002 1751 1028 et
1774 1007 1846 1028 non
1868 993 1996 1029 habere
2014 995 2234 1028 mundanum
2252 993 2364 1038 impe-

1378 1045 1490 1085 rium,
1518 1046 1576 1078 sed
1602 1045 1761 1080 coeleste.
1814 1045 1953 1085 Altera,
1978 1057 2023 1078 an
2050 1046 2183 1079 venerit
2204 1043 2364 1083 Messias,

1378 1102 1411 1129 et
1439 1095 1528 1129 sitne
1560 1092 1618 1128 hic
1649 1095 1720 1139 ipse
1742 1096 1855 1135 Iesus,
1887 1108 1990 1141 quem
2019 1107 2084 1129 nos
2112 1095 2365 1139 praedicamus,

1379 1147 1581 1179 crucifixum
1616 1153 1649 1179 et
1686 1147 1928 1180 resuscitatum
1957 1157 2040 1181 esse.
2112 1145 2162 1180 lta
2192 1147 2279 1179 duas
2309 1155 2365 1178 res

1379 1197 1448 1240 agit
1465 1196 1608 1234 Petrus,
1638 1195 1741 1229 Hunc
1762 1197 1874 1240 ipsum
1897 1196 2010 1230 lesum
2028 1208 2099 1229 esse
2117 1195 2304 1237 Messiam,
2330 1201 2365 1229 et

1379 1248 1473 1294 quod
1491 1253 1569 1292 post
1588 1247 1867 1281 interfectionem
1885 1247 2126 1287 resuscitatus,
2152 1252 2284 1290 regnet.

1902 1353 1957 1385 An
1980 1352 2034 1385 hic
2055 1353 2100 1385 sil
2121 1351 2297 1385 Messias?

1480 1421 1584 1464 Quod
1607 1429 1720 1456 autem
1742 1420 1797 1455 hic
1814 1423 1857 1455 sit
1876 1422 1947 1466 ipse
1963 1421 2130 1462 Messias,
2158 1422 2284 1465 probat
2299 1422 2363 1456 sic:

1379 1471 1471 1515 Quia
1490 1471 1585 1505 Deus
1607 1473 1742 1516 magnis
1767 1473 1874 1516 signis
1897 1480 1929 1506 et
1948 1473 2126 1505 miraculis
2142 1479 2286 1506 testatus
2304 1480 2365 1514 est,

1378 1520 1473 1556 hunc
1493 1523 1665 1556 divinitus
1685 1524 1827 1556 missum
1846 1534 1930 1558 esse.
1983 1522 2186 1556 Secundum
2204 1523 2364 1556 testimo-

1379 1573 1490 1614 nium,
1513 1575 1594 1619 quia
1613 1575 1805 1617 scripturae
1820 1580 2005 1612 testantur,
2033 1572 2200 1606 Messiam
2217 1574 2366 1607 resusci-

1378 1626 1525 1657 tandum
1549 1636 1634 1657 esse.
1687 1623 1754 1657 llic
1776 1624 1901 1657 revixit
1925 1635 1964 1656 ex
1990 1630 2120 1657 morte:
2149 1634 2229 1667 ergo
2244 1620 2301 1657 hic
2315 1631 2367 1658 est

1379 1673 1535 1708 Messias.
1589 1674 1761 1708 Maiorem
1782 1675 1906 1718 probat
1923 1686 1963 1707 ex
1978 1673 2131 1707 Psalmo:
2159 1672 2240 1708 Non
2255 1674 2366 1708 relin-

1378 1737 1462 1770 ques
1491 1725 1643 1758 animam
1674 1737 1786 1758 meam
1820 1725 1856 1757 in
1883 1725 2041 1763 inferno,
2077 1737 2139 1758 nec
2160 1725 2261 1758 dabis
2283 1736 2366 1759 san-

1378 1783 1471 1810 ctum
1498 1782 1598 1809 tuum
1624 1776 1741 1809 videre
1765 1776 2041 1819 corruptionem.
2095 1774 2190 1809 Haec
2212 1782 2294 1810 sunt
2309 1776 2366 1809 di-

1379 1834 1430 1860 cta
1448 1828 1490 1860 de
1503 1826 1631 1860 Messia
1643 1851 1652 1864 ‚
1683 1827 1764 1871 quia
1780 1833 1912 1860 certum
1932 1824 2164 1859 estDavidem
2181 1837 2253 1859 esse
2268 1838 2364 1860 mor-

1380 1885 1503 1916 tuum,
1536 1885 1569 1912 et
1593 1878 1751 1910 nondum
1777 1877 2024 1916 resurrexisse,
2050 1877 2109 1909 sed
2133 1877 2362 1910 vaticinatum

1377 1940 1449 1961 esse
1468 1929 1510 1961 de
1529 1927 1669 1961 Messia.
1723 1927 1816 1969 Quia
1835 1927 1928 1959 enim
1950 1927 2047 1960 Deus
2064 1926 2271 1970 promiserat
2290 1925 2364 1961 Da-

1377 1978 1450 2011 viat
1467 1980 1643 2022 quendam
1661 1979 1704 2010 de
1720 1977 1850 2010 lumbis
1868 1977 1977 2020 ipsius
1995 1974 2198 2011 habiturum
2217 1989 2364 2021 regnum

1377 2035 1576 2067 aeternum,
1611 2029 1695 2061 inde
1726 2028 1954 2062 ratiocinatus
1985 2035 2052 2068 est,
2087 2029 2283 2062 necessario
2307 2040 2364 2062 re-

1377 2085 1614 2113 surrecturum
1640 2090 1712 2112 esse
1734 2079 1834 2112 illum
1858 2079 2051 2112 secundum
2068 2090 2221 2113 carnem.
2273 2077 2365 2113 Cum

1378 2129 1484 2172 igitur
1511 2136 1655 2164 testetur
1688 2130 1859 2173 scriptura
1889 2129 2053 2163 Messinm
2086 2136 2364 2164 resurrecturum

1377 2191 1448 2213 esse
1461 2207 1469 2220 ,
1497 2187 1530 2214 et
1552 2178 1609 2214 hic
1628 2181 1870 2214 resurrexerit:
1900 2192 1981 2223 ergo
1997 2177 2091 2214 hunc
2110 2179 2274 2214 Messian»
2291 2191 2365 2214 esse

1377 2238 1510 2264 certum
1543 2239 1612 2273 est,
1654 2238 1687 2265 et
1718 2243 1782 2264 nos
1814 2242 1934 2265 sumus
1965 2237 2067 2265 testes
2097 2231 2365 2266 resurrectionis

1377 2282 1497 2327 ipsius,

1479 2340 1532 2375 De
1560 2341 1723 2375 secundo.
1786 2340 1902 2384 Quale
1932 2339 1976 2373 sit
2007 2351 2154 2383 regnum
2189 2339 2364 2375 Messiae?

1378 2391 1484 2434 Quod
1516 2392 1560 2426 sit
1591 2404 1736 2435 regnum
1769 2391 1932 2431 coeleste,
1975 2397 2007 2424 et
2038 2391 2132 2436 quod
2165 2391 2361 2439 oportuerit

1376 2440 1558 2476 Christum
1582 2444 1672 2487 pati,
1698 2440 1735 2475 hi
1760 2442 1824 2485 ipsi
1843 2440 1971 2475 Psalmi
1992 2442 2157 2486 probant:
2185 2441 2361 2477 Conservt

1377 2505 1431 2525 me
1451 2491 1618 2534 Domine,
1645 2493 1726 2538 quia
1752 2491 1840 2525 mihi
1867 2504 1939 2525 non
1961 2492 2051 2526 bene
2075 2499 2126 2526 est
2150 2498 2292 2537 propter
2316 2500 2361 2526 te.

1377 2541 1421 2577 Et
1440 2543 1614 2577 psalmus:
1643 2543 1738 2578 Dixit
1757 2543 1954 2584 Dominus,
1982 2543 2074 2576 idem
2094 2543 2237 2587 probat.
2264 2541 2360 2577 Mes-

1378 2594 1464 2627 sinm
1483 2592 1685 2628 habiturum
1703 2606 1850 2637 regnum
1868 2601 2072 2638 perpetuum
2084 2619 2093 2633 ,
2119 2599 2151 2626 et
2167 2593 2362 2637 potentiam

1449 1352 1503 1384 De
1522 1352 1634 1393 primu
1658 1353 1856 1395 quaestione.

1348 2679 1352 2689 ,
1378 2645 1535 2680 divinam
1556 2645 1603 2693 *ad
1632 2645 1841 2679 abolendam
1866 2651 2014 2680 mortem
2037 2649 2070 2678 et
2093 2651 2293 2688 peccatum,
2327 2642 2382 2679 a}
