<?xml version="1.0" encoding="UTF-8"?>
<!DOCTYPE html PUBLIC "-//W3C//DTD XHTML 1.0 Transitional//EN"
    "http://www.w3.org/TR/xhtml1/DTD/xhtml1-transitional.dtd">
<html xmlns="http://www.w3.org/1999/xhtml" xml:lang="en" lang="en">
 <head>
  <title>
</title>
<meta http-equiv="Content-Type" content="text/html;charset=utf-8" />
  <meta name='ocr-system' content='tesseract 3.04.00' />
  <meta name='ocr-capabilities' content='ocr_page ocr_carea ocr_par ocr_line ocrx_word'/>
</head>
<body>
  <div class='ocr_page' id='page_1' title='image "./operaquaesupersu14melauoft/operaquaesupersu14melauoft_0591.png"; bbox 0 0 2409 2915; ppageno 0'>
   <div class='ocr_carea' id='block_1_1' title="bbox 77 100 432 137">
    <p class='ocr_par' dir='ltr' id='par_1_1' title="bbox 77 100 432 137">
     <span class='ocr_line' id='line_1_1' title="bbox 77 100 432 137; baseline -0.006 0"><span class='ocrx_word' id='word_1_1' title='bbox 77 100 174 137; x_wconf 81' lang='lat'>1165</span> <span class='ocrx_word' id='word_1_2' title='bbox 352 101 432 135; x_wconf 85' lang='lat' dir='ltr'><strong>Xll.</strong></span> 
     </span>
    </p>
   </div>
   <div class='ocr_carea' id='block_1_2' title="bbox 68 183 1082 1434">
    <p class='ocr_par' dir='ltr' id='par_1_2' title="bbox 68 183 1082 1434">
     <span class='ocr_line' id='line_1_2' title="bbox 74 183 1054 231; baseline -0.001 -12"><span class='ocrx_word' id='word_1_3' title='bbox 74 199 157 221; x_wconf 85' lang='lat' dir='ltr'><strong>vero</strong></span> <span class='ocrx_word' id='word_1_4' title='bbox 184 198 258 221; x_wconf 88' lang='lat' dir='ltr'><strong>non</strong></span> <span class='ocrx_word' id='word_1_5' title='bbox 280 194 361 220; x_wconf 87' lang='lat' dir='ltr'><strong>sunt</strong></span> <span class='ocrx_word' id='word_1_6' title='bbox 384 187 500 227; x_wconf 91' lang='lat' dir='ltr'><strong>missi,</strong></span> <span class='ocrx_word' id='word_1_7' title='bbox 529 185 590 231; x_wconf 90' lang='lat' dir='ltr'><strong>qui</strong></span> <span class='ocrx_word' id='word_1_8' title='bbox 613 186 758 218; x_wconf 81' lang='lat' dir='ltr'><strong>verbum</strong></span> <span class='ocrx_word' id='word_1_9' title='bbox 776 183 842 218; x_wconf 90' lang='lat' dir='ltr'><strong>Dei</strong></span> <span class='ocrx_word' id='word_1_10' title='bbox 864 197 936 219; x_wconf 89' lang='lat' dir='ltr'><strong>non</strong></span> <span class='ocrx_word' id='word_1_11' title='bbox 961 185 1054 218; x_wconf 88' lang='lat' dir='ltr'><strong>adse-</strong></span> 
     </span>
     <span class='ocr_line' id='line_1_3' title="bbox 74 234 1057 282; baseline -0.001 -12"><span class='ocrx_word' id='word_1_12' title='bbox 74 245 177 277; x_wconf 85' lang='lat' dir='ltr'><strong>runt,</strong></span> <span class='ocrx_word' id='word_1_13' title='bbox 202 239 313 282; x_wconf 90' lang='lat' dir='ltr'><strong>liquet</strong></span> <span class='ocrx_word' id='word_1_14' title='bbox 331 249 370 270; x_wconf 82' lang='lat' dir='ltr'><strong>ex</strong></span> <span class='ocrx_word' id='word_1_15' title='bbox 387 249 426 270; x_wconf 82' lang='lat' dir='ltr'><strong>eo</strong></span> <span class='ocrx_word' id='word_1_16' title='bbox 443 236 584 270; x_wconf 84' lang='lat' dir='ltr'><strong>loannis</strong></span> <span class='ocrx_word' id='word_1_17' title='bbox 600 235 663 269; x_wconf 88' lang='lat' dir='ltr'><strong>X.:</strong></span> <span class='ocrx_word' id='word_1_18' title='bbox 691 234 765 278; x_wconf 86' lang='lat' dir='ltr'><strong>Qui</strong></span> <span class='ocrx_word' id='word_1_19' title='bbox 781 247 854 269; x_wconf 90' lang='lat' dir='ltr'><strong>non</strong></span> <span class='ocrx_word' id='word_1_20' title='bbox 871 236 978 269; x_wconf 82' lang='lat' dir='ltr'>intrat</span> <span class='ocrx_word' id='word_1_21' title='bbox 994 247 1057 279; x_wconf 87' lang='lat' dir='ltr'><strong>per</strong></span> 
     </span>
     <span class='ocr_line' id='line_1_4' title="bbox 73 285 1056 327; baseline -0.002 -6"><span class='ocrx_word' id='word_1_22' title='bbox 73 289 202 322; x_wconf 90' lang='lat' dir='ltr'><strong>ostium</strong></span> <span class='ocrx_word' id='word_1_23' title='bbox 221 295 306 327; x_wconf 87' lang='lat' dir='ltr'><strong>etc.,</strong></span> <span class='ocrx_word' id='word_1_24' title='bbox 334 295 366 320; x_wconf 91' lang='lat' dir='ltr'><strong>et</strong></span> <span class='ocrx_word' id='word_1_25' title='bbox 392 300 430 321; x_wconf 84' lang='lat' dir='ltr'><strong>ex</strong></span> <span class='ocrx_word' id='word_1_26' title='bbox 457 285 570 321; x_wconf 85' lang='lat' dir='ltr'>XXV.</span> <span class='ocrx_word' id='word_1_27' title='bbox 589 285 804 319; x_wconf 76' lang='lat' dir='ltr'>Hieremiae:</span> <span class='ocrx_word' id='word_1_28' title='bbox 835 286 913 319; x_wconf 84' lang='lat' dir='ltr'><strong>Non</strong></span> <span class='ocrx_word' id='word_1_29' title='bbox 939 286 1056 319; x_wconf 84' lang='lat' dir='ltr'><strong>mitte-</strong></span> 
     </span>
     <span class='ocr_line' id='line_1_5' title="bbox 75 336 1055 381; baseline -0.002 -10"><span class='ocrx_word' id='word_1_30' title='bbox 75 341 154 372; x_wconf 87' lang='lat' dir='ltr'><strong>bam</strong></span> <span class='ocrx_word' id='word_1_31' title='bbox 170 350 229 370; x_wconf 87' lang='lat' dir='ltr'><strong>eos</strong></span> <span class='ocrx_word' id='word_1_32' title='bbox 244 345 326 378; x_wconf 66' lang='lat' dir='ltr'><strong>etc„</strong></span> <span class='ocrx_word' id='word_1_33' title='bbox 355 350 428 371; x_wconf 88' lang='lat' dir='ltr'><strong>non</strong></span> <span class='ocrx_word' id='word_1_34' title='bbox 444 337 614 381; x_wconf 78' lang='lat' dir='ltr'>loquebar</span> <span class='ocrx_word' id='word_1_35' title='bbox 631 338 672 370; x_wconf 88' lang='lat' dir='ltr'><strong>ad</strong></span> <span class='ocrx_word' id='word_1_36' title='bbox 691 348 749 370; x_wconf 90' lang='lat' dir='ltr'><strong>eos</strong></span> <span class='ocrx_word' id='word_1_37' title='bbox 766 344 829 372; x_wconf 87' lang='lat' dir='ltr'><strong>etc.</strong></span> <span class='ocrx_word' id='word_1_38' title='bbox 881 336 1055 374; x_wconf 86' lang='lat' dir='ltr'><strong>Secundo,</strong></span> 
     </span>
     <span class='ocr_line' id='line_1_6' title="bbox 74 385 1055 431; baseline -0.003 -9"><span class='ocrx_word' id='word_1_39' title='bbox 74 395 210 422; x_wconf 89' lang='lat' dir='ltr'><strong>constat.</strong></span> <span class='ocrx_word' id='word_1_40' title='bbox 237 399 318 431; x_wconf 85' lang='lat' dir='ltr'><strong>ergo</strong></span> <span class='ocrx_word' id='word_1_41' title='bbox 344 385 434 421; x_wconf 86' lang='lat' dir='ltr'><strong>hanc</strong></span> <span class='ocrx_word' id='word_1_42' title='bbox 460 388 667 421; x_wconf 84' lang='lat' dir='ltr'><strong>sententiam</strong></span> <span class='ocrx_word' id='word_1_43' title='bbox 691 388 735 420; x_wconf 92' lang='lat' dir='ltr'><strong>de</strong></span> <span class='ocrx_word' id='word_1_44' title='bbox 759 387 834 420; x_wconf 91' lang='lat' dir='ltr'><strong>solo</strong></span> <span class='ocrx_word' id='word_1_45' title='bbox 861 388 968 420; x_wconf 85' lang='lat' dir='ltr'><strong>verbo</strong></span> <span class='ocrx_word' id='word_1_46' title='bbox 990 386 1055 419; x_wconf 90' lang='lat' dir='ltr'><strong>Dei</strong></span> 
     </span>
     <span class='ocr_line' id='line_1_7' title="bbox 73 435 1055 481; baseline -0.002 -9"><span class='ocrx_word' id='word_1_47' title='bbox 73 440 338 481; x_wconf 85' lang='lat' dir='ltr'><strong>intelligendam</strong></span> <span class='ocrx_word' id='word_1_48' title='bbox 356 449 440 472; x_wconf 84' lang='lat' dir='ltr'><strong>esse.</strong></span> <span class='ocrx_word' id='word_1_49' title='bbox 482 437 555 471; x_wconf 85' lang='lat' dir='ltr'><strong>lam</strong></span> <span class='ocrx_word' id='word_1_50' title='bbox 572 445 605 471; x_wconf 86' lang='lat' dir='ltr'><strong>et</strong></span> <span class='ocrx_word' id='word_1_51' title='bbox 623 436 688 471; x_wconf 87' lang='lat' dir='ltr'><strong>hoc</strong></span> <span class='ocrx_word' id='word_1_52' title='bbox 701 438 918 471; x_wconf 80' lang='lat' dir='ltr'>observabis:</span> <span class='ocrx_word' id='word_1_53' title='bbox 948 435 1055 470; x_wconf 83' lang='lat' dir='ltr'><strong>Chri-</strong></span> 
     </span>
     <span class='ocr_line' id='line_1_8' title="bbox 73 484 1081 535; baseline -0.004 -11"><span class='ocrx_word' id='word_1_54' title='bbox 73 498 147 524; x_wconf 85' lang='lat' dir='ltr'><strong>stus</strong></span> <span class='ocrx_word' id='word_1_55' title='bbox 172 486 376 522; x_wconf 84' lang='lat' dir='ltr'><strong>testificatur</strong></span> <span class='ocrx_word' id='word_1_56' title='bbox 399 486 466 522; x_wconf 91' lang='lat' dir='ltr'><strong>hoc</strong></span> <span class='ocrx_word' id='word_1_57' title='bbox 490 489 586 529; x_wconf 89' lang='lat' dir='ltr'><strong>loco,</strong></span> <span class='ocrx_word' id='word_1_58' title='bbox 612 489 760 522; x_wconf 86' lang='lat' dir='ltr'><strong>verbum</strong></span> <span class='ocrx_word' id='word_1_59' title='bbox 785 501 846 532; x_wconf 89' lang='lat' dir='ltr'><strong>per</strong></span> <span class='ocrx_word' id='word_1_60' title='bbox 868 484 1055 531; x_wconf 75' lang='lat' dir='ltr'><strong>Apostolos</strong></span> <span class='ocrx_word' id='word_1_61' title='bbox 1079 529 1081 535; x_wconf 26' lang='lat' dir='ltr'>y</span> 
     </span>
     <span class='ocr_line' id='line_1_9' title="bbox 73 539 1055 584; baseline -0.003 -10"><span class='ocrx_word' id='word_1_62' title='bbox 73 540 326 574; x_wconf 75' lang='lat' dir='ltr'><strong>annunciatum</strong></span> <span class='ocrx_word' id='word_1_63' title='bbox 354 539 441 573; x_wconf 93' lang='lat' dir='ltr'><strong>illud</strong></span> <span class='ocrx_word' id='word_1_64' title='bbox 469 539 582 583; x_wconf 88' lang='lat' dir='ltr'><strong>ipsum</strong></span> <span class='ocrx_word' id='word_1_65' title='bbox 609 550 701 580; x_wconf 87' lang='lat' dir='ltr'><strong>esse,</strong></span> <span class='ocrx_word' id='word_1_66' title='bbox 729 552 799 584; x_wconf 91' lang='lat' dir='ltr'><strong>quo</strong></span> <span class='ocrx_word' id='word_1_67' title='bbox 823 539 1055 572; x_wconf 82' lang='lat' dir='ltr'><strong>iustificentur</strong></span> 
     </span>
     <span class='ocr_line' id='line_1_10' title="bbox 74 589 1081 633; baseline -0.003 -9"><span class='ocrx_word' id='word_1_68' title='bbox 74 592 198 632; x_wconf 88' lang='lat' dir='ltr'><strong>corda,</strong></span> <span class='ocrx_word' id='word_1_69' title='bbox 223 602 287 623; x_wconf 89' lang='lat' dir='ltr'><strong>nec</strong></span> <span class='ocrx_word' id='word_1_70' title='bbox 309 590 414 623; x_wconf 85' lang='lat' dir='ltr'><strong>aliam</strong></span> <span class='ocrx_word' id='word_1_71' title='bbox 438 591 529 623; x_wconf 89' lang='lat' dir='ltr'><strong>ultra</strong></span> <span class='ocrx_word' id='word_1_72' title='bbox 550 602 672 623; x_wconf 78' lang='lat' dir='ltr'><strong>vocem</strong></span> <span class='ocrx_word' id='word_1_73' title='bbox 689 589 904 633; x_wconf 76' lang='lat' dir='ltr'>corporalem</span> <span class='ocrx_word' id='word_1_74' title='bbox 923 601 940 621; x_wconf 89' lang='lat' dir='ltr'><strong>e</strong></span> <span class='ocrx_word' id='word_1_75' title='bbox 957 589 1054 622; x_wconf 90' lang='lat' dir='ltr'><strong>coelo</strong></span> <span class='ocrx_word' id='word_1_76' title='bbox 1079 605 1081 612; x_wconf 92' lang='lat'>·</span> 
     </span>
     <span class='ocr_line' id='line_1_11' title="bbox 74 639 1081 690; baseline -0.002 -16"><span class='ocrx_word' id='word_1_77' title='bbox 74 642 297 690; x_wconf 77' lang='lat' dir='ltr'><strong>spectandam</strong></span> <span class='ocrx_word' id='word_1_78' title='bbox 329 652 401 674; x_wconf 84' lang='lat' dir='ltr'><strong>esse</strong></span> <span class='ocrx_word' id='word_1_79' title='bbox 430 653 494 673; x_wconf 90' lang='lat' dir='ltr'><strong>nec</strong></span> <span class='ocrx_word' id='word_1_80' title='bbox 518 640 634 683; x_wconf 89' lang='lat' dir='ltr'><strong>signa,</strong></span> <span class='ocrx_word' id='word_1_81' title='bbox 668 648 707 674; x_wconf 82' lang='lat' dir='ltr'><strong>ut</strong></span> <span class='ocrx_word' id='word_1_82' title='bbox 731 648 824 673; x_wconf 89' lang='lat' dir='ltr'><strong>certo</strong></span> <span class='ocrx_word' id='word_1_83' title='bbox 849 641 952 673; x_wconf 88' lang='lat' dir='ltr'><strong>corda</strong></span> <span class='ocrx_word' id='word_1_84' title='bbox 976 651 1054 672; x_wconf 91' lang='lat' dir='ltr'><strong>sen—</strong></span> <span class='ocrx_word' id='word_1_85' title='bbox 1078 639 1081 687; x_wconf 55' lang='grc' dir='ltr'><em>ξ</em></span> 
     </span>
     <span class='ocr_line' id='line_1_12' title="bbox 73 690 1080 735; baseline -0.003 -10"><span class='ocrx_word' id='word_1_86' title='bbox 73 693 179 731; x_wconf 87' lang='lat' dir='ltr'><strong>tiant,</strong></span> <span class='ocrx_word' id='word_1_87' title='bbox 213 691 397 734; x_wconf 81' lang='lat' dir='ltr'>contigisse</span> <span class='ocrx_word' id='word_1_88' title='bbox 421 691 662 725; x_wconf 78' lang='lat' dir='ltr'>remissionem</span> <span class='ocrx_word' id='word_1_89' title='bbox 686 698 926 735; x_wconf 86' lang='lat' dir='ltr'><strong>peccatorum,</strong></span> <span class='ocrx_word' id='word_1_90' title='bbox 954 690 1054 723; x_wconf 87' lang='lat' dir='ltr'><strong>iusti-</strong></span> <span class='ocrx_word' id='word_1_91' title='bbox 1079 691 1080 731; x_wconf 50' lang='grc' dir='ltr'>ζ</span> 
     </span>
     <span class='ocr_line' id='line_1_13' title="bbox 73 740 1081 788; baseline -0.002 -13"><span class='ocrx_word' id='word_1_92' title='bbox 73 743 169 776; x_wconf 87' lang='lat' dir='ltr'><strong>ficari</strong></span> <span class='ocrx_word' id='word_1_93' title='bbox 193 753 245 782; x_wconf 89' lang='lat' dir='ltr'><strong>se,</strong></span> <span class='ocrx_word' id='word_1_94' title='bbox 279 742 309 775; x_wconf 87' lang='lat' dir='ltr'><strong>si</strong></span> <span class='ocrx_word' id='word_1_95' title='bbox 333 743 477 775; x_wconf 89' lang='lat' dir='ltr'><strong>credant</strong></span> <span class='ocrx_word' id='word_1_96' title='bbox 499 742 576 775; x_wconf 80' lang='lat' dir='ltr'><strong>voci</strong></span> <span class='ocrx_word' id='word_1_97' title='bbox 600 742 763 774; x_wconf 84' lang='lat' dir='ltr'><strong>ministri.</strong></span> <span class='ocrx_word' id='word_1_98' title='bbox 825 740 1055 774; x_wconf 72' lang='lat' dir='ltr'><strong>Perturbatus</strong></span> <span class='ocrx_word' id='word_1_99' title='bbox 1078 752 1081 788; x_wconf 61' lang='lat' dir='ltr'><em>g</em></span> 
     </span>
     <span class='ocr_line' id='line_1_14' title="bbox 73 789 1081 836; baseline -0.004 -10"><span class='ocrx_word' id='word_1_100' title='bbox 73 799 123 826; x_wconf 86' lang='lat' dir='ltr'><strong>est</strong></span> <span class='ocrx_word' id='word_1_101' title='bbox 139 790 319 832; x_wconf 85' lang='lat' dir='ltr'><strong>Christus,</strong></span> <span class='ocrx_word' id='word_1_102' title='bbox 346 793 428 836; x_wconf 89' lang='lat' dir='ltr'><strong>quia</strong></span> <span class='ocrx_word' id='word_1_103' title='bbox 451 793 539 832; x_wconf 89' lang='lat' dir='ltr'><strong>vita,</strong></span> <span class='ocrx_word' id='word_1_104' title='bbox 566 792 675 835; x_wconf 85' lang='lat' dir='ltr'><strong>gloria</strong></span> <span class='ocrx_word' id='word_1_105' title='bbox 692 792 810 832; x_wconf 78' lang='lat' dir='ltr'><strong>verbi,</strong></span> <span class='ocrx_word' id='word_1_106' title='bbox 837 792 930 824; x_wconf 89' lang='lat' dir='ltr'><strong>salus</strong></span> <span class='ocrx_word' id='word_1_107' title='bbox 949 790 1053 824; x_wconf 87' lang='lat' dir='ltr'><strong>Iudae</strong></span> <span class='ocrx_word' id='word_1_108' title='bbox 1078 789 1081 819; x_wconf 67' lang='lat' dir='ltr'><strong>l</strong></span> 
     </span>
     <span class='ocr_line' id='line_1_15' title="bbox 72 840 1081 887; baseline 0 -11"><span class='ocrx_word' id='word_1_109' title='bbox 72 850 105 876; x_wconf 89' lang='lat' dir='ltr'><strong>et</strong></span> <span class='ocrx_word' id='word_1_110' title='bbox 128 843 235 876; x_wconf 87' lang='lat' dir='ltr'><strong>totius</strong></span> <span class='ocrx_word' id='word_1_111' title='bbox 260 843 380 886; x_wconf 92' lang='lat' dir='ltr'><strong>populi</strong></span> <span class='ocrx_word' id='word_1_112' title='bbox 400 843 633 887; x_wconf 84' lang='lat' dir='ltr'><strong>periclitatur,</strong></span> <span class='ocrx_word' id='word_1_113' title='bbox 659 843 748 876; x_wconf 86' lang='lat' dir='ltr'><strong>sicut</strong></span> <span class='ocrx_word' id='word_1_114' title='bbox 767 842 856 876; x_wconf 88' lang='lat' dir='ltr'><strong>Psal.</strong></span> <span class='ocrx_word' id='word_1_115' title='bbox 872 840 1054 876; x_wconf 71' lang='lat' dir='ltr'>LXXVH.</span> <span class='ocrx_word' id='word_1_116' title='bbox 1078 843 1081 880; x_wconf 98' lang='grc' dir='ltr'>Ι</span> 
     </span>
     <span class='ocr_line' id='line_1_16' title="bbox 70 891 1081 939; baseline -0.002 -13"><span class='ocrx_word' id='word_1_117' title='bbox 70 894 204 939; x_wconf 85' lang='lat' dir='ltr'><strong>inquit:</strong></span> <span class='ocrx_word' id='word_1_118' title='bbox 241 891 396 937; x_wconf 82' lang='lat' dir='ltr'><strong>Operuit</strong></span> <span class='ocrx_word' id='word_1_119' title='bbox 421 893 580 926; x_wconf 89' lang='lat' dir='ltr'><strong>confusio</strong></span> <span class='ocrx_word' id='word_1_120' title='bbox 604 894 727 926; x_wconf 86' lang='lat' dir='ltr'><strong>faciem</strong></span> <span class='ocrx_word' id='word_1_121' title='bbox 751 904 881 932; x_wconf 82' lang='lat' dir='ltr'><strong>meam3</strong></span> <span class='ocrx_word' id='word_1_122' title='bbox 915 893 1052 938; x_wconf 64' lang='lat' dir='ltr'><strong>pertur&#39;-</strong></span> <span class='ocrx_word' id='word_1_123' title='bbox 1077 891 1081 914; x_wconf 80' lang='lat'><em>¹</em></span> 
     </span>
     <span class='ocr_line' id='line_1_17' title="bbox 70 932 1081 988; baseline -0.004 -11"><span class='ocrx_word' id='word_1_124' title='bbox 70 945 264 988; x_wconf 86' lang='lat' dir='ltr'><strong>baturque,</strong></span> <span class='ocrx_word' id='word_1_125' title='bbox 290 951 330 977; x_wconf 87' lang='lat' dir='ltr'><strong>ut</strong></span> <span class='ocrx_word' id='word_1_126' title='bbox 352 951 452 977; x_wconf 89' lang='lat' dir='ltr'><strong>exuat</strong></span> <span class='ocrx_word' id='word_1_127' title='bbox 475 955 510 976; x_wconf 91' lang='lat' dir='ltr'><strong>se</strong></span> <span class='ocrx_word' id='word_1_128' title='bbox 534 941 694 977; x_wconf 87' lang='lat' dir='ltr'><strong>Christus</strong></span> <span class='ocrx_word' id='word_1_129' title='bbox 717 944 882 977; x_wconf 85' lang='lat' dir='ltr'><strong>omnibus</strong></span> <span class='ocrx_word' id='word_1_130' title='bbox 898 942 962 975; x_wconf 91' lang='lat' dir='ltr'><strong>Dei</strong></span> <span class='ocrx_word' id='word_1_131' title='bbox 981 942 1053 974; x_wconf 84' lang='lat' dir='ltr'><strong>sor·</strong></span> <span class='ocrx_word' id='word_1_132' title='bbox 1078 932 1081 950; x_wconf 63' lang='lat'><em>¹</em></span> 
     </span>
     <span class='ocr_line' id='line_1_18' title="bbox 72 994 1053 1037; baseline -0.002 -11"><span class='ocrx_word' id='word_1_133' title='bbox 72 995 158 1035; x_wconf 85' lang='lat' dir='ltr'><strong>mis,</strong></span> <span class='ocrx_word' id='word_1_134' title='bbox 185 994 354 1037; x_wconf 77' lang='lat' dir='ltr'><strong>sapientia</strong></span> <span class='ocrx_word' id='word_1_135' title='bbox 380 1001 412 1027; x_wconf 92' lang='lat' dir='ltr'><strong>et</strong></span> <span class='ocrx_word' id='word_1_136' title='bbox 429 994 637 1027; x_wconf 88' lang='lat' dir='ltr'><strong>fortitudine</strong></span> <span class='ocrx_word' id='word_1_137' title='bbox 655 1006 714 1027; x_wconf 91' lang='lat' dir='ltr'><strong>sua</strong></span> <span class='ocrx_word' id='word_1_138' title='bbox 728 1021 735 1035; x_wconf 95' lang='lat'><strong>,</strong></span> <span class='ocrx_word' id='word_1_139' title='bbox 761 994 982 1036; x_wconf 88' lang='lat' dir='ltr'><strong>resignatque</strong></span> <span class='ocrx_word' id='word_1_140' title='bbox 998 1005 1053 1025; x_wconf 88' lang='lat' dir='ltr'><strong>eas</strong></span> 
     </span>
     <span class='ocr_line' id='line_1_19' title="bbox 71 1043 1054 1089; baseline -0.002 -12"><span class='ocrx_word' id='word_1_141' title='bbox 71 1045 182 1088; x_wconf 88' lang='lat' dir='ltr'><strong>patri,</strong></span> <span class='ocrx_word' id='word_1_142' title='bbox 216 1052 255 1078; x_wconf 87' lang='lat' dir='ltr'><strong>ut</strong></span> <span class='ocrx_word' id='word_1_143' title='bbox 278 1043 400 1077; x_wconf 88' lang='lat' dir='ltr'><strong>Esaiae</strong></span> <span class='ocrx_word' id='word_1_144' title='bbox 422 1043 537 1079; x_wconf 84' lang='lat' dir='ltr'><strong>LlIL:</strong></span> <span class='ocrx_word' id='word_1_145' title='bbox 571 1044 642 1077; x_wconf 89' lang='lat' dir='ltr'><strong>Pro</strong></span> <span class='ocrx_word' id='word_1_146' title='bbox 669 1057 727 1083; x_wconf 88' lang='lat' dir='ltr'><strong>eo,</strong></span> <span class='ocrx_word' id='word_1_147' title='bbox 761 1046 854 1089; x_wconf 87' lang='lat' dir='ltr'><strong>quod</strong></span> <span class='ocrx_word' id='word_1_148' title='bbox 881 1043 1054 1076; x_wconf 89' lang='lat' dir='ltr'><strong>laboravit</strong></span> 
     </span>
     <span class='ocr_line' id='line_1_20' title="bbox 71 1090 1081 1134; baseline 0.001 -7"><span class='ocrx_word' id='word_1_149' title='bbox 71 1095 188 1127; x_wconf 90' lang='lat' dir='ltr'><strong>anima</strong></span> <span class='ocrx_word' id='word_1_150' title='bbox 219 1095 313 1134; x_wconf 91' lang='lat' dir='ltr'><strong>eius,</strong></span> <span class='ocrx_word' id='word_1_151' title='bbox 349 1095 483 1129; x_wconf 76' lang='lat' dir='ltr'><strong>videbit</strong></span> <span class='ocrx_word' id='word_1_152' title='bbox 511 1101 545 1128; x_wconf 86' lang='lat' dir='ltr'><strong>et</strong></span> <span class='ocrx_word' id='word_1_153' title='bbox 573 1096 799 1128; x_wconf 86' lang='lat' dir='ltr'><strong>saturabitur.</strong></span> <span class='ocrx_word' id='word_1_154' title='bbox 852 1093 895 1127; x_wconf 84' lang='lat' dir='ltr'><strong>Et</strong></span> <span class='ocrx_word' id='word_1_155' title='bbox 926 1090 1081 1128; x_wconf 76' lang='lat' dir='ltr'><strong>Psalm.⁵</strong></span> 
     </span>
     <span class='ocr_line' id='line_1_21' title="bbox 69 1144 1054 1179; baseline 0 0"><span class='ocrx_word' id='word_1_156' title='bbox 69 1144 222 1179; x_wconf 75' lang='lat' dir='ltr'><strong>LVlll.:</strong></span> <span class='ocrx_word' id='word_1_157' title='bbox 266 1144 525 1179; x_wconf 80' lang='lat' dir='ltr'><strong>Fortitudinem</strong></span> <span class='ocrx_word' id='word_1_158' title='bbox 563 1157 675 1178; x_wconf 88' lang='lat' dir='ltr'><strong>meam</strong></span> <span class='ocrx_word' id='word_1_159' title='bbox 709 1147 751 1178; x_wconf 86' lang='lat' dir='ltr'><strong>ad</strong></span> <span class='ocrx_word' id='word_1_160' title='bbox 785 1153 816 1179; x_wconf 92' lang='lat' dir='ltr'><strong>te</strong></span> <span class='ocrx_word' id='word_1_161' title='bbox 849 1145 1054 1179; x_wconf 77' lang='lat' dir='ltr'><strong>custodiam.</strong></span> 
     </span>
     <span class='ocr_line' id='line_1_22' title="bbox 69 1193 1055 1241; baseline 0 -13"><span class='ocrx_word' id='word_1_162' title='bbox 69 1196 188 1240; x_wconf 83' lang='lat' dir='ltr'><strong>Atque</strong></span> <span class='ocrx_word' id='word_1_163' title='bbox 206 1193 273 1229; x_wconf 86' lang='lat' dir='ltr'><strong>hoc</strong></span> <span class='ocrx_word' id='word_1_164' title='bbox 289 1197 448 1239; x_wconf 80' lang='lat' dir='ltr'><strong>exemplo</strong></span> <span class='ocrx_word' id='word_1_165' title='bbox 466 1203 516 1229; x_wconf 90' lang='lat' dir='ltr'><strong>cst</strong></span> <span class='ocrx_word' id='word_1_166' title='bbox 534 1208 693 1236; x_wconf 83' lang='lat' dir='ltr'><strong>cernere,</strong></span> <span class='ocrx_word' id='word_1_167' title='bbox 721 1197 899 1241; x_wconf 89' lang='lat' dir='ltr'><strong>quomodo</strong></span> <span class='ocrx_word' id='word_1_168' title='bbox 919 1195 1055 1228; x_wconf 83' lang='lat' dir='ltr'><strong>abdicet</strong></span> 
     </span>
     <span class='ocr_line' id='line_1_23' title="bbox 69 1245 1081 1291; baseline -0.001 -13"><span class='ocrx_word' id='word_1_169' title='bbox 69 1254 190 1279; x_wconf 87' lang='lat' dir='ltr'><strong>nostra</strong></span> <span class='ocrx_word' id='word_1_170' title='bbox 215 1247 333 1280; x_wconf 86' lang='lat' dir='ltr'><strong>omnia</strong></span> <span class='ocrx_word' id='word_1_171' title='bbox 365 1247 468 1288; x_wconf 85' lang='lat' dir='ltr'><strong>fides,</strong></span> <span class='ocrx_word' id='word_1_172' title='bbox 503 1254 536 1281; x_wconf 85' lang='lat' dir='ltr'><strong>et</strong></span> <span class='ocrx_word' id='word_1_173' title='bbox 564 1253 717 1291; x_wconf 80' lang='lat' dir='ltr'><strong>expectet</strong></span> <span class='ocrx_word' id='word_1_174' title='bbox 737 1245 1012 1280; x_wconf 82' lang='lat' dir='ltr'><strong>consolationem</strong></span> <span class='ocrx_word' id='word_1_175' title='bbox 1036 1257 1054 1278; x_wconf 91' lang='lat' dir='ltr'><strong>a</strong></span> <span class='ocrx_word' id='word_1_176' title='bbox 1080 1267 1081 1274; x_wconf 25' lang='grc' dir='ltr'><strong>κ</strong></span> 
     </span>
     <span class='ocr_line' id='line_1_24' title="bbox 68 1297 272 1340; baseline 0 -10"><span class='ocrx_word' id='word_1_177' title='bbox 68 1297 144 1330; x_wconf 89' lang='lat' dir='ltr'><strong>solo</strong></span> <span class='ocrx_word' id='word_1_178' title='bbox 166 1304 272 1340; x_wconf 74' lang='lat' dir='ltr'><strong>patre.</strong></span> 
     </span>
     <span class='ocr_line' id='line_1_25' title="bbox 1080 1341 1082 1362; baseline 0 0"><span class='ocrx_word' id='word_1_179' title='bbox 1080 1341 1082 1362; x_wconf 66' lang='lat' dir='ltr'><em>r</em></span> 
     </span>
     <span class='ocr_line' id='line_1_26' title="bbox 133 1386 988 1434; baseline -0.002 -12"><span class='ocrx_word' id='word_1_180' title='bbox 133 1387 269 1430; x_wconf 82' lang='lat' dir='ltr'><strong>Amen,</strong></span> <span class='ocrx_word' id='word_1_181' title='bbox 304 1401 410 1422; x_wconf 87' lang='lat' dir='ltr'><strong>amen</strong></span> <span class='ocrx_word' id='word_1_182' title='bbox 437 1386 516 1421; x_wconf 77' lang='lat' dir='ltr'><strong>dico</strong></span> <span class='ocrx_word' id='word_1_183' title='bbox 541 1386 660 1426; x_wconf 68' lang='lat' dir='ltr'><strong>vobis,</strong></span> <span class='ocrx_word' id='word_1_184' title='bbox 696 1386 786 1434; x_wconf 79' lang='lat' dir='ltr'><strong>quia</strong></span> <span class='ocrx_word' id='word_1_185' title='bbox 812 1398 906 1420; x_wconf 83' lang='lat' dir='ltr'><strong>unus</strong></span> <span class='ocrx_word' id='word_1_186' title='bbox 927 1391 988 1426; x_wconf 81' lang='lat' dir='ltr'><strong>etc,</strong></span> 
     </span>
    </p>
   </div>
   <div class='ocr_carea' id='block_1_3' title="bbox 169 1463 1054 1508">
    <p class='ocr_par' dir='ltr' id='par_1_3' title="bbox 169 1463 1054 1508">
     <span class='ocr_line' id='line_1_27' title="bbox 169 1463 1054 1508; baseline -0.002 -10"><span class='ocrx_word' id='word_1_187' title='bbox 169 1464 237 1498; x_wconf 87' lang='lat' dir='ltr'><strong>Hic</strong></span> <span class='ocrx_word' id='word_1_188' title='bbox 260 1465 365 1498; x_wconf 83' lang='lat' dir='ltr'><strong>tertio</strong></span> <span class='ocrx_word' id='word_1_189' title='bbox 392 1465 602 1498; x_wconf 84' lang='lat' dir='ltr'><strong>admonetur</strong></span> <span class='ocrx_word' id='word_1_190' title='bbox 623 1463 747 1504; x_wconf 87' lang='lat' dir='ltr'><strong>Iudas,</strong></span> <span class='ocrx_word' id='word_1_191' title='bbox 781 1476 894 1508; x_wconf 90' lang='lat' dir='ltr'><strong>neque</strong></span> <span class='ocrx_word' id='word_1_192' title='bbox 917 1464 1054 1508; x_wconf 82' lang='lat' dir='ltr'><strong>simpli-</strong></span> 
     </span>
    </p>
   </div>
   <div class='ocr_carea' id='block_1_4' title="bbox 69 1514 1081 1609">
    <p class='ocr_par' dir='ltr' id='par_1_4' title="bbox 69 1514 1081 1609">
     <span class='ocr_line' id='line_1_28' title="bbox 69 1514 1081 1556; baseline -0.003 -6"><span class='ocrx_word' id='word_1_193' title='bbox 69 1517 173 1556; x_wconf 84' lang='lat' dir='ltr'><strong>citer,</strong></span> <span class='ocrx_word' id='word_1_194' title='bbox 209 1515 331 1549; x_wconf 76' lang='lat' dir='ltr'><strong>debuit</strong></span> <span class='ocrx_word' id='word_1_195' title='bbox 361 1515 453 1547; x_wconf 90' lang='lat' dir='ltr'><strong>enim</strong></span> <span class='ocrx_word' id='word_1_196' title='bbox 485 1514 619 1546; x_wconf 81' lang='lat' dir='ltr'><strong>moveri</strong></span> <span class='ocrx_word' id='word_1_197' title='bbox 647 1515 674 1546; x_wconf 91' lang='lat' dir='ltr'><strong>si</strong></span> <span class='ocrx_word' id='word_1_198' title='bbox 700 1526 772 1546; x_wconf 91' lang='lat' dir='ltr'><strong>non</strong></span> <span class='ocrx_word' id='word_1_199' title='bbox 797 1515 930 1552; x_wconf 85' lang='lat' dir='ltr'><strong>verbis,</strong></span> <span class='ocrx_word' id='word_1_200' title='bbox 965 1521 1056 1547; x_wconf 90' lang='lat' dir='ltr'><strong>certe</strong></span> <span class='ocrx_word' id='word_1_201' title='bbox 1079 1528 1081 1550; x_wconf 65' lang='lat'><strong>1,</strong></span> 
     </span>
     <span class='ocr_line' id='line_1_29' title="bbox 70 1562 1081 1609; baseline -0.003 -10"><span class='ocrx_word' id='word_1_202' title='bbox 70 1565 262 1599; x_wconf 76' lang='lat' dir='ltr'><strong>miserabili</strong></span> <span class='ocrx_word' id='word_1_203' title='bbox 280 1565 475 1609; x_wconf 81' lang='lat' dir='ltr'><strong>spectaculo</strong></span> <span class='ocrx_word' id='word_1_204' title='bbox 487 1564 939 1607; x_wconf 87' lang='lat' dir='ltr'><strong>tantaeperturbationisin</strong></span> <span class='ocrx_word' id='word_1_205' title='bbox 950 1562 1055 1598; x_wconf 86' lang='lat' dir='ltr'><strong>Chri-</strong></span> <span class='ocrx_word' id='word_1_206' title='bbox 1080 1588 1081 1592; x_wconf 67' lang='lat'><strong>,</strong></span> 
     </span>
    </p>
   </div>
   <div class='ocr_carea' id='block_1_5' title="bbox 67 1613 1056 1710">
    <p class='ocr_par' dir='ltr' id='par_1_5' title="bbox 67 1613 1056 1710">
     <span class='ocr_line' id='line_1_30' title="bbox 67 1613 1056 1660; baseline -0.003 -10"><span class='ocrx_word' id='word_1_207' title='bbox 67 1623 132 1650; x_wconf 88' lang='lat' dir='ltr'><strong>sto.</strong></span> <span class='ocrx_word' id='word_1_208' title='bbox 186 1615 253 1650; x_wconf 86' lang='lat' dir='ltr'><strong>Sed</strong></span> <span class='ocrx_word' id='word_1_209' title='bbox 280 1627 349 1660; x_wconf 89' lang='lat' dir='ltr'><strong>quo</strong></span> <span class='ocrx_word' id='word_1_210' title='bbox 373 1613 535 1648; x_wconf 83' lang='lat' dir='ltr'><strong>Christus</strong></span> <span class='ocrx_word' id='word_1_211' title='bbox 557 1614 668 1656; x_wconf 88' lang='lat' dir='ltr'><strong>magis</strong></span> <span class='ocrx_word' id='word_1_212' title='bbox 691 1614 902 1656; x_wconf 83' lang='lat' dir='ltr'><strong>languescit,</strong></span> <span class='ocrx_word' id='word_1_213' title='bbox 933 1626 972 1647; x_wconf 90' lang='lat' dir='ltr'><strong>eo</strong></span> <span class='ocrx_word' id='word_1_214' title='bbox 996 1616 1056 1648; x_wconf 85' lang='lat' dir='ltr'><strong>fir-</strong></span> 
     </span>
     <span class='ocr_line' id='line_1_31' title="bbox 70 1663 1055 1710; baseline -0.002 -10"><span class='ocrx_word' id='word_1_215' title='bbox 70 1667 160 1700; x_wconf 87' lang='lat' dir='ltr'><strong>mius</strong></span> <span class='ocrx_word' id='word_1_216' title='bbox 184 1667 244 1699; x_wconf 89' lang='lat' dir='ltr'><strong>ille</strong></span> <span class='ocrx_word' id='word_1_217' title='bbox 270 1666 466 1700; x_wconf 89' lang='lat' dir='ltr'><strong>induratur.</strong></span> <span class='ocrx_word' id='word_1_218' title='bbox 519 1663 728 1710; x_wconf 86' lang='lat' dir='ltr'><strong>Acciditque</strong></span> <span class='ocrx_word' id='word_1_219' title='bbox 750 1665 786 1697; x_wconf 89' lang='lat' dir='ltr'><strong>in</strong></span> <span class='ocrx_word' id='word_1_220' title='bbox 805 1665 968 1698; x_wconf 89' lang='lat' dir='ltr'><strong>omnibus</strong></span> <span class='ocrx_word' id='word_1_221' title='bbox 985 1665 1055 1698; x_wconf 90' lang='lat' dir='ltr'><strong>ini-</strong></span> 
     </span>
    </p>
   </div>
   <div class='ocr_carea' id='block_1_6' title="bbox 69 1714 1053 1761">
    <p class='ocr_par' dir='ltr' id='par_1_6' title="bbox 69 1714 1053 1761">
     <span class='ocr_line' id='line_1_32' title="bbox 69 1714 1053 1761; baseline -0.001 -11"><span class='ocrx_word' id='word_1_222' title='bbox 69 1718 170 1751; x_wconf 89' lang='lat' dir='ltr'><strong>micis</strong></span> <span class='ocrx_word' id='word_1_223' title='bbox 193 1715 348 1754; x_wconf 85' lang='lat' dir='ltr'><strong>Christi,</strong></span> <span class='ocrx_word' id='word_1_224' title='bbox 376 1724 413 1750; x_wconf 88' lang='lat' dir='ltr'><strong>ut</strong></span> <span class='ocrx_word' id='word_1_225' title='bbox 442 1728 511 1761; x_wconf 92' lang='lat' dir='ltr'><strong>quo</strong></span> <span class='ocrx_word' id='word_1_226' title='bbox 539 1715 582 1749; x_wconf 90' lang='lat' dir='ltr'><strong>sit</strong></span> <span class='ocrx_word' id='word_1_227' title='bbox 610 1716 786 1748; x_wconf 90' lang='lat' dir='ltr'><strong>infirmior</strong></span> <span class='ocrx_word' id='word_1_228' title='bbox 808 1714 987 1756; x_wconf 86' lang='lat' dir='ltr'><strong>Christus,</strong></span> <span class='ocrx_word' id='word_1_229' title='bbox 1014 1728 1053 1749; x_wconf 89' lang='lat' dir='ltr'><strong>eo</strong></span> 
     </span>
    </p>
   </div>
   <div class='ocr_carea' id='block_1_7' title="bbox 68 1764 1080 1806">
    <p class='ocr_par' dir='ltr' id='par_1_7' title="bbox 68 1764 1080 1806">
     <span class='ocr_line' id='line_1_33' title="bbox 68 1764 1080 1806; baseline -0.002 -5"><span class='ocrx_word' id='word_1_230' title='bbox 68 1769 186 1802; x_wconf 87' lang='lat' dir='ltr'><strong>minus</strong></span> <span class='ocrx_word' id='word_1_231' title='bbox 206 1767 430 1800; x_wconf 89' lang='lat' dir='ltr'><strong>miserescant</strong></span> <span class='ocrx_word' id='word_1_232' title='bbox 448 1773 508 1799; x_wconf 89' lang='lat' dir='ltr'><strong>etc.</strong></span> <span class='ocrx_word' id='word_1_233' title='bbox 522 1793 530 1806; x_wconf 90' lang='lat'><strong>‚</strong></span> <span class='ocrx_word' id='word_1_234' title='bbox 558 1773 597 1799; x_wconf 89' lang='lat' dir='ltr'><strong>ut</strong></span> <span class='ocrx_word' id='word_1_235' title='bbox 616 1764 756 1799; x_wconf 83' lang='lat' dir='ltr'><strong>Psalmo</strong></span> <span class='ocrx_word' id='word_1_236' title='bbox 774 1766 957 1800; x_wconf 69' lang='lat' dir='ltr'>LXVIIL:</span> <span class='ocrx_word' id='word_1_237' title='bbox 986 1765 1055 1800; x_wconf 93' lang='lat' dir='ltr'><strong>Su-</strong></span> <span class='ocrx_word' id='word_1_238' title='bbox 1078 1783 1080 1799; x_wconf 75' lang='grc' dir='ltr'><em>ι</em></span> 
     </span>
    </p>
   </div>
   <div class='ocr_carea' id='block_1_8' title="bbox 69 1817 931 1863">
    <p class='ocr_par' dir='ltr' id='par_1_8' title="bbox 69 1817 931 1863">
     <span class='ocr_line' id='line_1_34' title="bbox 69 1817 931 1863; baseline -0.001 -11"><span class='ocrx_word' id='word_1_239' title='bbox 69 1831 131 1863; x_wconf 88' lang='lat' dir='ltr'><strong>per</strong></span> <span class='ocrx_word' id='word_1_240' title='bbox 147 1819 306 1852; x_wconf 90' lang='lat' dir='ltr'><strong>dolorem</strong></span> <span class='ocrx_word' id='word_1_241' title='bbox 325 1817 512 1851; x_wconf 90' lang='lat' dir='ltr'><strong>vulnerum</strong></span> <span class='ocrx_word' id='word_1_242' title='bbox 531 1828 689 1850; x_wconf 89' lang='lat' dir='ltr'><strong>meorum</strong></span> <span class='ocrx_word' id='word_1_243' title='bbox 708 1817 931 1852; x_wconf 89' lang='lat' dir='ltr'><strong>addiderunt.</strong></span> 
     </span>
    </p>
   </div>
   <div class='ocr_carea' id='block_1_9' title="bbox 230 1906 895 1955">
    <p class='ocr_par' dir='ltr' id='par_1_9' title="bbox 230 1906 895 1955">
     <span class='ocr_line' id='line_1_35' title="bbox 230 1906 895 1955; baseline 0.002 -12"><span class='ocrx_word' id='word_1_244' title='bbox 230 1908 363 1943; x_wconf 80' lang='lat' dir='ltr'><strong>Innuit</strong></span> <span class='ocrx_word' id='word_1_245' title='bbox 387 1921 472 1955; x_wconf 79' lang='lat' dir='ltr'><strong>ergo</strong></span> <span class='ocrx_word' id='word_1_246' title='bbox 493 1906 579 1942; x_wconf 81' lang='lat' dir='ltr'><strong>huic</strong></span> <span class='ocrx_word' id='word_1_247' title='bbox 602 1907 731 1943; x_wconf 85' lang='lat' dir='ltr'><strong>Simon</strong></span> <span class='ocrx_word' id='word_1_248' title='bbox 755 1907 895 1945; x_wconf 81' lang='lat' dir='ltr'><strong>Petrus.</strong></span> 
     </span>
    </p>
   </div>
   <div class='ocr_carea' id='block_1_10' title="bbox 168 1983 1054 2025">
    <p class='ocr_par' dir='ltr' id='par_1_10' title="bbox 168 1983 1054 2025">
     <span class='ocr_line' id='line_1_36' title="bbox 168 1983 1054 2025; baseline -0.001 -6"><span class='ocrx_word' id='word_1_249' title='bbox 168 1986 221 2019; x_wconf 82' lang='lat' dir='ltr'><strong>Ut</strong></span> <span class='ocrx_word' id='word_1_250' title='bbox 237 1985 362 2019; x_wconf 85' lang='lat' dir='ltr'><strong>Petrus</strong></span> <span class='ocrx_word' id='word_1_251' title='bbox 378 1983 446 2018; x_wconf 87' lang='lat' dir='ltr'><strong>hoc</strong></span> <span class='ocrx_word' id='word_1_252' title='bbox 462 1986 558 2025; x_wconf 89' lang='lat' dir='ltr'><strong>loco,</strong></span> <span class='ocrx_word' id='word_1_253' title='bbox 585 1985 632 2018; x_wconf 84' lang='lat' dir='ltr'><strong>ita</strong></span> <span class='ocrx_word' id='word_1_254' title='bbox 650 1986 759 2018; x_wconf 90' lang='lat' dir='ltr'><strong>sancti</strong></span> <span class='ocrx_word' id='word_1_255' title='bbox 778 1992 939 2019; x_wconf 89' lang='lat' dir='ltr'><strong>metuunt</strong></span> <span class='ocrx_word' id='word_1_256' title='bbox 955 1997 1054 2019; x_wconf 85' lang='lat' dir='ltr'><strong>scan-</strong></span> 
     </span>
    </p>
   </div>
   <div class='ocr_carea' id='block_1_11' title="bbox 68 2036 1080 2080">
    <p class='ocr_par' dir='ltr' id='par_1_11' title="bbox 68 2036 1080 2080">
     <span class='ocr_line' id='line_1_37' title="bbox 68 2036 1080 2080; baseline -0.001 -10"><span class='ocrx_word' id='word_1_257' title='bbox 68 2037 167 2077; x_wconf 83' lang='lat' dir='ltr'><strong>dala,</strong></span> <span class='ocrx_word' id='word_1_258' title='bbox 194 2037 237 2070; x_wconf 84' lang='lat' dir='ltr'><strong>de</strong></span> <span class='ocrx_word' id='word_1_259' title='bbox 260 2037 388 2080; x_wconf 90' lang='lat' dir='ltr'><strong>quibus</strong></span> <span class='ocrx_word' id='word_1_260' title='bbox 411 2036 627 2078; x_wconf 80' lang='lat' dir='ltr'><strong>praedictum</strong></span> <span class='ocrx_word' id='word_1_261' title='bbox 652 2043 719 2075; x_wconf 90' lang='lat' dir='ltr'><strong>est,</strong></span> <span class='ocrx_word' id='word_1_262' title='bbox 746 2037 805 2069; x_wconf 88' lang='lat' dir='ltr'><strong>sed</strong></span> <span class='ocrx_word' id='word_1_263' title='bbox 829 2048 901 2069; x_wconf 93' lang='lat' dir='ltr'><strong>non</strong></span> <span class='ocrx_word' id='word_1_264' title='bbox 919 2036 1055 2070; x_wconf 87' lang='lat' dir='ltr'><strong>intelli-</strong></span> <span class='ocrx_word' id='word_1_265' title='bbox 1078 2053 1080 2059; x_wconf 94' lang='lat'>·</span> 
     </span>
    </p>
   </div>
   <div class='ocr_carea' id='block_1_12' title="bbox 69 2082 634 2131">
    <p class='ocr_par' dir='ltr' id='par_1_12' title="bbox 69 2082 634 2131">
     <span class='ocr_line' id='line_1_38' title="bbox 69 2082 634 2131; baseline -0.005 -10"><span class='ocrx_word' id='word_1_266' title='bbox 69 2094 155 2131; x_wconf 88' lang='lat' dir='ltr'><strong>gunt</strong></span> <span class='ocrx_word' id='word_1_267' title='bbox 170 2086 237 2119; x_wconf 89' lang='lat' dir='ltr'><strong>nisi</strong></span> <span class='ocrx_word' id='word_1_268' title='bbox 260 2085 464 2119; x_wconf 87' lang='lat' dir='ltr'><strong>ostendente</strong></span> <span class='ocrx_word' id='word_1_269' title='bbox 480 2082 634 2121; x_wconf 85' lang='lat' dir='ltr'><strong>Christo.</strong></span> 
     </span>
    </p>
   </div>
   <div class='ocr_carea' id='block_1_13' title="bbox 313 2173 808 2224">
    <p class='ocr_par' dir='ltr' id='par_1_13' title="bbox 313 2173 808 2224">
     <span class='ocr_line' id='line_1_39' title="bbox 313 2173 808 2224; baseline 0 -15"><span class='ocrx_word' id='word_1_270' title='bbox 313 2173 427 2224; x_wconf 78' lang='lat' dir='ltr'><strong>Quod</strong></span> <span class='ocrx_word' id='word_1_271' title='bbox 439 2174 564 2224; x_wconf 81' lang='lat' dir='ltr'><strong>sacis,</strong></span> <span class='ocrx_word' id='word_1_272' title='bbox 594 2174 665 2222; x_wconf 81' lang='lat' dir='ltr'><strong>fac</strong></span> <span class='ocrx_word' id='word_1_273' title='bbox 690 2175 808 2212; x_wconf 81' lang='lat' dir='ltr'><strong>citius.</strong></span> 
     </span>
    </p>
   </div>
   <div class='ocr_carea' id='block_1_14' title="bbox 170 2250 1054 2296">
    <p class='ocr_par' dir='ltr' id='par_1_14' title="bbox 170 2250 1054 2296">
     <span class='ocr_line' id='line_1_40' title="bbox 170 2250 1054 2296; baseline -0.006 -7"><span class='ocrx_word' id='word_1_274' title='bbox 170 2255 319 2289; x_wconf 86' lang='lat' dir='ltr'><strong>Iubetne</strong></span> <span class='ocrx_word' id='word_1_275' title='bbox 347 2250 531 2290; x_wconf 87' lang='lat' dir='ltr'><strong>Christus,</strong></span> <span class='ocrx_word' id='word_1_276' title='bbox 574 2258 612 2285; x_wconf 89' lang='lat' dir='ltr'><strong>ut</strong></span> <span class='ocrx_word' id='word_1_277' title='bbox 643 2259 762 2296; x_wconf 85' lang='lat' dir='ltr'><strong>pergat</strong></span> <span class='ocrx_word' id='word_1_278' title='bbox 793 2253 923 2285; x_wconf 77' lang='lat' dir='ltr'><strong>Iudas?</strong></span> <span class='ocrx_word' id='word_1_279' title='bbox 981 2253 1054 2288; x_wconf 88' lang='lat' dir='ltr'><strong>Re-</strong></span> 
     </span>
    </p>
   </div>
   <div class='ocr_carea' id='block_1_15' title="bbox 67 2301 1079 2352">
    <p class='ocr_par' dir='ltr' id='par_1_15' title="bbox 67 2301 1079 2352">
     <span class='ocr_line' id='line_1_41' title="bbox 67 2301 1079 2352; baseline -0.004 -11"><span class='ocrx_word' id='word_1_280' title='bbox 67 2307 238 2352; x_wconf 85' lang='lat' dir='ltr'><strong>spondeo:</strong></span> <span class='ocrx_word' id='word_1_281' title='bbox 268 2304 442 2338; x_wconf 86' lang='lat' dir='ltr'><strong>Iudicium</strong></span> <span class='ocrx_word' id='word_1_282' title='bbox 459 2301 523 2335; x_wconf 85' lang='lat' dir='ltr'><strong>Dei</strong></span> <span class='ocrx_word' id='word_1_283' title='bbox 548 2309 615 2341; x_wconf 87' lang='lat' dir='ltr'><strong>est,</strong></span> <span class='ocrx_word' id='word_1_284' title='bbox 642 2315 712 2347; x_wconf 88' lang='lat' dir='ltr'><strong>quo</strong></span> <span class='ocrx_word' id='word_1_285' title='bbox 731 2311 887 2338; x_wconf 82' lang='lat' dir='ltr'><strong>excaecat</strong></span> <span class='ocrx_word' id='word_1_286' title='bbox 903 2305 1053 2338; x_wconf 89' lang='lat' dir='ltr'><strong>indura-</strong></span> <span class='ocrx_word' id='word_1_287' title='bbox 1077 2305 1079 2310; x_wconf 87' lang='grc'><strong>’</strong></span> 
     </span>
    </p>
   </div>
   <div class='ocr_carea' id='block_1_16' title="bbox 66 2352 1051 2397">
    <p class='ocr_par' dir='ltr' id='par_1_16' title="bbox 66 2352 1051 2397">
     <span class='ocr_line' id='line_1_42' title="bbox 66 2352 1051 2397; baseline -0.005 -4"><span class='ocrx_word' id='word_1_288' title='bbox 66 2366 141 2396; x_wconf 87' lang='lat' dir='ltr'><strong>tos,</strong></span> <span class='ocrx_word' id='word_1_289' title='bbox 169 2358 259 2390; x_wconf 85' lang='lat' dir='ltr'><strong>sicut</strong></span> <span class='ocrx_word' id='word_1_290' title='bbox 285 2355 374 2388; x_wconf 79' lang='lat' dir='ltr'><strong>Psal.</strong></span> <span class='ocrx_word' id='word_1_291' title='bbox 394 2352 539 2388; x_wconf 78' lang='lat' dir='ltr'>LXHL:</span> <span class='ocrx_word' id='word_1_292' title='bbox 576 2352 730 2386; x_wconf 82' lang='lat' dir='ltr'><strong>Effunde</strong></span> <span class='ocrx_word' id='word_1_293' title='bbox 754 2365 858 2397; x_wconf 88' lang='lat' dir='ltr'><strong>super</strong></span> <span class='ocrx_word' id='word_1_294' title='bbox 882 2366 940 2388; x_wconf 92' lang='lat' dir='ltr'><strong>eos</strong></span> <span class='ocrx_word' id='word_1_295' title='bbox 966 2356 1051 2388; x_wconf 79' lang='lat' dir='ltr'><strong>iram</strong></span> 
     </span>
    </p>
   </div>
   <div class='ocr_carea' id='block_1_17' title="bbox 67 2399 1079 2448">
    <p class='ocr_par' dir='ltr' id='par_1_17' title="bbox 67 2399 1079 2448">
     <span class='ocr_line' id='line_1_43' title="bbox 67 2399 1079 2448; baseline -0.004 -6"><span class='ocrx_word' id='word_1_296' title='bbox 67 2416 185 2448; x_wconf 90' lang='lat' dir='ltr'><strong>tuam,</strong></span> <span class='ocrx_word' id='word_1_297' title='bbox 218 2414 251 2441; x_wconf 86' lang='lat' dir='ltr'><strong>et</strong></span> <span class='ocrx_word' id='word_1_298' title='bbox 283 2407 383 2439; x_wconf 82' lang='lat' dir='ltr'><strong>furor</strong></span> <span class='ocrx_word' id='word_1_299' title='bbox 407 2405 478 2437; x_wconf 82' lang='lat' dir='ltr'><strong>irae</strong></span> <span class='ocrx_word' id='word_1_300' title='bbox 505 2410 586 2437; x_wconf 85' lang='lat' dir='ltr'><strong>tuae</strong></span> <span class='ocrx_word' id='word_1_301' title='bbox 610 2401 884 2447; x_wconf 86' lang='lat' dir='ltr'><strong>comprehendat</strong></span> <span class='ocrx_word' id='word_1_302' title='bbox 910 2417 967 2438; x_wconf 87' lang='lat' dir='ltr'><strong>eos</strong></span> <span class='ocrx_word' id='word_1_303' title='bbox 989 2412 1053 2441; x_wconf 85' lang='lat' dir='ltr'><strong>etc.</strong></span> <span class='ocrx_word' id='word_1_304' title='bbox 1077 2399 1079 2418; x_wconf 61' lang='lat'><em>³</em></span> 
     </span>
    </p>
   </div>
   <div class='ocr_carea' id='block_1_18' title="bbox 66 2455 1053 2703">
    <p class='ocr_par' dir='ltr' id='par_1_18' title="bbox 66 2455 1053 2703">
     <span class='ocr_line' id='line_1_44' title="bbox 67 2455 1052 2503; baseline -0.004 -10"><span class='ocrx_word' id='word_1_305' title='bbox 67 2457 200 2503; x_wconf 87' lang='lat' dir='ltr'><strong>Estque</strong></span> <span class='ocrx_word' id='word_1_306' title='bbox 224 2456 424 2490; x_wconf 83' lang='lat' dir='ltr'><strong>maledictio</strong></span> <span class='ocrx_word' id='word_1_307' title='bbox 446 2455 561 2498; x_wconf 84' lang='lat' dir='ltr'><strong>potius</strong></span> <span class='ocrx_word' id='word_1_308' title='bbox 579 2466 684 2499; x_wconf 89' lang='lat' dir='ltr'><strong>quam</strong></span> <span class='ocrx_word' id='word_1_309' title='bbox 701 2456 925 2494; x_wconf 81' lang='lat' dir='ltr'><strong>mandatum,</strong></span> <span class='ocrx_word' id='word_1_310' title='bbox 954 2457 1052 2500; x_wconf 88' lang='lat' dir='ltr'><strong>quasi</strong></span> 
     </span>
     <span class='ocr_line' id='line_1_45' title="bbox 67 2506 1053 2549; baseline -0.004 -5"><span class='ocrx_word' id='word_1_311' title='bbox 67 2511 116 2544; x_wconf 90' lang='lat' dir='ltr'><strong>sic</strong></span> <span class='ocrx_word' id='word_1_312' title='bbox 131 2510 273 2543; x_wconf 88' lang='lat' dir='ltr'><strong>diceret:</strong></span> <span class='ocrx_word' id='word_1_313' title='bbox 304 2506 376 2540; x_wconf 86' lang='lat' dir='ltr'><strong>lam</strong></span> <span class='ocrx_word' id='word_1_314' title='bbox 391 2506 493 2539; x_wconf 89' lang='lat' dir='ltr'><strong>toties</strong></span> <span class='ocrx_word' id='word_1_315' title='bbox 506 2506 634 2539; x_wconf 83' lang='lat' dir='ltr'><strong>frustra</strong></span> <span class='ocrx_word' id='word_1_316' title='bbox 649 2517 776 2539; x_wconf 86' lang='lat' dir='ltr'><strong>moneo</strong></span> <span class='ocrx_word' id='word_1_317' title='bbox 788 2512 836 2546; x_wconf 89' lang='lat' dir='ltr'><strong>te;</strong></span> <span class='ocrx_word' id='word_1_318' title='bbox 863 2517 944 2549; x_wconf 88' lang='lat' dir='ltr'><strong>ergo</strong></span> <span class='ocrx_word' id='word_1_319' title='bbox 957 2508 1053 2548; x_wconf 89' lang='lat' dir='ltr'><strong>vade,</strong></span> 
     </span>
     <span class='ocr_line' id='line_1_46' title="bbox 66 2554 1053 2603; baseline -0.004 -8"><span class='ocrx_word' id='word_1_320' title='bbox 66 2567 106 2594; x_wconf 88' lang='lat' dir='ltr'><strong>ut</strong></span> <span class='ocrx_word' id='word_1_321' title='bbox 135 2571 273 2603; x_wconf 75' lang='lat' dir='ltr'><strong>pereas3</strong></span> <span class='ocrx_word' id='word_1_322' title='bbox 309 2565 347 2590; x_wconf 92' lang='lat' dir='ltr'><strong>ut</strong></span> <span class='ocrx_word' id='word_1_323' title='bbox 370 2554 493 2590; x_wconf 81' lang='lat' dir='ltr'><strong>Esaiae</strong></span> <span class='ocrx_word' id='word_1_324' title='bbox 509 2555 590 2589; x_wconf 81' lang='lat' dir='ltr'><strong>XL:</strong></span> <span class='ocrx_word' id='word_1_325' title='bbox 627 2556 759 2590; x_wconf 85' lang='lat' dir='ltr'><strong>Audite</strong></span> <span class='ocrx_word' id='word_1_326' title='bbox 786 2557 986 2598; x_wconf 87' lang='lat' dir='ltr'><strong>audientes,</strong></span> <span class='ocrx_word' id='word_1_327' title='bbox 1020 2564 1053 2591; x_wconf 89' lang='lat' dir='ltr'><strong>et</strong></span> 
     </span>
     <span class='ocr_line' id='line_1_47' title="bbox 67 2605 1053 2652; baseline -0.003 -7"><span class='ocrx_word' id='word_1_328' title='bbox 67 2611 177 2645; x_wconf 89' lang='lat' dir='ltr'><strong>nolite</strong></span> <span class='ocrx_word' id='word_1_329' title='bbox 204 2609 410 2652; x_wconf 80' lang='lat' dir='ltr'><strong>intelligere.</strong></span> <span class='ocrx_word' id='word_1_330' title='bbox 470 2605 669 2640; x_wconf 72' lang='lat' dir='ltr'><strong>Hieremiae</strong></span> <span class='ocrx_word' id='word_1_331' title='bbox 686 2606 816 2642; x_wconf 49' lang='lat' dir='ltr'><strong>XXV„</strong></span> <span class='ocrx_word' id='word_1_332' title='bbox 852 2606 986 2647; x_wconf 74' lang='lat' dir='ltr'><strong>Bibae,</strong></span> <span class='ocrx_word' id='word_1_333' title='bbox 1021 2615 1053 2642; x_wconf 87' lang='lat' dir='ltr'><strong>et</strong></span> 
     </span>
     <span class='ocr_line' id='line_1_48' title="bbox 68 2656 1051 2703; baseline -0.002 -9"><span class='ocrx_word' id='word_1_334' title='bbox 68 2660 313 2700; x_wconf 85' lang='lat' dir='ltr'><strong>inebriamini,</strong></span> <span class='ocrx_word' id='word_1_335' title='bbox 339 2666 372 2692; x_wconf 85' lang='lat' dir='ltr'><strong>et</strong></span> <span class='ocrx_word' id='word_1_336' title='bbox 396 2658 548 2697; x_wconf 86' lang='lat' dir='ltr'><strong>vomite,</strong></span> <span class='ocrx_word' id='word_1_337' title='bbox 576 2665 607 2691; x_wconf 90' lang='lat' dir='ltr'><strong>et</strong></span> <span class='ocrx_word' id='word_1_338' title='bbox 633 2658 753 2691; x_wconf 79' lang='lat' dir='ltr'><strong>cadite.</strong></span> <span class='ocrx_word' id='word_1_339' title='bbox 806 2656 938 2703; x_wconf 86' lang='lat' dir='ltr'><strong>Estque</strong></span> <span class='ocrx_word' id='word_1_340' title='bbox 960 2659 1051 2692; x_wconf 86' lang='lat' dir='ltr'><strong>blas-</strong></span> 
     </span>
    </p>
   </div>
   <div class='ocr_carea' id='block_1_19' title="bbox 493 96 1814 135">
    <p class='ocr_par' dir='ltr' id='par_1_19' title="bbox 493 96 1814 135">
     <span class='ocr_line' id='line_1_49' title="bbox 493 96 1814 135; baseline -0.003 0"><span class='ocrx_word' id='word_1_341' title='bbox 493 97 883 135; x_wconf 82' lang='lat' dir='ltr'><strong>ANNOTATIONES</strong></span> <span class='ocrx_word' id='word_1_342' title='bbox 910 98 977 134; x_wconf 89' lang='lat' dir='ltr'><strong>ET</strong></span> <span class='ocrx_word' id='word_1_343' title='bbox 1003 96 1285 134; x_wconf 72' lang='lat' dir='ltr'><strong>CONClONES</strong></span> <span class='ocrx_word' id='word_1_344' title='bbox 1315 98 1362 132; x_wconf 82' lang='lat' dir='ltr'><strong>IN</strong></span> <span class='ocrx_word' id='word_1_345' title='bbox 1391 97 1572 135; x_wconf 75' lang='lat' dir='ltr'><strong>EVANG.</strong></span> <span class='ocrx_word' id='word_1_346' title='bbox 1601 97 1814 133; x_wconf 74' lang='lat' dir='ltr'><strong>IOANNIS.</strong></span> 
     </span>
    </p>
   </div>
   <div class='ocr_carea' id='block_1_20' title="bbox 1080 1144 1497 1179">
    <p class='ocr_par' dir='ltr' id='par_1_20' title="bbox 1080 1144 1497 1179">
     <span class='ocr_line' id='line_1_50' title="bbox 1080 1144 1497 1179; baseline 0.007 -4"><span class='ocrx_word' id='word_1_347' title='bbox 1080 1153 1081 1156; x_wconf 74' lang='grc'>’</span> <span class='ocrx_word' id='word_1_348' title='bbox 1106 1144 1249 1176; x_wconf 87' lang='lat' dir='ltr'><strong>dalizari</strong></span> <span class='ocrx_word' id='word_1_349' title='bbox 1275 1157 1350 1177; x_wconf 83' lang='lat' dir='ltr'><strong>mea</strong></span> <span class='ocrx_word' id='word_1_350' title='bbox 1376 1152 1497 1179; x_wconf 85' lang='lat' dir='ltr'><strong>morte.</strong></span> 
     </span>
    </p>
   </div>
   <div class='ocr_carea' id='block_1_21' title="bbox 1993 98 2089 133">
    <p class='ocr_par' dir='ltr' id='par_1_21' title="bbox 1993 98 2089 133">
     <span class='ocr_line' id='line_1_51' title="bbox 1993 98 2089 133; baseline 0.021 -2"><span class='ocrx_word' id='word_1_351' title='bbox 1993 98 2089 133; x_wconf 79' lang='lat'>1166</span> 
     </span>
    </p>
   </div>
   <div class='ocr_carea' id='block_1_22' title="bbox 1104 181 2089 381">
    <p class='ocr_par' dir='ltr' id='par_1_22' title="bbox 1104 181 2089 381">
     <span class='ocr_line' id='line_1_52' title="bbox 1104 181 2087 230; baseline -0.002 -14"><span class='ocrx_word' id='word_1_352' title='bbox 1104 181 1242 228; x_wconf 83' lang='lat' dir='ltr'><strong>phemis</strong></span> <span class='ocrx_word' id='word_1_353' title='bbox 1277 191 1309 218; x_wconf 88' lang='lat' dir='ltr'><strong>et</strong></span> <span class='ocrx_word' id='word_1_354' title='bbox 1345 185 1646 230; x_wconf 84' lang='lat' dir='ltr'><strong>contemptoribus</strong></span> <span class='ocrx_word' id='word_1_355' title='bbox 1677 182 1862 226; x_wconf 81' lang='lat' dir='ltr'><strong>Evangelii</strong></span> <span class='ocrx_word' id='word_1_356' title='bbox 1892 182 2087 225; x_wconf 83' lang='lat' dir='ltr'><strong>exemplum</strong></span> 
     </span>
     <span class='ocr_line' id='line_1_53' title="bbox 1105 231 2086 280; baseline -0.003 -13"><span class='ocrx_word' id='word_1_357' title='bbox 1105 235 1342 279; x_wconf 85' lang='lat' dir='ltr'><strong>propositum,</strong></span> <span class='ocrx_word' id='word_1_358' title='bbox 1369 237 1430 280; x_wconf 87' lang='lat' dir='ltr'><strong>qui</strong></span> <span class='ocrx_word' id='word_1_359' title='bbox 1446 249 1523 269; x_wconf 90' lang='lat' dir='ltr'><strong>cum</strong></span> <span class='ocrx_word' id='word_1_360' title='bbox 1540 237 1690 269; x_wconf 86' lang='lat' dir='ltr'><strong>audiunt</strong></span> <span class='ocrx_word' id='word_1_361' title='bbox 1707 234 1877 267; x_wconf 88' lang='lat' dir='ltr'><strong>iudicium</strong></span> <span class='ocrx_word' id='word_1_362' title='bbox 1897 231 1968 265; x_wconf 86' lang='lat' dir='ltr'><strong>Dei</strong></span> <span class='ocrx_word' id='word_1_363' title='bbox 1984 244 2086 276; x_wconf 85' lang='lat' dir='ltr'><strong>prae-</strong></span> 
     </span>
     <span class='ocr_line' id='line_1_54' title="bbox 1104 283 2083 329; baseline -0.003 -11"><span class='ocrx_word' id='word_1_364' title='bbox 1104 285 1232 325; x_wconf 89' lang='lat' dir='ltr'><strong>dicari,</strong></span> <span class='ocrx_word' id='word_1_365' title='bbox 1259 298 1331 319; x_wconf 89' lang='lat' dir='ltr'><strong>non</strong></span> <span class='ocrx_word' id='word_1_366' title='bbox 1357 287 1569 329; x_wconf 82' lang='lat' dir='ltr'><strong>resipiscunt</strong></span> <span class='ocrx_word' id='word_1_367' title='bbox 1588 295 1716 320; x_wconf 88' lang='lat' dir='ltr'><strong>tamen.</strong></span> <span class='ocrx_word' id='word_1_368' title='bbox 1769 284 1952 322; x_wconf 85' lang='lat' dir='ltr'><strong>Secundo,</strong></span> <span class='ocrx_word' id='word_1_369' title='bbox 1979 283 2083 316; x_wconf 89' lang='lat' dir='ltr'><strong>simul</strong></span> 
     </span>
     <span class='ocr_line' id='line_1_55' title="bbox 1105 333 2089 381; baseline -0.003 -13"><span class='ocrx_word' id='word_1_370' title='bbox 1105 333 1162 368; x_wconf 91' lang='lat' dir='ltr'><strong>hic</strong></span> <span class='ocrx_word' id='word_1_371' title='bbox 1186 337 1336 379; x_wconf 81' lang='lat' dir='ltr'><strong>resignat</strong></span> <span class='ocrx_word' id='word_1_372' title='bbox 1361 350 1398 370; x_wconf 88' lang='lat' dir='ltr'><strong>ea</strong></span> <span class='ocrx_word' id='word_1_373' title='bbox 1422 338 1561 377; x_wconf 82' lang='lat' dir='ltr'><strong>onmia,</strong></span> <span class='ocrx_word' id='word_1_374' title='bbox 1590 338 1631 369; x_wconf 83' lang='lat' dir='ltr'><strong>de</strong></span> <span class='ocrx_word' id='word_1_375' title='bbox 1654 336 1781 381; x_wconf 88' lang='lat' dir='ltr'><strong>quibus</strong></span> <span class='ocrx_word' id='word_1_376' title='bbox 1805 342 1904 367; x_wconf 85' lang='lat' dir='ltr'><strong>antea</strong></span> <span class='ocrx_word' id='word_1_377' title='bbox 1923 334 2089 373; x_wconf 77' lang='lat' dir='ltr'><strong>diximus,</strong></span> 
     </span>
    </p>
   </div>
   <div class='ocr_carea' id='block_1_23' title="bbox 1080 385 2086 429">
    <p class='ocr_par' dir='ltr' id='par_1_23' title="bbox 1080 385 2086 429">
     <span class='ocr_line' id='line_1_56' title="bbox 1080 385 2086 429; baseline -0.002 -11"><span class='ocrx_word' id='word_1_378' title='bbox 1080 389 1081 396; x_wconf 63' lang='lat'>¹</span> <span class='ocrx_word' id='word_1_379' title='bbox 1105 386 1251 429; x_wconf 78' lang='lat' dir='ltr'><strong>gloriam</strong></span> <span class='ocrx_word' id='word_1_380' title='bbox 1276 388 1373 420; x_wconf 81' lang='lat' dir='ltr'><strong>verbi</strong></span> <span class='ocrx_word' id='word_1_381' title='bbox 1396 395 1428 421; x_wconf 91' lang='lat' dir='ltr'><strong>et</strong></span> <span class='ocrx_word' id='word_1_382' title='bbox 1443 388 1591 420; x_wconf 88' lang='lat' dir='ltr'><strong>salutem</strong></span> <span class='ocrx_word' id='word_1_383' title='bbox 1612 386 1731 420; x_wconf 88' lang='lat' dir='ltr'><strong>ludae:</strong></span> <span class='ocrx_word' id='word_1_384' title='bbox 1761 385 1841 429; x_wconf 85' lang='lat' dir='ltr'><strong>quia</strong></span> <span class='ocrx_word' id='word_1_385' title='bbox 1861 385 1982 424; x_wconf 89' lang='lat' dir='ltr'><strong>ludas,</strong></span> <span class='ocrx_word' id='word_1_386' title='bbox 2008 396 2086 417; x_wconf 86' lang='lat' dir='ltr'><strong>cum</strong></span> 
     </span>
    </p>
   </div>
   <div class='ocr_carea' id='block_1_24' title="bbox 1103 434 2088 785">
    <p class='ocr_par' dir='ltr' id='par_1_24' title="bbox 1103 434 2088 785">
     <span class='ocr_line' id='line_1_57' title="bbox 1103 434 2086 480; baseline -0.003 -11"><span class='ocrx_word' id='word_1_387' title='bbox 1103 437 1308 480; x_wconf 86' lang='lat' dir='ltr'><strong>proditurus</strong></span> <span class='ocrx_word' id='word_1_388' title='bbox 1324 446 1413 478; x_wconf 79' lang='lat' dir='ltr'><strong>erat,</strong></span> <span class='ocrx_word' id='word_1_389' title='bbox 1441 438 1651 471; x_wconf 78' lang='lat' dir='ltr'><strong>scandalizat</strong></span> <span class='ocrx_word' id='word_1_390' title='bbox 1669 437 1824 469; x_wconf 72' lang='lat' dir='ltr'><strong>verbum.</strong></span> <span class='ocrx_word' id='word_1_391' title='bbox 1876 434 1970 477; x_wconf 83' lang='lat' dir='ltr'><strong>Ergo</strong></span> <span class='ocrx_word' id='word_1_392' title='bbox 1987 435 2086 468; x_wconf 88' lang='lat' dir='ltr'><strong>dicit:</strong></span> 
     </span>
     <span class='ocr_line' id='line_1_58' title="bbox 1105 485 2087 529; baseline -0.003 -9"><span class='ocrx_word' id='word_1_393' title='bbox 1105 486 1211 529; x_wconf 88' lang='lat' dir='ltr'><strong>Quod</strong></span> <span class='ocrx_word' id='word_1_394' title='bbox 1245 488 1345 528; x_wconf 79' lang='lat' dir='ltr'><strong>sacis,</strong></span> <span class='ocrx_word' id='word_1_395' title='bbox 1380 489 1432 521; x_wconf 81' lang='lat' dir='ltr'><strong>sar.</strong></span> <span class='ocrx_word' id='word_1_396' title='bbox 1461 489 1581 529; x_wconf 82' lang='lat' dir='ltr'><strong>citius3</strong></span> <span class='ocrx_word' id='word_1_397' title='bbox 1617 489 1705 520; x_wconf 86' lang='lat' dir='ltr'><strong>sicut</strong></span> <span class='ocrx_word' id='word_1_398' title='bbox 1738 485 1922 521; x_wconf 81' lang='lat' dir='ltr'><strong>Luc.Xll.</strong></span> <span class='ocrx_word' id='word_1_399' title='bbox 1956 485 2087 529; x_wconf 88' lang='lat' dir='ltr'><strong>inquit:</strong></span> 
     </span>
     <span class='ocr_line' id='line_1_59' title="bbox 1105 535 2086 582; baseline -0.003 -12"><span class='ocrx_word' id='word_1_400' title='bbox 1105 536 1294 579; x_wconf 84' lang='lat' dir='ltr'><strong>Quomodo</strong></span> <span class='ocrx_word' id='word_1_401' title='bbox 1319 551 1448 581; x_wconf 82' lang='lat' dir='ltr'><strong>angor,</strong></span> <span class='ocrx_word' id='word_1_402' title='bbox 1483 541 1568 572; x_wconf 91' lang='lat' dir='ltr'><strong>dum</strong></span> <span class='ocrx_word' id='word_1_403' title='bbox 1593 539 1802 582; x_wconf 83' lang='lat' dir='ltr'><strong>perficiatur.</strong></span> <span class='ocrx_word' id='word_1_404' title='bbox 1857 535 1968 569; x_wconf 73' lang='lat' dir='ltr'><strong>Ardet</strong></span> <span class='ocrx_word' id='word_1_405' title='bbox 1992 536 2086 568; x_wconf 88' lang='lat' dir='ltr'><strong>enim</strong></span> 
     </span>
     <span class='ocr_line' id='line_1_60' title="bbox 1104 585 2086 633; baseline -0.004 -12"><span class='ocrx_word' id='word_1_406' title='bbox 1104 585 1284 629; x_wconf 86' lang='lat' dir='ltr'><strong>Christus,</strong></span> <span class='ocrx_word' id='word_1_407' title='bbox 1337 592 1505 623; x_wconf 85' lang='lat' dir='ltr'><strong>maturari</strong></span> <span class='ocrx_word' id='word_1_408' title='bbox 1547 588 1840 633; x_wconf 80' lang='lat' dir='ltr'><strong>praedicationem</strong></span> <span class='ocrx_word' id='word_1_409' title='bbox 1882 585 2086 628; x_wconf 83' lang='lat' dir='ltr'><strong>Evangelii:</strong></span> 
     </span>
     <span class='ocr_line' id='line_1_61' title="bbox 1104 635 2088 683; baseline -0.001 -13"><span class='ocrx_word' id='word_1_410' title='bbox 1104 639 1187 672; x_wconf 87' lang='lat' dir='ltr'><strong>item</strong></span> <span class='ocrx_word' id='word_1_411' title='bbox 1214 640 1412 672; x_wconf 84' lang='lat' dir='ltr'><strong>abbreviari</strong></span> <span class='ocrx_word' id='word_1_412' title='bbox 1440 648 1575 683; x_wconf 88' lang='lat' dir='ltr'><strong>tempus</strong></span> <span class='ocrx_word' id='word_1_413' title='bbox 1600 637 1706 673; x_wconf 82' lang='lat' dir='ltr'><strong>huius</strong></span> <span class='ocrx_word' id='word_1_414' title='bbox 1731 637 1866 682; x_wconf 84' lang='lat' dir='ltr'><strong>populi.</strong></span> <span class='ocrx_word' id='word_1_415' title='bbox 1925 635 2001 669; x_wconf 86' lang='lat' dir='ltr'><strong>Hoc</strong></span> <span class='ocrx_word' id='word_1_416' title='bbox 2026 649 2088 669; x_wconf 89' lang='lat' dir='ltr'><strong>au-</strong></span> 
     </span>
     <span class='ocr_line' id='line_1_62' title="bbox 1106 687 2088 735; baseline -0.002 -14"><span class='ocrx_word' id='word_1_417' title='bbox 1106 695 1175 722; x_wconf 86' lang='lat' dir='ltr'><strong>tem</strong></span> <span class='ocrx_word' id='word_1_418' title='bbox 1192 701 1294 722; x_wconf 88' lang='lat' dir='ltr'><strong>nemo</strong></span> <span class='ocrx_word' id='word_1_419' title='bbox 1313 691 1424 731; x_wconf 71' lang='lat' dir='ltr'><strong>scivit,</strong></span> <span class='ocrx_word' id='word_1_420' title='bbox 1452 691 1531 735; x_wconf 87' lang='lat' dir='ltr'><strong>quia</strong></span> <span class='ocrx_word' id='word_1_421' title='bbox 1548 693 1706 723; x_wconf 84' lang='lat' dir='ltr'><strong>nondum</strong></span> <span class='ocrx_word' id='word_1_422' title='bbox 1725 688 1904 732; x_wconf 87' lang='lat' dir='ltr'><strong>proditum</strong></span> <span class='ocrx_word' id='word_1_423' title='bbox 1921 687 1986 720; x_wconf 85' lang='lat' dir='ltr'><strong>fuit</strong></span> <span class='ocrx_word' id='word_1_424' title='bbox 2005 699 2088 731; x_wconf 90' lang='lat' dir='ltr'><strong>pec-</strong></span> 
     </span>
     <span class='ocr_line' id='line_1_63' title="bbox 1104 739 1772 785; baseline 0.003 -14"><span class='ocrx_word' id='word_1_425' title='bbox 1104 746 1218 772; x_wconf 85' lang='lat' dir='ltr'><strong>catum</strong></span> <span class='ocrx_word' id='word_1_426' title='bbox 1239 739 1362 779; x_wconf 85' lang='lat' dir='ltr'><strong>Iudae,</strong></span> <span class='ocrx_word' id='word_1_427' title='bbox 1390 742 1420 774; x_wconf 89' lang='lat' dir='ltr'><strong>si</strong></span> <span class='ocrx_word' id='word_1_428' title='bbox 1437 742 1526 774; x_wconf 86' lang='lat' dir='ltr'><strong>sorte</strong></span> <span class='ocrx_word' id='word_1_429' title='bbox 1544 741 1772 785; x_wconf 74' lang='lat' dir='ltr'><strong>resipisceret.</strong></span> 
     </span>
    </p>
   </div>
   <div class='ocr_carea' id='block_1_25' title="bbox 1261 821 1927 871">
    <p class='ocr_par' dir='ltr' id='par_1_25' title="bbox 1261 821 1927 871">
     <span class='ocr_line' id='line_1_64' title="bbox 1261 821 1927 871; baseline 0 -14"><span class='ocrx_word' id='word_1_430' title='bbox 1261 821 1354 857; x_wconf 81' lang='lat' dir='ltr'><strong>Cum</strong></span> <span class='ocrx_word' id='word_1_431' title='bbox 1378 836 1463 870; x_wconf 80' lang='lat' dir='ltr'><strong>ergo</strong></span> <span class='ocrx_word' id='word_1_432' title='bbox 1488 823 1551 858; x_wconf 70' lang='lat' dir='ltr'><strong>ille</strong></span> <span class='ocrx_word' id='word_1_433' title='bbox 1577 824 1709 871; x_wconf 82' lang='lat' dir='ltr'><strong>accepi!</strong></span> <span class='ocrx_word' id='word_1_434' title='bbox 1734 821 1927 857; x_wconf 74' lang='lat' dir='ltr'><strong>bacellum.</strong></span> 
     </span>
    </p>
   </div>
   <div class='ocr_carea' id='block_1_26' title="bbox 1105 889 2088 985">
    <p class='ocr_par' dir='ltr' id='par_1_26' title="bbox 1105 889 2088 985">
     <span class='ocr_line' id='line_1_65' title="bbox 1206 889 2088 936; baseline -0.002 -13"><span class='ocrx_word' id='word_1_435' title='bbox 1206 889 1437 936; x_wconf 85' lang='lat' dir='ltr'><strong>Posteaquam</strong></span> <span class='ocrx_word' id='word_1_436' title='bbox 1457 891 1560 925; x_wconf 86' lang='lat' dir='ltr'><strong>Iudas</strong></span> <span class='ocrx_word' id='word_1_437' title='bbox 1577 892 1683 932; x_wconf 89' lang='lat' dir='ltr'><strong>abiit,</strong></span> <span class='ocrx_word' id='word_1_438' title='bbox 1710 891 1909 935; x_wconf 88' lang='lat' dir='ltr'><strong>praedicare</strong></span> <span class='ocrx_word' id='word_1_439' title='bbox 1925 889 2037 932; x_wconf 84' lang='lat' dir='ltr'><strong>coepit</strong></span> <span class='ocrx_word' id='word_1_440' title='bbox 2057 896 2088 921; x_wconf 85' lang='lat' dir='ltr'><strong>et</strong></span> 
     </span>
     <span class='ocr_line' id='line_1_66' title="bbox 1105 937 2088 985; baseline -0.002 -12"><span class='ocrx_word' id='word_1_441' title='bbox 1105 941 1301 984; x_wconf 73' lang='lat' dir='ltr'><strong>passionem</strong></span> <span class='ocrx_word' id='word_1_442' title='bbox 1325 949 1358 976; x_wconf 89' lang='lat' dir='ltr'><strong>et</strong></span> <span class='ocrx_word' id='word_1_443' title='bbox 1377 943 1675 985; x_wconf 83' lang='lat' dir='ltr'><strong>glorificationem.</strong></span> <span class='ocrx_word' id='word_1_444' title='bbox 1729 939 1860 985; x_wconf 86' lang='lat' dir='ltr'><strong>Estque</strong></span> <span class='ocrx_word' id='word_1_445' title='bbox 1879 938 1964 973; x_wconf 81' lang='lat' dir='ltr'><strong>haec</strong></span> <span class='ocrx_word' id='word_1_446' title='bbox 1983 937 2088 972; x_wconf 75' lang='lat' dir='ltr'><strong>liuius</strong></span> 
     </span>
    </p>
   </div>
   <div class='ocr_carea' id='block_1_27' title="bbox 1078 991 2088 1038">
    <p class='ocr_par' dir='ltr' id='par_1_27' title="bbox 1078 991 2088 1038">
     <span class='ocr_line' id='line_1_67' title="bbox 1078 991 2088 1038; baseline -0.002 -15"><span class='ocrx_word' id='word_1_447' title='bbox 1078 994 1079 998; x_wconf 75' lang='grc'>’</span> <span class='ocrx_word' id='word_1_448' title='bbox 1105 991 1172 1024; x_wconf 88' lang='lat' dir='ltr'><strong>loci</strong></span> <span class='ocrx_word' id='word_1_449' title='bbox 1198 1004 1349 1026; x_wconf 85' lang='lat' dir='ltr'><strong>summa:</strong></span> <span class='ocrx_word' id='word_1_450' title='bbox 1379 993 1563 1038; x_wconf 82' lang='lat' dir='ltr'><strong>Siquidem</strong></span> <span class='ocrx_word' id='word_1_451' title='bbox 1582 993 1787 1037; x_wconf 83' lang='lat' dir='ltr'><strong>patiendum</strong></span> <span class='ocrx_word' id='word_1_452' title='bbox 1806 998 1872 1031; x_wconf 88' lang='lat' dir='ltr'><strong>est,</strong></span> <span class='ocrx_word' id='word_1_453' title='bbox 1899 998 1938 1024; x_wconf 92' lang='lat' dir='ltr'><strong>ut</strong></span> <span class='ocrx_word' id='word_1_454' title='bbox 1956 997 2088 1034; x_wconf 87' lang='lat' dir='ltr'><strong>patrem</strong></span> 
     </span>
    </p>
   </div>
   <div class='ocr_carea' id='block_1_28' title="bbox 1105 1042 2090 1289">
    <p class='ocr_par' dir='ltr' id='par_1_28' title="bbox 1105 1042 2090 1289">
     <span class='ocr_line' id='line_1_68' title="bbox 1105 1042 2087 1087; baseline -0.002 -13"><span class='ocrx_word' id='word_1_455' title='bbox 1105 1042 1308 1083; x_wconf 79' lang='lat' dir='ltr'><strong>clarificem,</strong></span> <span class='ocrx_word' id='word_1_456' title='bbox 1337 1051 1374 1077; x_wconf 92' lang='lat' dir='ltr'><strong>ut</strong></span> <span class='ocrx_word' id='word_1_457' title='bbox 1399 1044 1490 1087; x_wconf 88' lang='lat' dir='ltr'><strong>patri</strong></span> <span class='ocrx_word' id='word_1_458' title='bbox 1511 1044 1577 1076; x_wconf 87' lang='lat' dir='ltr'><strong>sim</strong></span> <span class='ocrx_word' id='word_1_459' title='bbox 1603 1044 1790 1082; x_wconf 90' lang='lat' dir='ltr'><strong>obediens,</strong></span> <span class='ocrx_word' id='word_1_460' title='bbox 1818 1049 1855 1075; x_wconf 90' lang='lat' dir='ltr'><strong>ut</strong></span> <span class='ocrx_word' id='word_1_461' title='bbox 1881 1054 1955 1074; x_wconf 89' lang='lat' dir='ltr'><strong>mea</strong></span> <span class='ocrx_word' id='word_1_462' title='bbox 1975 1046 2087 1073; x_wconf 88' lang='lat' dir='ltr'><strong>morte</strong></span> 
     </span>
     <span class='ocr_line' id='line_1_69' title="bbox 1105 1092 2090 1136; baseline -0.003 -11"><span class='ocrx_word' id='word_1_463' title='bbox 1105 1105 1168 1136; x_wconf 87' lang='lat' dir='ltr'><strong>pro</strong></span> <span class='ocrx_word' id='word_1_464' title='bbox 1191 1094 1337 1136; x_wconf 81' lang='lat' dir='ltr'><strong>peccatis</strong></span> <span class='ocrx_word' id='word_1_465' title='bbox 1365 1095 1489 1127; x_wconf 87' lang='lat' dir='ltr'><strong>mundi</strong></span> <span class='ocrx_word' id='word_1_466' title='bbox 1513 1094 1733 1127; x_wconf 83' lang='lat' dir='ltr'><strong>satisfaciam:</strong></span> <span class='ocrx_word' id='word_1_467' title='bbox 1761 1093 1839 1125; x_wconf 82' lang='lat' dir='ltr'><strong>ideo</strong></span> <span class='ocrx_word' id='word_1_468' title='bbox 1865 1092 1973 1125; x_wconf 87' lang='lat' dir='ltr'><strong>nolite</strong></span> <span class='ocrx_word' id='word_1_469' title='bbox 1990 1102 2090 1123; x_wconf 88' lang='lat' dir='ltr'><strong>scan-</strong></span> 
     </span>
     <span class='ocr_line' id='line_1_70' title="bbox 1551 1141 2089 1186; baseline -0.009 -9"><span class='ocrx_word' id='word_1_470' title='bbox 1551 1144 1638 1177; x_wconf 75' lang='lat' dir='ltr'><strong>Nam</strong></span> <span class='ocrx_word' id='word_1_471' title='bbox 1664 1151 1696 1177; x_wconf 87' lang='lat' dir='ltr'><strong>et</strong></span> <span class='ocrx_word' id='word_1_472' title='bbox 1721 1141 1784 1175; x_wconf 83' lang='lat' dir='ltr'><strong>hac</strong></span> <span class='ocrx_word' id='word_1_473' title='bbox 1802 1150 1898 1186; x_wconf 84' lang='lat' dir='ltr'><strong>pater</strong></span> <span class='ocrx_word' id='word_1_474' title='bbox 1915 1142 2089 1185; x_wconf 78' lang='lat' dir='ltr'><strong>glorifica-</strong></span> 
     </span>
     <span class='ocr_line' id='line_1_71' title="bbox 1106 1192 2088 1238; baseline -0.004 -11"><span class='ocrx_word' id='word_1_475' title='bbox 1106 1201 1182 1234; x_wconf 87' lang='lat' dir='ltr'><strong>tur,</strong></span> <span class='ocrx_word' id='word_1_476' title='bbox 1219 1201 1252 1228; x_wconf 85' lang='lat' dir='ltr'><strong>et</strong></span> <span class='ocrx_word' id='word_1_477' title='bbox 1275 1195 1348 1237; x_wconf 86' lang='lat' dir='ltr'><strong>ipse</strong></span> <span class='ocrx_word' id='word_1_478' title='bbox 1373 1196 1524 1228; x_wconf 69' lang='lat' dir='ltr'><strong>vicissim</strong></span> <span class='ocrx_word' id='word_1_479' title='bbox 1549 1195 1757 1238; x_wconf 84' lang='lat' dir='ltr'><strong>glorificabit</strong></span> <span class='ocrx_word' id='word_1_480' title='bbox 1781 1207 1851 1233; x_wconf 73' lang='lat' dir='ltr'><strong>me,</strong></span> <span class='ocrx_word' id='word_1_481' title='bbox 1879 1192 2088 1226; x_wconf 82' lang='lat' dir='ltr'><strong>declarabit-</strong></span> 
     </span>
     <span class='ocr_line' id='line_1_72' title="bbox 1107 1246 2085 1289; baseline -0.003 -12"><span class='ocrx_word' id='word_1_482' title='bbox 1107 1257 1190 1288; x_wconf 83' lang='lat' dir='ltr'><strong>que,</strong></span> <span class='ocrx_word' id='word_1_483' title='bbox 1217 1246 1336 1278; x_wconf 88' lang='lat' dir='ltr'><strong>tulisse</strong></span> <span class='ocrx_word' id='word_1_484' title='bbox 1352 1258 1407 1278; x_wconf 88' lang='lat' dir='ltr'><strong>me</strong></span> <span class='ocrx_word' id='word_1_485' title='bbox 1427 1247 1539 1279; x_wconf 69' lang='lat' dir='ltr'><strong>alletia</strong></span> <span class='ocrx_word' id='word_1_486' title='bbox 1559 1253 1712 1289; x_wconf 72' lang='lat' dir='ltr'><strong>peccata,</strong></span> <span class='ocrx_word' id='word_1_487' title='bbox 1740 1252 1771 1278; x_wconf 90' lang='lat' dir='ltr'><strong>et</strong></span> <span class='ocrx_word' id='word_1_488' title='bbox 1790 1257 1863 1277; x_wconf 78' lang='lat' dir='ltr'><strong>mea</strong></span> <span class='ocrx_word' id='word_1_489' title='bbox 1881 1251 1990 1276; x_wconf 76' lang='lat' dir='ltr'><strong>morte</strong></span> <span class='ocrx_word' id='word_1_490' title='bbox 2011 1254 2085 1285; x_wconf 88' lang='lat' dir='ltr'><strong>pec-</strong></span> 
     </span>
    </p>
   </div>
   <div class='ocr_carea' id='block_1_29' title="bbox 1080 1297 2089 1335">
    <p class='ocr_par' dir='ltr' id='par_1_29' title="bbox 1080 1297 2089 1335">
     <span class='ocr_line' id='line_1_73' title="bbox 1080 1297 2089 1335; baseline 0 -8"><span class='ocrx_word' id='word_1_491' title='bbox 1080 1298 1081 1326; x_wconf 59' lang='lat'>}</span> <span class='ocrx_word' id='word_1_492' title='bbox 1107 1301 1233 1335; x_wconf 81' lang='lat' dir='ltr'><strong>catum,</strong></span> <span class='ocrx_word' id='word_1_493' title='bbox 1260 1308 1334 1329; x_wconf 72' lang='lat' dir='ltr'><strong>ntea</strong></span> <span class='ocrx_word' id='word_1_494' title='bbox 1353 1297 1606 1329; x_wconf 79' lang='lat' dir='ltr'><strong>resurrectione</strong></span> <span class='ocrx_word' id='word_1_495' title='bbox 1623 1303 1769 1330; x_wconf 87' lang='lat' dir='ltr'><strong>mortem</strong></span> <span class='ocrx_word' id='word_1_496' title='bbox 1788 1301 1987 1328; x_wconf 71' lang='lat' dir='ltr'><strong>evacuatam</strong></span> <span class='ocrx_word' id='word_1_497' title='bbox 2006 1304 2089 1327; x_wconf 72' lang='lat' dir='ltr'><strong>esse.</strong></span> 
     </span>
    </p>
   </div>
   <div class='ocr_carea' id='block_1_30' title="bbox 1281 1377 1917 1423">
    <p class='ocr_par' dir='ltr' id='par_1_30' title="bbox 1281 1377 1917 1423">
     <span class='ocr_line' id='line_1_74' title="bbox 1281 1377 1917 1423; baseline 0 -11"><span class='ocrx_word' id='word_1_498' title='bbox 1281 1378 1327 1412; x_wconf 84' lang='lat' dir='ltr'><strong>Si</strong></span> <span class='ocrx_word' id='word_1_499' title='bbox 1347 1378 1454 1413; x_wconf 80' lang='lat' dir='ltr'><strong>Deus</strong></span> <span class='ocrx_word' id='word_1_500' title='bbox 1479 1385 1529 1413; x_wconf 80' lang='lat' dir='ltr'><strong>est</strong></span> <span class='ocrx_word' id='word_1_501' title='bbox 1556 1377 1781 1423; x_wconf 77' lang='lat' dir='ltr'><strong>clarificatus</strong></span> <span class='ocrx_word' id='word_1_502' title='bbox 1807 1379 1844 1412; x_wconf 86' lang='lat' dir='ltr'><strong>in</strong></span> <span class='ocrx_word' id='word_1_503' title='bbox 1870 1391 1917 1412; x_wconf 81' lang='lat' dir='ltr'><strong>eo.</strong></span> 
     </span>
    </p>
   </div>
   <div class='ocr_carea' id='block_1_31' title="bbox 1075 1445 2090 2655">
    <p class='ocr_par' dir='ltr' id='par_1_31' title="bbox 1077 1445 2090 1842">
     <span class='ocr_line' id='line_1_75' title="bbox 1207 1445 2090 1492; baseline -0.005 -12"><span class='ocrx_word' id='word_1_504' title='bbox 1207 1445 1301 1480; x_wconf 90' lang='lat' dir='ltr'><strong>Deus</strong></span> <span class='ocrx_word' id='word_1_505' title='bbox 1315 1447 1535 1487; x_wconf 85' lang='lat' dir='ltr'><strong>clarificatur,</strong></span> <span class='ocrx_word' id='word_1_506' title='bbox 1564 1448 1704 1492; x_wconf 88' lang='lat' dir='ltr'><strong>quando</strong></span> <span class='ocrx_word' id='word_1_507' title='bbox 1717 1447 1924 1480; x_wconf 83' lang='lat' dir='ltr'><strong>tribuuntur</strong></span> <span class='ocrx_word' id='word_1_508' title='bbox 1935 1445 1978 1483; x_wconf 89' lang='lat' dir='ltr'><strong>ei,</strong></span> <span class='ocrx_word' id='word_1_509' title='bbox 2002 1455 2090 1489; x_wconf 90' lang='lat' dir='ltr'><strong>quae</strong></span> 
     </span>
     <span class='ocr_line' id='line_1_76' title="bbox 1080 1496 2089 1542; baseline -0.003 -12"><span class='ocrx_word' id='word_1_510' title='bbox 1080 1499 1081 1513; x_wconf 70' lang='lat'>³</span> <span class='ocrx_word' id='word_1_511' title='bbox 1107 1498 1291 1532; x_wconf 85' lang='lat' dir='ltr'><strong>debentur.</strong></span> <span class='ocrx_word' id='word_1_512' title='bbox 1345 1497 1549 1532; x_wconf 87' lang='lat' dir='ltr'><strong>Debebatur</strong></span> <span class='ocrx_word' id='word_1_513' title='bbox 1573 1499 1660 1542; x_wconf 86' lang='lat' dir='ltr'><strong>patri</strong></span> <span class='ocrx_word' id='word_1_514' title='bbox 1688 1497 1887 1530; x_wconf 88' lang='lat' dir='ltr'><strong>obedientia</strong></span> <span class='ocrx_word' id='word_1_515' title='bbox 1911 1496 1992 1536; x_wconf 86' lang='lat' dir='ltr'><strong>filii,</strong></span> <span class='ocrx_word' id='word_1_516' title='bbox 2029 1496 2089 1527; x_wconf 91' lang='lat' dir='ltr'><strong>de-</strong></span> 
     </span>
     <span class='ocr_line' id='line_1_77' title="bbox 1079 1547 2090 1591; baseline -0.003 -11"><span class='ocrx_word' id='word_1_517' title='bbox 1079 1571 1081 1576; x_wconf 54' lang='lat'>&lt;</span> <span class='ocrx_word' id='word_1_518' title='bbox 1107 1549 1257 1580; x_wconf 84' lang='lat' dir='ltr'><strong>bebatur</strong></span> <span class='ocrx_word' id='word_1_519' title='bbox 1280 1548 1361 1580; x_wconf 87' lang='lat' dir='ltr'><strong>item</strong></span> <span class='ocrx_word' id='word_1_520' title='bbox 1386 1549 1574 1591; x_wconf 82' lang='lat' dir='ltr'><strong>sapientia,</strong></span> <span class='ocrx_word' id='word_1_521' title='bbox 1600 1549 1770 1581; x_wconf 80' lang='lat' dir='ltr'><strong>fortitudo</strong></span> <span class='ocrx_word' id='word_1_522' title='bbox 1789 1555 1873 1585; x_wconf 86' lang='lat' dir='ltr'><strong>etc.,</strong></span> <span class='ocrx_word' id='word_1_523' title='bbox 1901 1559 1945 1579; x_wconf 90' lang='lat' dir='ltr'><strong>ne</strong></span> <span class='ocrx_word' id='word_1_524' title='bbox 1965 1547 2037 1590; x_wconf 87' lang='lat' dir='ltr'><strong>ipse</strong></span> <span class='ocrx_word' id='word_1_525' title='bbox 2055 1557 2090 1578; x_wconf 92' lang='lat' dir='ltr'><strong>se</strong></span> 
     </span>
     <span class='ocr_line' id='line_1_78' title="bbox 1079 1595 2089 1642; baseline -0.001 -12"><span class='ocrx_word' id='word_1_526' title='bbox 1079 1595 1081 1626; x_wconf 58' lang='grc' dir='ltr'><strong>ι’</strong></span> <span class='ocrx_word' id='word_1_527' title='bbox 1107 1599 1198 1630; x_wconf 88' lang='lat' dir='ltr'><strong>filius</strong></span> <span class='ocrx_word' id='word_1_528' title='bbox 1221 1598 1448 1641; x_wconf 78' lang='lat' dir='ltr'><strong>glorificaret,</strong></span> <span class='ocrx_word' id='word_1_529' title='bbox 1476 1599 1660 1632; x_wconf 85' lang='lat' dir='ltr'><strong>vindicans</strong></span> <span class='ocrx_word' id='word_1_530' title='bbox 1684 1611 1743 1632; x_wconf 89' lang='lat' dir='ltr'><strong>sua</strong></span> <span class='ocrx_word' id='word_1_531' title='bbox 1761 1598 1930 1642; x_wconf 89' lang='lat' dir='ltr'><strong>sapientia</strong></span> <span class='ocrx_word' id='word_1_532' title='bbox 1949 1603 2008 1631; x_wconf 87' lang='lat' dir='ltr'><strong>aut</strong></span> <span class='ocrx_word' id='word_1_533' title='bbox 2027 1608 2089 1640; x_wconf 84' lang='lat' dir='ltr'><strong>po-</strong></span> 
     </span>
     <span class='ocr_line' id='line_1_79' title="bbox 1079 1635 2089 1694; baseline -0.001 -12"><span class='ocrx_word' id='word_1_534' title='bbox 1079 1635 1082 1685; x_wconf 59' lang='grc' dir='ltr'>Ξ</span> <span class='ocrx_word' id='word_1_535' title='bbox 1108 1649 1216 1682; x_wconf 83' lang='lat' dir='ltr'><strong>tentia</strong></span> <span class='ocrx_word' id='word_1_536' title='bbox 1244 1649 1410 1691; x_wconf 86' lang='lat' dir='ltr'><strong>gloriam,</strong></span> <span class='ocrx_word' id='word_1_537' title='bbox 1439 1650 1497 1682; x_wconf 89' lang='lat' dir='ltr'><strong>sed</strong></span> <span class='ocrx_word' id='word_1_538' title='bbox 1523 1657 1717 1694; x_wconf 83' lang='lat' dir='ltr'><strong>expectaret</strong></span> <span class='ocrx_word' id='word_1_539' title='bbox 1739 1649 1925 1692; x_wconf 78' lang='lat' dir='ltr'><strong>glorificari</strong></span> <span class='ocrx_word' id='word_1_540' title='bbox 1945 1660 1962 1681; x_wconf 90' lang='lat' dir='ltr'><strong>a</strong></span> <span class='ocrx_word' id='word_1_541' title='bbox 1982 1654 2089 1691; x_wconf 79' lang='lat' dir='ltr'><strong>patre.</strong></span> 
     </span>
     <span class='ocr_line' id='line_1_80' title="bbox 1078 1698 2088 1741; baseline -0.003 -9"><span class='ocrx_word' id='word_1_542' title='bbox 1078 1701 1081 1727; x_wconf 70' lang='lat'><em>³</em></span> <span class='ocrx_word' id='word_1_543' title='bbox 1107 1699 1163 1732; x_wconf 90' lang='lat' dir='ltr'><strong>Ad</strong></span> <span class='ocrx_word' id='word_1_544' title='bbox 1188 1711 1269 1733; x_wconf 88' lang='lat' dir='ltr'><strong>eum</strong></span> <span class='ocrx_word' id='word_1_545' title='bbox 1293 1700 1436 1732; x_wconf 88' lang='lat' dir='ltr'><strong>modum</strong></span> <span class='ocrx_word' id='word_1_546' title='bbox 1463 1709 1594 1734; x_wconf 88' lang='lat' dir='ltr'><strong>canunt</strong></span> <span class='ocrx_word' id='word_1_547' title='bbox 1611 1701 1758 1734; x_wconf 88' lang='lat' dir='ltr'><strong>Psalmi:</strong></span> <span class='ocrx_word' id='word_1_548' title='bbox 1787 1700 1920 1733; x_wconf 86' lang='lat' dir='ltr'><strong>Afferte</strong></span> <span class='ocrx_word' id='word_1_549' title='bbox 1941 1698 2088 1741; x_wconf 87' lang='lat' dir='ltr'><strong>gloriam</strong></span> 
     </span>
     <span class='ocr_line' id='line_1_81' title="bbox 1077 1748 2088 1785; baseline -0.003 -2"><span class='ocrx_word' id='word_1_550' title='bbox 1077 1756 1080 1777; x_wconf 66' lang='grc' dir='ltr'>Ι</span> <span class='ocrx_word' id='word_1_551' title='bbox 1106 1748 1191 1783; x_wconf 77' lang='lat' dir='ltr'><strong>Deo.</strong></span> <span class='ocrx_word' id='word_1_552' title='bbox 1244 1749 1289 1784; x_wconf 90' lang='lat' dir='ltr'><strong>Et</strong></span> <span class='ocrx_word' id='word_1_553' title='bbox 1305 1748 1429 1783; x_wconf 89' lang='lat' dir='ltr'><strong>Esaiae</strong></span> <span class='ocrx_word' id='word_1_554' title='bbox 1447 1750 1524 1785; x_wconf 71' lang='lat' dir='ltr'><strong>VL:</strong></span> <span class='ocrx_word' id='word_1_555' title='bbox 1556 1752 1752 1785; x_wconf 89' lang='lat' dir='ltr'><strong>Dominum</strong></span> <span class='ocrx_word' id='word_1_556' title='bbox 1776 1751 1990 1784; x_wconf 84' lang='lat' dir='ltr'><strong>exercituum</strong></span> <span class='ocrx_word' id='word_1_557' title='bbox 2008 1760 2088 1781; x_wconf 86' lang='lat' dir='ltr'><strong>san-</strong></span> 
     </span>
     <span class='ocr_line' id='line_1_82' title="bbox 1078 1798 2088 1842; baseline -0.003 -8"><span class='ocrx_word' id='word_1_558' title='bbox 1078 1801 1080 1809; x_wconf 84' lang='lat'>&#39;</span> <span class='ocrx_word' id='word_1_559' title='bbox 1106 1801 1262 1835; x_wconf 85' lang='lat' dir='ltr'><strong>ctificate.</strong></span> <span class='ocrx_word' id='word_1_560' title='bbox 1316 1801 1371 1834; x_wconf 85' lang='lat' dir='ltr'><strong>Ad</strong></span> <span class='ocrx_word' id='word_1_561' title='bbox 1389 1800 1566 1837; x_wconf 71' lang='lat' dir='ltr'><strong>Romlv.</strong></span> <span class='ocrx_word' id='word_1_562' title='bbox 1581 1803 1629 1837; x_wconf 87' lang='lat' dir='ltr'><strong>ait</strong></span> <span class='ocrx_word' id='word_1_563' title='bbox 1643 1801 1788 1835; x_wconf 89' lang='lat' dir='ltr'><strong>Paulus:</strong></span> <span class='ocrx_word' id='word_1_564' title='bbox 1817 1798 1996 1835; x_wconf 88' lang='lat' dir='ltr'><strong>Abraham</strong></span> <span class='ocrx_word' id='word_1_565' title='bbox 2013 1799 2088 1842; x_wconf 86' lang='lat' dir='ltr'><strong>glo-</strong></span> 
     </span>
    </p>

    <p class='ocr_par' dir='ltr' id='par_1_32' title="bbox 1075 1849 2089 2655">
     <span class='ocr_line' id='line_1_83' title="bbox 1107 1849 2088 1898; baseline -0.001 -15"><span class='ocrx_word' id='word_1_566' title='bbox 1107 1851 1195 1884; x_wconf 86' lang='lat' dir='ltr'><strong>riam</strong></span> <span class='ocrx_word' id='word_1_567' title='bbox 1213 1852 1347 1884; x_wconf 87' lang='lat' dir='ltr'><strong>dedisse</strong></span> <span class='ocrx_word' id='word_1_568' title='bbox 1357 1851 1444 1893; x_wconf 82' lang='lat' dir='ltr'><strong>Deo,</strong></span> <span class='ocrx_word' id='word_1_569' title='bbox 1468 1853 1490 1888; x_wconf 89' lang='lat' dir='ltr'><strong>i.</strong></span> <span class='ocrx_word' id='word_1_570' title='bbox 1507 1866 1535 1888; x_wconf 90' lang='lat' dir='ltr'><strong>e.</strong></span> <span class='ocrx_word' id='word_1_571' title='bbox 1554 1854 1635 1898; x_wconf 89' lang='lat' dir='ltr'><strong>quia</strong></span> <span class='ocrx_word' id='word_1_572' title='bbox 1645 1851 1740 1886; x_wconf 84' lang='lat' dir='ltr'><strong>Deus</strong></span> <span class='ocrx_word' id='word_1_573' title='bbox 1756 1853 1963 1896; x_wconf 84' lang='lat' dir='ltr'><strong>promiserat</strong></span> <span class='ocrx_word' id='word_1_574' title='bbox 1973 1849 2088 1888; x_wconf 87' lang='lat' dir='ltr'><strong>Abra-</strong></span> 
     </span>
     <span class='ocr_line' id='line_1_84' title="bbox 1106 1899 2088 1944; baseline -0.001 -10"><span class='ocrx_word' id='word_1_575' title='bbox 1106 1899 1189 1940; x_wconf 91' lang='lat' dir='ltr'><strong>hae,</strong></span> <span class='ocrx_word' id='word_1_576' title='bbox 1224 1913 1258 1935; x_wconf 86' lang='lat' dir='ltr'><strong>se</strong></span> <span class='ocrx_word' id='word_1_577' title='bbox 1281 1903 1446 1935; x_wconf 88' lang='lat' dir='ltr'><strong>daturum</strong></span> <span class='ocrx_word' id='word_1_578' title='bbox 1470 1915 1541 1937; x_wconf 89' lang='lat' dir='ltr'><strong>esse</strong></span> <span class='ocrx_word' id='word_1_579' title='bbox 1566 1915 1683 1937; x_wconf 88' lang='lat' dir='ltr'><strong>semen</strong></span> <span class='ocrx_word' id='word_1_580' title='bbox 1701 1911 1785 1944; x_wconf 87' lang='lat' dir='ltr'><strong>etc.,</strong></span> <span class='ocrx_word' id='word_1_581' title='bbox 1819 1903 2002 1941; x_wconf 85' lang='lat' dir='ltr'><strong>credebat,</strong></span> <span class='ocrx_word' id='word_1_582' title='bbox 2032 1911 2088 1933; x_wconf 85' lang='lat' dir='ltr'><strong>ea-</strong></span> 
     </span>
     <span class='ocr_line' id='line_1_85' title="bbox 1107 1951 2089 1997; baseline -0.001 -13"><span class='ocrx_word' id='word_1_583' title='bbox 1107 1964 1174 1996; x_wconf 91' lang='lat' dir='ltr'><strong>que</strong></span> <span class='ocrx_word' id='word_1_584' title='bbox 1205 1953 1273 1985; x_wconf 81' lang='lat' dir='ltr'><strong>fide</strong></span> <span class='ocrx_word' id='word_1_585' title='bbox 1301 1951 1393 1985; x_wconf 84' lang='lat' dir='ltr'><strong>nihil</strong></span> <span class='ocrx_word' id='word_1_586' title='bbox 1425 1955 1628 1995; x_wconf 86' lang='lat' dir='ltr'><strong>dubitabat,</strong></span> <span class='ocrx_word' id='word_1_587' title='bbox 1658 1955 1835 1997; x_wconf 89' lang='lat' dir='ltr'><strong>resignare</strong></span> <span class='ocrx_word' id='word_1_588' title='bbox 1859 1952 1934 1986; x_wconf 91' lang='lat' dir='ltr'><strong>Deo</strong></span> <span class='ocrx_word' id='word_1_589' title='bbox 1964 1952 2089 1990; x_wconf 88' lang='lat' dir='ltr'><strong>filium,</strong></span> 
     </span>
     <span class='ocr_line' id='line_1_86' title="bbox 1077 1997 2089 2047; baseline -0.001 -13"><span class='ocrx_word' id='word_1_590' title='bbox 1077 1997 1080 2039; x_wconf 77' lang='grc' dir='ltr'>Ι</span> <span class='ocrx_word' id='word_1_591' title='bbox 1107 2015 1184 2035; x_wconf 87' lang='lat' dir='ltr'><strong>cum</strong></span> <span class='ocrx_word' id='word_1_592' title='bbox 1217 2003 1343 2036; x_wconf 85' lang='lat' dir='ltr'><strong>offerre</strong></span> <span class='ocrx_word' id='word_1_593' title='bbox 1373 2004 1571 2045; x_wconf 85' lang='lat' dir='ltr'><strong>iuberetur,</strong></span> <span class='ocrx_word' id='word_1_594' title='bbox 1610 2006 1710 2038; x_wconf 89' lang='lat' dir='ltr'><strong>cessit</strong></span> <span class='ocrx_word' id='word_1_595' title='bbox 1741 2006 1783 2037; x_wconf 86' lang='lat' dir='ltr'><strong>de</strong></span> <span class='ocrx_word' id='word_1_596' title='bbox 1813 2016 1874 2037; x_wconf 91' lang='lat' dir='ltr'><strong>sua</strong></span> <span class='ocrx_word' id='word_1_597' title='bbox 1906 2002 2089 2047; x_wconf 88' lang='lat' dir='ltr'><strong>sapientia,</strong></span> 
     </span>
     <span class='ocr_line' id='line_1_87' title="bbox 1077 2053 2086 2104; baseline 0 -20"><span class='ocrx_word' id='word_1_598' title='bbox 1077 2063 1080 2104; x_wconf 40' lang='grc' dir='ltr'><strong><em>ι</em></strong></span> <span class='ocrx_word' id='word_1_599' title='bbox 1107 2064 1195 2098; x_wconf 89' lang='lat' dir='ltr'><strong>quae</strong></span> <span class='ocrx_word' id='word_1_600' title='bbox 1217 2053 1412 2096; x_wconf 85' lang='lat' dir='ltr'><strong>iudicabat,</strong></span> <span class='ocrx_word' id='word_1_601' title='bbox 1438 2056 1551 2088; x_wconf 89' lang='lat' dir='ltr'><strong>occiso</strong></span> <span class='ocrx_word' id='word_1_602' title='bbox 1577 2055 1648 2088; x_wconf 86' lang='lat' dir='ltr'><strong>filio</strong></span> <span class='ocrx_word' id='word_1_603' title='bbox 1673 2067 1780 2088; x_wconf 88' lang='lat' dir='ltr'><strong>uxore</strong></span> <span class='ocrx_word' id='word_1_604' title='bbox 1802 2054 1911 2088; x_wconf 78' lang='lat' dir='ltr'><strong>sterili</strong></span> <span class='ocrx_word' id='word_1_605' title='bbox 1933 2065 2004 2086; x_wconf 91' lang='lat' dir='ltr'><strong>non</strong></span> <span class='ocrx_word' id='word_1_606' title='bbox 2024 2053 2086 2084; x_wconf 89' lang='lat' dir='ltr'><strong>ob-</strong></span> 
     </span>
     <span class='ocr_line' id='line_1_88' title="bbox 1076 2103 2087 2157; baseline 0.002 -22"><span class='ocrx_word' id='word_1_607' title='bbox 1076 2105 1080 2157; x_wconf 73' lang='grc' dir='ltr'>Ι</span> <span class='ocrx_word' id='word_1_608' title='bbox 1106 2110 1289 2136; x_wconf 75' lang='lat' dir='ltr'><strong>venturam</strong></span> <span class='ocrx_word' id='word_1_609' title='bbox 1315 2105 1418 2138; x_wconf 90' lang='lat' dir='ltr'><strong>aliam</strong></span> <span class='ocrx_word' id='word_1_610' title='bbox 1442 2106 1587 2149; x_wconf 88' lang='lat' dir='ltr'><strong>prolem.</strong></span> <span class='ocrx_word' id='word_1_611' title='bbox 1642 2105 1700 2139; x_wconf 89' lang='lat' dir='ltr'><strong>Sic</strong></span> <span class='ocrx_word' id='word_1_612' title='bbox 1721 2112 1797 2138; x_wconf 89' lang='lat' dir='ltr'><strong>orat</strong></span> <span class='ocrx_word' id='word_1_613' title='bbox 1820 2112 1853 2138; x_wconf 89' lang='lat' dir='ltr'><strong>et</strong></span> <span class='ocrx_word' id='word_1_614' title='bbox 1871 2103 1995 2138; x_wconf 88' lang='lat' dir='ltr'><strong>Daniel</strong></span> <span class='ocrx_word' id='word_1_615' title='bbox 2014 2114 2087 2146; x_wconf 88' lang='lat' dir='ltr'><strong>cap.</strong></span> 
     </span>
     <span class='ocr_line' id='line_1_89' title="bbox 1077 2153 2086 2199; baseline -0.001 -13"><span class='ocrx_word' id='word_1_616' title='bbox 1077 2159 1080 2168; x_wconf 75' lang='lat'><strong>⁴</strong></span> <span class='ocrx_word' id='word_1_617' title='bbox 1107 2153 1188 2187; x_wconf 91' lang='lat' dir='ltr'><strong>lX.:</strong></span> <span class='ocrx_word' id='word_1_618' title='bbox 1226 2153 1329 2199; x_wconf 89' lang='lat' dir='ltr'><strong>Tibi,</strong></span> <span class='ocrx_word' id='word_1_619' title='bbox 1364 2157 1523 2196; x_wconf 91' lang='lat' dir='ltr'><strong>domine,</strong></span> <span class='ocrx_word' id='word_1_620' title='bbox 1551 2156 1706 2196; x_wconf 89' lang='lat' dir='ltr'><strong>iusticia,</strong></span> <span class='ocrx_word' id='word_1_621' title='bbox 1733 2155 1836 2189; x_wconf 90' lang='lat' dir='ltr'><strong>nobis</strong></span> <span class='ocrx_word' id='word_1_622' title='bbox 1860 2162 1975 2189; x_wconf 90' lang='lat' dir='ltr'><strong>autem</strong></span> <span class='ocrx_word' id='word_1_623' title='bbox 2003 2165 2086 2186; x_wconf 88' lang='lat' dir='ltr'><strong>con-</strong></span> 
     </span>
     <span class='ocr_line' id='line_1_90' title="bbox 1076 2204 2085 2254; baseline 0 -18"><span class='ocrx_word' id='word_1_624' title='bbox 1076 2210 1079 2254; x_wconf 59' lang='lat' dir='ltr'><strong>t</strong></span> <span class='ocrx_word' id='word_1_625' title='bbox 1106 2204 1196 2238; x_wconf 84' lang='lat' dir='ltr'><strong>fusio</strong></span> <span class='ocrx_word' id='word_1_626' title='bbox 1213 2205 1323 2238; x_wconf 84' lang='lat' dir='ltr'><strong>faciei.</strong></span> <span class='ocrx_word' id='word_1_627' title='bbox 1375 2207 1491 2252; x_wconf 91' lang='lat' dir='ltr'><strong>Atque</strong></span> <span class='ocrx_word' id='word_1_628' title='bbox 1508 2205 1592 2240; x_wconf 89' lang='lat' dir='ltr'><strong>haec</strong></span> <span class='ocrx_word' id='word_1_629' title='bbox 1609 2213 1657 2240; x_wconf 89' lang='lat' dir='ltr'><strong>est</strong></span> <span class='ocrx_word' id='word_1_630' title='bbox 1674 2207 1801 2250; x_wconf 87' lang='lat' dir='ltr'><strong>gloria,</strong></span> <span class='ocrx_word' id='word_1_631' title='bbox 1828 2217 1917 2251; x_wconf 89' lang='lat' dir='ltr'><strong>quae</strong></span> <span class='ocrx_word' id='word_1_632' title='bbox 1931 2206 2008 2239; x_wconf 88' lang='lat' dir='ltr'><strong>Deo</strong></span> <span class='ocrx_word' id='word_1_633' title='bbox 2026 2205 2085 2236; x_wconf 85' lang='lat' dir='ltr'><strong>de-</strong></span> 
     </span>
     <span class='ocr_line' id='line_1_91' title="bbox 1106 2255 2084 2302; baseline -0.001 -15"><span class='ocrx_word' id='word_1_634' title='bbox 1106 2255 1225 2296; x_wconf 86' lang='lat' dir='ltr'><strong>betur,</strong></span> <span class='ocrx_word' id='word_1_635' title='bbox 1262 2267 1468 2299; x_wconf 87' lang='lat' dir='ltr'><strong>agnoscere,</strong></span> <span class='ocrx_word' id='word_1_636' title='bbox 1507 2258 1601 2302; x_wconf 89' lang='lat' dir='ltr'><strong>quod</strong></span> <span class='ocrx_word' id='word_1_637' title='bbox 1635 2257 1746 2290; x_wconf 88' lang='lat' dir='ltr'><strong>iustus</strong></span> <span class='ocrx_word' id='word_1_638' title='bbox 1776 2257 1842 2297; x_wconf 89' lang='lat' dir='ltr'><strong>sit,</strong></span> <span class='ocrx_word' id='word_1_639' title='bbox 1874 2255 1992 2296; x_wconf 85' lang='lat' dir='ltr'><strong>sortis,</strong></span> <span class='ocrx_word' id='word_1_640' title='bbox 2030 2266 2084 2287; x_wconf 87' lang='lat' dir='ltr'><strong>sa-</strong></span> 
     </span>
     <span class='ocr_line' id='line_1_92' title="bbox 1105 2305 2085 2351; baseline -0.001 -13"><span class='ocrx_word' id='word_1_641' title='bbox 1105 2306 1221 2348; x_wconf 87' lang='lat' dir='ltr'><strong>piens,</strong></span> <span class='ocrx_word' id='word_1_642' title='bbox 1248 2308 1444 2340; x_wconf 84' lang='lat' dir='ltr'><strong>misericors</strong></span> <span class='ocrx_word' id='word_1_643' title='bbox 1461 2315 1522 2342; x_wconf 90' lang='lat' dir='ltr'><strong>etc.</strong></span> <span class='ocrx_word' id='word_1_644' title='bbox 1575 2307 1633 2341; x_wconf 90' lang='lat' dir='ltr'><strong>Sic</strong></span> <span class='ocrx_word' id='word_1_645' title='bbox 1651 2306 1830 2347; x_wconf 82' lang='lat' dir='ltr'><strong>Christus,</strong></span> <span class='ocrx_word' id='word_1_646' title='bbox 1859 2307 1940 2351; x_wconf 91' lang='lat' dir='ltr'><strong>quia</strong></span> <span class='ocrx_word' id='word_1_647' title='bbox 1962 2305 2085 2338; x_wconf 78' lang='lat' dir='ltr'><strong>missus</strong></span> 
     </span>
     <span class='ocr_line' id='line_1_93' title="bbox 1078 2354 2084 2402; baseline -0.001 -14"><span class='ocrx_word' id='word_1_648' title='bbox 1078 2354 1079 2358; x_wconf 40' lang='lat'>¹</span> <span class='ocrx_word' id='word_1_649' title='bbox 1105 2363 1194 2394; x_wconf 82' lang='lat' dir='ltr'><strong>erat,</strong></span> <span class='ocrx_word' id='word_1_650' title='bbox 1222 2364 1260 2390; x_wconf 92' lang='lat' dir='ltr'><strong>ut</strong></span> <span class='ocrx_word' id='word_1_651' title='bbox 1284 2364 1482 2400; x_wconf 86' lang='lat' dir='ltr'><strong>pateretur,</strong></span> <span class='ocrx_word' id='word_1_652' title='bbox 1509 2358 1628 2391; x_wconf 86' lang='lat' dir='ltr'><strong>obedit</strong></span> <span class='ocrx_word' id='word_1_653' title='bbox 1652 2359 1760 2402; x_wconf 88' lang='lat' dir='ltr'><strong>patri,</strong></span> <span class='ocrx_word' id='word_1_654' title='bbox 1789 2358 1894 2390; x_wconf 89' lang='lat' dir='ltr'><strong>vitam</strong></span> <span class='ocrx_word' id='word_1_655' title='bbox 1919 2356 2084 2399; x_wconf 83' lang='lat' dir='ltr'><strong>gloriam-</strong></span> 
     </span>
     <span class='ocr_line' id='line_1_94' title="bbox 1105 2407 2083 2452; baseline -0.001 -13"><span class='ocrx_word' id='word_1_656' title='bbox 1105 2418 1172 2450; x_wconf 91' lang='lat' dir='ltr'><strong>que</strong></span> <span class='ocrx_word' id='word_1_657' title='bbox 1196 2418 1293 2440; x_wconf 91' lang='lat' dir='ltr'><strong>suam</strong></span> <span class='ocrx_word' id='word_1_658' title='bbox 1317 2409 1469 2451; x_wconf 84' lang='lat' dir='ltr'><strong>resignat</strong></span> <span class='ocrx_word' id='word_1_659' title='bbox 1485 2408 1596 2452; x_wconf 84' lang='lat' dir='ltr'><strong>patri,</strong></span> <span class='ocrx_word' id='word_1_660' title='bbox 1624 2415 1805 2452; x_wconf 86' lang='lat' dir='ltr'><strong>expectans</strong></span> <span class='ocrx_word' id='word_1_661' title='bbox 1822 2407 1941 2441; x_wconf 81' lang='lat' dir='ltr'><strong>abillo</strong></span> <span class='ocrx_word' id='word_1_662' title='bbox 1959 2418 2083 2440; x_wconf 89' lang='lat' dir='ltr'><strong>conso-</strong></span> 
     </span>
     <span class='ocr_line' id='line_1_95' title="bbox 1076 2451 2085 2501; baseline 0 -12"><span class='ocrx_word' id='word_1_663' title='bbox 1076 2451 1079 2482; x_wconf 66' lang='lat' dir='ltr'><strong>l</strong></span> <span class='ocrx_word' id='word_1_664' title='bbox 1103 2457 1281 2496; x_wconf 91' lang='lat' dir='ltr'><strong>lationem,</strong></span> <span class='ocrx_word' id='word_1_665' title='bbox 1306 2459 1393 2492; x_wconf 90' lang='lat' dir='ltr'><strong>sicut</strong></span> <span class='ocrx_word' id='word_1_666' title='bbox 1412 2459 1447 2490; x_wconf 88' lang='lat' dir='ltr'><strong>in</strong></span> <span class='ocrx_word' id='word_1_667' title='bbox 1459 2458 1598 2491; x_wconf 89' lang='lat' dir='ltr'><strong>Psalmo</strong></span> <span class='ocrx_word' id='word_1_668' title='bbox 1616 2459 1718 2492; x_wconf 89' lang='lat' dir='ltr'><strong>dicit:</strong></span> <span class='ocrx_word' id='word_1_669' title='bbox 1745 2458 1802 2492; x_wconf 94' lang='lat' dir='ltr'><strong>Tu</strong></span> <span class='ocrx_word' id='word_1_670' title='bbox 1819 2470 1855 2491; x_wconf 86' lang='lat' dir='ltr'><strong>es</strong></span> <span class='ocrx_word' id='word_1_671' title='bbox 1871 2458 1980 2501; x_wconf 87' lang='lat' dir='ltr'><strong>gloria</strong></span> <span class='ocrx_word' id='word_1_672' title='bbox 1998 2469 2085 2496; x_wconf 83' lang='lat' dir='ltr'><strong>mea,</strong></span> 
     </span>
     <span class='ocr_line' id='line_1_96' title="bbox 1075 2487 2085 2552; baseline 0 -12"><span class='ocrx_word' id='word_1_673' title='bbox 1075 2487 1079 2551; x_wconf 64' lang='grc' dir='ltr'>Ι</span> <span class='ocrx_word' id='word_1_674' title='bbox 1103 2508 1258 2541; x_wconf 84' lang='lat' dir='ltr'><strong>exaltans</strong></span> <span class='ocrx_word' id='word_1_675' title='bbox 1282 2516 1384 2552; x_wconf 88' lang='lat' dir='ltr'><strong>caput</strong></span> <span class='ocrx_word' id='word_1_676' title='bbox 1402 2521 1529 2544; x_wconf 86' lang='lat' dir='ltr'><strong>meum.</strong></span> <span class='ocrx_word' id='word_1_677' title='bbox 1582 2509 1772 2551; x_wconf 87' lang='lat' dir='ltr'><strong>Quomodo</strong></span> <span class='ocrx_word' id='word_1_678' title='bbox 1790 2516 1950 2542; x_wconf 85' lang='lat' dir='ltr'><strong>constant</strong></span> <span class='ocrx_word' id='word_1_679' title='bbox 1969 2508 2085 2548; x_wconf 86' lang='lat' dir='ltr'><strong>verba,</strong></span> 
     </span>
     <span class='ocr_line' id='line_1_97' title="bbox 1076 2553 2085 2606; baseline 0.001 -15"><span class='ocrx_word' id='word_1_680' title='bbox 1076 2553 1181 2606; x_wconf 57' lang='lat' dir='ltr'><strong>lcum</strong></span> <span class='ocrx_word' id='word_1_681' title='bbox 1214 2559 1388 2603; x_wconf 89' lang='lat' dir='ltr'><strong>principio</strong></span> <span class='ocrx_word' id='word_1_682' title='bbox 1421 2560 1530 2593; x_wconf 89' lang='lat' dir='ltr'><strong>dicat:</strong></span> <span class='ocrx_word' id='word_1_683' title='bbox 1570 2558 1673 2593; x_wconf 81' lang='lat' dir='ltr'><strong>Nunc</strong></span> <span class='ocrx_word' id='word_1_684' title='bbox 1703 2560 1910 2594; x_wconf 77' lang='lat' dir='ltr'><strong>clarificatus</strong></span> <span class='ocrx_word' id='word_1_685' title='bbox 1949 2565 2015 2599; x_wconf 89' lang='lat' dir='ltr'><strong>est;</strong></span> <span class='ocrx_word' id='word_1_686' title='bbox 2052 2566 2085 2592; x_wconf 84' lang='lat' dir='ltr'><strong>et</strong></span> 
     </span>
     <span class='ocr_line' id='line_1_98' title="bbox 1103 2608 2081 2655; baseline 0.002 -14"><span class='ocrx_word' id='word_1_687' title='bbox 1103 2615 1237 2652; x_wconf 86' lang='lat' dir='ltr'><strong>postea:</strong></span> <span class='ocrx_word' id='word_1_688' title='bbox 1265 2608 1360 2642; x_wconf 91' lang='lat' dir='ltr'><strong>Deus</strong></span> <span class='ocrx_word' id='word_1_689' title='bbox 1375 2610 1575 2643; x_wconf 85' lang='lat' dir='ltr'><strong>clarificabit</strong></span> <span class='ocrx_word' id='word_1_690' title='bbox 1593 2612 1695 2643; x_wconf 80' lang='lat' dir='ltr'><strong>eum&#39;?</strong></span> <span class='ocrx_word' id='word_1_691' title='bbox 1737 2610 1961 2654; x_wconf 74' lang='lat' dir='ltr'><strong>Respondm,</strong></span> <span class='ocrx_word' id='word_1_692' title='bbox 1989 2612 2081 2655; x_wconf 91' lang='lat' dir='ltr'><strong>quod</strong></span> 
     </span>
    </p>
   </div>
   <div class='ocr_carea' id='block_1_32' title="bbox 1103 2658 2082 2708">
    <p class='ocr_par' dir='ltr' id='par_1_33' title="bbox 1103 2658 2082 2708">
     <span class='ocr_line' id='line_1_99' title="bbox 1103 2658 2082 2708; baseline 0.011 -16"><span class='ocrx_word' id='word_1_693' title='bbox 1103 2659 1168 2692; x_wconf 86' lang='lat' dir='ltr'><strong>ait:</strong></span> <span class='ocrx_word' id='word_1_694' title='bbox 1196 2658 1298 2692; x_wconf 89' lang='lat' dir='ltr'><strong>Nunc</strong></span> <span class='ocrx_word' id='word_1_695' title='bbox 1312 2661 1520 2694; x_wconf 79' lang='lat' dir='ltr'><strong>clarificatus</strong></span> <span class='ocrx_word' id='word_1_696' title='bbox 1537 2669 1587 2696; x_wconf 88' lang='lat' dir='ltr'><strong>est</strong></span> <span class='ocrx_word' id='word_1_697' title='bbox 1597 2668 1672 2702; x_wconf 63' lang='lat' dir='ltr'><strong>etc„</strong></span> <span class='ocrx_word' id='word_1_698' title='bbox 1696 2662 1938 2708; x_wconf 85' lang='lat' dir='ltr'><strong>accipiendum</strong></span> <span class='ocrx_word' id='word_1_699' title='bbox 1956 2679 2028 2702; x_wconf 86' lang='lat' dir='ltr'><strong>esse</strong></span> <span class='ocrx_word' id='word_1_700' title='bbox 2040 2669 2082 2703; x_wconf 87' lang='lat' dir='ltr'><strong>de</strong></span> 
     </span>
    </p>
   </div>
  </div>
 </body>
</html>
