2409 2915
240 94 336 131 1183

232 193 308 220 me,
343 180 402 214 sed
428 190 500 211 non
524 176 646 210 vincit.
707 175 796 209 Nam
819 173 981 211 Christus
1001 177 1036 219 is.
1052 182 1125 217 est,
1163 187 1225 221 per

233 244 337 278 quem
356 229 520 264 vincitur.

470 311 524 345 Et
551 324 624 345 non
647 308 756 346 habel
781 311 988 359 quicquam.

332 389 381 424 At
404 387 462 422 hic
485 389 683 434 quaeritur:
721 387 760 421 Si
782 400 855 421 non
879 387 989 421 vincit
1007 386 1133 427 Satan,
1160 398 1223 420 cur

230 441 358 475 occidit
372 438 579 474 Christum?
630 438 860 482 Respondeo:
895 436 1058 472 Christus
1083 437 1162 471 ideo
1187 448 1222 470 se

229 493 344 533 mori,
371 498 410 526 ut
427 491 570 524 satisfiat
588 490 763 523 voluntati
782 491 901 534 patris.
953 488 1034 522 Non
1053 497 1103 522 est
1121 487 1223 522 Sata-

229 555 295 577 nae
310 543 488 588 potentia,
519 542 613 587 quod
632 538 796 575 Christus
819 540 988 581 moritur,
1014 540 1074 573 sed
1091 539 1222 572 volun-

228 601 279 628 tas
296 593 425 639 patris,
454 593 514 638 qui
536 599 714 637 peccatum
742 598 855 625 morte
870 589 1003 625 Christi
1027 590 1136 624 deleri
1160 602 1223 623 vo—

229 645 309 681 luit.
362 643 444 678 Ideo
472 655 546 677 non
579 649 630 676 est
659 643 784 676 mundi
809 649 867 676 aut
895 641 1045 676 Satanae
1067 640 1224 685 potentia

227 696 387 730 occidere
413 695 611 728 membrum
629 694 774 739 aliquod
790 691 942 734 Christi,
968 693 1027 726 sed
1058 692 1223 725 voluntas

227 747 358 791 patris,
386 746 447 791 qui
464 757 525 790 per
550 745 789 778 infirmitatem
807 751 962 778 nostram
980 755 1076 777 suam
1098 749 1222 786 poten-

228 797 314 832 tiam
333 797 409 831 vult
427 803 549 831 testata
566 796 679 829 facere
703 807 822 829 coram
845 795 1012 829 omnibus
1039 793 1222 834 creaturis;

225 845 433 883 2.Corinth.
451 846 493 880 L:
519 846 588 881 Sed
607 847 687 880 ideo
705 847 836 890 patior,
861 852 900 878 ut
918 851 1101 888 cognoscat
1118 855 1223 877 mun-

230 899 315 942 du5‚
344 900 437 944 quod
457 898 566 940 diligo
585 904 732 941 patrem.

585 1046 726 1099 Caput
763 1045 861 1087 XV.
901 1036 906 1045 ¹

514 1126 603 1174 Ego
624 1139 705 1161 sum
731 1137 814 1160 cera
838 1125 932 1162 uiliS.

327 1197 442 1242 Supra
458 1196 738 1240 longa·oratione
761 1195 962 1228 consolatus
983 1202 1052 1233 est,
1079 1202 1111 1229 et
1130 1207 1216 1228 con-

225 1249 379 1284 firmavit
395 1248 589 1282 imbecilles
607 1246 856 1287 conscientias;
885 1244 942 1279 hic
959 1246 1054 1279 idem
1071 1246 1141 1289 agit
1159 1258 1222 1290 per

228 1300 445 1346 parabolam.
513 1297 704 1342 Comparat
742 1304 858 1331 autem
891 1308 927 1330 se
951 1297 1033 1338 viti,
1085 1304 1221 1341 patrem

226 1352 416 1396 agricolae,
443 1351 532 1384 sicut
557 1357 588 1383 et
606 1348 727 1383 Esaias
742 1360 815 1392 cap.
836 1347 878 1383 V.
902 1348 1092 1381 vinitorem
1116 1360 1155 1381 ex
1180 1359 1220 1381 eo

225 1404 320 1437 facit.
379 1400 453 1444 Qui
484 1402 612 1433 docent
641 1399 744 1433 liberi
775 1398 913 1431 arbitrii
945 1398 1120 1439 iusticias,
1168 1398 1221 1430 illi

224 1453 484 1496 imaginantur,
527 1448 710 1483 Christum
739 1449 846 1482 vitam
877 1460 966 1489 esse,
1004 1446 1070 1481 hoc
1096 1449 1220 1481 modo:

225 1504 397 1538 rationem
431 1502 572 1546 quidem
607 1513 668 1544 per
690 1511 762 1533 sese
788 1500 877 1531 bene
901 1499 1059 1542 operari,
1095 1500 1154 1531 sed
1182 1511 1220 1531 ea

225 1556 320 1589 bona
338 1565 446 1597 opera
470 1558 607 1595 accepta
632 1563 705 1584 esse
724 1549 818 1590 Deo,
844 1550 871 1582 si
888 1556 1026 1594 praeter
1043 1550 1117 1593 ipsa
1135 1550 1219 1582 fides

226 1607 395 1645 addatur3
423 1602 762 1647 sicutHieronymus
781 1601 902 1634 scribit
919 1601 961 1633 ad
973 1599 1106 1641 Galat„
1131 1600 1221 1633 bene

225 1657 370 1705 quidem
389 1661 573 1699 operatum
600 1665 671 1687 esse
686 1650 867 1686 Abrabam
893 1652 996 1685 etiam
1014 1651 1221 1696 priusquam

226 1708 402 1745 crederet,
431 1707 489 1738 sed
514 1718 553 1738 ea
581 1717 686 1748 opera
709 1711 827 1747 postea
852 1703 958 1736 fuisse
979 1709 1117 1746 accepta
1136 1701 1222 1742 Deo,

226 1771 305 1793 cum
329 1759 498 1791 crederet.
561 1756 630 1790 Sed
655 1753 817 1789 Christus
841 1766 874 1786 se
900 1754 1007 1787 vitem
1032 1760 1153 1794 vocat,
1189 1760 1222 1786 et

226 1821 364 1849 veram,
407 1809 442 1840 id
476 1814 525 1841 est
557 1807 748 1847 efficacem,
790 1803 856 1838 boc
888 1811 959 1848 est,
1001 1817 1090 1850 quae
1118 1816 1159 1837 ex
1187 1815 1222 1837 se

226 1862 344 1904 gignat
377 1859 556 1904 palmites,
597 1858 746 1898 animet,
787 1863 920 1900 vegetet
954 1863 988 1890 et
1022 1856 1220 1890 foecundet.

226 1911 295 1945 Hic
312 1923 426 1945 sermo
446 1910 649 1943 consolatur
664 1915 823 1948 sanctos,
851 1914 889 1940 ut
915 1907 1024 1940 fidant
1043 1907 1222 1954 potentiae

225 1960 380 1999 Christi,
407 1973 478 1993 non
497 1972 600 1999 suae,
636 1967 675 1992 ut
698 1960 826 1997 sciant,
855 1964 1034 2001 potentem
1058 1964 1089 1990 et
1107 1958 1222 1990 effica—

227 2025 300 2047 cem
323 2013 358 2044 in
377 2023 411 2044 se
427 2009 608 2045 Christum
626 2021 716 2049 esse,
743 2021 782 2041 cx
801 2021 870 2053 quo
889 2021 952 2041 ceu
970 2008 1132 2051 palmites
1149 2008 1222 2042 nati

228 2072 260 2098 et
285 2062 450 2095 vivificati
475 2068 567 2095 sunt.
623 2060 687 2100 Ut,
715 2071 793 2093 cum
816 2061 934 2099 docet,
960 2071 994 2092 se
1014 2070 1086 2092 esse
1106 2066 1223 2103 caput,

228 2115 323 2160 quod
354 2113 498 2156 exponit
523 2111 732 2156 Apostolus,
770 2110 915 2154 implere
939 2122 1019 2143 eum
1046 2110 1165 2143 omnia
1191 2116 1224 2143 et

228 2172 472 2206 coagmentare
495 2175 639 2207 corpus,
665 2163 706 2195 ad
728 2158 856 2205 Ephes.
879 2159 957 2196 lV.;
987 2162 1080 2205 quod
1102 2164 1222 2195 docto-

227 2229 280 2250 res
298 2215 473 2249 humanae
500 2215 657 2248 iusticiae
682 2213 920 2252 arbitrantur,
948 2210 1150 2245 huiusmodi
1168 2224 1224 2245 ca-

228 2274 290 2313 put
315 2279 405 2305 esse,
437 2274 472 2300 ut
500 2273 581 2299 sunt
609 2263 788 2297 hominem
814 2263 998 2307 praest-cti,
1032 2276 1102 2295 non
1128 2263 1222 2308 qnod

227 2318 362 2363 aliquid
379 2317 502 2350 efficiat
522 2318 556 2349 in
578 2316 666 2355 aliis,
692 2317 750 2348 scd
770 2315 813 2348 sit
830 2314 962 2359 aliquid
985 2321 1121 2348 tantum
1139 2315 1222 2347 snb-

230 2369 350 2402 limins
378 2368 466 2401 aliis.
523 2366 568 2400 At
592 2365 755 2399 Christus
781 2366 828 2399 sic
856 2372 959 2410 caput
983 2371 1054 2404 est,
1082 2372 1121 2398 ut
1145 2365 1222 2398 ani-

229 2427 297 2453 met
314 2426 427 2453 totum
455 2431 581 2463 corpus
606 2430 728 2455 sunm,
757 2417 844 2450 sicut
869 2416 1028 2450 naturale
1050 2423 1153 2460 caput
1172 2416 1222 2447 xi-

228 2479 297 2505 tam
321 2470 474 2503 destillat
501 2470 536 2502 in
563 2476 673 2503 totum
698 2480 836 2512 corpus.
895 2467 1000 2500 Vides
1022 2479 1124 2510 crgo.
1152 2473 1222 2500 tota

229 2521 294 2555 hac
327 2521 496 2555 concione
529 2521 631 2553 liberi
668 2519 804 2553 arbitrii
837 2519 929 2551 vires
964 2518 1148 2557 damnari,
1190 2524 1222 2551 ct

230 2579 407 2617 praeterea
431 2572 630 2605 confirmari
650 2571 842 2603 imbecilles
859 2569 1109 2609 conscientias,
1136 2580 1222 2613 quas

229 2635 308 2657 cum
337 2630 440 2657 terret
465 2623 617 2667 potentia
644 2629 825 2667 portarum
851 2622 1088 2661 infernarum,
1118 2621 1222 2652 fidere

230 2674 305 2709 vult
329 2672 491 2708 Christus
515 2686 594 2707 suae
621 2674 817 2718 potentiae,
858 2674 951 2718 quod
980 2684 1040 2716 per
1065 2678 1221 2706 nostram

312 2819 321 2837 t

835 90 956 125 PHIL.
986 88 1101 126 MEL.
1130 89 1342 126 SCRIPTA
1369 87 1670 126 EXEGETICA.

2171 90 2270 128 1184

1277 176 1518 210 infirmitatem
1534 176 1602 210 Dei
1620 175 1777 220 potentia
1796 177 2011 219 glorificetur
2027 183 2090 212 etc.
2108 196 2158 202 —
2175 176 2270 213 Vera

1275 227 1377 267 vitis,
1410 227 1434 259 i.
1453 239 1481 262 e.
1511 226 1649 268 efficax,
1683 239 1758 261 non
1788 228 2013 271 imaginaria,
2055 240 2145 274 quae
2175 225 2270 262 nihil

1273 277 1390 314 efficit.

1471 350 1525 385 El
1551 357 1658 399 pater
1684 365 1783 388 meus
1811 353 1978 400 agricola
2007 357 2069 393 est,

1276 420 1338 465 qui
1386 419 1558 462 plantavit
1604 418 1694 453 hanc
1732 420 1839 457 vitem
1878 428 1910 455 et
1953 421 2123 465 servavit,
2185 422 2270 467 quia

1276 470 1464 503 consilium
1504 471 1641 504 domini
1674 471 1710 503 in
1742 478 1921 506 aeternum
1958 479 2096 513 manet,
2137 471 2268 508 Psalm-

1276 519 1468 560 XXXlll.‚
1497 522 1597 566 quasi
1614 522 1662 555 sic
1680 522 1789 556 dicat:
1822 521 1875 555 Ne
1899 523 2068 564 dissutae,
2095 523 2270 569 siquidem

1276 579 1374 617 pater
1392 572 1564 616 plantavit
1589 570 1656 606 hoc
1681 573 1849 614 verbum,
1883 573 2029 608 scilicet:
2067 573 2128 619 qui
2157 575 2270 608 credi-

1276 623 1386 661 derit,
1419 623 1536 657 salvus
1557 623 1640 665 erit3
1676 623 1774 658 fidite
1794 621 1862 657 hoc
1893 624 2021 664 verbo,
2045 625 2128 670 quia
2150 625 2270 659 nullae

1276 680 1454 708 creaturae
1488 675 1760 722 praevalebunt5
1801 681 1918 719 pater,
1952 675 2013 720 qui
2042 688 2122 709 cum
2154 675 2270 720 diligit

1276 737 1349 764 me,
1377 731 1469 759 certe
1486 726 1637 759 servabit
1653 732 1766 760 totum
1782 726 1976 760 fructicem.

1328 805 1484 842 Omnem
1507 808 1718 855 palmitem,
1745 809 1783 842 in
1801 820 1855 842 me
1869 821 1941 843 non
1958 808 2137 858 serentem
2156 814 2218 845 etc.

1275 876 1428 916 scilicet,
1468 878 1530 922 qui
1557 878 1699 911 videtur
1725 889 1798 911 esse
1819 878 1952 922 palmes
1976 878 2022 910 in‘
2038 889 2114 919 me,
2146 878 2183 912 id
2207 885 2272 919 est,

1275 939 1337 972 per
1363 940 1439 969 me,
1477 926 1543 961 hoc
1570 936 1640 969 est,
1676 941 1779 973 quem
1807 940 1869 972 ego
1901 940 1973 962 non
1997 929 2116 962 animo
2139 937 2172 964 et
2195 930 2271 963 foe-

1276 979 1414 1020 cundo,
1457 991 1661 1024 quanquam
1693 979 1831 1013 iusticia
1860 979 1976 1012 carnis
2007 980 2185 1023 praeditus
2213 980 2270 1021 sit,

1277 1029 1312 1062 id
1330 1036 1399 1071 est,
1423 1031 1484 1076 qui
1508 1030 1586 1064 fidit
1603 1030 1676 1063 suis
1700 1031 1868 1075 operibus
1893 1037 1928 1064 et
1950 1030 2104 1071 viribus,
2139 1037 2172 1065 et
2197 1043 2270 1064 non

1276 1080 1355 1114 fidit
1371 1079 1525 1116 Christo.

1465 1163 1519 1198 Et
1548 1176 1687 1199 omnem
1715 1165 1781 1213 qui
1801 1164 1878 1213 sert
1898 1165 2081 1214 fructum,

1277 1244 1358 1266 vere
1403 1233 1612 1278 palmitem,
1674 1234 1734 1280 qui
1769 1235 2004 1269 foecundatur
2038 1226 2058 1269 a
2085 1235 2155 1269 vite
2186 1246 2272 1279 pur-

1275 1284 1386 1326 gabit,
1422 1284 1444 1320 i.
1468 1297 1497 1318 e.
1527 1285 1678 1319 subinde
1704 1286 1945 1327 mortificabit,
1987 1287 2098 1320 donec
2124 1286 2273 1330 accipiat

1275 1335 1429 1368 decimas
1452 1337 1606 1380 spiritus.
1670 1336 1758 1370 Nam
1787 1334 1871 1370 haec
1899 1345 1949 1371 est
1971 1338 2042 1371 vita
2068 1335 2272 1378 christiana,

1275 1386 1440 1418 renovari
1459 1387 1586 1431 spiritu
1603 1388 1750 1428 mentis,
1774 1385 1904 1431 Ephes.
1923 1386 1985 1422 IV.

1541 1468 1633 1503 “Iam
1662 1482 1722 1504 ros
1754 1468 1888 1503 mundi
1913 1471 2011 1508 estis.

1379 1536 1593 1582 Quanquam
1612 1536 1748 1581 reliqua
1767 1537 1810 1569 sit
1826 1544 1976 1570 vetustas
1993 1537 2124 1575 carnis,
2152 1542 2271 1570 tamen

1276 1588 1403 1621 mundi
1418 1588 1498 1621 estis
1516 1593 1659 1632 propter
1673 1599 1890 1628 sermonem,
1919 1588 1974 1621 cui
1990 1587 2211 1628 credidistis,
2238 1594 2272 1621 et

1276 1651 1380 1683 quem
1398 1650 1460 1681 ego
1479 1639 1619 1672 locutus
1643 1650 1720 1672 sum
1741 1639 1851 1674 vobis.
1905 1638 2066 1672 Gratiam
2091 1649 2272 1672 commen-

1276 1692 1335 1723 dat
1350 1687 1512 1723 Christus
1539 1696 1570 1723 et
1596 1687 1672 1728 hic,
1700 1701 1780 1723 cum
1807 1691 1962 1723 mundus
1986 1696 2108 1729 vocat,
2136 1701 2224 1735 quos
2242 1687 2271 1731 ¹)

1276 1741 1381 1785 paulo
1414 1748 1494 1774 ante
1524 1741 1658 1774 dixerat
1689 1740 1831 1784 purgari
1860 1747 2033 1786 oportere.
2094 1740 2182 1774 Nam
2208 1740 2272 1785 qui

1276 1793 1443 1832 credunt,
1471 1803 1673 1837 quanquam
1697 1792 1867 1837 reliquiae
1892 1792 2022 1837 peccati
2050 1799 2131 1826 suut
2155 1791 2192 1824 in
2216 1791 2273 1832 iis,

1276 1843 1446 1888 reliquiae
1478 1850 1615 1881 tamen,
1660 1843 1742 1888 quia
1773 1844 1940 1887 creduut,
1974 1844 2083 1877 iustae
2108 1849 2210 1881 sunt,
2238 1848 2273 1875 et

1277 1895 1500 1927 condonatur
1517 1895 1565 1927 eis
1584 1894 1759 1939 reliquum
1780 1902 1975 1938 peccatum,
2000 1895 2088 1928 sicut
2105 1895 2147 1927 ad
2165 1892 2271 1928 Rom.

1276 1944 1374 1979 Xlll.
1394 1945 1524 1991 inquit:
1552 1944 1658 1978 Nulla
1683 1957 1777 1979 nunc
1801 1945 2048 1979 condemnatio
2067 1945 2125 1985 iis,
2153 1944 2214 1989 qui
2234 1943 2271 1976 in

1277 1994 1420 2030 Christo
1457 2003 1549 2030 sunt.
1610 1995 1793 2036 Secundo,
1828 1996 1988 2034 subiicit,
2014 1996 2110 2028 unde
2144 1994 2270 2027 mundi

1277 2047 1364 2087 sint,
1421 2055 1566 2091 propter
1607 2058 1819 2079 sermonem.
1897 2045 2011 2088 Quem
2048 2044 2272 2079 sermonem?

1275 2097 1420 2131 Summa
1448 2097 1721 2141 praedicationis
1740 2094 1873 2130 Christi
1894 2104 1943 2130 est
1961 2094 2065 2139 haec,
2089 2108 2193 2142 quam
2211 2107 2270 2130 su·-

1279 2161 1340 2196 pra
1366 2148 1534 2181 indicavit
1554 2148 1645 2192 ipse,
1672 2148 1733 2180 ubi
1758 2148 1859 2182 dicit:
1888 2146 1963 2191 Ego
1982 2159 2058 2181 sum
2076 2148 2150 2191 via,
2179 2147 2271 2181 veri-

1279 2207 1331 2233 tas
1351 2207 1383 2233 et
1401 2200 1488 2239 xita3
1519 2200 1616 2232 item:
1653 2199 1725 2241 Qui
1749 2199 1842 2233 videt
1869 2211 1938 2239 ine,
1967 2199 2060 2232 videt
2077 2206 2108 2233 et
2126 2206 2272 2243 patrem,

1279 2251 1311 2283 id
1331 2258 1391 2289 est,
1411 2251 1589 2284 iustificari
1609 2262 1701 2290 eum,
1727 2250 1787 2295 qui
1807 2251 1933 2289 credit,
1959 2262 1993 2283 se
2012 2263 2074 2295 per
2088 2247 2270 2284 Christum

1279 2302 1388 2345 accipi
1415 2302 1449 2334 in
1470 2301 1629 2345 gratiam.
1684 2300 1743 2334 list
1771 2301 1887 2347 itaque
1905 2314 2040 2341 sermo,
2067 2302 2110 2334 de
2125 2313 2197 2347 quo
2215 2300 2270 2333 lo·

1278 2352 1400 2398 quitur
1430 2359 1541 2387 totum
1570 2351 1812 2395 livangcliuni,
1874 2352 2016 2392 'l'ertio,
2051 2364 2165 2385 sermo
2197 2362 2269 2384 nou

1279 2404 1429 2437 mundat
1461 2404 1529 2436 uisi
1555 2403 1804 2448 accipientem,
1845 2403 1977 2449 alioqui
2001 2410 2033 2437 et
2062 2401 2271 2436 Pharisaeos

1278 2455 1480 2495 mundasset,
1522 2462 1553 2488 ct
1578 2452 1737 2489 Christus
1762 2467 1866 2499 supra
1895 2454 2026 2500 inquit:
2069 2454 2142 2496 Qui
2164 2451 2270 2487 habet

1277 2507 1441 2539 mandata
1460 2518 1553 2547 mea;
1581 2513 1614 2540 et
1632 2506 1667 2539 iu
1684 2505 1797 2540 Actis:
1835 2504 1920 2538 Fide
1945 2506 2133 2549 purificans
2152 2504 2270 2539 corda.

1277 2558 1397 2600 Quare
1414 2569 1551 2591 necesse
1575 2564 1646 2601 est,
1673 2563 1711 2590 ut
1732 2554 1789 2590 hic
1814 2556 2004 2600 intelligas:
2035 2563 2180 2602 propter
2197 2567 2268 2590 ser-

1316 2687 1344 2713 t)
1364 2689 1457 2711 secor.
1473 2685 1556 2718 quod.
