2409 2915
296 83 369 118 919

401 165 492 198 Vide
517 167 688 208 quantum
713 160 758 194 sit
780 159 938 193 debitum
957 159 1063 204 primi
1081 159 1191 199 servi,
1218 159 1279 191 de-

299 229 371 252 cem
394 215 506 248 millia
531 213 762 252 talentorum,
795 211 830 243 id
854 217 922 249 est,
949 210 1125 256 sexaginta
1150 216 1280 243 tonnae

298 267 387 302 auri.
438 264 533 298 llaec
556 270 605 296 est
628 268 724 296 tanta
749 260 915 305 pecunia,
942 260 1065 305 quanti
1085 268 1167 294 sunt
1184 259 1278 292 redi-

298 325 354 351 tus
377 315 487 349 annui
510 314 608 356 regni
627 312 774 352 Gallici,
799 319 832 345 et
847 323 920 345 non
939 318 989 344 est
1008 311 1155 356 pecunia
1174 310 1279 343 unius

299 367 401 407 civis,
428 372 487 399 aut
504 364 609 398 unius
626 362 807 408 principis.

401 415 483 449 ldeo
513 421 627 448 autem
644 415 752 454 [tanta
776 421 910 445 summa
933 411 1096 455 ponitur,
1128 418 1166 444 ut
1190 411 1279 443 scia-

298 478 396 506 mus,
431 477 496 499 nos
528 465 629 498 valde
652 464 762 497 multa
786 469 818 495 et
841 471 966 503 magna
989 468 1127 505 peccata
1151 459 1280 494 habere

299 529 415 551 coram
430 516 518 551 Deo.
572 514 669 549 Sicut
683 513 783 546 facile
799 512 958 545 invenies
973 512 1098 551 multa,
1126 511 1154 544 si
1173 512 1282 544 vitam

300 575 395 602 tuam
429 566 609 610 adspicies.
677 563 810 607 Magna
838 569 886 596 est
917 562 1082 595 securitas
1114 562 1281 602 carnalis,

300 625 419 663 postea
444 628 568 660 magna
594 614 804 657 negligentia
825 613 862 645 in
885 612 1128 653 invocatione,
1154 623 1280 655 magna

300 667 495 702 diffidentia
520 673 553 700 et
575 665 707 698 multae
729 663 965 698 dubitationes
986 664 1028 696 de
1050 663 1140 696 Deo.
1193 662 1280 696 Item

300 725 471 762 vagantur
494 717 570 750 sine
588 716 657 749 fine
672 715 880 760 cupiditates
897 713 1023 749 variae.
1075 714 1117 747 In
1134 725 1281 754 summa,

299 769 395 813 pleni
413 779 532 802 sumus
548 767 706 800 sordium
724 772 758 799 et
773 765 946 799 stercoris.

402 818 476 852 lam
493 818 614 851 confer
628 818 699 850 duo
715 816 844 850 debita.
897 814 954 847 Tu
971 813 1076 846 debes
1092 810 1168 844 Deo
1183 822 1280 844 sexa-

300 871 395 914 ginta
423 875 550 902 tonnas
573 867 662 901 auri.
728 865 927 900 Conservus
950 864 1052 897 debet
1076 862 1140 896 tibi
1163 863 1280 895 decem

300 927 494 954 coronatos.
563 917 653 951 vide
691 929 794 961 quam
830 914 1024 958 inaequalis
1059 924 1194 946 summa
1225 912 1281 948 sit.

300 969 346 1005 Et
363 970 458 1005 Deus
474 977 543 1003 tam
559 968 710 1001 multum
729 967 804 1000 vult
818 965 1014 1006 remittere,
1041 971 1106 998 etc.
1307 965 1312 1206 ι

1308 1250 1311 1274 l

1308 1301 1311 1314 l

770 1049 817 1086 ll.

401 1119 469 1154 Hic
486 1120 660 1153 discamus
676 1125 708 1152 et
724 1116 1010 1151 consolationem.

400 1170 542 1204 Peccata
559 1178 640 1204 sunt
657 1179 781 1212 magna
799 1175 831 1201 et
846 1167 974 1207 multa,
1001 1167 1059 1200 sed
1074 1165 1184 1210 gratia
1199 1177 1283 1199 exu-

301 1224 398 1256 berat
429 1233 532 1266 supra
564 1220 750 1262 delictum,
787 1217 893 1252 Rom.
915 1216 969 1252 5.:
1006 1217 1101 1251 Haec
1128 1223 1221 1250 tanta
1251 1223 1284 1249 et
1309 1213 1311 1248 ἶ

302 1281 369 1306 tam
395 1272 504 1305 multa
530 1278 664 1315 peccata
683 1269 778 1303 Deus
801 1269 947 1302 adsidue
971 1268 1034 1302 tibi
1061 1268 1135 1301 vult
1161 1267 1283 1300 remit-

301 1331 383 1358 tere.
437 1321 505 1355 Ilie
531 1322 614 1355 fides
640 1321 888 1360 exsuscitetur,
917 1325 955 1352 ut
979 1317 1046 1352 hoc
1066 1329 1144 1350 vere
1162 1318 1283 1350 creda-

302 1385 389 1407 mus.
441 1372 487 1406 lit
513 1370 576 1406 hac
603 1372 671 1404 fide
693 1371 895 1403 accedamus
917 1369 960 1401 ad
985 1368 1118 1407 Deum,
1146 1374 1180 1401 et
1202 1380 1282 1400 vera
1309 1407 1311 1414 .

301 1423 524 1458 invocatione
540 1434 618 1455 eum
635 1421 867 1463 celebremus,
895 1425 926 1453 et
943 1419 973 1452 ei
991 1419 1117 1461 gratias
1133 1429 1283 1461 agamus.
1308 1454 1311 1458 Α

405 1473 523 1516 Quare
545 1479 658 1505 autem
684 1478 752 1505 tam
779 1482 902 1513 magna
926 1476 958 1502 et
981 1476 1051 1503 tam
1075 1469 1183 1502 multa
1204 1480 1283 1511 pec—

303 1532 377 1558 cata
402 1523 570 1557 remittit?
621 1521 786 1556 Remittit
812 1532 883 1553 non
908 1526 1050 1563 propter
1075 1527 1191 1553 nostra
1210 1530 1283 1551 me-

302 1576 387 1615 rita,
419 1575 478 1607 sed
514 1573 683 1605 immensa
713 1571 954 1604 misericordia
987 1576 1128 1613 propter
1159 1569 1284 1603 filium.

302 1625 379 1660 Iloc
408 1624 558 1669 pretium
584 1629 720 1659 tantum
744 1628 814 1662 est,
841 1627 879 1654 nt
902 1627 1040 1663 superet
1064 1626 1181 1652 nostra
1206 1631 1284 1663 pec-

303 1683 389 1710 cata.
443 1674 525 1708 Noti
548 1673 715 1717 cogitare,
745 1684 818 1705 mea
845 1678 980 1715 peccata
1002 1677 1082 1703 sunt
1103 1671 1235 1703 maiora
1252 1677 1285 1704 et

303 1726 520 1772 potentiora,
547 1736 651 1770 quam
672 1724 765 1756 filius
781 1722 858 1758 Dei.
913 1721 988 1755 lmo
1008 1721 1197 1755 certissime
1215 1727 1285 1754 sta·

303 1785 399 1815 tuas,
433 1776 544 1809 filium
569 1775 634 1808 Dei
657 1776 824 1807 maiorem
851 1784 942 1813 esse,
974 1784 1078 1817 quam
1103 1771 1148 1805 sit
1172 1779 1285 1806 totum

304 1840 449 1871 regnum
483 1826 625 1870 peccati.
688 1824 732 1859 Et
765 1825 854 1857 liene
886 1823 1086 1856 memineris
1110 1823 1285 1867 regulam:

305 1878 427 1912 Gratia
445 1877 610 1911 exuberat
625 1887 729 1920 supra
747 1876 933 1915 delictum,
960 1872 1066 1908 Rom.
1081 1872 1116 1907 5.

763 1955 827 1990 111.

408 2028 475 2062 Sed
497 2034 612 2071 postea
630 2031 796 2070 sequatur
813 2031 930 2057 nostra
948 2023 1160 2059 obedientia,

407 2078 579 2112 Videmus
603 2075 659 2109 bic
681 2075 897 2109 severissime
916 2075 1087 2119 praecipi,
1113 2081 1150 2108 ut
1167 2075 1287 2108 remit-

308 2139 421 2165 tamus
456 2127 641 2173 proximis,
676 2133 714 2159 ut
743 2126 852 2159 simus
876 2126 1022 2159 studiosi
1050 2126 1154 2169 pacis.
1207 2125 1286 2159 Non

307 2182 518 2215 retineamus
535 2179 631 2216 odia,
658 2183 690 2210 et
708 2177 914 2221 cupiditates
930 2176 1121 2213 vindictae,
1150 2183 1213 2210 etc.

409 2230 484 2264 lior.
508 2242 595 2273 opus
619 2227 818 2261 dilectionis
842 2233 889 2260 est
909 2227 1158 2263 necessarium.
1188 2240 1287 2271 prae·
1312 2218 1316 2276 l

308 2283 425 2316 sertim
467 2282 501 2313 in
542 2279 836 2321 gubernatoribus
875 2285 906 2310 et
942 2278 1163 2316 doctoribus,
1205 2279 1286 2323 quia

309 2334 399 2366 iuter
419 2333 496 2364 illos
510 2331 608 2363 facil·-
624 2330 788 2362 oriuntur
805 2328 1015 2361 offensiones
1028 2355 1035 2365 ,
1064 2341 1151 2372 quae
1169 2336 1285 2372 postea

309 2384 448 2428 pariunt
468 2382 576 2421 bella,
603 2388 635 2414 et
654 2380 844 2413 discordias
862 2377 1107 2413 Ecclesiarum.

409 2432 626 2467 Omittamus
650 2438 803 2463 noe-tram
827 2430 1039 2473 superbiam.
1090 2429 1176 2461 t‘mu
1197 2431 1287 2462 Deus

308 2493 377 2519 tam
404 2484 512 2517 multa
535 2483 636 2515 nobis
659 2481 827 2521 remittat,
855 2482 1072 2513 remittamus
1089 2487 1118 2513 et
1138 2492 1200 2512 nos
1218 2481 1286 2513 sra—

309 2537 420 2569 tribus
439 2535 549 2567 multo
570 2533 721 2566 minores
737 2533 960 2566 offensiones.

411 2585 502 2619 llaec
526 2592 573 2618 est
599 2584 757 2616 doctriua
782 2585 824 2615 de
850 2583 952 2615 bonis
974 2581 1154 2624 operibus,
1182 2594 1284 2625 quam

308 2649 406 2681 saepe
425 2636 564 2671 auditis.
616 2633 663 2669 Et
684 2646 754 2667 nou
772 2634 950 2679 sequitur,
977 2632 1090 2666 Deum
1110 2633 1285 2666 remittere
1309 2646 1314 2676 Ι

888 74 1013 109 PHlL
1040 72 1157 110 MEL.
1181 70 1389 109 SCRIPTA
1417 70 1715 109 EXEGETICA.

1312 2383 1314 2387 '
1341 2378 1456 2410 stulat.

2240 76 2316 111 920

1331 165 1474 202 propter
1497 165 1652 192 nostram
1670 158 1929 200 remissionem,
1956 171 2015 193 seu
2034 167 2178 204 propter
2194 169 2315 196 nostra

1331 220 1448 252 opera.
1510 208 1587 253 lpse
1616 210 1764 244 remittit
1789 217 1930 253 propter
1953 209 2106 254 Filium,
2140 218 2172 246 et
2197 219 2314 255 postea

1331 259 1434 293 debet
1448 260 1547 305 sequi
1564 267 1683 294 nostra
1700 260 1900 294 obedientia
1912 287 1920 302 ‚
1948 268 1987 295 ut
2003 272 2102 306 saepe
2117 262 2265 307 auditis-J

1676 385 1811 439 Caput
1838 387 1970 437 tXIX.

1384 464 1617 500 Accesserant
1647 465 1700 500 ad
1731 465 1854 502 Iesum
1883 465 2102 511 Pharisaei,
2137 473 2315 504 tentantes

1434 528 1530 558 eum,
1557 521 1587 550 et
1611 515 1783 551 dicentes:
1807 516 1956 553 Licetne
1973 517 2119 553 homini
2137 518 2315 554 dimittere

1436 579 1584 601 uxorem
1601 579 1646 602 ea·
1662 579 1875 617 quacunque
1891 569 2030 604 causa?

1436 642 1480 677 In
1503 641 1570 678 boc
1594 645 1706 688 capite
1733 651 1902 679 tractatur
1919 647 2075 691 quaestio
2091 647 2134 680 de
2152 647 2316 681 divortio.

1333 692 1379 727 Et
1399 692 1561 728 Christus
1583 696 1754 739 approbat
1776 702 1809 730 et
1831 697 1956 740 repetit
1980 698 2174 730 doctrinam
2198 709 2317 731 neces-

1333 745 1460 778 sariam
1494 746 1537 778 de
1563 746 1747 789 coniugio,
1782 752 1815 780 et
1840 747 2019 791 restringit
2043 748 2248 791 opinionem
2274 749 2317 782 de

1333 795 1497 829 divortio.

1434 844 1525 880 Cum
1547 852 1661 880 autem
1687 846 1844 891 quaestio
1867 848 1910 880 de
1933 847 2086 882 divortio
2106 848 2216 891 magis
2237 860 2319 892 per-

1333 897 1445 930 tineat
1474 897 1518 929 ad
1543 895 1818 938 Consistorium‚
1853 910 1957 942 quam
1988 899 2030 931 ad
2064 899 2250 932 conciones
2281 899 2318 932 iu

1334 946 1506 987 Ecclesia,
1539 947 1620 980 volo
1652 947 1777 981 ordine
1808 948 1926 993 aliqua
1953 949 2143 982 necessaria
2166 950 2210 983 de
2228 961 2319 986 vcon-

1335 997 1429 1041 iugio
1447 997 1571 1031 dicere.

1438 1046 1598 1082 Christus
1622 1048 1747 1091 repetit
1772 1048 2029 1082 institutionem
2056 1049 2232 1094 coniugii,
2266 1050 2319 1084 sa-

1335 1104 1424 1132 etam
1445 1096 1499 1131 his
1516 1099 1646 1132 verbis:
1675 1097 1791 1132 Erunt
1808 1100 1878 1133 duo
1899 1100 1934 1132 in
1954 1111 2094 1133 carnem
2111 1112 2231 1136 unam.

1438 1156 1515 1191 Iloc
1546 1157 1677 1191 dictum
1710 1164 1759 1191 est
1789 1158 1843 1191 lex
1875 1160 1918 1191 de
1948 1159 2112 1201 coniugio
2141 1166 2320 1203 perpetua,

1335 1208 1495 1241 sanciens
1517 1215 1557 1242 ut
1576 1209 1619 1242 sit
1636 1209 1743 1241 unius
1759 1209 1865 1241 maris
1882 1216 1913 1242 et
1931 1209 2036 1242 unius
2050 1209 2223 1242 foeminae
2240 1222 2320 1254 per-
2361 1220 2363 1222 “

1337 1266 1438 1303 petua
1471 1265 1502 1292 et
1532 1259 1789 1293 indissolubilis
1813 1260 2037 1300 coniunctio,
2070 1267 2103 1294 et
2127 1257 2320 1304 prohibens

1308 1325 1310 1329 ¹
1335 1321 1474 1342 omnem
1501 1310 1805 1350 commixtionem,
1839 1317 1933 1344 extra
1958 1308 2052 1344 hunc
2077 1310 2239 1344 ordinem
2263 1311 2320 1345 in-

1335 1360 1510 1394 stitutum.

1438 1408 1596 1442 Primum
1621 1420 1702 1452 ergo
1726 1421 1766 1442 ex
1783 1407 1848 1442 hoc
1867 1410 1961 1443 dicto
1982 1409 2131 1443 Genesis
2147 1418 2320 1452 teneatur,

1336 1460 1420 1504 quid
1449 1460 1492 1492 sit
1517 1459 1730 1501 coniugium.
1784 1458 1830 1493 Et
1857 1461 2003 1499 sciatur,
2030 1462 2124 1504 quod
2151 1459 2244 1495 Deus
2267 1470 2319 1496 ta-

1337 1511 1404 1543 lem
1423 1509 1707 1543 coniunctionem
1725 1509 1961 1549 ordinaverit,
1987 1517 2020 1543 et
2036 1512 2217 1554 approbet.

1439 1568 1601 1601 Secundo
1625 1568 1772 1606 sciatur,
1801 1569 1894 1613 quod
1921 1568 1974 1601 lex
1999 1569 2042 1601 de
2066 1569 2231 1612 coniugio
2250 1577 2323 1605 sta-

1337 1619 1399 1652 tim
1431 1619 1468 1651 in
1495 1617 1659 1651 l‘aradiso
1689 1619 1766 1652 data
1793 1619 1853 1657 sit,
1889 1619 1970 1662 quia
1995 1617 2091 1652 Deus
2116 1619 2228 1654 voluit
2252 1621 2320 1655 sibi

1339 1667 1528 1702 humanam
1562 1675 1722 1702 naturam
1757 1669 1921 1707 obedire,
1969 1669 2152 1713 praecipue
2187 1670 2225 1704 in
2256 1669 2322 1706 hoc

1338 1731 1464 1764 opere,
1492 1719 1527 1751 in
1552 1720 1721 1752 servanda
1744 1720 1900 1754 castitate
1925 1720 1961 1753 in
1981 1720 2164 1765 coniugio,
2187 1720 2222 1755 'et
2241 1729 2321 1756 ante

1339 1781 1551 1811 coniugium.

1440 1819 1485 1855 Et
1510 1827 1625 1863 postea
1649 1828 1725 1865 post
1743 1821 1879 1869 lapsum
1901 1817 2084 1854 bominum
2102 1818 2322 1858 horribiliter

1340 1871 1478 1915 punivit
1505 1878 1639 1914 peccata
1667 1878 1787 1904 contra
1813 1871 2004 1905 castitatem
2028 1872 2134 1913 facta,
2160 1880 2196 1907 ut
2218 1875 2321 1908 adul—

1340 1921 1425 1956 teria
1450 1928 1483 1955 et
1504 1921 1590 1954 alias
1615 1933 1715 1964 vagas
1740 1922 2018 1955 commixtiones.
2070 1921 2115 1956 Et
2132 1934 2270 1968 semper
2286 1932 2320 1959 et

1339 1972 1585 2006 universaliter
1614 1973 1650 2005 in
1679 1984 1804 2015 genere
1835 1969 1990 2005 humano
2016 1983 2126 2017 usque
2147 1974 2189 2007 ad
2215 1975 2319 2009 finem

1340 2022 1441 2067 punit
1458 2021 1570 2062 Deus,
1596 2030 1628 2057 et
1653 2023 1772 2066 puniet
1798 2016 1900 2065 vagas
1920 2023 2086 2056 libidines
2102 2024 2223 2058 multis
2238 2037 2320 2069 poe-

1340 2073 1395 2106 nis
1426 2073 1576 2116 publicis
1607 2081 1639 2107 et
1671 2074 1827 2119 privatis.
1888 2072 1964 2106 lloc
1995 2074 2226 2108 certissimum
2261 2083 2322 2117 est,

1340 2124 1426 2157 sicut
1452 2125 1620 2168 scriptum
1647 2132 1712 2157 est:
1741 2125 1957 2159 Scortatores
1980 2132 2012 2158 ct
2032 2125 2210 2159 adulteros
2226 2127 2323 2161 iudi-

1340 2175 1430 2208 cabit
1446 2174 1553 2210 Dens.

1442 2225 1536 2259 Haec
1559 2225 1725 2264 sciamus,
1758 2231 1790 2258 et
1814 2231 2006 2259 metuentes
2032 2226 2117 2259 iram
2143 2224 2228 2267 Dei,
2260 2240 2322 2261 ru-

1340 2288 1457 2309 remus
1479 2288 1618 2309 servare
1635 2277 1846 2314 castitatem,
1873 2276 1926 2308 vel
1948 2276 1982 2309 in
2001 2277 2183 2318 omingin,
2211 2278 2265 2311 vel
2284 2279 2321 2312 in

1341 2327 1409 2360 vita
1437 2328 1589 2365 coelibe,
1616 2327 1703 2360 sicut
1727 2334 1819 2359 aetas
1843 2326 2022 2360 iuniorum
2046 2328 2099 2360 vel
2117 2339 2241 2361 senum
2259 2340 2321 2369 po-

1524 2377 1565 2410 lit
1597 2378 1784 2419 diligenter
1814 2377 2074 2410 consideremus
2102 2378 2321 2413 severitatem

1343 2429 1404 2461 llei
1431 2429 1465 2460 iu
1494 2425 1556 2460 'nnc
1579 2440 1626 2462 re.
1692 2427 1807 2461 Nolite
1831 2427 2048 2467 existimare,
2084 2427 2195 2461 Deum
2221 2430 2319 2473 parvi

1340 2480 1450 2512 facere
1482 2487 1617 2523 pecrata
1642 2485 1764 2511 contra
1787 2478 1989 2511 castitatem.
2047 2477 2215 2523 Exempla
2237 2492 2321 2524 poe-

1341 2543 1464 2562 narum
1489 2530 1705 2563 considerate
1728 2529 1810 2561 indc
1833 2540 1943 2574 usque.
1969 2530 2012 2562 ab
2028 2529 2143 2563 initio.
2196 2528 2247 2563 De
2263 2531 2320 2564 ‹li-

1341 2581 1436 2613 imi.»
1461 2581 1630 2623 allegatur
1645 2591 1745 2612 causa
1758 2603 1766 2616 .
1795 2581 1889 2624 quod
1907 2580 2068 2614 duxerint
2088 2587 2118 2613 et
2137 2582 2319 2625 rapuerint

1340 2632 1520 2671 mulieres,
1553 2641 1639 2676 quas
1668 2630 1819 2678 quisque
1850 2630 1972 2666 voluit.
2034 2630 2156 2665 Postea
2188 2631 2318 2667 delevit
