2409 2915
823 655 1366 698 PRAEMONENDA

339 744 410 780 AD
438 744 568 782 PHIL.
595 743 884 782 MELANTHO
890 746 972 783 NIS
999 743 1415 783 ANNOTATIONES
1449 743 1504 780 IN
1528 742 1847 790 EVANGEL1A‚

573 832 669 860 QUAE
688 832 815 857 DlEBt'S
834 832 1019 857 Doxllxtcls
1039 833 1082 856 ET
1101 832 1220 856 FESTIS
1240 829 1391 854 PL’BLICE
1411 829 1611 855 LEGUNTL'R.

170 951 280 981 Prodiit
306 950 421 978 libellus
445 959 469 977 a.
496 948 589 979 1544.
614 951 653 978 sic
677 951 845 987 inscriptus:

255 1009 488 1045 „Annotationes
512 1008 588 1036 Phil.
611 1008 682 1036 Mel.
705 1009 734 1035 in
757 1008 935 1045 Evangelia,
959 993 1035 1045 quae
1058 1007 1162 1035 usitato
1184 1016 1264 1034 more
1288 1006 1390 1035 diebus
1412 1007 1558 1035 dominicis
1590 1012 1618 1034 et
1648 1006 1732 1034 sestis
1756 1014 1967 1045 proponuntur.
1993 1010 2100 1040 Witeh.

259 1051 342 1121 {¹322
360 1051 458 1078 Ioann.
482 1049 853 1121 Lgffti54ll51.18).XLlllL”
898 1048 930 1087 (1
946 1049 1031 1087 Alph.
1056 1049 1096 1077 17
1119 1049 1159 1086 pl.
1175 1048 1235 1087 8.).
1258 1064 1298 1070 —
1342 1050 1472 1078 Recusus
1495 1056 1539 1077 est
1564 1048 1610 1076 hic
1634 1049 1706 1076 liber
1729 1049 1837 1078 Witeb.
1861 1059 1915 1087 per
1931 1051 2102 1082 Petr.Seitz

346 1113 352 1119 .
376 1107 417 1112 --
462 1093 502 1119 Ibi
527 1113 534 1120 .
644 1114 650 1120 .
696 1112 703 1119 .

170 1150 341 1179 Melanthon
371 1150 474 1177 librum
504 1149 609 1178 dicarit
639 1150 767 1187 Georgio
799 1149 928 1185 Helm,
958 1149 1151 1185 dedimusque
1180 1149 1331 1185 epistolam
1362 1158 1450 1186 supra
1474 1149 1542 1177 Vol.
1565 1148 1601 1176 V.
1632 1158 1660 1186 p.
1691 1147 1762 1177 560.
1815 1149 1860 1177 Ex
1889 1151 1939 1178 illa
1971 1159 2104 1189 apparet,

90 1193 193 1221 librum
217 1193 306 1221 invito
329 1191 518 1219 Melanthone
541 1192 649 1220 editum
674 1201 748 1220 esse.
793 1192 913 1229 Scripsit
936 1191 1011 1218 enim
1035 1189 1204 1218 Melanthon
1229 1191 1264 1218 ad
1289 1191 1408 1218 Heltum
1432 1192 1508 1219 inter
1530 1191 1585 1218 alia
1610 1190 1695 1218 haec:

257 1250 348 1287 „Ego
370 1249 446 1277 domi
469 1249 569 1277 solitus
591 1259 653 1277 sum
676 1250 828 1277 iuvenibus
852 1257 991 1277 summam
1014 1247 1163 1275 doctrinae
1187 1246 1391 1282 Christianae,
1417 1249 1537 1276 tradere
1561 1255 1590 1276 et
1614 1249 1755 1277 lectiones
1779 1250 1896 1277 usitatas
1926 1251 1954 1278 in
1976 1252 2105 1281 Ecclesia

257 1300 466 1329 „proponere,
495 1297 526 1318 ut
549 1292 586 1319 ad
608 1291 823 1319 meditationem
847 1291 885 1318 de
909 1291 1015 1318 virtute
1038 1290 1165 1317 omnium
1188 1299 1314 1325 summa,
1344 1291 1361 1318 i.
1385 1299 1412 1318 e.
1435 1291 1472 1317 de
1497 1291 1644 1327 agnitione
1669 1297 1698 1319 et
1721 1291 1898 1320 invocatione
1921 1293 1976 1320 Dei
2005 1303 2105 1323 assue-

256 1334 407 1371 „fierent,
429 1338 459 1361 et
481 1333 536 1360 alia
559 1333 653 1361 officia
676 1333 739 1360 Deo
761 1339 843 1369 grata
864 1332 1022 1360 discerent.
1044 1347 1085 1352 —
1108 1347 1149 1352 —
1192 1332 1306 1369 Aliquid
1330 1332 1417 1368 igitur
1439 1332 1620 1360 familiariter
1643 1333 1765 1360 disserui
1796 1333 1833 1361 de
1856 1335 2004 1372 plerisque
2029 1337 2105 1372 locis,

254 1376 320 1412 „de
344 1376 444 1412 quibus
467 1381 553 1402 antea
575 1384 670 1403 meum
694 1380 774 1402 extat
796 1374 942 1402 iudicium.
985 1375 1049 1402 Nec
1071 1374 1230 1402 existimavi
1253 1373 1400 1410 futurum,
1422 1380 1452 1402 ut
1477 1374 1527 1402 hos
1549 1375 1721 1402 domesticos
1744 1384 1909 1412 sermones,
1931 1385 2010 1414 quos
2032 1379 2106 1415 ipse

256 1426 348 1455 „nou
370 1418 588 1455 scripseram,
610 1418 760 1454 quisquam
783 1416 914 1444 efferret.
967 1417 1140 1453 Quanquam
1163 1421 1261 1443 autem
1286 1426 1402 1453 prorsus
1426 1417 1575 1454 optarim
1600 1425 1664 1445 non
1687 1425 1753 1444 esse
1776 1415 1898 1452 editos,
1930 1424 2026 1447 tamen
2050 1421 2104 1448 mi-

255 1469 337 1497 „nus
359 1467 564 1488 succenset-em
583 1459 633 1495 iis,
655 1459 705 1497 qui
727 1467 866 1496 spargere
889 1465 1067 1495 coeperunt,
1089 1459 1111 1485 si
1135 1458 1204 1485 mihi
1227 1459 1435 1486 concessissent
1457 1459 1633 1486 emendandi
1655 1459 1803 1496 spacium,
1826 1465 1875 1488 aut
1899 1461 1920 1488 si
1944 1461 1997 1497 ipsi
2020 1471 2106 1490 sere-

255 1503 340 1540 „rius
368 1501 573 1530 emendassent
600 1501 651 1529 has
679 1501 869 1529 confusaneas
892 1500 1105 1529 conciunculas.
1156 1501 1242 1528 Nunc
1264 1500 1316 1528 hoc
1340 1500 1408 1528 mihi
1430 1507 1542 1529 tantum
1566 1501 1701 1529 relictum
1724 1507 1783 1538 est,
1814 1508 1844 1530 ut
1867 1503 1982 1530 alienae
2011 1505 2107 1533 stulti-

257 1545 345 1580 „ciae
368 1545 482 1573 veniam
504 1543 633 1580 petam.”

174 1602 364 1639 Posteaquam
385 1607 483 1629 autem
506 1601 619 1629 viderat
642 1599 830 1636 Melanthon,
853 1600 930 1628 hunc
952 1601 1057 1628 librum
1079 1601 1177 1628 multis
1200 1601 1332 1636 probari,
1356 1601 1417 1638 ipse
1441 1609 1558 1629 manum
1582 1601 1608 1628 ei
1631 1601 1773 1636 admovit,
1797 1610 1862 1630 eum
1888 1603 2055 1631 emendavit
2078 1610 2106 1631 et

93 1644 171 1671 auxit
193 1645 233 1672 sic
255 1644 439 1681 inscriptum:

258 1701 494 1737 „Annotationes
522 1699 596 1727 Phil.
628 1699 698 1727 Mel.
728 1701 755 1727 in
779 1700 957 1737 Evangelia,
989 1707 1063 1736 quae
1088 1714 1127 1719 —
1152 1714 1194 1718 —
1217 1704 1436 1735 proponuntur,
1465 1698 1632 1734 recognitae
1655 1703 1686 1726 et
1710 1705 1828 1734 auctae,
1858 1700 1975 1729 adiectis
1999 1703 2026 1730 in
2050 1703 2108 1730 fine

261 1743 371 1780 aliquot
393 1742 598 1769 conciunculis.
643 1741 832 1779 Witebergae
855 1751 901 1778 ap.
925 1742 964 1768 lo.
990 1740 1078 1767 Lufft.
1114 1738 1226 1768 1549.”
1271 1740 1305 1778 (2
1329 1740 1416 1777 Alph.
1441 1739 1456 1768 1
1483 1740 1521 1777 pl.
1544 1739 1590 1777 8.)

94 1801 223 1828 Recusus
254 1805 298 1826 est
326 1798 371 1825 hic
395 1798 468 1825 liber
493 1798 623 1834 Lipsiae,
652 1799 796 1826 excudeh.
822 1799 885 1827 Yal.
903 1799 1011 1835 Papa.
1037 1796 1129 1825 1552.
1161 1796 1190 1825 8.
1224 1812 1265 1817 —
1315 1797 1448 1825 Basileae
1480 1806 1534 1834 per
1557 1798 1596 1825 Io.
1619 1796 1797 1834 Oporinum,
1835 1798 1927 1827 1554.
1972 1799 2006 1837 (1
2023 1802 2108 1839 Alph.

93 1841 131 1870 21
157 1841 224 1879 ph).
248 1854 288 1862 -—
331 1840 519 1876 Witebergae
547 1839 636 1867 ¹555.
680 1840 716 1876 (2
738 1841 825 1877 Alph.
848 1840 867 1869 2
892 1839 949 1879 pl.)
974 1855 1014 1860 —
1058 1840 1166 1867 lterum
1191 1839 1307 1876 Lipsiae
1333 1838 1412 1868 1561
1437 1846 1466 1866 et
1491 1840 1678 1877 Witebergae
1703 1839 1794 1868 1561.

179 1899 259 1926 Hanc
281 1899 470 1936 posteriorem
494 1897 558 1924 libri
581 1897 701 1925 sormam
726 1898 826 1926 recudi
849 1899 959 1925 curarit
982 1898 1180 1925 Peucerus
1209 1898 1237 1925 in
1262 1898 1396 1934 operibus
1418 1897 1612 1924 Melanthonis
1641 1897 1816 1934 Vitebergae
1847 1899 1932 1928 editis
1954 1901 2036 1930 Tom.
2063 1902 2111 1930 ΙΙΙ.

94 1952 123 1979 p.
148 1941 164 1970 1
188 1951 251 1978 sqq.
275 1939 352 1968 unde
377 1939 421 1967 hic
444 1940 547 1967 librum
571 1940 724 1967 hausimus.

794 2072 874 2120 [De
901 2076 1052 2119 postilla
1081 2075 1409 2110 Melanthoniana.

179 2142 229 2168 Est
252 2140 298 2168 hic
320 2140 400 2167 locus
422 2140 603 2175 commodus,
626 2139 663 2167 de
686 2140 760 2167 libro
783 2139 831 2177 qui
856 2139 1025 2176 „Postilla
1049 2140 1316 2169 Melanthoniana”
1343 2140 1497 2176 inscriptus
1528 2145 1587 2175 est,
1616 2149 1706 2177 pauca
1736 2149 1960 2169 commemorare
1983 2142 2113 2170 Christo-

97 2183 206 2220 phorus
227 2181 423 2217 Pezelius,
460 2182 555 2209 fidelis
582 2182 778 2210 Melanthonis
809 2183 985 2219 discipulus,
1020 2184 1068 2219 qui
1099 2184 1185 2210 etiam
1209 2183 1351 2220 Epistolas
1380 2188 1409 2210 et
1438 2182 1562 2209 Consilia
1586 2181 1781 2210 Melanthonis
1810 2183 1917 2219 edidit,
1951 2184 1989 2211 de
2012 2185 2112 2221 quibus

98 2226 164 2253 Vol.
187 2225 209 2252 1.
233 2223 508 2265 in'praemonendis
531 2225 734 2261 exposuimus,
758 2225 847 2253 edidit
870 2225 957 2252 etiam
980 2225 1083 2252 librum
1109 2226 1148 2253 sic
1170 2226 1357 2263 inscriptum:

264 2279 434 2318 „Postilla
457 2277 751 2317 Melanthoniana,
775 2282 829 2309 hoc
850 2288 910 2318 est,
933 2282 1104 2310 Lectionum
1127 2283 1369 2319 Erangelicarum
1395 2290 1470 2319 quae
1494 2289 1573 2308 more
1596 2286 1714 2318 recepto
1737 2288 1765 2309 et
1789 2283 1893 2310 usitato
1916 2283 1944 2310 in
1968 2283 2114 2321 plerisque

266 2324 403 2351 Ecclesiis
433 2323 601 2350 Christianis
629 2323 732 2351 diebus
760 2324 908 2351 dominicis
936 2331 965 2351 et
994 2324 1076 2351 sestis
1107 2332 1322 2362 proponuntur:
1361 2323 1619 2362 Explicaliones
1642 2325 1705 2360 piae
1727 2333 1762 2351 ac
1783 2325 1915 2353 eruditae
1944 2324 2115 2363 Philippi

268 2365 544 2400 Melanthonis,
574 2365 659 2393 totius
682 2366 826 2402 quondam
849 2367 1026 2394 Germaniae
1049 2367 1266 2404 praeceptoris:
1304 2369 1331 2395 in
1356 2377 1445 2394 unum
1476 2366 1556 2403 quasi
1585 2375 1690 2402 corpus
1720 2367 1860 2395 collectae
1890 2377 1906 2394 a
1938 2367 2115 2395 Christo-

269 2407 388 2446 phoro
410 2405 458 2435 Pe
470 2407 586 2441 zelio,
607 2407 787 2444 Theologiae
803 2408 943 2436 Doctore:
967 2409 994 2435 in
1009 2409 1112 2445 quihus
1135 2411 1320 2446 grammatica
1343 2409 1465 2447 quadam
1489 2408 1642 2444 diligentia
1665 2409 1865 2436 vocabulorum
1889 2409 2032 2437 enarratio
2056 2414 2115 2437 tra-

269 2450 365 2486 ditur,
387 2455 417 2477 et
437 2450 742 2485 circumstantiarum,
775 2458 849 2487 quae
875 2459 906 2478 se
929 2451 957 2477 in
991 2451 1171 2479 concionibus
1199 2451 1307 2479 Christi
1337 2457 1366 2479 et
1396 2450 1606 2478 narrationibus
1635 2449 1884 2488 Evangelistarum
1915 2449 2057 2478 offerunt:
2086 2456 2115 2479 et

267 2491 402 2520 familiari
424 2498 512 2529 atque
534 2491 572 2519 ad
595 2499 711 2529 captum
735 2492 881 2519 rudiorum
905 2492 1118 2521 accommodata
1147 2494 1283 2522 methodo
1310 2500 1340 2522 et
1368 2493 1503 2520 orationis
1532 2500 1642 2528 genere
1672 2493 1825 2529 perspicuo
1854 2498 1883 2519 et
1912 2492 2032 2528 simplici
2062 2501 2116 2521 ex-

270 2540 419 2572 ponuntur
441 2534 590 2571 praecipui
614 2534 666 2561 loci
690 2534 841 2562 universae
864 2534 1013 2562 doctrinae
1036 2535 1223 2573 christianae,
1246 2542 1276 2564 et
1299 2537 1336 2564 de
1359 2535 1507 2573 plerisque
1532 2534 1601 2561 locis
1629 2534 1780 2561 discrimen
1812 2539 1986 2561 monstratur
2016 2534 2117 2563 huma-

274 2585 330 2604 nae
353 2581 382 2604 et
405 2576 519 2604 divinae
541 2576 710 2613 sapientiae.
755 2577 825 2605 Pars
848 2577 870 2604 1.
898 2585 915 2604 a
938 2577 1087 2605 Dominica
1110 2578 1276 2615 Adventus,
1312 2578 1348 2605 ad
1371 2577 1547 2605 Dominicam
1571 2576 1849 2612 Quinquagesimae.
1893 2575 2118 2614 Heidelbergae‚

271 2618 349 2656 apud
372 2618 482 2646 losuam
505 2618 665 2655 Harnisch,
693 2619 831 2656 impensis
853 2618 994 2647 Matthiae
1023 2620 1121 2656 patris.
1166 2624 1248 2649 Anno
1275 2619 1388 2649 1594.”
1439 2618 1473 2656 (2
1497 2617 1582 2654 Alph.
1613 2617 1631 2645 6
1653 2616 1694 2654 pl·
1724 2616 1769 2653 8.)
1812 2617 1883 2645 Pars
1904 2617 1941 2646 ΙΙ.
1972 2618 2117 2647 Hanoviae

273 2670 322 2698 ap.
345 2660 428 2688 Guil.
450 2662 554 2689 Anton.
579 2659 671 2689 1594.
716 2659 755 2698 (2
780 2661 864 2699 Alph.
889 2660 929 2689 19
953 2660 1008 2697 pl.)
1030 2677 1071 2683 —-
1113 2663 1182 2690 Pars
1207 2663 1256 2692 111.
1279 2663 1347 2690 ihid.
1373 2660 1463 2690 1594.
1488 2659 1519 2691 (2
1544 2659 1628 2695 Alph.
1653 2657 1673 2686 7
1695 2659 1750 2697 pl.)
1781 2665 1809 2687 et
1833 2660 1902 2688 Pars
1926 2660 1973 2689 lv.
2006 2666 2035 2688 et
2064 2671 2117 2698 po-

275 2709 402 2739 strema,
429 2703 497 2731 ibid.
522 2701 614 2731 1595.
659 2702 693 2736 (2
717 2703 803 2740 Alph.
827 2703 846 2731 8
871 2703 910 2741 pl.
935 2701 980 2739 8.)

157 2747 334 2780 Mqura.
363 2747 465 2779 Orza.
519 2748 602 2778 Vot..
628 2747 723 2779 le.
1342 2747 1382 2780 ll
