2409 2915
277 116 327 151 27
879 105 1005 142 PHlL.
1032 102 1149 140 MEL.
1173 103 1382 140 SCRIPTA
1408 101 1708 139 EXEGETICA.
2255 106 2305 141 28

286 198 333 235 Et
358 200 392 233 in
418 197 524 232 huius
555 194 691 230 ordinis
714 191 994 226 consideratione
1016 190 1092 224 vult
1113 189 1209 224 Deus
1234 201 1269 222 se
1323 189 1388 222 cati
1405 195 1506 230 sunt,
1532 195 1566 223 et
1581 189 1711 223 sentire
1730 189 1810 223 illos
1831 188 1935 223 etiam
1957 199 2058 232 posse
2079 201 2210 234 organa
2237 188 2306 224 Dei

288 250 451 294 agnosci,
476 256 508 282 et
523 245 671 289 intelligi
696 242 791 277 hunc
813 243 974 276 ordinem
993 241 1166 275 divinitus
1188 252 1270 274 san-
1323 240 1487 272 salutaria
1506 251 1596 279 esse,
1619 247 1652 273 et
1667 253 1739 273 non
1756 240 1855 273 irasci
1868 240 1940 274 Deo
1962 240 1997 272 in
2015 241 2152 285 poenis.
2176 239 2306 274 Exem-

290 302 398 335 ciium
417 311 499 333 esse,
1295 277 1298 346 i
1324 291 1421 334 plum
1441 291 1576 324 illustre
1590 289 1695 324 huius
1705 291 1844 324 virtutis
1861 298 1909 324 est
1923 289 2100 325 lonziihas.
2129 288 2304 325 Omnium

393 360 443 393 Ac
460 358 629 396 sciamus,
654 353 834 397 coniugia,
861 351 1039 396 politicam
1061 350 1272 389 societatem,
1296 351 1299 402 Ξ
1323 353 1405 373 vero
1423 352 1598 374 summum
1618 349 1667 375 est
1685 343 1758 386 ipse
1774 341 1886 374 Filius
1900 340 1965 374 Dei
1985 342 2021 374 iu
2044 353 2105 374 sua
2124 342 2306 375 vocatione

290 407 670 449 contractus‚iudicia‚
697 415 846 449 poenas,
872 414 977 447 opera
996 412 1066 434 esse
1082 399 1272 445 sapientiae
1297 411 1298 415 ¹
1323 391 1510 432 obediens,
1539 399 1572 425 et
1597 389 1653 425 hic
1680 393 1811 437 inquit:
1840 392 2004 426 Discitea
2021 404 2088 433 me,
2115 391 2197 437 quia
2213 392 2308 426 mitis

291 469 323 496 et
350 459 506 495 iusticiae
530 458 613 497 Dei,
653 463 684 489 et
708 454 892 488 efficaciter
921 465 938 485 a
962 452 1036 486 Deo
1059 450 1271 491 conservari,
1298 446 1300 497 ᾗ
1324 454 1421 482 sum,
1448 449 1482 475 et
1497 440 1644 476 humilis
1662 444 1778 478 corde.

291 518 464 558 quantum
483 509 618 543 ordinis
632 507 807 551 reliquum
824 510 961 543 manet,
987 503 1124 536 etiamsi
1151 514 1169 535 a
1196 501 1273 534 dia-
1298 499 1300 529 l
1427 499 1599 545 Superbia
1616 509 1733 534 autem
1750 508 1822 544 est,
1849 512 2010 534 securum
2036 508 2069 534 et
2084 502 2160 535 sine
2182 503 2310 536 timore

291 563 384 597 bolis
410 567 444 594 et
465 561 509 594 ab
533 558 672 602 organis
696 555 828 589 diaboli
853 554 985 588 interea
1003 553 1122 596 magni
1138 552 1271 586 tumul·
1325 551 1390 585 Dei
1409 562 1497 592 esse,
1525 561 1558 586 et
1576 553 1750 585 confidere
1775 552 1928 596 propriis
1944 552 2100 592 viribus,
2127 559 2160 586 et
2182 553 2310 587 fiducia

290 621 347 648 tus
363 617 562 646 moventur.
614 608 715 642 Sicut
734 612 848 639 custos
869 604 982 648 gregis
1000 611 1114 638 servat
1130 603 1273 647 aliquod
1327 602 1380 635 sui
1398 608 1493 634 extra
1516 610 1624 636 metas
1645 603 1839 636 vocationis
1866 614 2070 646 erumpere,
2098 603 2165 636 sibi
2184 611 2310 647 poten-

292 675 435 708 agmen,
460 659 596 694 etiamsi
612 658 687 702 lupi
708 657 842 701 aliquas
857 657 1005 700 pecudes
1024 655 1176 698 rapiunt.
1211 653 1271 687 Sic
1328 653 1409 685 tiam
1428 653 1515 686 velle
1532 665 1673 696 angere,
1689 654 1866 696 despicere
1883 659 1916 686 et
1935 665 2092 696 premere
2111 653 2214 693 alios,
2231 666 2310 698 per-

293 715 379 748 dicit
396 712 487 745 infra
504 712 547 743 de
569 709 715 754 politico
735 707 860 740 ordine
884 706 996 749 capite
1013 706 1149 738 decimo
1168 711 1272 737 sexto.
1328 703 1489 736 tinaciter
1505 705 1676 737 anteferre
1692 705 1871 748 propriam
1886 704 2094 747 sapientiam
2113 704 2216 737 bonis
2226 716 2312 738 con-

293 764 437 798 Pondus
459 768 491 795 et
509 767 633 794 statera
657 758 788 792 iudicia
815 756 962 791 Domini
986 762 1085 795 sunt,
1112 762 1146 788 et
1168 766 1274 798 opera
1329 754 1433 793 siliis,
1468 761 1500 787 et
1524 755 1625 788 irasci
1647 754 1722 788 Deo
1743 762 1775 788 et
1799 752 2004 787 bominibus
2027 767 2105 787 cum
2129 755 2241 789 exitus
2263 762 2314 789 est

294 816 368 849 eius
391 823 513 847 omnes
536 811 669 854 lapides
693 809 813 842 lancis.
868 806 964 840 Haec
991 805 1186 840 admonitio
1213 817 1275 837 ne-
1330 804 1470 845 infelix,
1500 813 1539 839 ut
1555 803 1712 844 Pharao,
1741 805 1888 846 Goliad,
1908 805 2010 846 Saul,
2027 803 2258 850 Achitophel,
2275 813 2311 840 et

294 864 440 899 cessaria
466 870 515 897 est
538 868 659 895 contra
678 861 814 893 furores
832 855 1060 891 Manichaeos
1078 863 1111 889 et
1129 856 1275 888 Anaba-
1302 849 1304 890 Γ
1332 855 1476 888 similes.

294 915 468 961 ptisticos,
494 920 532 947 ut
549 923 649 956 saepe
667 911 753 944 alias
771 910 910 953 copiose
927 908 1059 941 dictum
1079 914 1142 940 est.

1382 955 1467 988 Cum
1488 951 1584 986 iusto
1597 952 1635 985 in
1650 951 1830 998 terrafiat
1849 954 2052 996 retributio,
2074 960 2215 1002 quanto
2232 967 2313 989 ma-

345 1010 439 1049 Cum
456 1011 548 1045 venit
564 1008 754 1057 superbia,
784 1008 876 1041 venit
896 1011 926 1041 el
943 1004 1160 1053 ignominia,
1189 1008 1219 1038 el
1243 1003 1279 1038 in
1303 1027 1306 1096 h
1431 1004 1491 1050 gis
1512 1003 1624 1050 impio
1640 1008 1670 1037 el
1688 1005 1897 1051 peccatori?

1304 1099 1307 1119 ι

1305 1184 1307 1198 Ι

397 1061 602 1097 humilabus
619 1065 667 1095 est
684 1063 882 1107 saptentta.
1432 1078 1584 1121 Insignis
1607 1078 1804 1111 admonuit,
1833 1086 1902 1120 est,
1927 1091 1967 1113 ex
1990 1092 2057 1125 qua
2082 1087 2116 1115 et
2139 1080 2231 1115 petr?
2258 1081 2316 1114 di-

395 1137 572 1173 Usitatum
592 1142 642 1169 est
658 1133 819 1168 homines
836 1133 872 1166 in
890 1132 1053 1166 secundis
1076 1130 1180 1164 rebus
1206 1129 1279 1163 fieri
1332 1137 1425 1164 ctum
1453 1130 1621 1168 sumitur,
1647 1129 1729 1173 quia
1753 1136 1890 1173 tempus
1915 1136 1966 1164 est
1989 1139 2027 1164 ut
2052 1132 2198 1177 incipiat
2221 1132 2316 1165 iudi-

299 1189 590 1235 negligentiores,
619 1187 700 1232 quia
718 1185 845 1219 muniti
871 1183 1054 1228 praesidiis
1075 1181 1280 1223 manifestis,
1305 1216 1307 1227 ,Ἰ
1334 1181 1427 1214 cium
1445 1192 1463 1213 a
1481 1181 1586 1213 domo
1598 1178 1674 1212 Dei.
1710 1179 1748 1214 Si
1765 1188 1881 1214 autem
1901 1181 2053 1225 primum
2070 1193 2088 1214 a
2106 1183 2220 1222 nobis,
2235 1182 2316 1228 quis

296 1242 416 1274 minus
433 1245 596 1273 metuunt
614 1245 647 1270 et
665 1237 782 1269 minus
799 1236 935 1275 dolent,
958 1234 1036 1267 ideo
1054 1239 1086 1266 et
1102 1231 1279 1265 invocatio
1305 1276 1307 1279 v
1334 1231 1413 1264 finis
1436 1238 1486 1264 est
1509 1242 1630 1263 eorum
1655 1230 1715 1275 qui
1737 1243 1808 1264 non
1827 1232 1973 1265 credunt
1989 1229 2208 1276 Evangelio?
2235 1239 2267 1266 et
2286 1232 2316 1266 si

295 1292 367 1327 Dei
391 1292 428 1325 fit
450 1289 671 1333 languidior,
699 1288 788 1321 sicut
813 1286 848 1318 in
874 1285 973 1319 Mose
1001 1284 1144 1317 dicitur:
1181 1282 1280 1315 Sedit
1305 1285 1307 1307 ἱ
1334 1283 1444 1315 iustus
1465 1281 1521 1314 vix
1538 1281 1709 1321 salvatur,
1736 1281 1865 1326 impius
1889 1289 1922 1316 et
1947 1289 2107 1326 peccator
2131 1284 2191 1317 ubi
2209 1295 2317 1328 appa-

297 1342 449 1391 populus
466 1341 679 1373 manducare
705 1345 735 1371 et
753 1338 895 1377 bibere,
922 1343 953 1369 et
971 1335 1121 1368 surrexit
1148 1334 1280 1366 ludere.
1334 1332 1485 1366 rebuut'?
1536 1330 1600 1365 Est
1619 1339 1734 1365 antem
1753 1333 1912 1366 doctrina
1930 1334 1973 1365 (le
1991 1334 2207 1377 poenitentia
2223 1341 2256 1368 et
2273 1335 2317 1368 de

300 1394 406 1427 Item:
434 1391 632 1425 Luxuriant
643 1389 752 1423 animi
771 1389 873 1421 relius
893 1387 1087 1430 plerunque
1105 1384 1278 1418 secundis.
1335 1385 1454 1427 poenis
1474 1382 1631 1416 venturis
1648 1383 1859 1426 impiorum,
1885 1390 1918 1416 et
1936 1384 2129 1417 consolatio
2148 1386 2192 1418 de
2215 1396 2318 1418 scan—

296 1443 462 1478 Extincto
486 1449 601 1476 autem
628 1441 753 1473 timore
778 1439 864 1476 Dei,
893 1435 1054 1470 homines
1076 1435 1208 1475 securi,
1241 1441 1281 1468 ut
1335 1435 1415 1468 dalo
1449 1434 1573 1466 crucis.
1634 1431 1892 1477 Argumentum
1929 1441 2044 1468 autem
2080 1435 2278 1470 instituitur
2299 1446 2319 1469 a

297 1500 447 1538 augeant
471 1492 682 1538 potentiam,
707 1490 815 1523 multa
838 1495 932 1522 extra
958 1487 1177 1521 vocationem
1203 1492 1278 1519 ten-
1335 1485 1481 1519 minore.
1542 1483 1633 1517 Cum
1661 1485 1742 1518 iusti
1766 1485 1802 1517 in
1827 1482 1890 1518 bac
1916 1485 1985 1518 vita
2007 1486 2229 1529 affligantur,
2255 1486 2319 1531 qni

299 1552 395 1586 tant,
422 1551 455 1578 et
476 1544 562 1577 alios
590 1541 730 1575 iniuriis
753 1540 921 1574 afficiunt.
976 1537 1062 1571 lude
1085 1543 1282 1581 sequuntur
1306 1554 1308 1580 3
1335 1543 1451 1570 tamen
1480 1541 1655 1580 quaerunt
1693 1535 1995 1575 emendationem,
2039 1543 2171 1581 quanto
2208 1537 2318 1581 magis

298 1607 433 1641 poenae
448 1595 574 1628 ordine
593 1593 734 1630 divino,
761 1592 855 1625 iuxta
875 1590 983 1623 dicta:
1012 1587 1107 1621 Deus
1123 1587 1282 1631 superbis
1335 1587 1455 1631 impii,
1482 1586 1736 1619 contumaciter
1753 1594 1785 1620 et
1803 1587 1963 1620 furenter
1981 1587 2017 1619 in
2034 1588 2224 1621 sceleribus
2241 1599 2319 1632 per-

300 1646 447 1685 resistit,
489 1643 685 1678 humilibus
717 1649 833 1675 autem
864 1642 921 1673 dat
957 1640 1116 1681 gratiam.
1178 1637 1281 1671 Item:
1308 1662 1309 1667 ,
1335 1643 1532 1670 severantes
1550 1637 1764 1680 punientur,
1791 1649 1929 1669 necesse
1948 1644 1996 1670 est
2011 1638 2118 1680 igitur
2135 1637 2319 1682 posthanc

298 1696 470 1740 Deposuit
488 1701 645 1738 potentes
665 1694 707 1724 ile
726 1694 827 1730 sede,
853 1697 885 1721 et
903 1689 1066 1721 exaltavit
1085 1686 1248 1721 humiles.
1308 1695 1309 1719 t
1337 1689 1443 1720 vitam
1468 1694 1596 1720 restare
1620 1687 1715 1719 aliud
1739 1687 1928 1726 iudicium,
1956 1695 1994 1721 ut
2014 1701 2092 1720 cum
2111 1689 2229 1723 David
2256 1700 2321 1733 pu-

402 1753 454 1788 Ac
470 1750 641 1786 Ethnicos
660 1748 872 1793 experientia
889 1746 1002 1789 coegit
1016 1745 1115 1778 fateri
1129 1772 1137 1785 ‚
1160 1745 1283 1778 (livino
1337 1739 1432 1770 nitus
1447 1737 1489 1769 sit
1508 1743 1651 1780 propter
1666 1737 1878 1770 adulterium
1897 1744 1929 1771 et
1946 1740 2099 1775 caedem,
2126 1740 2321 1782 punientur

300 1802 687 1841 ordineinevitabiliter
703 1800 800 1844 sequi
819 1809 947 1842 poenas
958 1796 1157 1840 superbiam
1175 1808 1282 1828 ruen-
1339 1785 1431 1820 hand
1459 1787 1564 1819 dubie
1587 1786 1649 1818 ‹⁷¹¹st
1675 1787 1884 1825 deteriores,
1910 1793 1947 1819 ¹¹1
1965 1786 2175 1833 Dionysius,
2203 1788 2322 1834 Tybe-

300 1866 370 1892 tem
393 1862 486 1889 extra
514 1860 621 1886 metas
639 1850 844 1884 vocationis.
899 1847 1003 1880 Hunc
1028 1847 1190 1879 ordinem
1217 1858 1284 1878 no-
1308 1858 1311 1891 ᾗ
1338 1838 1431 1875 rius,
1460 1837 1593 1869 etiamsi
1618 1837 1652 1868 in
1673 1833 1737 1869 hnc
1755 1837 1824 1870 vita
1845 1835 2045 1871 habuerunt
2071 1838 2228 1883 placidos
2250 1839 2323 1872 exi-

301 1909 526 1941 minaverunt
557 1899 801 1947 ἀδράστειαν,
838 1906 870 1932 et
901 1899 1038 1941 signum
1072 1903 1283 1940 sequuturae
1309 1894 1311 1902 ¹
1338 1895 1411 1926 ωδ,
1436 1893 1541 1920 Γθδὶέὶῑ
1559 1886 1776 1929 igilur-'iliud
1797 1887 1980 1921 indicium.

302 1959 426 1993 ruinae
442 1963 492 1989 est
510 1954 658 1996 insignis
683 1950 888 1987 insolentia,
914 1950 1007 1982 iuxta
1027 1948 1158 1980 (lictum
1179 1947 1284 1980 (slan-
1438 1945 1504 1978 llic
1522 1952 1635 1977 autem
1654 1947 1743 1978 dnae
1760 1945 1899 1987 regulae.
1911 1948 2157 1986 confer-intur,
2185 1954 2216 1981 et
2235 1960 2321 1982 con-

302 2009 415 2043 diani:
455 2007 652 2040 'I'olluntnr
683 2004 717 2036 in
753 2003 884 2041 altum,
919 2007 958 2033 ut
992 2000 1089 2042 lapsu
1125 1998 1285 2041 graviore
1339 1997 1470 2030 ciliatio
1496 1996 1747 2031 consideretur.
1803 1996 1905 2029 Prior
1930 2005 1994 2031 est:
2024 1998 2167 2031 Atrocia
2195 1999 2322 2033 delicta

302 2067 407 2094 ruant
425 2065 486 2091 etc.
527 2056 620 2089 llaec
638 2063 686 2088 est
705 2062 734 2087 et
754 2052 818 2086 boc
839 2053 914 2085 loeo
933 2049 1104 2083 sententia
1122 2049 1285 2082 Salomo-
1310 2069 1312 2076 ι
1339 2048 1537 2092 puniuntur
1560 2048 1737 2080 atrocibus
1765 2048 1887 2091 poenis
1916 2048 1951 2081 in
1977 2045 2039 2081 bac
2066 2049 2156 2089 vita,
2185 2050 2218 2083 id
2238 2062 2325 2084 con-

302 2112 367 2144 nis.
398 2111 530 2143 Contra
549 2119 630 2139 vero
647 2106 694 2139 ait
713 2105 748 2137 in
768 2103 961 2136 humilibus
977 2100 1184 2144 sapientiam
1201 2111 1286 2139 esse,
1311 2108 1313 2118 ¹
1340 2099 1433 2142 gruit
1457 2099 1574 2131 ordini
1603 2098 1759 2133 iusticiae
1786 2099 1822 2130 in
1841 2097 1934 2137 Deo.
1962 2106 1991 2132 et
2012 2100 2094 2144 quia
2111 2100 2158 2133 sic
2176 2100 2322 2144 plerun-

303 2163 391 2195 sicut
411 2160 532 2193 Petrus
556 2157 684 2202 inquit:
715 2154 919 2188 llumilibus
947 2153 1003 2185 ‹lat
1031 2151 1187 2193 gratiam.
1242 2148 1286 2183 Et
1312 2158 1313 2201 ζ
1340 2162 1406 2194 que
1424 2149 1477 2187 fii,
1507 2147 1633 2183 borum
1659 2149 1899 2193 exemplorum
1917 2151 2145 2193 congruentia
2164 2152 2324 2186 testimo-

303 2213 394 2256 apud
415 2209 553 2243 Esaiam
572 2209 716 2241 dicitur:
746 2206 813 2240 tibi
835 2202 1005 2237 habitabit
1028 2202 1227 2236 Dominus?
1251 2201 1286 2233 in
1312 2207 1314 2236 ῑ
1341 2201 1439 2233 nium
1462 2207 1511 2233 est
1535 2202 1578 2233 de
1601 2201 1824 2244 providentia
1848 2208 1880 2234 et
1907 2203 2101 2245 praesentia
2119 2200 2184 2235 Dei
2212 2203 2248 2236 in
2265 2213 2325 2246 ge-

304 2263 438 2307 Spiritu
458 2260 608 2294 contrito
625 2266 656 2292 et
674 2256 878 2294 humiliato,
903 2263 934 2288 et
954 2261 1092 2288 tenente
1108 2264 1287 2286 sermones
1342 2264 1422 2285 uere
1440 2249 1606 2284 bumano.
2022 2268 2038 2286 ,

305 2325 410 2347 meos,
1312 2298 1315 2339 Ι
1444 2311 1563 2344 Altera
1590 2310 1708 2353 regula
1734 2317 1800 2344 est:
1828 2309 1983 2344 Ecclesia
2003 2311 2157 2344 subiecta
2176 2318 2225 2345 est
2243 2324 2324 2347 cru-

407 2371 516 2405 Notae.
541 2370 608 2402 sint
635 2376 749 2401 antem
775 2366 996 2400 definitiones
1014 2362 1234 2397 numilitatis
1256 2369 1287 2395 et
1342 2363 1388 2400 ri,
1406 2369 1434 2395 et
1457 2362 1597 2407 tyranni
1615 2369 1772 2395 exercent
1791 2354 2032 2395 crudetiiatem
2052 2364 2218 2396 adversus
2237 2375 2325 2399 eam.

306 2423 512 2468 Superbiae.
567 2420 757 2453 lliunilitas
773 2430 831 2451 seu
849 2411 1171 2461 rstnen'fflspom'wq
1186 2421 1234 2447 est
1252 2414 1286 2446 iu
1313 2422 1315 2445 ὲ
1346 2413 1379 2445 ld
1399 2413 1536 2446 videtur
1553 2425 1624 2445 non
1648 2424 1840 2456 congruere
1859 2413 1976 2445 ordini
1998 2413 2174 2452 iustitiae.
2202 2415 2325 2460 dispu-

309 2475 434 2507 timore
453 2472 513 2507 Dei
533 2483 718 2512 agnosco-re
735 2477 765 2502 et
784 2470 882 2502 fateri
904 2468 1082 2515 propriam
1103 2465 1288 2498 infirmita·
1312 2450 1316 2507 i
1343 2471 1386 2497 tat
1410 2464 1515 2505 igitur
1534 2465 1634 2500 ratio,
1660 2476 1703 2496 au
1722 2463 1763 2496 sit
1785 2464 2019 2506 providentia.
2075 2465 2143 2498 Sed
2168 2463 2323 2499 Ecclesia

309 2533 398 2563 tem,
426 2531 455 2556 et
477 2536 545 2555 non
565 2533 747 2565 erumpere
771 2527 864 2553 extr-i
883 2518 1121 2556 vocationem,
1148 2517 1206 2549 sed
1234 2517 1288 2547 in-
1342 2516 1545 2558 respondet:
1583 2514 1740 2547 Primum
1765 2515 1926 2554 congruit
1958 2515 2075 2562 ordini
2103 2516 2260 2550 iustitiae
2287 2517 2323 2550 in

309 2583 360 2608 tra
385 2581 491 2607 metas
518 2573 711 2605 vocationis
730 2570 802 2604 Deo
826 2570 975 2608 servire..
1007 2580 1066 2612 spe.
1087 2567 1207 2600 auxilii
1231 2567 1285 2599 ‹li-
1344 2566 1434 2605 Deo,
1462 2567 1565 2599 etiam
1585 2565 1709 2608 ptiuire
1731 2564 1938 2604 Ecclesiam,
1965 2567 2046 2611 quia
2064 2564 2179 2600 adbuc
2206 2565 2325 2602 haeret

308 2626 399 2665 vini,
426 2632 458 2658 et
484 2636 553 2656 uon
579 2624 775 2667 despicere,
812 2633 873 2654 nec
901 2631 1056 2664 premere.
1091 2619 1197 2657 alios,
1230 2618 1287 2651 sed
1343 2618 1378 2649 in
1405 2630 1441 2649 ea
1467 2623 1659 2661 peccatum·
1715 2614 1757 2649 Et
1783 2617 1845 2649 scit
1876 2616 2025 2651 Ecclesia
2052 2618 2180 2652 multas
2205 2630 2324 2653 causas

305 2677 458 2710 tribuere
487 2674 633 2716 singulis
658 2675 802 2717 gradum
815 2701 823 2712 ,
853 2673 888 2705 in
916 2683 1018 2717 quem
1038 2670 1162 2703 ordine
1179 2669 1288 2703 colto—
1343 2680 1450 2713 qu.·rc
1467 2667 1620 2702 subiecta
1638 2667 1679 2700 sit
1695 2667 1801 2701 cruci.
1857 2666 1994 2702 Deinde
2012 2670 2055 2702 de
2073 2670 2233 2714 tyrannis
2250 2682 2324 2704 ma-
