2409 2915
315 116 395 153 ΧΠ,

371 197 535 240 Confessio
557 197 727 229 Iohannis.

63 115 137 153 555

163 259 340 295 Iohannes
361 272 434 294 non
458 259 533 292 vult
556 270 635 292 eum
653 258 847 303 baptizare,
875 267 908 295 et
927 262 1041 306 palam

61 312 191 346 fatetur
209 324 287 346 eum
306 322 377 344 esse
394 308 572 343 Messiam.
1066 287 1070 345 l

163 370 232 405 Sed
250 367 410 404 Christus
435 367 621 410 respondet
645 373 677 400 et
699 368 798 402 docet
819 379 854 401 se
870 366 935 401 hoc
953 375 1040 402 tem-
1065 353 1069 403 l

61 433 147 466 pore
174 432 209 454 se
228 419 397 453 subiicere
412 417 627 458 ministeriu,
653 419 748 463 quod
765 425 927 452 aeternus
944 426 1041 462 pater
1065 425 1069 494 Ι

0 482 2 487 “
62 471 230 511 instituit,
258 476 291 502 et
315 469 392 502 vult
410 469 476 501 iam
497 480 568 501 esse
586 469 734 502 inferior
749 468 815 503 hoc
833 470 1042 512 ministerio,

59 528 203 567 propter
219 531 353 560 causas,
381 519 470 552 sicut
487 519 618 552 dictum
638 526 698 553 est.

111 581 143 614 1.
196 578 244 614 Ut
260 579 319 612 det
337 578 577 612 testimonium
594 576 676 612 huic
694 579 901 615 ministerio.
1065 569 1068 622 l

106 641 143 674 2.
196 636 243 671 Ut
273 638 444 682 approbet
475 638 708 682 baptismum,
741 639 800 683 qui
826 646 875 673 est
900 639 1039 673 initium
1065 634 1068 698 i

57 689 141 722 novi
159 687 386 724 Testamenti.
1066 703 1067 712 ¹

108 748 143 784 3.
197 746 244 781 Ut
261 747 319 781 fiat
335 747 532 780 membrum
549 744 655 780 huius
672 745 857 783 Ecclesiae.

109 806 141 841 4.
194 805 242 840 Ut
268 807 428 839 ostendat
454 818 488 839 se
504 806 676 849 baptizari
693 807 728 839 in
747 813 907 842 mortem.
958 806 1040 839 Ideo
1065 777 1068 838 i

56 857 143 891 dicit
170 855 338 890 Iohanni:
374 856 460 890 Sine
484 858 609 898 modo,
642 864 779 901 oportet
803 870 868 891 nos
893 858 1040 901 implere
1065 842 1068 888 l

57 920 196 942 omnem
217 907 404 942 iusticiam.
1065 894 1068 953 l

158 965 236 999 Hoc
273 965 498 999 distributive
532 965 758 1007 intelligatur.
825 966 964 1001 afficiunt
993 967 1040 1001 bie
1067 974 1068 978 ’

56 1019 176 1052 antaei-n
200 1017 250 1060 bie
273 1018 382 1050 bonon
408 1019 521 1057 rcbcn,
550 1017 700 1060 §bt-istus
724 1017 817 1051 aucin
836 1018 898 1060 bob
915 1018 974 1051 alte
991 1027 1040 1061 gc:
1066 1024 1068 1035 ¹

55 1067 232 1113 retbtichit
255 1066 399 1108 etfiisset.
434 1067 466 1109 so
488 1068 605 1101 metten
628 1069 689 1102 mii·
713 1076 787 1102 nom
811 1069 946 1113 setbigen
971 1078 1040 1102 ver:

55 1118 145 1162 stonb
172 1118 290 1162 jessunb
313 1117 396 1161 nicht
420 1120 530 1159 tcbcn,
564 1118 696 1159 fonbctn
719 1119 778 1153 mie
803 1120 953 1162 &hristus
978 1129 1041 1153 »011
1066 1151 1068 1164 1

56 1171 165 1205 beibcn
181 1169 343 1211 §Det-ioum
362 1170 410 1211 bie
428 1171 533 1210 tebet,
561 1169 660 1213 fetens
677 1170 795 1204 bIeibcn
812 1170 918 1212 [offen.
972 1171 1041 1204 2s11e
1066 1170 1068 1179 ¹

56 1220 270 1266 getecbtigfcit
294 1219 383 1262 beifft
407 1220 484 1254 atter
498 1220 620 1262 §Derion
647 1221 758 1261 met-cf,
786 1221 891 1263 beruff
913 1223 975 1256 nub
990 1231 1040 1265 gc:
1067 1230 1069 1267 ξ

57 1272 197 1316 borium.
259 1270 319 1305 Qu
349 1270 411 1312 solt
435 1271 506 1305 bein
531 1271 632 1314 thpt
657 1272 757 1314 εἷμαι,
792 1271 834 1314 id)
861 1275 920 1306 bas
944 1273 1039 1312 mein,
1066 1269 1068 1311 J

55 1323 116 1358 Qu
141 1323 204 1365 solt
221 1320 337 1364 teuffen
354 1329 419 1355 met
433 1324 466 1355 εὗ
484 1323 608 1365 begett,
635 1321 697 1363 Sd)
719 1322 772 1356 bin
792 1321 908 1365 icssunb
927 1323 959 1356 in
979 1323 1041 1356 bic:
1065 1315 1068 1390 j

55 1373 116 1415 fem
140 1371 262 1415 betuff'
290 1374 350 1407 bug
373 1370 415 1414 id)
437 1370 514 1415 mid)
537 1371 593 1405 mil
609 1371 725 1415 tcuffcn
744 1372 858 1414 [an-eu,
886 1375 949 1407 nub
965 1373 1039 1407 mci:

55 1434 115 1458 nen
139 1423 305 1468 gebotfam
329 1422 466 1466 ergeigen
490 1423 550 1456 mit
573 1423 678 1457 beinet
695 1423 799 1468 Zetus?
819 1426 883 1459 nub
906 1424 1039 1459 meinem
1065 1395 1068 1451 l

55 1473 127 1510 zob
137 1498 148 1516 ,
174 1475 232 1509 ben
249 1473 326 1513 biese
341 1472 444 1517 {Sensi
459 1473 580 1508 bebeut.
1065 1453 1068 1475 ’

511 1599 577 1636 Ill.

261 1664 497 1697 Testimonium
522 1664 589 1695 Dei
611 1665 667 1707 qui
689 1669 837 1706 appares.

154 1735 250 1768 Haec
268 1735 436 1769 revelatio
454 1735 563 1768 multa
577 1737 689 1770 docet.
724 1734 786 1770 Est
797 1735 1038 1770 testimonium
1065 1721 1068 1770 l

0 1816 2 1834 ¹>
54 1786 98 1819 de
114 1784 304 1817 Trinitate.
1066 1787 1068 1824 ,’

1066 1832 1068 1840 ’
1093 1851 1230 1883 semper
1261 1840 1396 1884 aliquas
1426 1839 1591 1883 reliquias
1618 1845 1750 1881 servat,
1784 1839 1843 1871 sed
1870 1849 1970 1881 saepe
1995 1844 2077 1871 sunt

156 1840 203 1876 Et
218 1853 355 1886 semper
369 1841 406 1874 in
422 1840 644 1874 invocatione
659 1841 860 1875 intueamur
873 1840 964 1875 banc
980 1855 1039 1886 pa—

54 1893 297 1932 tefactionem,
333 1892 415 1936 quia
441 1903 505 1924 nos
528 1893 696 1925 debemus
718 1900 872 1927 nostram
898 1893 1039 1926 invoca·
1066 1909 1067 1929 1

56 1945 188 1978 tionem
206 1943 249 1976 ab
265 1941 403 1977 ethnica
419 1943 610 1985 seiungere.
652 1955 656 1959 ’
1065 1941 1068 1988 l

506 2035 588 2072 llll.
1065 1989 1068 2099 ἓ

158 2102 304 2148 Apertio
319 2104 426 2143 coeli,
454 2105 525 2139 met
540 2104 652 2151 ᾣίτηεῐ
670 2104 763 2149 stebet
780 2105 862 2149 offen
881 2106 974 2151 buret)
991 2107 1039 2141 bie

58 2154 170 2197 ssctuff.
222 2153 317 2188 Deus
348 2155 425 2188 vult
455 2157 637 2196 exaudire,
671 2157 746 2189 vult
776 2158 891 2190 salvos
917 2158 1039 2190 facere.
1066 2196 1067 2203 ἵ

56 2205 152 2239 Haec
175 2205 292 2238 omnia
313 2211 459 2238 testatur
475 2205 580 2238 simul
597 2219 674 2238 cum
695 2207 757 2239 ista
776 2219 876 2240 voce:
904 2206 971 2240 Hic
990 2216 1039 2242 est
1065 2205 1068 2225 t

56 2255 171 2290 Filius
194 2267 291 2289 meus
315 2255 472 2290 dilectus.
527 2255 628 2288 Item:
657 2256 754 2290 Sicut
780 2257 827 2290 ibi
847 2258 941 2292 misit
958 2258 1039 2302 Spi-
1064 2267 1067 2292 3

57 2307 164 2341 ritum
181 2313 358 2344 sanctum,
386 2306 433 2339 ita
451 2312 596 2341 testatur
610 2319 644 2340 se
661 2307 763 2340 nobis
781 2308 929 2343 mittere.

235 2401 292 2434 De
314 2397 415 2444 festo
440 2398 623 2433 Iohannis
645 2401 858 2444 Baptistae.
1064 2387 1067 2444 ξ

158 2466 234 2500 Hoc
258 2467 383 2499 festum
403 2466 587 2509 praecipue
605 2466 800 2500 celebratur
817 2476 959 2511 propter
978 2468 1038 2504 has

59 2529 194 2557 causas,
225 2524 261 2550 ut
285 2515 445 2549 homines
469 2517 678 2558 doceantur,
706 2519 799 2563 quod
820 2519 914 2552 Deus
932 2521 1038 2554 mira-

59 2567 178 2601 biliter
203 2574 383 2602 conservet
401 2565 613 2605 Ecclesiam,
642 2575 674 2602 et
700 2569 849 2602 subinde
872 2572 1036 2606 exuscitet

61 2617 203 2652 idoneos
233 2626 265 2652 et
290 2619 457 2651 salutares
481 2619 660 2659 doctores,
695 2627 725 2654 et
751 2622 855 2655 addat
881 2622 1036 2657 testimo-

62 2667 141 2709 nia,
165 2671 258 2714 quod
275 2670 320 2703 ab
339 2669 413 2713 ipso
432 2669 526 2702 missi
545 2669 624 2703 sint.

446 113 838 151 ANNOTATIONES
865 113 932 151 ET
958 112 1237 152 CONClONES
1264 114 1314 150 IN
1341 113 1520 150 EVANG.
1547 111 1824 149 MATTHAEI.

1064 2475 1066 2515 J
1091 2471 1199 2503 iorem
1226 2478 1357 2515 partem
1384 2483 1455 2504 esse
1480 2470 1678 2503 Ecclesiam.

2000 113 2075 151 554

1196 199 1282 233 Item
1316 208 1353 234 ut
1384 202 1577 235 doceantur
1608 199 1786 242 homines,
1828 199 1913 246 quid
1945 200 2009 242 sit,
2042 208 2075 234 et

1093 250 1205 296 qualis
1225 252 1267 285 sit
1287 263 1365 283 vera
1383 250 1536 284 Ecclesia
1555 250 1633 287 Dei.

1195 309 1239 343 Et
1265 309 1459 353 plurimum
1484 310 1589 343 refert
1612 310 1649 342 in
1672 317 1766 345 tanta
1791 311 1996 344 confusione
2019 321 2074 343 re-

1093 372 1243 404 gnorum
1259 360 1403 400 mundi,
1431 366 1463 393 et
1480 360 1735 394 mutationibus
1749 373 1949 404 regnorum,
1975 360 2074 404 scire,

1094 423 1181 456 quae
1206 417 1241 444 et
1264 411 1324 443 ubi
1347 410 1389 444 sit
1405 409 1558 443 Ecclesia
1577 408 1662 451 Dei,
1689 418 1721 444 et
1738 413 1915 455 quomodo
1934 423 2074 445 conser-

1094 469 1210 502 vetur,
1238 467 1270 495 et
1287 461 1465 506 quomodo
1483 468 1632 504 regatur.

1194 519 1239 554 Et
1255 532 1332 553 cum
1351 517 1436 553 haec
1456 520 1641 560 discimus,
1668 519 1772 553 simul
1790 531 1931 563 agamus
1950 520 2075 562 gratias

1093 570 1167 605 Deo
1185 583 1249 616 pro
1267 571 1400 614 ingenti
1418 571 1670 605 misericordia.

1195 630 1356 663 Primum
1394 637 1508 663 autem
1548 630 1785 670 considerate,
1825 629 1940 674 qualis
1969 634 2077 662 status

1093 681 1199 715 fuerit
1227 680 1402 714 Ecclesiae
1434 687 1588 723 tempore
1618 678 1824 721 Zachariae,
1860 687 1893 713 et
1923 679 2077 713 conferte

1094 732 1152 764 illa
1179 739 1335 776 tempora
1359 732 1402 764 ad
1423 737 1577 764 nostram
1595 738 1762 772 aetatem,
1787 731 1868 776 quia
1888 741 2012 774 magna
2029 728 2077 761 si-

1093 782 1257 816 militudo
1275 789 1336 817 est.

1194 842 1233 873 Iu
1254 839 1382 873 Iudaea
1401 841 1569 883 regnabat
1587 852 1644 872 rex
1665 839 1794 883 impius
1811 838 1989 880 Herodes,
2016 839 2077 884 qui

1094 892 1222 925 multos
1254 891 1410 925 seniores
1443 891 1627 926 interfecit.
1687 889 1733 924 Et
1764 889 1950 923 Pontifices
1978 896 2078 923 erant

1095 943 1212 985 impii,
1246 949 1278 975 et
1308 942 1487 986 praecipui
1512 940 1681 974 Doctores
1713 947 1810 974 erant
1833 938 2014 974 Pharisaei
2045 946 2078 972 et

1094 992 1309 1030 Sadducaei,
1337 993 1397 1037 qui
1422 992 1673 1036 promissiones
1696 993 1739 1025 de
1761 991 1890 1025 Messia
1917 1001 2078 1024 corrum—

1095 1045 1233 1084 pebant.
1287 1042 1330 1077 Et
1354 1055 1432 1076 cum
1453 1040 1509 1075 his
1528 1043 1697 1076 sentiebat
1717 1042 1868 1075 maxima
1884 1041 2077 1075 multitudo

1093 1094 1130 1126 in
1147 1094 1292 1139 populo.

1197 1152 1270 1185 Iam
1306 1162 1456 1195 quaero,
1491 1162 1534 1182 an
1566 1150 1623 1183 isti
1654 1150 1786 1183 suerint
1815 1147 1968 1181 Ecclesia
2001 1146 2079 1188 Dei,

1094 1215 1171 1236 cum
1190 1208 1303 1235 essent
1318 1201 1444 1234 summi
1463 1202 1724 1243 gubernatores,
1752 1207 1783 1233 et
1799 1199 1984 1243 praecipua
1999 1210 2079 1243 pars

1095 1253 1236 1301 populi,
1264 1263 1351 1296 quae
1370 1251 1481 1284 voluit
1500 1249 1627 1284 habere
1646 1263 1776 1284 nomen
1794 1250 1995 1283 Ecclesiae?

1194 1318 1424 1362 Respondeo:
1469 1317 1701 1363 Nequaquam
1740 1319 1884 1351 fuerunt
1922 1316 2078 1349 Ecclesia

1092 1370 1177 1411 Dei,
1203 1370 1283 1414 quia
1301 1367 1463 1402 Christus
1487 1381 1645 1412 expresse
1666 1369 1710 1401 ad
1734 1380 1792 1401 eos
1817 1367 1917 1400 dicit:
1946 1366 2019 1399 Vos
2038 1378 2079 1398 ex

1093 1428 1190 1466 patre
1205 1420 1348 1454 diabolo
1366 1419 1458 1455 estis,
1511 1419 1740 1464 Nequaquam
1757 1416 2001 1451 suntEcclesia
2010 1416 2080 1450 Dei

1093 1473 1158 1505 ulli
1189 1470 1351 1505 homines
1384 1470 1439 1503 vel
1470 1477 1608 1509 coetus,
1641 1470 1703 1515 qui
1730 1470 1893 1512 ignorant
1916 1466 2079 1511 Evange-

1094 1524 1200 1562 lium‚
1227 1529 1286 1556 aut
1300 1521 1360 1567 qui
1377 1527 1459 1555 sunt
1475 1519 1592 1555 hostes
1609 1520 1806 1564 Evangelii.

1195 1581 1283 1614 Ecce
1307 1581 1426 1626 quales
1451 1581 1615 1613 tenebrae
1632 1579 1799 1613 fuerunt?
1852 1577 1967 1612 Tanta
1985 1578 2078 1611 mul-

1094 1632 1227 1671 titudo,
1261 1643 1350 1676 quae
1374 1631 1590 1674 gloriabatur
1613 1642 1648 1663 se
1672 1641 1743 1663 esse
1766 1628 1977 1669 Ecclesiam,
2003 1639 2077 1661 non

1094 1689 1165 1716 erat
1184 1682 1350 1714 Ecclesia.

1196 1738 1267 1772 Ubi
1293 1739 1400 1779 igitur
1423 1739 1491 1771 suit
1512 1737 1691 1771 Ecclesia?
1717 1737 1830 1770 suitne
1856 1737 1996 1782 penitus
2019 1749 2077 1770 ex-

1095 1789 1226 1823 tincta'.>
1277 1788 1507 1834 Nequaquam
1548 1789 1616 1822 fuit
1649 1787 1818 1828 extincta,
1865 1788 1946 1832 quia
1982 1786 2078 1821 Deus

1095 1902 1218 1934 parvae
1230 1917 1238 1930 ,
1267 1890 1355 1923 sicut
1372 1888 1494 1922 Esaiae
1511 1889 1627 1936 primo
1641 1889 1787 1921 dicitur:
1816 1888 1890 1921 Nisi
1901 1887 2077 1922 Dominus

1094 1941 1293 1985 reliquisset
1311 1940 1414 1973 nobis
1428 1951 1544 1972 semen
1556 1964 1565 1978 ‚
1593 1940 1681 1972 sicut
1698 1938 1852 1973 Sodoma
1871 1946 1904 1973 et
1920 1936 2076 1972 Gomor-

1094 2003 1130 2025 ra
1148 2002 1311 2024 essemus.

1194 2049 1306 2083 Erant
1346 2056 1461 2083 autem
1500 2046 1705 2088 Zacharias,
1754 2047 1917 2086 Simeon,
1959 2046 2075 2090 Anna,

1094 2100 1226 2140 Maria,
1268 2098 1469 2140 Elizabetb,
1511 2097 1636 2143 loseph
1674 2106 1706 2132 et
1737 2099 1796 2132 alii
1827 2099 1929 2132 valde
1958 2099 2075 2139 multi,

1093 2151 1176 2195 quia
1198 2149 1235 2183 hi
1258 2162 1330 2183 non
1354 2151 1498 2184 fuerunt
1522 2151 1596 2183 sine
1612 2150 1851 2189 auditoribus,
1879 2150 1937 2181 sed
1958 2156 2073 2183 tamen

1093 2213 1174 2245 prae
1190 2201 1416 2235 multitudine
1434 2201 1623 2245 impiorum
1645 2200 1793 2233 Ecclesia
1813 2200 1877 2233 suit
1896 2211 2012 2243 parva.

1192 2259 1293 2293 Hanc
1325 2267 1431 2294 totam
1459 2261 1644 2303 imaginem
1670 2259 1856 2301 diligenter
1881 2259 2074 2299 considera,

1065 2340 1067 2354 ;
1092 2318 1125 2345 et
1149 2311 1242 2344 disce
1265 2311 1436 2354 primum,
1464 2311 1523 2354 qui
1550 2311 1617 2344 sint
1635 2309 1807 2350 Ecclesia,
1835 2309 1964 2343 scilicet
1990 2310 2072 2344 reti-

1064 2359 1067 2374 ⁵
1091 2369 1212 2395 nentes
1229 2373 1345 2395 veram
1362 2362 1572 2396 doctrinam.

1191 2420 1329 2454 Deinde
1348 2419 1413 2454 hoc
1431 2421 1533 2460 scias,
1557 2420 1649 2464 quod
1672 2431 1743 2452 non
1763 2426 1810 2451 est
1830 2430 1969 2456 verum,
1997 2430 2071 2451 ma-

1740 2469 1837 2503 Sicut
1860 2481 1955 2502 nunc
1977 2467 2070 2512 Papa

1091 2529 1121 2555 et
1145 2519 1312 2566 Episcopi
1330 2529 1361 2555 et
1377 2521 1510 2563 Reges,
1536 2528 1568 2555 et
1593 2533 1670 2553 cum
1698 2520 1746 2552 eis
1773 2520 1925 2552 sentiens
1949 2519 2070 2552 multi-

1062 2602 1063 2605 ,
1090 2573 1174 2605 tudo
1199 2573 1298 2605 valde
1325 2584 1468 2614 magna,
1497 2572 1693 2613 gloriantur
1719 2582 1751 2602 se
1773 2582 1843 2603 esse
1870 2569 2070 2611 Ecclesiam,

1090 2629 1225 2656 tantum
1264 2630 1406 2667 propter
1441 2623 1562 2655 titulos
1601 2623 1816 2662 officiorum,
1860 2628 1893 2655 et
1927 2629 2069 2666 propter

1060 2694 1063 2708 t
1089 2674 1349 2707 multitudinem
1370 2674 1547 2708 maiorem.
