2409 2915
295 81 369 119 579

300 169 429 204 revelat
471 167 643 208 integram
683 162 928 196 liberationem
942 188 951 203 ,

300 216 526 266 quantumvis
549 215 697 249 afflictos
713 213 751 246 in
767 211 832 247 hac
849 213 940 254 vita,
967 219 1087 257 postea
1105 209 1288 245 habituros

300 277 439 304 aeterna
465 268 580 306 bona,
607 273 640 300 et
663 264 835 299 fruituros
856 269 1022 309 perpetua
1045 262 1175 296 laetitia
1194 268 1289 301 tunc,

301 332 379 354 cum
403 318 544 352 liberati
566 316 700 350 fuerint
723 327 742 348 a
767 322 839 349 toto
863 321 1025 359 peccato,
1052 325 1126 346 non
1151 319 1289 347 tantum

301 369 535 415 imputatione
565 375 597 402 et
631 367 851 405 incoatione,
894 366 952 398 sed
987 363 1290 398 consummatione

302 421 479 455 novitatis.
540 418 678 453 Deinde
709 418 898 462 respondet
924 416 968 449 ad
993 415 1185 449 minorem:
1218 413 1291 447 Nos

301 483 421 506 sumus
439 471 541 509 iusti,
568 470 717 507 scilicet,
745 480 808 512 per
823 468 948 508 fidem,
976 467 1212 515 imputatione
1230 475 1291 497 seu

302 522 439 557 iusticia
458 534 476 555 a
496 519 572 555 Deo
590 522 759 564 imputata
781 525 925 563 propter
944 517 1096 556 Filium,
1120 524 1153 551 et
1170 517 1292 549 incoa—

303 575 397 608 tione
422 584 534 606 novae
556 571 736 616 puritatis,
763 581 851 615 quae
874 569 1019 615 quidem
1035 569 1171 603 incoata
1187 566 1292 600 novi—

302 633 354 659 tas
383 621 499 657 adhuc
529 621 688 667 squalida
720 621 914 665 plurimum
940 618 1046 654 habet
1068 617 1294 658 infirmitatis,

303 676 349 708 ita
369 682 408 708 ut
424 673 530 707 simul
551 670 666 706 adhuc
683 683 830 716 magnae
842 672 961 705 sordes
974 668 1142 704 haereant
1159 670 1196 702 in
1208 680 1293 702 con-

302 725 429 766 versis,
462 731 501 758 ut
533 735 612 758 vere
637 729 779 757 manent
802 722 972 767 reliquiae
995 721 1146 766 peccati,
1178 720 1293 754 tristes

303 773 564 814 dubitationes,
594 775 678 808 item
698 774 828 807 multae
845 779 1000 806 errantes
1018 773 1179 805 flammae
1195 770 1293 815 cupi-

302 827 450 860 ditatum
464 853 473 867 ,
499 837 561 859 seu
584 825 833 859 inclinationes
855 824 1005 857 viciosae
1027 822 1240 866 multiplices
1256 821 1294 854 in

303 876 368 911 hac
386 877 569 910 immunda
587 883 620 910 et
637 877 762 909 misera
779 881 903 908 natura
915 901 924 914 ‚
951 875 1064 907 donec
1081 870 1166 906 haec
1181 884 1294 906 massa

304 927 455 962 carnalis
480 938 592 960 mersa
618 927 652 959 in
678 933 857 970 peccatum
883 936 1028 969 prorsus
1050 924 1234 958 aboleatur
1256 935 1295 957 ac

305 980 506 1013 destruatur
523 983 636 1011 morte
654 976 839 1021 corporali.

406 1028 501 1061 Haec
538 1028 640 1061 initio
674 1028 764 1061 dicta
795 1027 866 1060 sint
897 1027 941 1060 de
971 1026 1137 1060 scandalo
1171 1025 1295 1066 crucis,

305 1080 400 1125 quod
426 1079 621 1113 offenditur
636 1076 791 1111 humana
808 1077 899 1111 ratio
916 1075 972 1110 his
990 1077 1200 1110 tristissimis
1217 1087 1296 1119 spe-

307 1130 472 1168 ctaculis,
515 1130 656 1163 intuens
694 1129 824 1162 molem
854 1139 1124 1169 aerumnarum,
1167 1127 1296 1172 quibus

307 1187 486 1215 exercetur
504 1187 537 1214 et
555 1187 723 1214 oneratur
737 1179 906 1214 Ecclesia.

410 1231 522 1265 Porro
548 1231 731 1265 sciendum
757 1237 807 1265 est
829 1237 982 1275 quatuor
1005 1240 1077 1262 esse
1100 1239 1226 1273 genera
1245 1229 1296 1262 af-

306 1282 515 1316 flictionum.

409 1332 568 1366 Primum
592 1339 625 1367 et
643 1332 972 1366 communissimum
990 1342 1100 1375 genus
1117 1330 1297 1363 calamita-

308 1392 384 1418 tum
407 1390 476 1421 est,
505 1395 617 1427 poena
642 1390 817 1417 certorum
843 1389 876 1416 et
900 1381 1132 1426 peculiarium
1150 1380 1298 1414 delicto—

307 1446 406 1475 rum,
440 1440 479 1467 ut
509 1446 626 1468 carcer
657 1445 717 1467 seu
743 1433 925 1478 captivitas
951 1432 1148 1467 Manassae.
1210 1430 1297 1465 Item

309 1485 502 1530 spectacula
543 1485 766 1528 publicarum
805 1496 1019 1529 poenarum,
1059 1495 1138 1517 cum
1170 1482 1298 1516 ultimo

309 1536 480 1580 supplicio
506 1535 708 1569 afficiuntur
734 1533 944 1569 homicidae.
1004 1533 1058 1568 De
1082 1531 1149 1566 hoc
1173 1545 1299 1577 genere

309 1587 577 1630 castigationum
601 1598 673 1619 non
699 1585 858 1630 loquitur
880 1586 944 1619 iste
961 1591 1090 1619 textus:
1119 1583 1219 1617 Beati
1238 1583 1299 1628 qui

309 1637 588 1681 persecutionem
618 1637 802 1681 patiuntur
832 1643 976 1680 propter
1007 1635 1201 1673 iusticiam,
1238 1635 1297 1668 sed

308 1696 407 1722 antea
425 1688 702 1721 consolationem
720 1687 901 1732 proposuit
919 1686 1094 1720 Dominus
1111 1683 1195 1719 haec
1214 1697 1300 1729 ope-

310 1752 347 1772 ra
381 1739 524 1773 iusticae
555 1739 696 1772 divinae
726 1735 1000 1772 sustinentibus:
1035 1736 1134 1770 Beati
1160 1737 1219 1781 qui
1244 1736 1299 1769 lu-

310 1797 389 1834 gent
406 1798 469 1825 etc.

412 1840 616 1875 Secundum
642 1852 751 1883 genus
770 1841 1007 1874 calamitatum
1028 1846 1077 1872 est
1095 1838 1299 1872 exercitium

312 1904 371 1925 seu
401 1892 582 1935 probatio,
614 1899 652 1924 ut
683 1903 762 1924 cum
794 1888 919 1934 loseph
951 1891 1124 1922 innocens
1156 1896 1301 1933 propter

313 1942 565 1975 continentiam
584 1941 712 1975 iniuste
729 1941 916 1974 coniicitur
933 1941 967 1972 iu
987 1951 1171 1973 carcerem.

416 1991 580 2026 Tertium
604 2003 712 2035 genus
739 1999 789 2026 est
807 1991 1035 2036 Martyrium,
1063 2002 1122 2024 scu
1143 1991 1300 2024 testimo-

314 2045 412 2077 nium
436 2043 632 2082 doctrinae,
659 2049 699 2076 ut
721 2055 800 2076 cum
820 2041 958 2081 Petrus,
988 2041 1140 2080 Paulus,
1169 2039 1300 2075 lohan-

315 2107 374 2127 nes
392 2093 548 2138 Baptista
573 2101 636 2127 etc.
656 2100 791 2129 tantum
809 2101 953 2137 propter
968 2093 1222 2126 confessionem
1241 2105 1300 2126 ve-

314 2158 372 2179 rae
392 2145 574 2179 doctrinae
593 2144 866 2178 interficiuntur.

417 2196 468 2230 De
500 2202 651 2241 utroque
683 2206 808 2238 genere
839 2194 1090 2234 afflictionum,
1126 2194 1301 2234 videlicet,

316 2247 524 2291 probatione
561 2253 593 2279 et
633 2246 800 2292 martyrio
839 2245 998 2290 loquitur
1034 2243 1091 2279 hic
1127 2243 1301 2282 Christus.

316 2298 409 2341 Quia
435 2298 509 2331 vult
531 2297 635 2331 etiam
655 2304 792 2330 sanctos
809 2294 971 2330 homines
989 2308 1026 2329 ac
1045 2297 1108 2340 ipsi
1129 2297 1302 2340 placentes

317 2360 520 2392 agnoscere,
547 2349 640 2393 quod
661 2345 777 2381 adhuc
795 2345 962 2381 haereant
981 2347 1016 2379 in
1034 2347 1116 2390 ipsis
1133 2348 1303 2393 reliquiae

318 2400 464 2444 peccati,
497 2406 528 2433 et
560 2400 653 2444 quod
685 2397 768 2432 haec
802 2405 966 2443 corrupta
991 2405 1114 2431 natura
1139 2399 1302 2433 universa

317 2458 460 2495 propter
478 2457 655 2494 peccatum
673 2450 884 2483 destruenda
902 2450 957 2485 sit.
1011 2448 1190 2483 Praeterea
1209 2463 1303 2484 mors

318 2509 350 2534 et
374 2501 581 2534 afflictiones
605 2508 805 2534 sanctorum
831 2507 910 2535 sunt
930 2500 1127 2535 testimonia
1146 2502 1188 2534 de
1204 2513 1302 2535 sccu-

318 2559 398 2585 tnro
415 2552 558 2592 iudicio,
589 2559 760 2586 testantur
774 2558 902 2586 restare
919 2552 1023 2586 aliam
1041 2552 1147 2586 vitam
1164 2553 1300 2587 etaliud

318 2602 486 2636 iudicium
504 2601 686 2647 posthanc
702 2603 821 2639 vitam.
864 2603 952 2637 Cum
969 2603 1062 2637 enim
1072 2601 1167 2637 Deus
1184 2611 1301 2638 osten-

319 2653 410 2687 derit
441 2661 540 2688 antea
570 2655 763 2689 manifestis
792 2662 825 2689 et
857 2655 1052 2690 illustribus
1083 2655 1304 2697 testimoniis,

894 74 1021 112 PHIL.
1047 72 1163 110 MEL.
1197 71 1409 110 SCRIPTA
1441 71 1741 109 EXEGETICA.

999 162 1128 195 docens
1168 159 1289 200 iustos,
1314 159 1317 182 ²

2254 74 2331 112 580

1340 158 1491 194 Paulum
1523 160 1590 194 sibi
1620 160 1758 205 placere
1780 166 1814 193 et
1837 170 1942 193 curae
1964 170 2053 200 esse,
2086 171 2190 204 quem
2212 166 2329 194 tamen

1341 210 1434 245 sinat
1464 223 1482 244 a
1516 211 1720 256 turpissimo
1751 217 1904 257 tyranno
1936 209 2183 254 indignissime
2214 218 2331 254 postea

1342 261 1509 303 interfici,
1535 262 1723 305 significat,
1750 268 1952 295 secuturum
1969 261 2067 295 aliud
2084 261 2269 301 iudicium,
2293 261 2332 295 in

1343 324 1413 358 quo
1431 313 1594 346 ostendet
1609 324 1644 346 se
1660 313 1856 357 approbare
1867 311 2031 352 Paulum,
2058 323 2132 345 non
2143 310 2334 348 Neronem.

1445 370 1545 410 Item,
1573 371 1747 416 supplicia
1759 379 1960 406 sanctorum
1973 371 2010 404 in
2023 371 2241 405 confessione
2252 377 2336 405 sunt

1344 422 1547 456 testimonia
1562 423 1605 456 de
1620 423 1798 464 doctrina,
1826 423 2036 456 confirmant
2052 434 2169 456 veram
2186 433 2275 463 esse,
2301 428 2336 455 et

1343 485 1418 507 non
1434 473 1711 507 commentitiam
1725 473 1936 517 doctrinam,
1963 480 1995 507 et
2007 476 2101 518 quod
2114 473 2225 506 sancti
2238 479 2337 506 ante·
2383 471 2392 500 ι’

1344 525 1495 558 ferentes
1519 524 1701 559 veritatem
1725 524 1817 558 vitae
1839 536 1920 558 vere
1941 536 1980 557 ac
1997 524 2089 557 serio
2106 524 2155 557 sic
2170 524 2336 563 sentiant,

1346 575 1434 610 sicut
1453 577 1590 617 docent,
1618 587 1682 609 nec
1694 582 1735 609 ut
1747 573 1951 621 hypocritae
1964 575 2212 609 circumferant
2222 575 2338 609 fictam

1346 633 1406 660 aut
1421 627 1616 661 fabulosam
1634 626 1832 660 doctrinam
1844 653 1853 666 ‚
1881 626 1935 659 sui
1952 626 2128 660 commodi
2148 636 2261 659 causa.

1449 685 1627 729 Quartum
1652 697 1762 729 genus
1788 685 2026 719 calamitatum
2049 691 2100 719 est
2117 683 2272 730 λύτρον,
2303 685 2339 718 id

1347 744 1414 778 est,
1442 738 1680 781 compensatio
1697 749 1758 771 seu
1773 736 1928 780 precium
1946 747 2012 780 pro
2029 736 2160 770 nostris
2176 736 2338 780 peccatis,

1346 788 1563 822 satisfaciens
1578 788 1737 822 iusticiae
1753 786 1820 821 Dei
1836 788 1878 820 ad
1896 787 2103 831 placandam
2123 787 2224 822 iram.
2276 786 2340 821 Est

1347 846 1463 873 autem
1488 839 1598 873 solius
1616 837 1750 873 Christi
1770 838 1973 872 obedientia
1990 838 2028 871 in
2044 838 2211 872 omnibus
2230 837 2342 882 ipsius
2390 880 2395 884 η

1348 890 1604 924 afflictionibus
1622 897 1655 924 et
1670 898 1794 925 morte.

1450 948 1548 983 Haec
1573 956 1725 995 quatuor
1750 961 1877 993 genera
1902 949 2065 983 distincta
2092 949 2343 993 appellationi·
2386 952 2402 979 ῥ’

1349 1002 1415 1035 bus
1446 1001 1636 1044 diligenter
1666 1001 1951 1040 considerentur,
1985 1012 2048 1033 nec
2076 1000 2343 1033 confundantur

1349 1051 1595 1096 castigationes
1626 1050 1832 1092 Manassae,
1871 1063 1950 1085 cum
1981 1051 2160 1084 aerumnis
2191 1048 2344 1095 losephi,

1350 1110 1505 1137 attamen
1530 1103 1674 1148 utrique
1695 1099 1824 1136 horum
1848 1102 1986 1135 divinas
2012 1102 2271 1136 consolationes
2288 1102 2342 1135 of-

1349 1154 1433 1187 ferri
1451 1161 1557 1199 atque
1573 1153 1726 1198 proponi
1743 1153 1905 1188 sciamus.

1451 1210 1595 1245 Etenim
1621 1212 1776 1245 donatur
1791 1209 1978 1245 Manassae
2000 1211 2161 1244 remissio
2186 1217 2344 1256 peccato-

1350 1274 1429 1295 rum
1446 1269 1593 1310 propter
1607 1263 1838 1296 mediatorem
1854 1260 2055 1303 Christum,
2081 1263 2124 1296 ad
2142 1273 2246 1307 quem
2263 1273 2344 1296 vera

1351 1313 1419 1346 fide
1445 1313 1664 1356 confugienti
1690 1325 1822 1357 poenae
1848 1313 2068 1357 mitigantur.
2140 1312 2191 1347 lta
2217 1309 2343 1357 loseph

1351 1364 1576 1398 condonatur
1607 1371 1713 1411 atque
1742 1364 1935 1397 remittitur
1959 1365 2130 1397 naturalis
2156 1363 2344 1397 infirmitas

1352 1421 1385 1448 et
1409 1415 1654 1449 immundities
1677 1421 1821 1459 propter
1841 1415 1993 1448 eundem
2019 1414 2151 1449 Filium
2170 1414 2237 1448 Dei
2259 1426 2343 1459 pro-

1352 1465 1576 1509 piciatorem,
1603 1473 1636 1500 et
1661 1466 1842 1509 mitigatur
1866 1478 1905 1499 ac
1928 1465 2069 1499 tollitur
2092 1467 2235 1499 tandem
2258 1477 2344 1499 crux

1352 1527 1414 1550 seu
1437 1517 1627 1551 calamitas.
1681 1516 1750 1551 Sed
1775 1529 1792 1550 a
1811 1514 1951 1560 losephi
1969 1528 2156 1550 aerumnas
2172 1517 2344 1550 accedunt

1353 1564 1418 1600 hae
1441 1579 1562 1600 causae
1588 1567 1729 1605 finales,
1757 1573 1797 1601 ut
1821 1568 1971 1601 edantur
1994 1567 2195 1601 testimonia
2212 1567 2345 1601 doctri-

1354 1629 1437 1659 nae,
1465 1625 1498 1651 et
1518 1625 1698 1652 secuturae
1714 1619 1815 1653 vitae.

1652 1706 1722 1739 Vos
1738 1707 1832 1740 estis
1847 1704 1905 1738 sal
1919 1708 2057 1738 terrae.

1458 1769 1564 1803 initio
1596 1777 1717 1803 monet
1745 1771 1789 1803 de
1822 1769 2042 1812 ministerio,
2086 1783 2156 1815 quo
2186 1777 2347 1815 oporteat

1354 1833 1426 1855 esse
1443 1821 1582 1865 aliquos
1599 1821 1660 1865 qui
1676 1821 1835 1854 doceant.
1890 1817 1935 1854 Et
1951 1820 1988 1853 iu
2002 1820 2072 1853 alio
2091 1821 2167 1854 loco
2186 1833 2345 1865 expresse

1355 1872 1506 1906 instituit
1533 1872 1714 1908 doctores,
1748 1871 1879 1905 scilicet
1909 1883 1988 1904 cum
2015 1872 2120 1906 mittit
2145 1873 2345 1916 Apostolos.

1355 1919 1528 1956 Matthaei
1556 1923 1614 1958 10.
1678 1921 1763 1956 ltem
1790 1919 1913 1956 Iohan.
1936 1921 2010 1958 18.:
2045 1922 2144 1957 Sicut
2171 1923 2266 1958 misit
2291 1936 2346 1957 me

1355 1981 1471 2019 pater,
1499 1973 1547 2007 sic
1564 1979 1596 2007 et
1612 1985 1674 2017 ego
1692 1973 1793 2007 mitto
1813 1984 1885 2006 vos.

1457 2032 1501 2067 lit
1525 2033 1693 2076 praecipit
1717 2032 1884 2066 omnibus
1904 2032 1965 2077 qui
1983 2033 2129 2070 docent,
2157 2040 2195 2067 ut
2213 2033 2282 2068 sint
2298 2034 2345 2067 si—

1355 2091 1414 2118 cut
1435 2084 1483 2117 sal
1498 2111 1506 2124 ,
1534 2091 1682 2127 arguant
1707 2091 1844 2127 peccata
1861 2110 1869 2123 ,
1898 2089 1929 2116 et
1947 2085 2134 2117 ostendant
2154 2096 2255 2118 veros
2269 2084 2345 2119 cul-

1355 2143 1411 2170 tus
1429 2134 1505 2170 Dei.

1457 2184 1503 2219 Et
1526 2185 1623 2219 addit
1645 2185 1978 2219 comminationem:
2005 2185 2042 2219 Si
2066 2186 2115 2219 sal
2134 2187 2240 2221 fuerit
2256 2187 2344 2221 insi-

1355 2237 1498 2282 pidum,
1526 2237 1728 2271 effundetur
1745 2244 1776 2270 et
1795 2237 2080 2276 conculcabitur,
2106 2239 2194 2272 sicut
2213 2239 2250 2272 in
2267 2236 2344 2273 Ho-

1355 2300 1411 2322 sea
1440 2288 1587 2322 dicitur:
1624 2287 1718 2331 Quia
1749 2288 1931 2321 scientiam
1962 2288 2144 2333 repulisti,
2177 2289 2343 2336 repellam

1357 2347 1405 2380 te,
1433 2351 1478 2373 ne
1495 2339 1691 2374 sacerdotio
1711 2339 1879 2383 fungaris.

1459 2396 1554 2432 llaec
1579 2397 1806 2431 comminatio
1831 2408 1967 2441 semper
1990 2398 2026 2431 in
2041 2410 2168 2443 genere
2185 2395 2342 2434 hnmano

1356 2455 1524 2482 servatur.
1577 2449 1731 2492 Quando
1753 2449 1915 2482 doctores
1941 2449 2029 2483 fiunt
2052 2451 2284 2495 negligentes,
2309 2458 2343 2484 et

1355 2500 1524 2535 omittunt
1540 2500 1714 2543 officium,
1743 2506 1826 2533 tunc
1844 2506 1961 2545 postea
1979 2501 2138 2547 sequitur
2152 2501 2268 2547 aliqua
2285 2513 2342 2535 ca-

1357 2552 1512 2592 lamitas,
1541 2551 1576 2584 in
1598 2563 1665 2597 qua
1690 2558 1856 2595 pereunt,
1884 2552 1974 2586 sicut
1998 2551 2187 2593 Canonici,
2214 2551 2342 2586 Mona-

1355 2601 1412 2637 chi
1435 2610 1467 2637 et
1493 2603 1553 2636 alii
1571 2601 1731 2647 Papistae
1751 2603 1984 2643 delebuntur,
2012 2603 2093 2649 quia
2114 2603 2343 2647 neglexerunt

1356 2661 1389 2689 et
1406 2661 1640 2699 corruperunt
1658 2654 1904 2688 ministerium.
