2409 2915
246 105 321 143 715

253 203 329 227 mos
344 191 488 224 fructus.
542 184 620 219 Hoc
638 183 744 217 modo
762 182 861 216 Deus
877 182 1045 215 omnibus
1069 181 1237 227 tempori-

253 245 319 277 bus
343 239 496 283 colligit,
540 235 711 279 excerpit,
749 245 788 267 ac
809 239 924 267 servat
948 233 1092 278 aliquod
1119 243 1236 266 semen

253 298 429 331 sanctum,
456 295 490 323 et
505 293 642 322 coetum
658 285 811 330 aliquem
828 283 1009 327 exiguum:
1037 283 1093 317 cui
1110 290 1148 317 ut
1165 294 1238 316 ser-

254 344 387 380 viatur,
415 345 553 384 oportet
575 336 756 370 ministros
770 333 957 378 Evangelii
981 346 1054 368 non
1079 335 1238 368 deserere

254 393 474 428 vocationem
487 416 495 431 ‚
529 389 589 422 sed
606 387 643 420 in
659 386 774 421 officio
791 397 924 431 suaque
940 385 1124 420 functione
1135 412 1144 426 ‚
1178 395 1238 417 ve-

255 445 307 478 lut
330 443 368 476 in
392 440 567 487 praesidio
588 450 626 472 ac
651 437 800 472 statione
821 447 980 478 manere,
1013 434 1240 482 quantumvis

254 495 380 528 fremat
403 492 540 537 reliqua
563 489 756 523 multitudo
782 487 928 531 profana
952 498 1080 521 canum
1102 494 1135 520 et
1158 496 1241 530 por-

254 556 388 580 corum.
438 542 551 576 Porro
568 553 608 574 ex
626 538 847 573 auditoribus
863 538 993 582 singuli
1012 549 1129 572 secum
1151 535 1241 570 deli-

254 597 378 630 berent
396 601 500 639 atque
518 590 745 629 constituant,
767 600 838 635 quo
854 589 890 622 in
908 600 1033 633 genere
1049 599 1113 623 seu
1129 593 1242 627 coem,

255 654 288 681 et
303 645 423 691 quales
441 643 553 677 velint
569 653 657 681 esse,
682 647 803 674 utrum
820 641 914 674 inter
937 651 1039 674 canes
1061 646 1094 673 et
1116 648 1243 683 porcos

254 695 456 735 numerari,
497 705 542 727 an
566 693 609 726 ad
633 690 701 725 Dei
723 691 814 728 filios
835 697 868 725 et
893 689 1060 724 haeredes
1082 696 1243 724 aeternae

255 748 346 782 vitae
364 758 399 779 se
422 744 547 778 malint
569 742 772 786 adiungere.
833 739 891 775 Ah
917 747 1048 787 quanta
1071 747 1104 774 et
1128 751 1243 786 quan-

255 806 375 843 topere
392 795 610 841 deploranda
626 792 767 826 miseria
783 799 845 833 est,
869 793 963 838 quod
979 792 1015 824 in
1033 802 1159 834 genere
1175 788 1243 823 hu-

254 860 361 883 mano
385 853 435 881 tot
462 850 677 891 praestantes
700 842 888 886 dignitate,
914 842 1101 886 gravitate,
1128 840 1245 874 consi-

257 900 326 940 lio,
373 897 544 942 sapientia
576 894 828 939 Imperatores,
872 892 1005 936 Reges,
1050 891 1245 935 Principes,

256 948 463 989 Pontifices,
496 945 724 983 Cardinales,
757 941 944 988 Episcopi,
979 942 1150 983 praelati,
1177 940 1245 975 Ca-

258 999 392 1035 nonici.
471 997 560 1031 Item
583 994 721 1029 nobiles
745 1000 778 1027 et
803 993 995 1037 ignobiles,
1042 992 1182 1038 patricii
1205 999 1246 1035 ‚et

258 1050 406 1096 plebeii,
433 1047 564 1082 eruditi
580 1052 614 1080 et
631 1044 810 1086 illiterati,
836 1044 986 1078 maxima
1009 1056 1050 1077 ex
1076 1050 1174 1089 parte
1190 1055 1245 1076 re-

258 1113 338 1136 vera
365 1105 448 1134 sunt
472 1108 575 1132 canes
598 1102 632 1130 et
656 1095 773 1140 porci,
801 1107 842 1129 eo
859 1095 956 1140 ipso,
983 1095 1079 1140 quod
1098 1094 1245 1128 verbum

257 1151 324 1186 Dei
356 1155 607 1189 contemnunt,
648 1153 681 1180 et
713 1152 992 1191 persequuntur,
1032 1157 1072 1180 ac
1102 1145 1246 1179 interim

258 1202 376 1237 studio
393 1200 633 1245 voluptatum,
660 1196 875 1239 ambitione,
900 1197 1013 1238 fastu,
1040 1202 1073 1231 et
1092 1202 1247 1230 ostenta-

258 1255 355 1288 tione
371 1248 649 1296 magnificentiae
662 1253 772 1282 ruunt
796 1255 918 1283 contra
935 1247 1094 1281 divinam
1118 1246 1247 1280 volun-

261 1311 379 1339 tatem.

362 1353 476 1388 Canes
493 1359 527 1386 et
549 1353 668 1397 porci,
693 1351 826 1386 bestiae
847 1357 928 1385 sunt
950 1350 1092 1394 ignarae
1106 1347 1192 1389 Dei,
1215 1353 1249 1381 et

259 1404 451 1451 promissae
470 1403 763 1444 immortalitatis,
789 1413 850 1436 seu
867 1407 1048 1435 secuturae
1063 1399 1154 1432 vitae
1171 1404 1250 1443 post

261 1466 449 1500 corporum
466 1453 668 1494 interitum,
694 1465 757 1486 nec
776 1451 879 1486 insita
898 1457 947 1484 est
964 1450 1014 1484 eis
1038 1450 1097 1484 lux
1116 1448 1248 1482 discer-

262 1517 349 1541 nens
367 1503 512 1539 honesta
529 1510 562 1537 et
578 1505 716 1548 turpia,
743 1504 826 1537 item
843 1502 1064 1545 distinguens
1088 1506 1249 1533 naturam

261 1557 454 1602 sapientem
472 1561 505 1588 et
523 1555 654 1588 bonam
677 1565 696 1587 a
714 1555 819 1588 bruta
844 1559 877 1586 et
901 1552 991 1585 mala
1018 1558 1163 1591 natura,
1189 1550 1249 1584 sed

261 1608 389 1641 vivunt
413 1612 446 1640 et
467 1606 754 1646 feruntur-,coeco
778 1604 911 1647 impetu
939 1602 1113 1647 quodam,
1146 1607 1251 1645 prout

262 1658 455 1692 incitantur
469 1662 530 1689 aut
549 1655 781 1700 impelluntur
797 1652 1075 1699 appetitionibus
1096 1651 1252 1685 indomi-

262 1710 308 1743 tis
336 1714 369 1742 et
396 1706 624 1747 bestialibus,
663 1717 752 1752 quae
783 1705 997 1739 comitantur
1029 1713 1251 1737 consensum.

264 1759 401 1794 Horum
419 1757 524 1802 plane
540 1757 671 1790 similes
687 1756 788 1801 impii
805 1761 887 1789 sunt
909 1755 946 1787 in
967 1751 1031 1787 hac
1053 1754 1122 1787 vita
1135 1777 1145 1792 ‚
1173 1765 1252 1787 cum

266 1810 356 1844 nihil
381 1810 543 1843 studeant
567 1815 626 1842 aut
654 1813 778 1842 curent
803 1807 936 1840 discere
959 1817 1019 1838 seu
1044 1815 1254 1847 cognoscere

266 1865 309 1895 de
324 1860 420 1901 Deo,
447 1860 490 1893 de
512 1859 583 1893 vita
607 1865 767 1899 aeterna,
793 1859 837 1890 de
857 1863 1007 1890 venturo
1034 1856 1183 1895 iudicio,
1210 1855 1254 1888 de

266 1912 388 1957 poenis
405 1917 639 1954 peccatorum,
664 1921 743 1943 cum
761 1919 824 1941 nec
840 1906 1037 1949 intelligant
1054 1918 1117 1939 nec
1133 1906 1255 1938 obser-

267 1969 349 1995 vent
365 1961 552 1993 discrimen
572 1957 801 1993 honestorum
820 1964 852 1990 et
869 1957 1045 2001 turpium,
1080 1956 1252 1989 virtutum

268 2025 307 2047 ac
332 2011 522 2051 vitiorum,
565 2017 656 2044 recte
679 2021 718 2044 ac
742 2020 838 2042 secus
864 2008 1056 2047 factorum,
1089 2018 1167 2039 cum
1192 2019 1253 2039 nec

267 2065 431 2097 invocent
447 2061 584 2105 Deum,
618 2072 681 2094 nec
703 2060 790 2093 iram
817 2059 891 2091 eius
914 2064 1091 2098 metuant,
1124 2069 1187 2091 nec
1211 2057 1253 2090 ad

268 2125 348 2148 eum
363 2112 585 2155 confugiant,
610 2113 668 2145 sed
689 2122 792 2145 coeco
815 2111 946 2154 impetu
969 2115 1116 2154 pergant
1140 2108 1255 2141 laxare

269 2167 387 2199 frenos
405 2170 437 2197 et
454 2163 635 2206 indulgere
661 2161 872 2195 inordinatis
898 2159 1195 2205 appetitionibus,
1224 2165 1256 2192 et

268 2215 409 2249 furiosis
426 2214 678 2258 cupiditatibus
700 2211 928 2256 evagantibus
948 2217 1042 2244 extra
1069 2217 1176 2243 metas
1201 2210 1257 2242 ‹li-

270 2267 403 2299 vinitus
421 2265 638 2298 constitutas.
679 2263 744 2305 Ut,
771 2262 910 2308 tyranni
931 2261 1148 2294 delectantur
1167 2261 1256 2295 fastu

272 2326 303 2351 et
323 2315 557 2350 ostentatione
577 2316 612 2348 in
633 2315 782 2360 pompis,
802 2325 861 2347 seu
879 2312 1105 2357 apparatibus
1121 2312 1257 2354 magni-

272 2369 361 2407 ficis,
388 2367 618 2400 exardescunt
636 2374 667 2400 et
687 2366 953 2399 inflammantur
971 2363 1161 2406 cupiditate
1179 2363 1257 2395 vin-

273 2419 403 2457 dictae,
447 2429 514 2462 qua
538 2418 671 2451 accensi
696 2422 839 2450 movent
865 2414 1031 2448 acerrima
1058 2414 1260 2453 certamina,

273 2478 302 2503 et
324 2468 500 2502 morsibus
516 2475 682 2513 appetunt
700 2469 787 2501 alios
805 2474 971 2511 tanquam
993 2465 1122 2498 rabiosi
1148 2477 1260 2497 canos.

273 2520 408 2553 (laeteri
435 2517 595 2553 homines
619 2519 778 2555 barbari.
807 2516 974 2555 belluini,
999 2515 1177 2561 Cyclopici
1198 2529 1258 2547 vo-

274 2573 432 2604 lutantur
449 2570 543 2603 velut
563 2571 596 2603 in
616 2571 688 2604 tuto
707 2570 875 2602 scelerum
889 2595 895 2605 ,
924 2567 1105 2609 indulgent
1126 2565 1260 2599 hellua-

275 2622 450 2659 tiouibus,
477 2622 635 2655 ebrietati
650 2649 658 2660 ,
686 2620 801 2657 luxui.
832 2620 994 2663 polluunt
1013 2630 1084 2651 sese
1101 2617 1259 2649 libidini-

277 2673 357 2711 bus,
395 2672 593 2710 adulteriis,
637 2671 926 2706 scortationibus.
970 2675 1126 2702 exercent
1156 2669 1260 2705 sui-ta,

836 96 963 133 PHtL.
990 93 1106 131 MEL.
1131 94 1339 132 SCRIPTA
1365 92 1666 132 ExEGE'rch.

2199 97 2274 132 716

1290 180 1450 226 rapinas,
1478 187 1512 215 et
1527 181 1674 226 aucupia
1694 180 1862 225 pecuniae
1885 181 2106 226 quaerendae
2130 181 2274 223 iniusta,

1290 237 1355 265 etc.
1386 229 1627 266 Veruntamen
1643 238 1721 276 post
1736 228 1826 265 hanc
1840 231 1949 264 vitam
1964 231 2030 265 erit
2047 233 2274 276 conspicuum

1290 281 1499 323 discrimen,
1540 288 1574 315 et
1604 282 1753 326 insignis
1779 281 1939 317 mutatio.
2008 280 2111 316 Tunc
2134 284 2275 317 demum

1290 332 1433 377 utrique
1449 333 1585 366 discent
1600 333 1637 366 in
1658 333 1808 367 aeternis
1831 332 2044 367 cruciatibus
2066 339 2171 378 atque
2195 344 2276 378 sup-

1292 383 1425 428 pliciis,
1453 389 1487 417 et
1503 393 1576 416 esse
1593 381 1726 425 Deum,
1752 390 1786 417 et
1801 395 1881 417 vere
1902 382 2054 417 iudicem
2071 395 2144 417 esse
2159 381 2278 417 horri-

1293 433 1414 467 biliter
1428 433 1635 467 irascentem
1653 441 1805 478 peccatu.

1293 496 1388 519 scere
1423 496 1464 518 ac
1494 484 1617 526 fateri,
1657 495 1712 527 se,
1757 485 1962 531 priusquam
1993 485 2280 530 opprimerentur

1293 541 1428 578 morte,
1453 534 1644 569 bestialiter
1661 535 1789 569 vixisse
1804 547 1930 570 canum
1947 542 1979 570 et
1995 547 2186 581 porcorum
2200 548 2278 570 mo·

1294 597 1348 620 re:
1375 586 1435 620 sed
1459 585 1552 626 illic,
1577 584 1741 619 videlicet
1761 585 1853 620 inter
1875 587 2049 621 cruciatus
2071 587 2280 626 inferorum,

1295 648 1369 671 non
1396 643 1447 671 est
1473 636 1570 670 locus
1598 635 1722 670 auxilii
1752 637 1806 670 vel
1836 649 1913 681 spes
1946 637 2018 671 ulla
2047 637 2282 677 liberationis,

1295 688 1402 729 adeo,
1429 693 1469 721 ut
1484 687 1598 721 multo
1615 687 1834 721 tolerabilius
1851 687 2012 722 videatur
2029 688 2112 733 ipsis
2134 689 2280 722 damna-

1296 739 1341 772 tis
1353 765 1362 779 ‚
1385 738 1559 783 longeque
1575 738 1719 780 malint,
1743 738 1772 771 si
1789 738 1862 771 fieri
1881 739 2007 782 possit,
2032 751 2068 773 se
2085 750 2228 783 prorsus
2245 739 2282 772 in

1297 787 1451 822 nihilum
1468 788 1596 832 redigi,
1623 794 1657 822 et
1673 795 1797 837 optent
1823 789 1859 821 in
1885 789 2001 822 fumos
2021 789 2184 834 dissipari
2206 790 2284 824 ani—

1297 851 1372 873 mas
1386 839 1604 873 intereuntes
1619 851 1690 872 una
1706 851 1785 873 cum
1803 839 2028 884 corporibus,
2054 841 2283 886 quemadmo-

1297 891 1383 924 dum
1402 901 1516 931 canes,
1542 901 1678 934 porcOS,
1704 897 1739 924 et
1752 890 1903 934 pecudes
1921 890 2109 934 exstingui,
2135 898 2168 925 et
2186 903 2283 925 com-

1299 947 1497 986 putrescere
1514 940 1694 981 videmus,
1721 941 1780 974 sed
1796 939 1892 974 Deus
1906 943 2041 975 coercet
2056 952 2114 975 eos
2130 941 2284 976 aeternis

1299 989 1550 1032 ethorrendis
1579 990 1703 1035 poenis
1734 991 1886 1025 abiectos
1915 1003 1985 1025 una
2015 1003 2094 1026 cum
2119 992 2285 1030 diabolis,

1299 1054 1380 1076 cum
1398 1042 1528 1088 quibus
1543 1052 1579 1075 se
1595 1041 1869 1083 coniunxerunt,
1892 1049 1925 1076 et
1940 1049 2060 1077 contra
2069 1041 2184 1077 Deum
2200 1055 2285 1078 con-

1299 1093 1491 1138 spirarunt.

1402 1142 1500 1177 Haec
1533 1144 1653 1177 omnia
1685 1143 1820 1178 debetis
1851 1143 1970 1177 animo
2005 1150 2038 1178 et
2075 1144 2287 1188 cogitatione

1301 1194 1506 1239 complecti,
1531 1194 1773 1240 memoriaque
1791 1195 1942 1228 subinde
1967 1201 2141 1239 repetere,
2167 1202 2208 1229 ut
2229 1207 2289 1228 ve-

1301 1252 1392 1280 strae
1421 1252 1555 1280 mentes
1581 1246 1808 1280 exsuscitatae
1831 1246 1875 1279 ad
1900 1245 2025 1279 seriam
2050 1246 2287 1289 precationem

1301 1295 1393 1330 veris
1412 1296 1600 1340 gemitibus
1617 1303 1736 1339 petant
1753 1308 1788 1329 se
1804 1308 1822 1329 a
1841 1295 1918 1330 Deo
1935 1303 2080 1341 propter
2093 1294 2289 1330 Dominum

1302 1353 1460 1380 nostrum
1479 1345 1592 1380 Iesum
1613 1344 1792 1381 Christum
1810 1346 1947 1391 Spiritu
1965 1353 2086 1381 sancto
2110 1347 2292 1387 illustrari,

1303 1397 1440 1438 doceri,
1466 1397 1561 1440 regi,
1588 1397 1809 1436 confirmari,
1836 1409 1880 1430 ne
1898 1397 1987 1430 fiatis
2009 1408 2111 1431 canes
2133 1404 2166 1431 et
2183 1397 2293 1442 porci,

1303 1449 1363 1481 sed
1380 1454 1419 1481 ut
1436 1447 1577 1481 discatis
1600 1458 1786 1490 agnoscere
1802 1445 1936 1487 Deum,
1970 1454 2008 1481 ut
2024 1460 2104 1481 vera
2122 1449 2179 1482 lux
2198 1448 2293 1489 fidei,

1304 1498 1452 1531 firmiter
1476 1505 1631 1532 statuens
1663 1499 1706 1531 de
1738 1498 2019 1539 immortalitate,
2063 1499 2106 1531 de
2129 1505 2292 1532 secuturo

1305 1549 1436 1582 iudicio
1452 1547 1537 1589 Dei,
1571 1549 1615 1581 (le
1638 1548 1708 1582 vita
1735 1555 1766 1581 et
1795 1549 1907 1582 salute
1930 1554 2070 1581 aeterna
2097 1549 2294 1590 beatorum,

1305 1599 1437 1643 fulgeat
1454 1599 1490 1631 in
1512 1599 1679 1632 cordibus
1698 1598 1838 1632 vestris:
1868 1599 1950 1632 item
1969 1605 2008 1632 ut
2031 1599 2236 1643 intelligatis
2260 1607 2293 1635 et

1307 1650 1343 1683 in
1369 1649 1468 1683 omni
1495 1650 1565 1683 vita
1589 1649 1788 1689 retineatis,
1828 1661 1867 1683 ac
1891 1649 2084 1683 observetis
2106 1650 2295 1686 discrimen

1306 1699 1538 1734 honestorum
1558 1707 1591 1734 et
1609 1700 1778 1744 turpium,
1804 1711 1863 1733 seu
1881 1700 2052 1734 virtutum
2068 1708 2172 1747 atque
2189 1701 2294 1736 vitio·

1307 1764 1405 1786 rum:
1443 1763 1482 1785 ac
1508 1751 1546 1784 in
1573 1763 1732 1789 summa,
1764 1757 1804 1784 ut
1831 1751 1907 1785 sitis
1932 1751 1995 1784 filii
2020 1758 2053 1785 et
2078 1752 2208 1797 templa
2233 1764 2294 1788 seu

1307 1802 1486 1837 domicilia
1504 1801 1590 1843 Dei,
1623 1813 1687 1835 nec
1711 1801 1836 1835 abiecti
1856 1802 1892 1835 in
1911 1803 2140 1847 sempiternas
2163 1815 2296 1849 poenas

1307 1853 1560 1899 opprimamini
1586 1852 1815 1891 cruciatibus,
1848 1853 2057 1897 pavoribus,
2091 1861 2294 1889 consterna-

1308 1905 1466 1938 tionibus
1480 1911 1584 1948 atque
1594 1903 1864 1937 confusionibus
1875 1903 1986 1937 animi
1999 1901 2199 1946 horrendis,
2214 1917 2295 1950 per-

1309 1955 1424 2000 petuis
1440 1961 1474 1989 et
1490 1954 1649 1990 infinitis,
1684 1952 1846 1987 Profecto
1863 1954 1994 1997 singuli
2011 1952 2173 1990 homines
2188 1957 2296 1991 debe-

1308 2007 1395 2039 bant
1420 2003 1665 2039 cohorrescere
1691 2005 1771 2038 totis
1795 2006 2015 2049 pectoribus,
2053 2017 2091 2040 ac
2111 2019 2191 2041 vere
2216 2019 2295 2052 per-

1309 2056 1476 2091 terrefieri
1488 2081 1496 2095 ‚
1524 2056 1642 2089 audita
1661 2053 1726 2089 hac
1742 2068 1825 2089 voce
1839 2056 1980 2089 divinae
1994 2057 2202 2100 maiestatis,
2226 2071 2294 2105 qua

1310 2105 1475 2141 homines
1498 2107 1596 2151 impii
1624 2107 1769 2140 canibus
1794 2113 1825 2140 et
1849 2107 1963 2151 porcis
1987 2108 2240 2144 assimulantur
2264 2118 2297 2145 et

1310 2158 1553 2193 conferuntur.
1607 2157 1680 2191 Nos
1697 2170 1779 2191 vero
1796 2158 1987 2192 excitemur
2002 2166 2034 2193 et
2054 2160 2235 2195 nectamur
2253 2163 2295 2195 ad

1311 2209 1566 2254 poenitentiam
1590 2215 1694 2254 atque
1718 2209 1906 2243 salutarem
1931 2211 2212 2245 emendationem
2238 2223 2296 2246 co-

1310 2260 1479 2304 gitatione
1500 2257 1605 2294 huius
1627 2260 1782 2304 picturae
1808 2272 1868 2294 seu
1891 2261 2076 2305 parabolae
2093 2273 2176 2295 sane
2193 2263 2296 2296 terri-

1311 2312 1410 2350 bitis,
1439 2324 1482 2343 ne
1501 2318 1530 2344 et
1550 2311 1616 2355 ipsi
1638 2323 1841 2345 maneamus
1866 2311 1961 2356 porci
1982 2319 2013 2345 et
2038 2324 2160 2353 canes,
2189 2326 2296 2347 ruen-

1312 2370 1361 2396 tes
1387 2363 1421 2395 in
1447 2369 1628 2396 aeternum
1654 2362 1809 2396 exitium.
1872 2360 1959 2395 Nam
1988 2363 2147 2408 quisquis
2174 2364 2209 2397 in
2234 2363 2297 2399 hac

1313 2413 1452 2447 mortali
1481 2413 1550 2446 vita
1576 2420 1769 2457 perseverat
1796 2413 1830 2445 iu
1854 2419 2034 2446 contemtu
2053 2415 2105 2447 vel
2132 2416 2215 2449 odio
2230 2414 2296 2450 Dei

1312 2466 1364 2507 (ut
1397 2477 1475 2497 cum
1507 2465 1618 2499 securi
1655 2461 1838 2496 helluones
1869 2465 2120 2507 superbissime
2146 2474 2295 2511 pergunt

1313 2516 1491 2554 deridere,
1526 2522 1583 2549 aut
1608 2514 1839 2558 superstitiosi
1864 2516 2004 2559 tyranni
2032 2528 2103 2549 non
2131 2517 2295 2552 desinunt

1313 2568 1470 2600 furenter
1485 2566 1597 2599 odisse
1609 2578 1646 2598 ac
1665 2566 1823 2610 persequi
1838 2563 2085 2609 Evangetinm)
2107 2564 2187 2600 huic
2205 2570 2298 2602 mul-

1312 2626 1348 2650 to
1373 2617 1543 2650 atrociora
1570 2624 1599 2649 et
1626 2616 1727 2657 long·-
1754 2614 1982 2650 horribiliora
2012 2618 2176 2651 morieuti
2206 2621 2296 2654 mala

1314 2669 1498 2702 imminent
1518 2680 1621 2712 quatu
1641 2668 1786 2700 canibus
1802 2674 1832 2701 et
1854 2669 1974 2712 porcis.
2031 2667 2182 2703 Pet-uoles
2202 2670 2295 2704 enim

1859 434 1963 468 Tunc
1979 441 2149 478 cogentur
2168 445 2278 478 agno·
2323 436 2326 438 ’
