2409 2915
67 113 164 152 1045

65 201 114 235 sic
138 201 229 236 fiunt
252 199 377 245 primi,
403 206 436 235 et
452 199 559 245 primi
572 199 769 236 novissimi.
821 199 984 246 Denique
1000 207 1051 235 te-

66 257 179 286 statur
203 262 274 285 sese
298 249 425 285 harum
449 250 719 285 annotationum
743 262 817 284 non
841 252 930 285 velle
951 258 1051 286 auto-

67 314 141 336 rem
167 302 318 346 agnosci.
371 300 471 336 Certe
488 301 594 334 nimis
610 301 731 335 nullus
747 308 798 336 est
813 299 1000 347 Philippus
1014 302 1051 336 in

67 350 134 386 hac
162 360 260 398 parte
283 351 473 386 Ecclesiam
503 351 671 385 iuvando.
732 351 880 386 Mallem
911 359 943 386 et
976 364 1052 397 ego,

67 403 186 437 nullos
209 415 281 436 esse
302 403 438 447 uspiam
465 403 754 444 commentarios,
789 403 873 436 solis
897 410 930 437 et
953 403 1051 448 puris

66 454 297 497 regnantibus
320 453 452 497 ubique
476 453 659 497 scripturis
685 454 762 487 viva
781 465 865 487 voce
883 454 1051 489 tractatis.

66 502 138 538 Sed
160 516 231 549 quo
254 504 360 537 modo
378 501 534 536 Ecclesia
561 515 676 537 carere
702 504 810 548 possit
834 511 1050 538 commenta-

65 553 129 588 riis
153 554 340 598 scripturas
357 554 478 587 saltem
495 554 735 589 indicantibus
751 567 824 588 non
843 555 944 589 video
963 567 1051 600 qua—

66 605 118 638 les
134 601 293 652 Philippi
314 611 405 640 sunt.
459 602 505 638 Et
527 605 606 650 quis
622 617 695 639 non
711 605 826 646 videt,
853 603 1050 650 Epistolam

67 655 112 688 ad
136 653 316 688 Hebraeos
349 666 422 688 esse
452 667 562 700 prope
592 656 909 691 commentarium?
963 656 1050 691 Item

66 704 168 738 Pauli
197 706 241 738 ad
274 704 457 740 Romanos
487 713 520 740 et
548 705 703 742 Galatas,
755 706 844 749 Quis
877 707 970 740 enim
1001 707 1050 740 sic

66 761 277 789 tractaturus
301 763 374 790 erat
398 768 511 790 sacras
534 757 742 800 scripturas,
768 758 836 790 nisi
854 756 985 791 Paulus
1002 758 1050 791 sic

64 807 265 840 tractandas
296 818 368 840 esse
392 808 641 841 monstrasset?
693 806 742 841 At
765 805 832 842 hoc
856 815 1050 842 monstrare

65 867 128 899 ego
153 857 291 901 appello
313 857 554 891 commentari.
606 857 684 891 Hoc
709 859 823 892 solum
847 871 864 892 a
882 857 1049 904 Philippo

65 906 207 950 petitur.
278 905 356 951 Ipse
387 920 470 942 vero
502 908 571 942 alta
598 909 665 943 sibi
691 910 733 942 de
758 910 872 954 seipso
898 910 1051 944 somniat

63 956 148 1001 peti.
200 956 312 1000 Igitur
335 959 379 992 ad
403 965 436 992 te
459 959 560 993 mitto
587 956 653 993 hoc
675 972 791 993 meum
814 961 1051 1000 latrocinium,

65 1007 198 1052 optime
224 1006 404 1050 GerbeHi,
429 1016 468 1044 ut
492 1017 525 1044 et
548 1011 643 1057 apud
668 1022 729 1044 vos
755 1011 921 1044 studeatis
943 1009 1050 1045 vehe-

63 1064 203 1092 menter
226 1070 412 1093 commune
436 1067 469 1094 et
494 1060 637 1104 vulgare
657 1061 789 1102 facere,
824 1062 1051 1107 quantumvis

63 1108 177 1142 invito
204 1116 339 1146 autore.
392 1109 482 1144 Nam
513 1123 615 1156 spero
646 1109 841 1146 Iohannem
870 1110 1050 1146 Secerium

64 1159 228 1193 daturum
248 1172 410 1204 operam,
438 1168 477 1195 ut
495 1163 713 1196 emendatius
730 1170 762 1197 et
781 1164 975 1198 accuratius
993 1175 1051 1196 ex-

64 1210 232 1252 cudatur,
259 1224 363 1256 quam
389 1213 523 1247 furtum
546 1225 664 1247 meum
689 1220 788 1248 antea
809 1226 971 1248 excusum
992 1220 1052 1249 est.

351 114 434 152 XII.

485 111 876 150 ANNOTATIONES
901 112 968 151 ET
995 112 1275 150 CONCIONES
1302 114 1352 150 IN
1379 113 1562 151 EVANG.
1587 114 1799 154 IOANNIS.

1989 120 2087 156 1046

1105 197 1319 245 Quanquam
1350 201 1379 233 si
1402 200 1628 236 inexorabilis
1652 200 1810 238 Achilles
1833 205 1897 239 iste
1919 205 2087 241 voluisset

1105 249 1179 294 ipse
1204 262 1266 294 per
1290 261 1362 284 sese
1386 249 1593 286 rhetoricari
1617 253 1654 286 in
1677 251 1744 288 hoc
1769 255 1908 298 libello,
1931 257 2086 291 multum

1105 300 1193 333 lucis
1218 301 1308 335 forte
1335 309 1367 336 et
1389 303 1520 345 gratiae
1541 303 1743 339 addidisset.
1803 305 1906 340 Nunc
1929 307 1958 340 si
1981 307 2086 342 etiam

1105 350 1239 396 aliquid
1271 352 1413 386 desierit
1444 353 1498 385 vel
1529 353 1752 398 dispositioni
1776 357 1831 389 vel
1853 358 2087 403 eloquentiae,

1104 408 1221 435 tamen
1247 401 1320 446 ipsa
1348 403 1517 446 sapientia
1536 410 1568 437 et
1586 405 1714 439 veritas
1729 407 1812 440 satis
1829 409 1940 442 adfert
1956 409 2088 452 gratiae

1105 458 1137 485 et
1159 452 1259 487 lucis.
1313 452 1481 486 Veracem
1506 454 1598 487 enim
1624 462 1658 489 et
1681 457 1872 500 sapientem
1896 459 2039 495 iactabit
2059 460 2088 494 is

1104 502 1194 536 liber
1217 499 1424 547 Philippum
1454 504 1523 537 nisi
1548 502 1710 540 Christus
1740 519 1813 541 non
1837 509 1881 542 sit
1903 510 2030 544 veritas
2055 518 2088 544 et

1104 553 1274 597 sapientia
1285 580 1294 594 ‚
1322 566 1424 599 quem
1441 555 1548 599 spirat
1565 562 1597 589 et
1613 556 1724 590 docet.
1778 557 1877 593 Licet
1891 572 1969 593 cum
1982 558 2088 595 Chri-

1103 610 1156 638 sto
1180 610 1213 638 et
1238 603 1312 648 ipse
1335 605 1439 648 eligat
1463 606 1586 639 stultas
1607 618 1679 640 esse
1698 614 1731 641 et
1749 608 1829 641 dici.
1882 607 1999 655 Atque
2017 612 2089 646 uti-

1104 666 1186 687 nam
1209 666 1274 688 nos
1299 667 1441 702 quoque
1462 656 1511 690 sic
1535 656 1633 691 stulti
1655 669 1806 693 essemus
1828 671 1907 693 cum
1922 661 2024 705 ipsis,
2049 669 2090 696 ut

1104 706 1224 739 liceret
1243 706 1404 749 gloriari:
1433 707 1578 741 stultum
1604 706 1672 742 Dei
1695 709 1889 753 sapientius
1911 718 1961 745 est
1983 724 2089 757 quam

1105 754 1276 789 homines.
1340 756 1489 791 Gaudeo
1512 758 1632 798 valde,
1681 757 1875 794 Iohannem
1899 759 2089 797 Oecolam-

1105 807 1233 851 padion
1258 806 1413 841 Basileae
1428 806 1568 841 Esaiam
1593 809 1770 855 profiteri,
1798 823 2001 857 quanquam
2027 826 2090 847 au—

1105 857 1165 891 dio
1191 857 1227 890 id
1246 857 1366 892 multis
1383 858 1579 903 displicere.
1633 859 1701 894 Sed
1719 872 1757 894 ea
1773 868 1823 895 est
1836 862 1977 897 fortuna
1995 862 2091 897 chri-

1104 908 1237 941 stianae
1256 908 1448 944 doctrinae.
1500 909 1608 944 Dabit
1626 917 1660 944 et
1677 923 1738 955 per
1756 924 1836 945 eum
1852 913 1971 947 virum
1987 914 2092 948 nobis

1105 956 1264 993 Christus
1292 959 1428 1004 aliquid
1458 959 1548 993 lucis
1576 972 1637 994 seu
1669 963 1912 997 commentarii
1937 964 1975 997 in
2000 964 2092 998 Pro-

1105 1007 1235 1054 phetas,
1280 1008 1317 1042 Id
1337 1011 1430 1055 quod
1448 1011 1503 1044 vel
1519 1011 1725 1055 cumprimis
1744 1013 1955 1059 desyderant
1968 1022 2089 1050 nostra

1105 1061 1231 1095 secula.
1286 1059 1371 1094 Vale
1396 1061 1445 1094 mi
1464 1059 1624 1095 Gerbelli
1648 1062 1685 1095 in
1704 1060 1867 1106 Christo,
1893 1072 1929 1100 et
1944 1078 2006 1100 ora
2024 1079 2090 1111 pro

1105 1117 1283 1155 peccatore
1307 1118 1340 1145 et
1364 1112 1471 1146 stulto
1497 1110 1667 1149 Luthero.
1734 1113 1856 1148 Saluta
1881 1128 2003 1150 omnes
2027 1129 2093 1151 no-

1105 1168 1194 1195 stros
1211 1162 1248 1194 in
1263 1162 1420 1196 domino.
1474 1162 1762 1208 VVitembergae,
1789 1162 1897 1200 Anno
1914 1165 2050 1201 XXIII.

1393 2735 1476 2773 66*
