2409 2915
92 117 163 154 197

87 201 282 244 obsequens
306 198 410 238 civis,
441 199 500 232 sed
527 198 696 232 subiectio
720 198 786 231 sub
808 198 917 241 legem
938 199 975 231 in
1002 199 1061 232 illa

87 261 255 294 persona,
283 262 371 295 quae
387 261 458 282 non
478 255 548 282 erat
565 249 716 282 debitrix
729 275 739 289 ‚
765 248 940 292 singulare
958 250 1062 282 bene-

88 300 205 333 ficium
234 300 420 343 significat,
455 300 497 332 ad
525 311 590 332 nos
625 299 815 342 pertinens,
874 298 935 333 Est
969 300 1061 333 enim

87 351 264 384 subiectus
280 351 352 392 lege
371 361 433 393 pro
457 349 577 389 nobis,
613 349 794 389 videlicet,
827 360 899 382 non
925 357 1060 383 tantum

87 401 211 434 officiis
232 400 417 443 legalibus,
450 401 508 432 sed
533 400 635 433 ctiam
658 399 897 432 maledictioni
921 408 954 434 et
979 412 1061 444 poe-

88 463 174 492 nae,
213 462 317 494 quam
342 461 406 483 nos
431 462 568 483 eramus
591 450 722 489 meriti,
761 457 799 483 ut
823 449 919 483 fieret
949 448 1060 484 hostia

87 513 150 545 pro
167 500 283 539 nobis,
311 500 451 543 placans
468 507 600 544 patrem
612 527 622 540 ,
649 508 682 533 et
697 501 850 533 liberans
867 512 931 534 nos
948 514 965 534 a
988 513 1060 533 ma-

86 551 274 584 ledictione
292 550 387 593 legis.
424 550 474 584 Ita
492 551 693 584 circumcidi
711 548 910 593 Christum,
928 551 1060 594 signifi-

84 601 185 634 cabat
211 612 289 633 eum
315 601 440 634 subiici
465 602 530 644 legi
557 614 620 645 pro
642 601 759 639 nobis,
790 613 868 634 cum
895 602 967 645 ipse
988 613 1059 634 non

84 657 172 683 esset
204 651 361 692 debitor,
399 658 433 685 et
467 651 535 684 iam
571 652 721 695 obligari
749 653 790 684 ad
820 660 966 686 mortem
997 663 1058 695 pro

83 701 198 734 nobis.

184 751 283 784 Haec
303 752 470 785 beneficia
492 763 697 795 agnoscere,
730 752 925 795 intelligere
947 758 979 785 et
1002 763 1058 784 ce-

82 801 218 835 lebrare
242 802 437 845 discamus,
478 803 641 836 videlicet
664 814 727 835 nos
749 803 922 835 redemtos
947 813 1018 834 esse
1039 812 1057 833 a

82 852 330 885 maledictione
353 853 456 895 legis,
491 851 557 886 hoc
581 860 649 892 est,
683 854 727 885 ab
754 853 802 885 ira
828 853 893 886 Dei
918 859 1058 896 propter

80 901 212 935 Filium
232 902 299 945 legi
317 904 530 944 subiectum,
557 911 589 936 et
606 901 671 936 hac
696 904 762 936 fide
779 902 891 936 Deum
918 903 1059 935 invoce-

80 964 176 990 mus,
204 953 282 986 etei
301 953 524 988 obediamus:
559 954 732 987 discamus
748 954 830 986 item
848 951 938 986 hanc
964 959 1056 985 vete-

81 1014 155 1035 rem
187 1010 348 1036 naturam
371 1004 523 1047 lapsam,
565 1011 778 1048 amputatam
807 1010 840 1037 et
868 1003 1056 1047 praecisam

79 1064 172 1093 esse,
198 1060 231 1086 et
248 1054 451 1097 promissam
470 1067 597 1088 novam
617 1062 649 1088 et
673 1061 874 1101 perpetuam
898 1060 1056 1087 naturam

81 1109 114 1136 et
131 1103 248 1139 vitam.

303 1203 351 1242 1n
382 1202 633 1255 Epiphaniis
664 1202 843 1242 Domini.

350 1283 584 1326 Evangelium
606 1281 733 1316 Mauh.
750 1286 786 1317 2.

127 1348 222 1386 Cum
254 1353 373 1383 autem
405 1354 516 1382 natus
541 1353 627 1382 esset
651 1347 757 1382 Iesus
780 1348 819 1381 in
842 1346 1056 1382 Bethlehem

178 1398 205 1434 I
206 1397 299 1434 udae
316 1400 353 1432 in
370 1397 495 1433 diebos
511 1397 672 1433 Herodis
690 1399 785 1444 regis
796 1426 804 1440 ‚
831 1397 925 1432 Ecce
939 1397 1060 1445 fllagi

179 1450 229 1484 ab
253 1446 402 1483 Oriente
425 1455 591 1484 venerunt
616 1448 903 1495 Ierosolymam,
937 1448 1056 1483 dicen-

178 1506 248 1535 tes:
276 1499 353 1534 Ubi
369 1505 419 1534 est
434 1500 500 1548 qui
515 1505 625 1534 natus
651 1505 701 1533 est
725 1511 789 1533 rex
806 1498 1058 1534 Iudaeorum?

177 1549 336 1585 vidimus
361 1551 455 1585 enim
479 1550 627 1585 stellam
653 1550 728 1584 eius
755 1552 794 1584 in
819 1548 989 1593 Oriente,
1025 1556 1055 1585 et

179 1602 340 1636 venimus
359 1599 517 1636 adorare
533 1614 623 1636 eum.

129 1651 293 1686 Audiens
329 1658 449 1686 autem
476 1650 639 1686 Herodes
669 1663 752 1690 rev,
798 1650 967 1685 turbatus
995 1656 1055 1692 est,

179 1708 210 1737 et
244 1702 362 1736 omnis
384 1701 617 1747 lerosolyma
651 1714 728 1734 cum
754 1700 833 1736 illo.
894 1701 947 1734 Et
973 1714 1054 1735 con-

177 1765 338 1799 gregans
373 1765 495 1786 omnes
537 1752 720 1798 principes
763 1749 989 1785 sacerdotum
1026 1757 1081 1785 et'

178 1803 320 1837 scribas
351 1801 498 1849 populi,
531 1801 789 1836 sciscitabatur
818 1801 866 1835 ab
889 1803 956 1843 eis,
994 1791 1081 1836 ubi}

173 1848 348 1887 Christus
374 1857 589 1887 nasceretur.
640 1852 686 1885 Ae
719 1851 783 1885 illi
806 1851 980 1885 diverunt
1005 1854 1054 1886 ei:
1079 1852 1081 1866 ²

176 1903 227 1938 In
241 1901 458 1938 Bethlehem
476 1902 651 1937 Iudaeae.
693 1901 755 1936 Sic
771 1902 864 1935 enim
881 1903 1053 1949 scriptum

177 1959 226 1989 est
242 1967 305 2001 per
319 1951 558 2001 Prophetam:
585 1953 638 1987 El
663 1958 700 1986 tu
718 1950 932 1987 Bethlehem
956 1958 1052 1986 terra

179 2004 300 2045 Iuda,
328 2017 558 2052 nequaquam
582 2004 736 2037 minima
761 2014 795 2037 es
818 2003 855 2036 in
875 2003 1052 2051 principi-

178 2056 245 2090 bus
271 2053 394 2097 Iuda,
435 2067 481 2089 ex
511 2060 543 2088 te
575 2055 668 2089 enim
702 2053 817 2088 exibit
845 2052 942 2088 mihi
963 2053 1052 2096 (lux,

179 2106 245 2154 qui
259 2111 359 2151 regat
376 2105 552 2152 populum
570 2118 684 2140 meum
703 2104 840 2139 Israel.

130 2155 234 2191 Tunc
269 2154 430 2190 Herodes
463 2156 558 2190 clam
596 2157 730 2191 vocatis
759 2153 918 2200 Effugis,
961 2154 1076 2189 dili-t

177 2211 301 2254 genter
330 2204 457 2240 didicit
490 2207 536 2239 ub
569 2208 618 2240 eis
647 2213 783 2253 tempus
808 2204 937 2238 stellae
959 2218 1051 2253 qnae

179 2262 423 2304 apparuerat,
450 2265 480 2291 et
496 2257 639 2291 mittens
664 2257 751 2290 illos
773 2255 812 2288 in
827 2254 1052 2297 Bethlehem,

180 2307 298 2343 dixit:
326 2305 382 2341 Ite
399 2313 428 2341 et
453 2307 631 2355 exquirite
655 2306 848 2352 diligenter
871 2304 912 2339 (le
933 2319 1053 2353 poem,

180 2365 304 2393 etcum
324 2358 550 2397 inveneritis,
587 2358 794 2391 renunciate
815 2354 928 2398 mihi,
963 2364 1000 2391 ut
1025 2363 1054 2391 et
1078 2385 1080 2391 .

179 2421 243 2455 ego
261 2409 401 2442 veniens
416 2407 563 2442 adorem
584 2421 673 2444 eum.

129 2459 208 2508 Qui
241 2472 318 2493 cum
356 2458 545 2493 audissent
582 2472 715 2505 regem,
763 2457 943 2494 abierunt.

182 2522 252 2544 ecce
269 2509 396 2551 stella,
424 2524 534 2557 quam
552 2509 716 2543 viderant
736 2509 773 2542 in
790 2506 958 2551 Oriente,
985 2522 1054 2543 an—

632 115 714 152 x11.
753 114 1143 152 ANNOTATIONES
1171 115 1222 150 IN
1248 116 1548 153 EVANGELIA.

1002 2457 1081 2491 Et,

2022 122 2092 157 198

1215 197 1394 231 intrantes
1410 196 1572 240 domum,
1607 199 1816 234 invenerunt
1840 212 1989 247 puerum
2017 214 2092 235 cum

1214 247 1353 281 illaria
1375 253 1490 281 nmtre
1515 250 1610 290 eius,
1657 256 1687 283 et
1708 249 1931 297 procidentes
1954 250 2094 285 adora-

1215 304 1338 331 verunt
1357 311 1446 331 eum.
1481 298 1534 331 Et
1551 300 1686 345 apertis
1703 297 1886 335 mesauris
1904 303 2001 342 suis,
2029 303 2093 335 ob-

1213 347 1372 382 tulerunt
1389 349 1422 381 ei
1437 361 1587 382 munera
1600 377 1608 389 ‚
1637 349 1793 391 Aurum,
1812 350 1917 386 Thus
1933 357 1963 385 el
1982 352 2093 398 Myr-

1215 397 1336 435 rham.
1399 398 1452 431 Et
1487 399 1636 432 oraculo
1664 398 1848 434 admoniti
1873 403 1911 435 in
1939 403 2090 443 somnis,

1212 462 1254 482 ne
1281 448 1435 483 redirent
1461 448 1516 482 ad
1535 448 1731 491 Herodem,
1762 463 1824 495 per
1847 452 1965 485 aliam
1995 453 2090 486 viam

1214 500 1344 533 reversi
1359 505 1444 533 sunt
1461 499 1498 532 in
1517 501 1696 545 regionem
1712 513 1830 536 suam.

1161 566 1246 601 Loci
1265 567 1433 615 quinque.

1266 627 1292 661 l.
1321 626 1579 659 Testimonium
1598 627 1639 659 de
1659 634 1740 660 nato
1758 626 1896 663 Messia.

1263 676 1306 711 ll.
1334 677 1384 710 De
1403 677 1584 709 vocatione
1602 678 1771 719 gentium.

1264 726 1326 761 lll.
1354 727 1613 760 Testimonium
1634 725 1828 769 Prophetae
1848 729 1890 760 de
1915 727 2012 767 loco,
2051 734 2087 760 et

1314 778 1410 810 locus
1447 777 1648 809 nominatus
1683 783 1751 817 est,
1796 784 1833 809 ut
1862 779 1904 809 de
1931 783 2087 819 tempore

1311 828 1413 860 etiam
1452 839 1514 859 nos
1548 827 1745 866 confirmet,
1786 829 1879 871 quod
1925 828 2086 860 videlicet

1312 885 1424 910 stante
1467 877 1587 920 politia
1630 875 1735 909 huius
1775 877 1917 920 populi,
1968 877 2086 910 venire

1315 926 1494 961 Christum
1513 928 1719 970 oportuerit.

1261 978 1321 1011 IV.
1348 978 1438 1010 Nato
1452 975 1592 1010 Christo
1609 990 1687 1010 mox
1705 977 1862 1022 sequitur
1880 977 2084 1020 persecutio.

1263 1028 1305 1063 V.
1350 1028 1446 1071 Magi
1480 1028 1633 1060 offerunt
1658 1038 1822 1067 munera,
1857 1034 1894 1061 ut
1915 1028 2031 1061 infans
2054 1035 2085 1061 et

1316 1085 1477 1124 parentes
1495 1075 1644 1110 habeant
1661 1078 1800 1110 victum.

1466 1160 1522 1183 De
1559 1159 1720 1189 primo.

1210 1211 1320 1255 Saepe
1354 1211 1502 1243 dicimus
1536 1209 1859 1243 dissimilitudinem
1895 1210 2084 1244 observan-

1109 1262 1188 1294 dam
1219 1272 1292 1294 esse
1325 1261 1552 1304 imperiorum
1589 1267 1621 1294 et
1656 1258 1838 1293 Ecclesiae.
1891 1261 2084 1294 Alexandri

1108 1311 1275 1344 victoriae
1292 1311 1556 1355 conspiciuntur
1575 1311 1734 1343 omnium
1744 1311 1864 1349 oculis,
1883 1311 2083 1344 etornnium

1108 1362 1264 1404 gentium
1287 1362 1486 1395 testimonia
1518 1359 1663 1394 habent:
1702 1362 1759 1393 sed
1795 1372 1867 1400 res,
1903 1373 1991 1404 quae
2023 1373 2081 1404 ge-

1108 1420 1235 1445 runtur
1252 1412 1287 1444 in
1307 1410 1479 1452 Ecclesia,
1509 1424 1581 1443 non
1607 1412 1654 1443 sic
1679 1411 1864 1444 incurrunt
1890 1410 1926 1442 in
1951 1412 2082 1451 oculos,

1107 1471 1140 1497 et
1155 1470 1272 1496 tamen
1288 1469 1426 1505 oportet
1443 1473 1512 1494 esse
1527 1469 1616 1494 certa
1634 1461 1843 1494 testimonia.

1208 1513 1420 1558 Quanquam
1440 1513 1545 1556 igitur
1563 1525 1633 1544 non
1653 1523 1773 1544 omnes
1794 1517 1921 1544 norant
1947 1511 1995 1543 ibi
2020 1524 2082 1544 na-

1106 1572 1179 1598 tum
1202 1576 1272 1597 esse
1290 1563 1475 1601 Messinm,
1504 1570 1618 1596 tamen
1642 1563 1751 1595 multa
1775 1569 1856 1595 sunt
1882 1562 2081 1595 testimonia

1107 1615 1281 1659 proposita
1294 1642 1302 1655 ‚
1329 1621 1367 1647 ut
1383 1613 1467 1646 fides
1483 1614 1527 1646 sit
1543 1619 1644 1646 certa.
1697 1611 1812 1645 Mater
1827 1613 1890 1645 scit
1914 1623 1949 1644 se
1976 1612 2081 1653 virgi-

1106 1678 1184 1698 nem
1215 1665 1406 1708 peperisse,
1442 1662 1566 1705 Ioseph
1596 1664 1693 1696 audit
1729 1663 1821 1694 idem
1857 1674 1894 1694 cx
1931 1662 2081 1703 angelis:

1107 1715 1283 1748 Nunciant
1300 1713 1413 1756 angeli
1435 1713 1651 1756 pastoribus,
1677 1719 1796 1745 natum
1815 1723 1885 1744 esse
1899 1710 2079 1744 Messiam:

1107 1778 1200 1799 nunc
1225 1765 1323 1798 stella
1340 1770 1458 1796 monet
1474 1774 1609 1805 magos,
1637 1764 1695 1807 qui
1717 1769 1831 1806 postea
1856 1768 1953 1794 erant
1978 1768 2080 1795 testes

1078 1838 1081 1850 ς
1108 1817 1178 1848 nati
1197 1815 1368 1854 Messiae,
1403 1826 1464 1846 nec
1486 1814 1590 1846 refert
1614 1819 1730 1846 utrum
1756 1812 1855 1844 stella
1881 1823 1986 1851 nova,
2021 1819 2079 1845 aut

1105 1867 1247 1908 angelus
1274 1865 1396 1907 fuerit,
1432 1871 1469 1896 ut
1494 1862 1764 1908 Chrysostomus
1792 1861 1967 1903 intelligit.
2030 1861 2080 1894 lta

1105 1917 1268 1960 deinceps
1285 1915 1419 1959 reliqua
1437 1914 1635 1946 testimonia
1655 1913 1906 1946 consideranda
1925 1919 2020 1952 sunt,
2044 1919 2081 1944 ut

1106 1968 1206 1999 fidem
1227 1973 1379 1999 nostram
1396 1964 1659 2002 confirmemus,
1688 1971 1720 1996 et
1736 1970 1828 1997 certo
1851 1962 1999 1994 sciamus
2023 1974 2080 1995 ex-

1107 2016 1257 2050 hibitum
1285 2028 1356 2049 esse
1372 2015 1559 2053 Messinm,
1594 2022 1626 2047 et
1650 2013 1744 2047 bunc
1765 2025 1837 2046 esse
1861 2013 2079 2051 salvatorem,

1104 2075 1134 2100 et
1171 2069 1343 2100 facturum
1381 2077 1438 2105 ea,
1487 2077 1576 2109 quae
1610 2065 1791 2108 promisit,
1835 2063 2078 2096 exauditurum

1105 2131 1166 2151 uos
1185 2125 1245 2150 etc.

1432 2188 1486 2211 Dc
1523 2188 1750 2211 secundo.

1366 2238 1426 2272 De
1447 2239 1628 2272 ‹ocatione
1640 2237 1816 2284 gentium.

1205 2307 1300 2351 Magi
1323 2307 1463 2351 proprie
1484 2307 1691 2339 dicebantur
1708 2305 1893 2338 Persarum
1919 2303 2079 2336 sacerdo-

1105 2368 1174 2399 tes,
1201 2371 1288 2404 quos
1305 2370 1441 2391 necesse
1460 2365 1508 2390 est
1525 2358 1677 2401 aliquam
1697 2353 1856 2387 habuisse
1872 2355 1914 2386 de
1933 2360 2078 2385 venturo

1106 2411 1278 2444 salvatore
1296 2409 1510 2441 doctrinam:
1545 2407 1676 2451 alioqui
1696 2406 1788 2438 enim
1811 2416 1873 2437 cur
1897 2404 1930 2435 in
1953 2402 2077 2434 iudaea

1107 2467 1313 2506 quaererent
1333 2470 1445 2501 regem
1458 2485 1466 2497 ‚
1497 2470 1600 2502 quam
1618 2457 1772 2490 sciebant
1791 2465 1988 2497 oppressam
2007 2463 2077 2484 esse

1106 2512 1232 2544 misera
1251 2509 1440 2543 servitute?
1468 2507 1634 2541 Arbitror
1653 2514 1766 2539 autem
1787 2505 1890 2537 fuisse
1914 2503 2079 2546 reliquias

181 2559 357 2595 tecedebat
374 2573 449 2601 eos,
477 2573 586 2607 usque
602 2559 687 2594 dum
707 2561 847 2594 veniens
863 2564 975 2593 staret
995 2573 1056 2593 su·
1078 2561 1081 2608 ᾗ
1107 2561 1258 2595 Ecclesia
1276 2560 1452 2599 Danielis,
1479 2559 1539 2603 qui
1565 2559 1630 2590 suit
1652 2556 1843 2600 praefectus
1860 2553 2012 2586 Persiae:
2042 2564 2080 2584 ac

180 2624 250 2658 pra
278 2611 343 2644 ubi
363 2616 439 2645 erat
461 2623 560 2657 puer.

625 2610 799 2646 Videntes
824 2615 940 2643 antem
971 2610 1057 2645 stel-
1079 2609 1082 2665 j
1106 2613 1210 2645 fuisse
1230 2612 1323 2655 pios,
1350 2610 1468 2654 quales
1488 2608 1628 2651 plurimi
1646 2612 1742 2639 erant
1761 2605 1852 2637 inter
1866 2610 2003 2646 gentes,
2020 2602 2079 2646 qui

182 2662 278 2702 lam,
301 2662 425 2707 gavisi
439 2667 523 2695 sunt
540 2660 680 2707 gaudio
695 2674 831 2707 magno
850 2659 966 2696 valde.
1004 2660 1056 2695 Et
1080 2692 1083 2702 ,
1110 2663 1319 2696 invocabant
1343 2660 1457 2693 Deum
1484 2660 1550 2690 fide
1575 2656 1846 2701 promissionum
1876 2654 2081 2686 traditarum

1291 2708 1364 2744 13'g
