2409 2915
297 103 371 138 927

299 195 370 230 est,
397 183 538 220 erudire
559 187 661 215 natos
685 179 729 212 de
744 176 820 212 Deo
844 182 878 211 et
901 176 945 210 de
968 175 1040 209 filio
1056 173 1144 216 Dei,
1171 181 1205 208 et
1228 181 1282 208 to-

299 247 369 273 tam
395 234 591 269 doctrinam
613 229 797 273 Evangelii
821 228 896 261 eius
912 226 1080 271 paulatim
1101 225 1284 265 instillare,

301 296 331 322 et
357 285 569 320 assuefacere
592 293 650 315 eos
671 283 713 314 ad
740 279 998 313 invocationem
1018 283 1051 310 et
1068 277 1282 319 agnitionem

301 338 365 373 filii
400 336 481 370 Dei.
534 333 630 367 Haec
659 331 778 365 omnia
813 326 1057 372 complectitur
1089 325 1172 360 haec
1202 337 1284 358 vox:

303 389 416 424 Sinite
442 385 608 430 parvulos
631 382 750 416 venire
770 382 812 414 ad
831 391 898 413 me.
951 377 1031 411 Non
1049 377 1130 411 estis
1147 383 1284 410 tantum

304 444 483 485 parentes,
515 442 554 469 ut
585 444 729 477 corpora
759 430 906 471 curetis,
939 429 1000 462 sed
1023 428 1128 462 etiam
1152 427 1286 460 animas

304 491 347 524 ad
374 488 490 523 Deum
514 486 686 520 adducere
710 481 854 515 debetis.
922 477 968 513 Et
992 479 1210 522 singulorum
1235 477 1286 509 fa-

304 541 421 574 miliae
446 538 574 572 debent
597 546 669 568 esse
684 540 852 578 tanquam
869 529 1052 565 Ecclesiae.
1107 528 1163 562 Tu
1180 534 1289 571 pater,

305 599 344 625 tu
367 596 494 629 mater,
521 586 655 620 debetis
672 596 743 618 esse
760 590 927 627 tanquam
945 587 1098 625 pastores
1114 585 1291 618 natorum,

307 649 340 675 et
369 639 507 673 erudire
534 649 612 677 eos,
644 642 677 669 et
701 634 922 668 adsuefacere
949 632 992 664 ad
1017 629 1288 663 invocationem.

306 691 351 726 Et
375 691 491 724 sinon
510 688 640 728 facitis,
666 685 790 730 puniet
808 683 903 717 Deus
920 680 1011 715 hanc
1029 679 1292 724 negligentiam,

307 743 395 776 sicut
412 739 550 785 punivit
564 736 623 772 Eli
639 748 712 770 non
730 735 956 778 castigantem
976 732 1078 765 filios.

667 836 805 865 Quarta
829 838 925 864 pars.

410 890 618 927 Consolatio
636 900 698 933 pro
715 886 934 924 iunioribus,
961 890 994 916 et
1010 879 1230 921 adhortatio,
1255 886 1297 914 ut

308 945 374 981 Dei
398 945 489 978 dona
514 944 730 975 conservent.
783 935 940 978 Cogitate
969 944 1118 978 quaeso,
1154 931 1296 977 quando

310 996 391 1030 estis
415 996 451 1027 in
473 990 644 1026 cubiculis
666 987 790 1021 vestris
813 997 891 1019 cum
910 985 1026 1028 parvis
1045 983 1155 1023 natis,
1184 993 1296 1027 quan-

310 1054 385 1081 tum
410 1046 543 1078 bonum
565 1039 632 1073 hoc
655 1039 718 1079 sit,
747 1038 839 1082 quod
865 1035 959 1068 scitis
983 1032 1048 1067 hos
1074 1033 1240 1077 parvulos
1257 1044 1298 1065 ex

310 1096 413 1129 vobis
440 1100 561 1133 natos,
595 1097 748 1123 vestrum
784 1086 1014 1130 sanguinem,
1047 1085 1184 1128 placere
1210 1082 1299 1122 Deo,

311 1159 383 1181 esse
400 1146 491 1179 cives
507 1142 603 1186 regni
620 1139 777 1174 coelestis
789 1165 796 1179 ,
827 1136 998 1171 custodiri
1019 1147 1078 1168 eos
1094 1147 1112 1168 a
1133 1135 1205 1167 filio
1222 1133 1300 1174 Dei,

313 1205 347 1232 et
377 1198 421 1230 ab
445 1194 591 1237 Angelis
623 1190 772 1231 sanctis,
805 1194 839 1222 et
869 1194 1012 1232 propter
1035 1197 1093 1219 eos
1117 1185 1299 1218 vobiscum

312 1248 466 1292 Angelos
482 1244 653 1278 habitare.
1247 1285 1254 1291 ι

415 1295 559 1331 Diaboli
578 1292 794 1327 insidiantur
809 1289 857 1323 eis
870 1287 1102 1327 horribiliter,
1129 1286 1188 1319 sed
1207 1285 1299 1318 filins

313 1349 383 1384 Dei
406 1346 557 1392 protegit
579 1356 639 1378 sua
660 1342 835 1381 membra,
863 1340 952 1372 sicut
970 1339 1073 1372 etiam
1091 1337 1192 1370 dicit:
1222 1335 1299 1368 An-

314 1400 382 1443 geli
414 1409 534 1431 eorum
560 1395 682 1427 vident
704 1392 828 1425 faciem
854 1389 978 1423 Patris.
1045 1387 1114 1431 Ipsi
1140 1393 1300 1430 parentes

315 1452 485 1484 fatentur:
521 1453 590 1479 tam
622 1443 732 1477 multa
765 1452 836 1474 esse
866 1446 1030 1473 natorum
1055 1437 1228 1481 pericula,
1262 1443 1301 1469 ut

316 1500 416 1534 nulla
441 1496 622 1539 diligentia
648 1491 802 1526 humana
825 1491 999 1524 sufficeret
1018 1489 1060 1521 ad
1081 1500 1139 1521 eos
1156 1499 1301 1520 servan-

317 1553 398 1591 dos,
425 1549 493 1582 nisi
516 1560 533 1580 a
549 1545 624 1580 Deo
649 1543 920 1577 custodirentur.
975 1539 1069 1572 Haec
1088 1550 1188 1582 saepe
1207 1537 1301 1581 cogi-

316 1603 424 1636 tanda
446 1604 543 1634 sunt,
577 1603 611 1629 et
633 1593 792 1627 addenda
816 1591 992 1636 precatio,
1020 1596 1052 1622 et
1078 1588 1152 1621 Deo
1177 1589 1301 1629 gratis-

318 1653 404 1686 sima
429 1657 478 1683 est
504 1648 564 1681 illa
588 1644 763 1678 invocatio
787 1650 865 1677 tuae
890 1640 1100 1674 domesticae
1118 1637 1303 1678 Ecclesiae,

319 1709 503 1746 parentum
521 1698 667 1740 gemitus
685 1702 717 1728 et
733 1706 799 1727 vox
816 1693 1003 1727 coniuncta
1020 1702 1098 1723 cum
1119 1702 1200 1723 voce
1217 1701 1301 1733 pue-

318 1765 453 1787 rorum.

319 1803 405 1838 haec
423 1803 530 1835 dicta:
561 1798 703 1832 Talium
722 1803 772 1829 est
789 1806 935 1838 regnum
954 1793 1143 1827 coelorum.
1198 1790 1302 1825 Item:

319 1855 400 1888 Non
428 1860 477 1886 est
501 1851 665 1883 voluntas
683 1846 814 1887 Patris,
842 1852 879 1878 ut
904 1850 1020 1888 pereat
1044 1855 1136 1876 unus
1157 1843 1200 1875 de
1225 1853 1305 1885 par-

320 1905 412 1939 vulis
431 1903 515 1936 istis.

569 1992 617 2016 Ad
651 1989 814 2014 iuniores
842 1985 1058 2011 adhortatio.

424 2056 493 2091 Sed
519 2053 637 2087 audite
660 2063 720 2085 vos
741 2050 916 2090 iuniores,
945 2061 1016 2081 non
1035 2047 1161 2080 sufficit
1182 2058 1308 2090 parcn-

322 2117 396 2143 tum
422 2105 620 2147 diligentia,
648 2104 674 2136 si
702 2114 762 2134 vos
789 2101 852 2144 ipsi
879 2100 982 2132 ctiam
1009 2111 1079 2130 non
1103 2098 1208 2130 vultis
1226 2097 1307 2131 reti·
1331 2104 1333 2120 =

323 2172 405 2193 nere
429 2157 493 2191 Dei
524 2157 639 2195 dona,
672 2153 698 2186 si
731 2164 802 2184 non
833 2151 938 2183 vultis
963 2150 1104 2181 discere.
1168 2147 1253 2181 ltem
1278 2148 1305 2181 si

323 2210 429 2245 vultis
447 2207 624 2241 offendere
643 2212 673 2238 et
692 2202 897 2236 contristare·
915 2200 1086 2243 Spiritum
1105 2206 1275 2232 sanctum.

428 2258 498 2291 Vos
531 2257 636 2298 igitur
665 2261 801 2293 curate,
838 2260 874 2285 ut
906 2251 1080 2284 retineatis
1113 2252 1204 2282 dona
1232 2247 1332 2282 Dei.'

323 2311 482 2353 Cogitate
506 2314 675 2353 quantum
702 2306 833 2337 bunum
858 2302 921 2337 sit,
950 2302 1042 2345 quod
1065 2301 1205 2346 placi-tis
1223 2299 1308 2340 Deo,

325 2363 418 2408 quo-l
438 2361 531 2394 Deus
554 2369 615 2390 vus
639 2356 774 2389 exaudit
790 2382 797 2393 ,
824 2355 935 2386 ‹tom-c
961 2351 1117 2384 retinetis
1135 2351 1305 2395 Spiritum

325 2420 480 2447 sanctuni
518 2410 552 2441 iu
579 2407 750 2451 baptismo
782 2411 972 2446 arreptum.
1049 2401 1178 2434 Contra
1203 2414 1306 2446 quatu

325 2461 509 2497 horribilis
534 2459 672 2492 mist-ria
697 2457 757 2493 sit,
786 2468 857 2487 non
886 2454 1020 2497 placeri·
1039 2452 1134 2490 Dru,
1163 2466 1231 2485 unu
1251 2465 1307 2484 vx-

326 2513 439 2548 audiri
474 2524 491 2544 a
525 2509 620 2548 Deo,
666 2519 737 2540 csse
768 2506 944 2549 captivum
981 2503 1135 2536 Diaboli.
1215 2502 1308 2535 llaec

326 2575 459 2598 summa
487 2561 576 2594 mala
603 2560 708 2592 vitate
731 2557 827 2589 omni
844 2568 936 2589 cura.
991 2552 1034 2587 ΕΙ
1055 2554 1153 2586 vobis
1169 2565 1308 2598 qunque

327 2616 512 2654 ditigvutor
538 2610 708 2644 inc-ulmtr-
734 2606 816 2640 liarc
841 2608 950 2639 dicta:
982 2605 1058 2637 Non
1079 2612 1124 2637 est
1148 2605 1308 2636 voluutas

330 2665 461 2706 Patris,
496 2670 533 2696 ut
557 2667 673 2707 percat
699 2671 788 2693 uuus
811 2659 852 2691 de
875 2656 1032 2702 parvulis
1060 2655 1143 2688 istis.

893 90 1017 125 PHtL.
1045 86 1161 124 MEL.
1189 85 1400 124 SCRIPTA
1426 78 1728 124 EXEGETICA.

506 1748 552 1782 Et
579 1749 615 1780 in
641 1746 798 1791 quolibet
824 1743 986 1776 cubiculo
1006 1741 1111 1774 scribi
1130 1741 1303 1773 debebant
1328 1753 1329 1763 ¹

1207 2655 1309 2697 Agite
1331 2682 1333 2694 ἱ

2251 89 2327 127 928

1338 173 1467 218 gratias
1481 172 1576 216 Deo,
1603 181 1636 209 et
1663 172 1842 208 accendite
1865 172 2124 208 invocationem
2149 174 2187 209 in
2211 176 2329 211 cordi-

1340 226 1405 259 bus
1422 225 1568 266 vestris,
1595 231 1627 259 et
1644 237 1763 259 curam
1783 224 1961 258 retinendi
1979 225 2071 258 dona
2087 224 2166 262 Dei.

1440 274 1714 309 Iteminculcate
1735 275 1837 309 vobis
1864 282 1896 309 et
1922 273 1989 309 hoc
2015 276 2168 311 dictum:
2196 275 2252 311 Ex
2268 289 2329 311 ore

1340 325 1532 359 infantium
1548 333 1580 359 et
1603 326 1808 360 lactentium
1832 326 2007 370 perfecisti
2031 327 2184 363 laudem.
2235 327 2332 362 Deus

1340 375 1418 409 vult
1432 387 1450 409 a
1467 376 1567 409 vobis
1584 377 1724 419 agnosci
1741 384 1773 410 et
1788 377 1958 410 invocari.

1393 447 1447 482 El
1465 461 1535 483 ecce
1554 461 1649 483 unus
1666 447 1836 485 accedens
1853 450 1907 484 ait
1926 449 2003 484 illi:
2030 448 2219 497 Ilffagt'sler
2232 450 2334 494 bone,

1444 498 1536 548 quid
1549 498 1794 547 bonifacium
1808 526 1817 541 ,
1846 506 1883 535 ul
1908 498 2066 535 habeam
2085 501 2198 536 witam
2217 507 2331 537 aeter-

1449 563 1535 584 nam
1565 555 1626 586 etc,

1452 626 1496 661 In
1527 625 1592 662 hac
1625 625 1773 663 historia
1807 628 1992 674 multiplex
2023 630 2183 664 doctrina
2221 630 2335 664 conti-

1346 684 1463 714 netur.

1450 728 1592 763 Primus
1612 729 1780 763 articulus
1807 736 1858 764 est
1883 728 2110 774 reprehensio
2127 729 2335 777 hypocrisis,

1349 792 1428 814 cum
1443 777 1605 814 Christus
1621 781 1722 814 dicit:
1751 779 1870 823 Quare
1886 792 1942 813 me
1957 793 2058 814 vocas
2074 781 2232 815 bonum?
2257 780 2336 817 Etsi

1349 831 1444 864 enim
1471 842 1592 864 verum
1619 831 1758 864 dicebat
1782 831 1865 870 iste,
1906 838 2022 865 tamen
2048 832 2129 877 quia
2152 844 2225 865 non
2250 844 2333 866 vero

1350 881 1454 914 corde
1471 881 1630 921 dicebat,
1653 879 1936 927 reprehenditur.
1970 881 2052 915 Non
2068 883 2161 915 enim
2182 883 2334 917 interro-

1350 938 1423 975 gat,
1450 938 1489 965 ut
1505 932 1741 975 obtemperet,
1769 933 1827 965 sed
1847 933 1962 966 statim
1982 944 2102 966 rursus
2119 933 2276 974 discedit,
2303 940 2337 968 et

1350 994 1423 1016 non
1441 982 1573 1016 iudicat
1593 993 1664 1015 esse
1688 983 1821 1016 bonum
1846 983 2071 1026 magistrum,
2098 983 2179 1028 quia
2205 985 2336 1018 doctri-

1351 1044 1432 1066 nam
1452 1033 1526 1066 eius
1549 1045 1630 1066 mox
1647 1033 1786 1067 deserit.
1836 1031 2003 1078 Requirit
2027 1041 2141 1067 autem
2158 1032 2253 1068 Deus
2275 1047 2337 1068 ve-

1351 1084 1490 1117 ritatem
1508 1083 1642 1124 cordis,
1670 1090 1704 1117 et
1729 1095 1801 1117 non
1825 1084 1902 1117 vult
1926 1084 2083 1117 invocari
2107 1084 2194 1118 falso
2220 1087 2336 1124 corde,

1352 1133 1487 1168 etiamsi
1502 1146 1603 1167 verae
1619 1134 1739 1167 laudes
1759 1134 1789 1167 ei
1809 1134 2030 1175 tribuantur,
2056 1135 2146 1169 sicut
2168 1136 2337 1180 scriptum

1351 1191 1418 1219 est:
1447 1183 1581 1227 Diligas
1599 1184 1789 1218 Dominum
1808 1184 1919 1218 Deum
1943 1197 1982 1218 ex
2001 1192 2074 1219 toto
2093 1187 2208 1220 corde.

1453 1235 1637 1269 Secundus
1661 1235 1830 1268 articulus
1846 1236 1889 1268 de
1907 1235 2018 1270 dicto:
2047 1235 2085 1270 Si
2104 1236 2156 1269 vis
2174 1237 2212 1270 in
2230 1236 2337 1271 vitam

1354 1286 1514 1329 ingredi,
1542 1298 1639 1319 serva
1656 1287 1833 1321 mandata.

1456 1335 1591 1369 Multae
1622 1337 1876 1380 disputationes
1900 1337 1943 1370 de
1974 1334 2042 1371 hoc
2066 1338 2159 1371 dicto
2189 1338 2339 1372 traditae

1352 1392 1455 1425 sunt,
1482 1393 1514 1419 et
1534 1384 1702 1419 Monachi
1721 1387 1803 1420 inde
1821 1394 2065 1421 exstruxerunt
2081 1385 2171 1421 hanc
2186 1386 2338 1432 phanta—

1352 1437 1455 1477 siam,
1490 1437 1583 1481 quod
1610 1434 1771 1469 homines
1800 1437 1934 1480 possint
1957 1437 2021 1480 legi
2045 1438 2108 1472 Dei
2131 1439 2339 1480 satisfacere,

1353 1494 1385 1521 et
1408 1488 1502 1532 quod
1527 1494 1669 1531 propter
1700 1487 1939 1531 impletionem
1970 1487 2056 1530 legis
2079 1486 2240 1522 homines
2269 1489 2340 1522 sal—

1354 1545 1494 1571 ventur.
1537 1536 1604 1571 Sed
1623 1539 1907 1582 quandocunque
1925 1538 1961 1570 fit
1978 1539 2109 1571 mentio
2126 1539 2232 1582 legis,
2258 1539 2339 1573 niox

1356 1588 1567 1621 intuendum
1585 1595 1634 1621 est
1654 1588 1786 1621 dictum
1805 1587 1923 1620 Pauli:
1956 1587 2055 1621 Finis
2072 1589 2156 1632 legis
2171 1596 2220 1623 est
2236 1587 2340 1623 Chri-

1355 1646 1445 1679 stus,
1480 1639 1515 1671 id
1542 1645 1610 1675 est,
1645 1639 1719 1671 sine
1744 1638 1924 1681 agnitione
1955 1637 2020 1672 filii
2048 1639 2129 1679 Dei,
2164 1651 2279 1685 neque
2303 1641 2341 1675 fit

1356 1690 1430 1727 lex,
1454 1701 1567 1733 neque
1586 1690 1736 1732 prodest.
1789 1689 1857 1722 sed
1882 1689 1935 1722 lex
1957 1696 2006 1723 est
2029 1690 2126 1730 data,
2156 1697 2195 1724 ut
2221 1703 2341 1735 pecca-

1357 1747 1430 1774 tum
1448 1740 1550 1773 nobis
1567 1741 1748 1779 ostendat,
1775 1747 1808 1773 et
1832 1738 2003 1783 significet
2026 1739 2193 1774 Messinm
2218 1749 2344 1775 ventu-

1356 1803 1455 1829 rum,
1483 1798 1520 1824 ut
1545 1791 1643 1823 tollat
1662 1797 1858 1834 peccatum,
1891 1797 1925 1824 et
1950 1802 2029 1823 vere
2051 1791 2237 1826 satisfaciat
2264 1793 2344 1836 legi,

1357 1849 1389 1875 et
1413 1841 1570 1874 innubis
1597 1853 1670 1874 eam
1698 1842 1867 1875 restituat.
1925 1840 2024 1875 Sicut
2046 1842 2206 1876 victimae
2227 1845 2344 1877 mani-

1357 1893 1442 1926 scste
1474 1893 1716 1935 significabant
1749 1899 1896 1925 mortem
1925 1890 2076 1925 Messiae
2116 1905 2179 1936 pro
2213 1894 2342 1928 nostris

1360 1944 1515 1987 peccatis.
1574 1941 1620 1975 Et
1643 1953 1764 1975 omnes
1788 1949 1878 1975 recte
1903 1942 2054 1976 instituti
2081 1944 2237 1977 sciebant
2266 1944 2343 1979 illas

1360 1995 1533 2031 victimas,
1557 2005 1664 2034 agnos
1682 2000 1712 2025 et
1733 1993 1862 2026 vitulos
1887 2005 1958 2025 non
1977 1993 2099 2026 tollere
2118 2001 2267 2037 peccata.

1464 2043 1572 2087 igitur
1597 2042 1825 2077 hocdictum:
1859 2043 1897 2076 Si
1925 2043 1975 2076 vis
2001 2044 2135 2086 ingredi
2161 2045 2197 2077 iu
2223 2045 2343 2085 vitam,

1358 2107 1456 2128 serva
1489 2095 1670 2132 mandata,
1720 2094 1769 2127 =sic
1803 2093 2040 2135 intelligatur,
2080 2102 2117 2129 ut
2143 2095 2345 2131 includatur

1359 2147 1563 2178 mandatum
1587 2146 1629 2178 de
1653 2145 1724 2177 filio
1743 2144 1805 2178 Dei
1830 2145 2026 2184 audiendo,
2058 2157 2118 2178 seu
2145 2147 2187 2179 de
2214 2147 2280 2180 fide
2306 2147 2344 2181 in

1359 2197 1469 2230 filium
1496 2196 1571 2230 Dci.
1633 2196 1740 2229 Serva
1772 2197 1954 2232 mandata.
1989 2196 2117 2230 scilicet
2142 2197 2243 2230 ctiam
2273 2198 2345 2242 pri-

1359 2261 1454 2280 inuin
1480 2248 1683 2279 mandatum
1702 2248 1744 2279 de
1763 2246 1827 2278 fide
1845 2247 1879 2278 iu
1898 2246 2008 2279 fitium
2024 2245 2102 2282 Dei.
2156 2246 2231 2281 Huc
2246 2261 2345 2282 com-

1361 2296 1553 2341 prehenso,
1588 2298 1698 2330 facilis
1725 2303 1773 2330 est
1806 2297 2012 2329 declaratio:
2041 2298 2076 2331 si
2104 2297 2152 2330 xis
2176 2299 2212 2331 iu
2236 2299 2343 2333 vitain

1362 2349 1515 2391 ingredi,
1549 2361 1645 2381 serva
1683 2348 1865 2386 mandata,
1901 2348 2028 2380 scilicet
2063 2348 2215 2391 primuni
2244 2351 2346 2384 crede

1362 2401 1395 2432 iu
1417 2400 1526 2432 fitium
1548 2399 1632 2438 Dei,
1660 2399 1788 2431 deinde
1807 2398 1911 2430 facias
1936 2405 2067 2431 sat-trra
2096 2411 2200 2443 opera
2226 2402 2344 2434 ‹lect-in

1361 2458 1644 2494 praecepturum,
1671 2460 1760 2493 quae
1789 2460 1989 2493 quanquam
2015 2457 2116 2483 crunt
2145 2450 2345 2495 imperfecta

1360 2509 1390 2535 ct
1411 2500 1511 2533 vaide
1535 2500 1717 2542 languida,
1756 2507 1898 2543 proptor
1922 2511 2082 2540 maguam
2108 2501 2346 2535 infirmitatem

1361 2560 1533 2590 nostram,
1568 2558 1682 2583 tamen
1707 2549 1780 2582 Deo
1814 2550 2020 2593 placebunt,
2055 2551 2135 2596 quia
2166 2553 2278 2585 credis
2310 2554 2345 2586 iu

1360 2604 1490 2640 lilium.
1527 2609 1557 2635 ct
1584 2599 1690 2634 lialws
1716 2601 1956 2633 remissionem
1981 2608 2221 2645 peccatorum,
2255 2611 2286 2638 et
2310 2615 2346 2638 es

1359 2655 1468 2687 factus
1489 2651 1607 2686 liat-res
1628 2653 1717 2685 vitae
1735 2660 1912 2692 aeternae,
1941 2659 2083 2697 propter
2108 2652 2230 2690 filium.
