2409 2915
99 137 172 173 729
345 136 426 173 XII.

96 234 195 256 mum
213 222 369 269 quaerite
387 232 533 265 regnum
552 221 641 262 Dei,
675 227 708 255 et
723 227 855 255 caetera
872 221 1085 255 adiicientur

97 274 208 309 vobis.

199 331 321 366 Tertia
336 342 437 365 causa
459 337 527 371 est,
553 337 593 364 ut
613 330 700 364 fides
725 336 759 363 et
783 330 959 365 invocatio
986 342 1084 364 exer-

98 390 242 418 ceantur
258 383 295 415 in
313 382 519 427 quotidiana
535 381 750 428 necessitate,
769 382 806 414 in
824 383 973 427 petenda
992 393 1083 425 pace,
1107 395 1110 414 1

97 435 212 476 victu,
238 435 329 467 bona
353 432 572 473 valetudine,
607 433 822 466 successibus
846 434 883 466 in
908 434 1083 476 guberna—

97 486 204 519 tione.
256 483 306 517 lta
323 483 453 517 milites
471 490 590 527 petant
607 495 784 517 successus
802 484 838 516 in
854 485 1000 528 praelio,
1030 495 1082 516 se—

96 543 236 570 natores
253 534 461 578 sapientiam
478 534 515 567 in
532 535 650 568 dando
677 535 826 568 consilio
851 542 884 569 et
907 536 1081 578 guberna-

95 587 210 624 tione,
243 585 404 618 doctores
426 592 459 618 et
487 585 652 630 discipuli
670 585 708 618 in
731 586 873 626 studiis,
908 593 970 619 etc.
1034 584 1081 619 Ut

93 635 188 670 Deus
203 635 240 668 in
257 632 314 669 his
330 636 435 669 bonis
452 635 661 677 innotescat,
688 648 727 669 ac
745 644 972 670 exerceantur
987 637 1082 677 fides,

92 686 285 727 invocatio,
311 692 344 720 et
361 687 553 730 gratiarum
571 687 659 722 actio
676 700 740 732 pro
756 688 945 723 beneficiis-

191 753 326 798 Quarta
350 767 470 794 causa,
506 756 588 801 quia
605 755 701 789 Deus
724 757 817 797 vult,
845 757 882 789 in
904 754 959 789 his
983 767 1080 788 exer-

91 864 124 890 et
145 856 287 890 accendi
310 857 454 890 alteram
478 858 581 891 fidem
605 858 844 902 spiritualem,
870 859 913 891 de
930 857 1079 902 promis-

91 907 192 941 sione
208 914 368 948 aeterna,
402 920 461 941 seu
488 909 532 941 de
557 909 861 942 reconciliatione:
897 915 1081 942 servantur
1106 928 1107 938 1

90 969 184 991 emm
217 970 384 1006 corpora’
422 959 592 1000 samlhae'
635 960 800 1003 9⁰l¹l¹⁷³e’
833 966 872 993 Ut
895 959 1080 1002 comgamr
1132 989 1231 1015 erant
1249 982 1370 1015 inanes
1384 981 1651 1025 imaginationes
1668 979 1822 1015 hostium
1845 980 2031 1020 leremiae,
2058 979 2119 1023 qui

89 1016 229 1043 aeterna
239 1007 410 1045 Ecclesia.
447 1008 531 1043 Ideo
549 1022 686 1054 semper
705 1011 823 1054 regula
843 1011 995 1044 tenenda
1014 1015 1078 1042 est:

88 1060 130 1094 In
147 1060 316 1105 petitione
334 1061 572 1104 corporalium
591 1062 766 1094 bonorum
791 1068 954 1105 oportere
977 1071 1079 1104 prae-

87 1111 204 1145 lucere
224 1111 351 1151 fidem,
379 1123 468 1156 quae
491 1112 618 1154 accipit
641 1112 910 1156 promissionem
937 1111 1078 1154 gratiae,

87 1174 148 1196 seu
164 1173 233 1207 qua
251 1161 421 1206 accipitur
438 1163 598 1195 remissio
617 1170 838 1205 peccatorum
863 1163 970 1206 gratis
995 1174 1077 1206 pro-

86 1219 165 1257 pter
184 1211 436 1246 Mediatorem:
471 1225 533 1257 per
556 1225 658 1258 quem
685 1221 717 1247 et
742 1220 885 1257 propter
910 1225 1014 1258 quem
1039 1213 1076 1244 in

86 1262 152 1297 hac
170 1263 240 1296 vita
265 1276 406 1308 quoque
432 1271 591 1297 servatur
606 1263 782 1303 Ecclesia,
818 1265 913 1297 iuxta
942 1264 1075 1296 dictum

86 1313 187 1347 Pauli
207 1316 241 1348 2.
253 1312 417 1349 Corinth.
438 1315 486 1349 1.:
516 1313 557 1347 In
573 1312 714 1348 Christo
731 1326 853 1347 omnes
871 1314 1075 1358 promissio-

86 1376 148 1397 nes
166 1371 246 1398 sunt
265 1371 370 1399 ratae.

186 1420 289 1456 Ordo
307 1422 415 1465 igitur
431 1433 548 1455 rerum
565 1422 797 1465 petendarum
815 1421 895 1455 talis
911 1427 976 1454 est:
996 1420 1076 1454 Pri-

81 1485 179 1507 mum
197 1479 356 1516 petamus
371 1472 613 1506 remissionem
630 1479 853 1520 peccatorum
870 1478 904 1506 et
918 1472 1075 1505 reconci-

83 1524 287 1567 liationem,
315 1531 348 1557 et
366 1535 444 1557 cum
464 1521 519 1556 his
538 1523 643 1557 bonis
659 1524 773 1556 lucem
790 1522 946 1568 Spiritus
964 1523 1075 1556 sancti

81 1575 330 1610 accendentem
350 1581 383 1608 et
398 1574 665 1608 confirmantem
681 1574 719 1607 in
735 1574 840 1608 nobis
857 1574 1074 1617 agnitionem

81 1626 173 1666 Dei,
199 1625 319 1667 fidem,
347 1625 532 1665 timorem,
556 1625 802 1668 tolerantiam,
837 1625 1075 1666 dilectionem,

81 1676 364 1717 invocationem,
399 1676 614 1715 castitatem,
641 1682 706 1711 etc.
762 1675 926 1720 Denique
950 1686 1074 1718 regen-

81 1735 150 1762 tem
168 1738 252 1768 nos,
279 1727 316 1759 in
334 1726 529 1768 vocatione,
555 1732 588 1759 et
605 1726 642 1758 in
658 1726 825 1760 omnibus
843 1726 1011 1766 consiliis,
1035 1726 1073 1759 in

81 1779 260 1818 docendo,
301 1778 338 1810 in
369 1778 520 1821 regenda
550 1777 742 1821 republica.
810 1775 974 1810 Secundo
996 1777 1073 1810 loco

80 1836 240 1875 petamus
256 1835 289 1862 et
307 1829 401 1862 bona
420 1827 614 1872 corporalia
625 1854 634 1869 ,
662 1826 862 1860 communia
878 1835 911 1862 et
926 1828 1072 1872 privata,

80 1892 200 1925 pacem
228 1892 347 1913 earum
378 1879 562 1922 regionum
575 1905 584 1919 ,
626 1890 716 1924 quae
743 1877 911 1912 Ecclesiis
944 1885 977 1911 et
1005 1879 1072 1922 piis

78 1930 205 1966 studiis
220 1928 413 1974 hospitium
432 1931 620 1974 praebent,
654 1929 871 1963 fertilitatem
895 1941 1071 1973 agrorum,

79 1988 299 2027 tempestates
324 1982 530 2022 foecundas,
565 1981 697 2013 bonam
723 1980 982 2020 valetudinem,
1018 1981 1071 2012 vi-

79 2040 171 2067 ctum
183 2059 192 2074 ‚
218 2044 395 2066 successus
410 2032 448 2065 in
464 2031 772 2065 administratione
790 2038 909 2065 nostra
928 2031 1070 2075 politica

79 2090 112 2118 et
137 2084 382 2122 oeconomica,
422 2083 663 2116 defensionem
688 2082 901 2121 liberorum,
945 2083 1070 2123 famae,

78 2134 339 2179 possessionum
351 2161 360 2174 ,
403 2131 586 2168 honestam
620 2134 801 2167 civitatum
832 2133 1069 2177 disciplinam,

79 2192 111 2219 et
136 2184 370 2230 tranquillum
396 2185 553 2227 regimen
577 2184 698 2225 civile,
738 2191 776 2217 ut
804 2185 835 2217 1.
853 2182 1013 2218 Timoth.
1032 2186 1067 2218 2.

77 2236 226 2276 dicitur,
253 2242 293 2270 ut
310 2235 540 2280 tranquillam
558 2241 591 2268 et
615 2235 768 2280 quietam
795 2235 902 2269 vitam
926 2247 1069 2278 agamus

77 2287 114 2320 in
131 2287 230 2321 omni
247 2288 375 2331 pietate
392 2292 425 2320 et
443 2283 638 2320 honestate.

177 2353 258 2388 Huc
283 2355 445 2388 addenda
469 2360 519 2387 est
543 2353 741 2387 admonitio
763 2353 807 2386 de
830 2365 927 2386 mora
961 2360 993 2387 et
1024 2355 1067 2387 de

77 2407 182 2440 modo
203 2406 443 2440 liberationis:
481 2405 564 2450 quia
589 2404 691 2437 fidem
718 2404 882 2448 inprimis
907 2412 1067 2439 exercent

77 2457 166 2491 duae
192 2457 477 2491 circumstantiae
501 2456 538 2489 in
563 2456 735 2500 petendo,
769 2455 948 2489 videlicet:
990 2469 1066 2490 mo—

76 2509 142 2542 dus
169 2515 201 2542 et
225 2515 381 2553 tempus,
423 2515 480 2549 ut,
524 2507 642 2541 Moses
668 2504 759 2540 nihil
784 2507 902 2539 minus
927 2507 1066 2550 cogitat,

77 2571 180 2604 quam
209 2571 244 2592 se
280 2559 513 2604 quadraginta
544 2559 648 2591 annis
678 2570 757 2591 cum
780 2564 875 2591 tanta
902 2558 1066 2592 multitu-

76 2609 158 2642 dine
178 2610 214 2643 in
231 2610 338 2644 tantis
355 2609 533 2644 aerumnis
551 2609 588 2642 in
606 2610 744 2643 deserto
756 2615 962 2650 vagaturum
981 2621 1063 2644 esse.

77 2657 146 2693 Sed
169 2667 283 2705 sperat
307 2661 463 2694 fortassis
487 2660 593 2694 unius
618 2660 748 2694 mensis
773 2661 839 2693 iter
863 2660 948 2695 sore.

489 133 882 171 ANNOTATIONES
908 132 976 169 ET
1003 130 1285 169 CONCIONES
1314 132 1363 168 IN
1389 131 1573 170 EVANG.
1601 132 1881 168 MATTHAEl.

1004 2660 1063 2695 Sic
1086 2678 1090 2708 Ι
1117 2661 1181 2695 cia.

2053 132 2126 166 730

1136 217 1218 250 rimi
1244 219 1409 252 omnibus
1434 220 1672 263 temporibus,
1715 231 1820 264 quam
1851 219 1918 263 ipsi
1948 218 2123 261 cogitave-

1135 275 1230 304 runt.
1286 268 1371 303 Vult
1386 271 1480 303 enim
1499 269 1594 303 Deus
1610 279 1705 303 suam
1724 270 1958 314 praesentiam
1979 270 2120 313 agnosci

1108 316 1110 338 ³
1134 320 1172 352 in
1183 317 1348 360 Ecclesia,
1366 328 1399 354 et
1414 333 1431 353 a
1444 332 1479 353 se
1496 321 1567 364 peti
1583 327 1615 353 et
1632 321 1820 364 exspectari
1837 320 2018 361 auxilium,
2044 321 2120 353 vult

1135 371 1287 403 exerceri
1314 371 1435 412 fidem,
1468 371 1725 404 invocationem
1751 379 1785 405 et
1807 383 1923 416 spem,
1958 383 2022 404 nec
2043 371 2120 404 vult

1135 422 1279 454 consilia
1298 419 1466 462 humana,
1492 434 1553 455 seu
1568 422 1795 463 cogitationes
1815 420 1988 455 humanas
2003 422 2120 455 domi-

1134 472 1214 506 nari
1233 473 1269 504 in
1289 473 1546 515 gubernatione
1564 473 1672 506 vitae:
1697 473 1756 505 sed
1776 473 1852 506 vult
1869 473 1969 513 sciri,
1995 471 2119 506 Eccle-

1134 523 1220 556 siam
1241 524 1413 557 divinitus
1427 525 1519 566 regi,
1546 524 1634 557 sicut
1650 522 1778 556 Psalm.
1796 522 1830 558 4.
1849 523 1978 567 inquit:
2014 523 2120 556 Miri-

1134 574 1211 608 ficat
1226 574 1401 608 Dominus
1417 581 1576 608 sanctum
1594 586 1716 614 suum,
1742 574 1778 607 id
1799 581 1868 614 est,
1894 586 1967 606 non
1992 572 2119 606 huma—

1133 625 1188 658 nis
1213 626 1371 659 consiliis
1403 626 1529 659 liberat
1556 624 1671 664 Deus,
1714 626 1774 658 sed
1799 624 1971 657 mirandis
1995 625 2119 664 modis,

1133 687 1221 721 quos
1245 689 1319 709 non
1342 683 1455 721 potest
1480 674 1634 709 humana
1659 676 1749 709 ratio
1772 676 1984 720 prospicere.
2038 673 2119 707 Non

1132 727 1240 769 igitur
1258 729 1318 761 dat
1335 735 1480 761 eventus
1496 738 1594 760 mox:
1622 734 1654 760 et
1673 727 1714 760 iis
1730 727 1861 767 modis,
1889 737 1974 771 quas
1992 725 2119 768 cogitat

1105 801 1108 812 v
1132 776 1288 812 humana
1313 779 1424 812 ratio:
1462 779 1520 811 sed
1545 785 1679 811 exercet
1703 789 1786 816 nos,
1819 785 1859 811 ut
1883 777 1952 811 fide
1975 777 2018 809 ab
2042 777 2118 820 ipso

90 813 181 839 cuns
197 806 427 850 petendarum
447 819 565 840 rerum
590 808 846 851 corporahum’
880 807 1080 840 confirmam
1106 826 1107 855 Ῐ
1132 830 1363 873 pendeamus,
1389 841 1461 863 non
1478 840 1640 872 regamur
1658 828 1787 862 nostris
1803 828 2045 873 opinionibus,
2069 834 2119 867 ut,

1132 892 1334 925 quanquam
1361 880 1572 924 promiserat
1595 877 1701 912 Deus
1734 891 1770 912 se
1801 885 2019 912 servaturum
2046 888 2118 910 esse

1132 931 1276 975 stirpem
1298 930 1403 971 Iuda,
1437 932 1550 964 donec
1574 937 1775 963 nasceretur
1797 930 1966 969 Messias,
2001 936 2119 962 tamen

1132 1033 1378 1077 disputabant,
1418 1045 1492 1066 non
1518 1044 1617 1077 posse
1643 1032 1753 1065 deleri
1777 1032 1949 1076 templum
1971 1037 2003 1064 et
2027 1029 2119 1074 poli-

1133 1084 1215 1117 tiam
1242 1084 1315 1117 eius
1339 1084 1524 1128 temporis3
1558 1089 1695 1127 poterat
1719 1083 1815 1115 enim
1838 1081 1933 1116 Deus
1960 1082 2062 1114 aliter
2085 1087 2120 1113 et

1104 1160 1105 1163 η
1131 1146 1287 1175 servare,
1315 1142 1347 1168 et
1365 1135 1547 1168 restituere
1565 1146 1661 1174 eam,
1687 1146 1790 1178 quam
1814 1133 1883 1177 ipsi
1907 1132 2117 1176 cogitabant.

1131 1185 1200 1219 Sed
1217 1186 1336 1228 regula
1352 1187 1502 1219 tenenda
1520 1191 1569 1218 est
1586 1186 1628 1218 de
1644 1184 1935 1218 circumstantiis:
1964 1184 2119 1216 Abacuc.

1129 1237 1183 1269 2:
1210 1236 1249 1270 Si
1266 1248 1401 1269 moram
1420 1237 1553 1276 fecerit,
1581 1243 1738 1280 exspecta
1757 1247 1848 1275 eum,
1876 1234 1956 1279 quia
1975 1233 2119 1266 veniens

1130 1287 1265 1326 veniet,
1306 1293 1339 1320 et
1370 1298 1442 1318 non
1475 1286 1639 1319 tardabit.
1709 1285 1815 1324 Item,
1858 1285 1974 1319 Lucae
1994 1283 2052 1319 18.
2081 1284 2118 1316 in

1129 1337 1288 1379 exemplo
1313 1338 1355 1369 de
1381 1336 1497 1369 iudice
1523 1336 1620 1380 segni
1645 1344 1678 1370 et
1701 1337 1828 1376 vidua,
1871 1336 1934 1369 ubi
1958 1335 2117 1367 additur:

1129 1384 1282 1430 Oportet
1300 1398 1437 1430 semper
1453 1399 1554 1419 orare
1569 1393 1602 1420 et
1618 1399 1689 1419 non
1707 1387 1921 1429 languefieri.
1955 1385 2037 1418 Non
2053 1385 2119 1428 igi-

1129 1444 1187 1470 tur
1211 1444 1371 1470 nostrum
1395 1444 1443 1470 est
1467 1437 1704 1481 praescribere
1723 1435 1799 1470 Deo
1817 1437 1962 1470 modum
1980 1443 2013 1469 et
2031 1443 2119 1469 tem—

1127 1499 1211 1531 puS‚
1251 1489 1310 1521 sed
1339 1485 1423 1521 haec
1448 1488 1558 1532 ipsius
1591 1488 1740 1521 consilio
1765 1499 1910 1532 prorsus
1939 1497 2118 1520 commen-

1127 1539 1244 1571 danda
1271 1546 1370 1579 sunt,
1411 1545 1451 1572 ut
1473 1539 1567 1572 oculi
1591 1539 1704 1572 nostri
1728 1539 1871 1572 interim
1895 1550 1969 1571 non
1996 1548 2051 1571 res
2079 1548 2118 1570 ac

1127 1596 1293 1630 eventus,
1319 1590 1377 1623 sed
1389 1588 1504 1623 Deum
1521 1588 1748 1631 intueantur,
1776 1596 1809 1623 et
1826 1590 2058 1623 accendamur
2073 1588 2119 1620 ad

1128 1640 1399 1674 invocationem.
1453 1639 1570 1673 Huius
1592 1641 1733 1683 regulae
1757 1640 1955 1683 exemplum
1980 1639 2119 1672 illustre

1127 1697 1218 1724 extat
1245 1691 1282 1723 in
1305 1689 1452 1724 historia
1467 1688 1589 1725 Iudith
1611 1703 1683 1735 cap.
1698 1691 1750 1734 8.,
1777 1691 1839 1724 ubi
1855 1687 1975 1724 Iudith
1993 1688 2117 1722 obiur-

1126 1753 1211 1784 gans
1237 1741 1349 1785 cives,
1392 1742 1453 1786 qui
1479 1742 1553 1775 dies
1575 1742 1733 1787 quinque
1757 1740 1832 1774 Deo
1857 1741 2118 1786 praefinierant,

1126 1792 1259 1836 inquit:
1289 1792 1362 1835 Qui
1378 1793 1458 1825 estis
1476 1803 1555 1833 vos,
1581 1793 1643 1836 qui
1661 1791 2024 1832 tentatisDominum,
2050 1803 2116 1835 po-

1125 1843 1242 1877 suistis
1266 1850 1407 1887 tempus
1430 1843 1665 1877 miserationis
1682 1841 1850 1876 Domino.
1903 1841 1983 1876 Huc
2008 1842 2117 1886 perti-

1125 1901 1185 1928 net
1212 1894 1345 1928 dictum
1371 1892 1552 1937 Iosaphat‚
1585 1895 1621 1929 2.
1639 1893 1847 1929 Paral.20.:
1882 1891 1975 1927 Cum
2001 1893 2117 1925 nesci-

1124 1958 1202 1979 mus
1218 1945 1305 1990 quid
1323 1946 1497 1987 agendum
1519 1945 1583 1985 sit,
1611 1945 1704 1978 oculi
1725 1944 1838 1978 nostri
1856 1944 2051 1988 respiciunt
2073 1944 2115 1976 ad

1123 2004 1156 2030 te
1173 1995 1268 2029 Deus
1285 2002 1415 2030 noster.
1469 1995 1521 2028 Ac
1541 1993 1626 2028 haec
1644 1995 1717 2039 ipsa
1737 1995 1909 2029 sententia
1935 2007 2013 2027 cum
2038 1994 2117 2027 dul-

1124 2048 1299 2081 cissimam
1318 2046 1596 2080 consolationem
1614 2046 1808 2085 contineat,
1825 2058 1962 2090 semper
1978 2046 2015 2077 in
2033 2057 2116 2078 con-

1122 2105 1242 2143 spectu
1272 2098 1356 2130 insit
1388 2098 1554 2130 omnibus
1586 2098 1779 2140 ambiguis,
1831 2109 1920 2142 quae
1951 2094 2117 2129 humanis

1123 2149 1280 2182 consiliis
1299 2148 1460 2182 extricari
1488 2161 1561 2181 non
1587 2156 1753 2193 possunt:
1788 2147 1990 2181 cuiusmodi
2016 2147 2117 2179 valde

1122 2201 1231 2234 multa
1251 2197 1390 2232 homini
1407 2199 1584 2234 accidunt.

1223 2250 1423 2284 Postremo:
1460 2249 1609 2293 Quoties
1627 2251 1669 2282 de
1688 2249 1890 2294 precatione
1911 2248 2116 2291 cogitamus,

1121 2302 1335 2345 adiungatur
1362 2302 1554 2345 gratiarum
1583 2301 1695 2340 actio,
1739 2311 1828 2345 quae
1853 2299 1890 2331 in
1918 2311 2043 2342 genere
2067 2305 2116 2332 est

1119 2353 1310 2398 professio,
1338 2354 1432 2386 unde
1450 2353 1495 2385 sit
1513 2357 1691 2395 acceptum
1713 2350 1943 2394 beneficium,
1972 2357 2004 2383 et
2023 2349 2115 2383 obli-

1120 2416 1200 2448 gare
1225 2416 1296 2437 sese
1320 2405 1364 2439 ad
1389 2410 1510 2436 mutua
1539 2402 1663 2435 officia.
1731 2400 1822 2435 Nam
1848 2402 1936 2434 duae
1960 2412 2115 2433 summae

1119 2456 1266 2490 virtutes
1285 2451 1560 2499 comprehensae
1587 2459 1671 2486 sunt
1697 2452 1734 2485 in
1760 2464 1818 2492 ea,
1846 2464 1933 2496 quae
1953 2452 2115 2484 nomina-

1120 2513 1178 2540 tur
1199 2507 1396 2551 gratitudo,
1438 2505 1623 2543 videlicet,
1660 2504 1787 2537 veritas
1814 2509 1849 2536 et
1873 2503 2020 2535 iustitia:
2057 2514 2116 2534 ve-

1118 2558 1203 2592 ritas
1228 2558 1386 2602 agnoscit
1412 2557 1507 2589 uude
1533 2555 1728 2598 profectum
1755 2555 1798 2587 sit
1824 2554 2051 2594 beneficium,
2085 2560 2118 2586 et

1117 2616 1275 2643 autorem
1300 2609 1469 2641 celebrat:
1508 2606 1640 2640 iustitia
1668 2605 1801 2646 obligat
1826 2605 1867 2637 ad
1893 2611 2014 2638 mutua
2041 2603 2119 2637 osfi-

1241 2658 1336 2702 Ergo
1366 2659 1544 2701 ingratus,
1581 2664 1613 2690 et
1641 2657 1792 2689 mendax
1820 2661 1853 2688 et
1878 2655 2031 2689 iniustus
2058 2662 2118 2689 est.

77 2709 178 2754 longe
203 2712 305 2746 aliter
327 2712 467 2746 liberati
491 2719 573 2746 sunt
597 2709 742 2755 loseph,
771 2710 894 2751 Ionas,
923 2719 955 2746 et
980 2711 1061 2757 plu·
1085 2709 1089 2750 ζ
1115 2710 1202 2745 Vult
1219 2718 1334 2745 autem
1351 2708 1447 2743 Deus
1467 2709 1510 2742 ab
1530 2706 1741 2741 hominibus
1761 2706 1911 2750 intelligi
1931 2706 2119 2754 gratitudi-
