2409 2915
92 77 190 113 1077
380 75 460 115 XII.

512 73 905 112 ANNOTATIONES
931 75 995 111 ET
1022 71 1302 110 CONCIONES
1340 73 1390 110 ΙΝ
1422 72 1602 114 EVANG.
1629 73 1841 116 IOANNIS.

2022 83 2116 119 1078

92 162 356 203 descendimus,
385 169 436 197 est
457 162 572 207 ipsum
588 173 659 196 esse
675 162 809 202 sinum,
835 174 905 207 quo
922 162 1105 203 ferimur,l
1131 160 1327 204 exemplum
1358 161 1618 197 confirmandae
1643 163 1723 197 fidei
1750 165 1788 198 in
1817 167 1952 200 orando
1977 164 2114 202 exhibi-

92 215 181 248 sicut
197 212 323 247 Esaiae
338 212 484 249 XLV1.:
513 212 586 256 Qui
611 213 802 256 portamini
825 225 843 245 a
869 226 944 246 meo
967 219 1078 251 utero,

93 276 155 308 ego
179 265 262 303 feci,
287 275 349 307 ego
373 264 481 297 feram
507 270 540 297 et
558 264 708 308 portabo
731 270 763 297 et
780 263 935 299 salvabo,
989 263 1077 297 Ter-

93 316 161 354 tio,
190 327 264 348 non
290 316 484 348 ascendunt
507 321 565 348 aut
589 315 808 348 descendunt
825 313 863 348 in
882 315 990 355 scala,
1017 314 1076 359 qui

91 377 154 400 suo
178 365 388 406 dictamine,
415 377 478 398 suo
503 365 638 398 lumine
661 372 848 408 reguntur,
874 373 932 399 aut
957 365 1017 411 qui
1040 365 1078 398 in

91 416 240 450 iusticiis
271 417 385 449 carnis
414 415 557 456 vivunt,
590 423 650 450 aut
681 417 999 461 quomodocunque
1025 428 1077 449 se-

91 468 246 501 cundum
277 478 416 500 carnem
445 466 640 502 ambulant.
701 466 856 509 Quarto,
893 468 1077 500 ascendere

89 517 245 562 primum
269 523 338 558 est,
374 517 457 562 quia
480 524 618 560 oportet
641 517 793 561 primum
819 530 880 561 per
905 518 1007 551 fidem
1033 519 1077 551 ad

89 566 204 602 Deum
223 568 420 603 ascendere.
473 566 694 602 Descendere
710 569 884 612 posterius
902 575 962 604 est.
1015 568 1076 602 Est

89 625 205 652 autem
230 619 364 652 fructus
388 630 550 652 ascensus
574 619 786 663 praedicatio
808 619 906 652 verbi
924 626 955 653 et
972 631 1076 652 omne

89 680 177 713 opus
207 667 397 702 charitatis.
466 668 614 704 Coelum
641 677 799 713 apertum
827 670 957 703 dicitur
982 671 1076 704 iuxta

88 718 226 753 Esaiam
248 719 398 753 xxm:
435 718 580 754 Utinam
611 721 830 764 dirumperes
853 721 989 754 coelum
1012 728 1075 756 etc.

88 769 150 804 Est
171 777 305 809 autem,
333 771 467 804 aditum
486 772 590 805 nobis
609 783 680 806 esse
695 773 738 805 ad
757 779 888 816 patrem
905 784 966 816 per
983 770 1075 805 hunc

88 821 288 865 pontificem
307 819 499 856 Christum.

463 930 601 984 Caput
646 931 699 972 11.

271 1002 378 1051 Quid
400 1001 497 1038 mihi
520 1009 633 1038 tecum
661 1009 711 1038 est
735 1003 895 1038 mulier?

187 1070 350 1105 Christus
372 1079 518 1106 matrem
544 1071 676 1112 reiicit,
701 1079 740 1106 ut
765 1079 890 1117 aequet
913 1072 990 1105 aliis
1009 1069 1074 1105 ho-

87 1122 245 1156 minibus
269 1135 346 1156 cum
372 1123 506 1168 inquit:
544 1121 641 1165 Quid
667 1120 755 1155 mihi
782 1130 893 1156 tecum
921 1129 971 1157 est
996 1135 1072 1156 mu-

88 1173 177 1206 lier?
205 1173 304 1218 quasi
325 1173 472 1208 diceret:
528 1172 621 1216 Quia
641 1180 750 1207 mater
769 1185 822 1214 es,
849 1174 928 1207 ideo
945 1174 1074 1207 videris

86 1224 235 1257 alicuius
262 1225 523 1268 praerogativae
554 1224 680 1257 merito
704 1236 723 1256 a
747 1237 801 1257 me
825 1225 1072 1268 impetratura3

86 1274 166 1307 ideo
191 1274 295 1315 scias,
324 1282 357 1308 te
381 1287 454 1308 non
479 1275 591 1318 pluris
615 1285 687 1307 esse
711 1275 803 1318 apud
823 1286 878 1307 me
894 1287 997 1319 quam
1017 1275 1073 1308 vel

87 1325 216 1358 mulier
247 1325 420 1368 peccatrix
446 1333 496 1358 est
520 1325 574 1357 vel
600 1322 897 1371 syrophoenissa3
934 1332 1071 1358 tantum

86 1375 309 1419 impetrabis,
342 1382 514 1420 quantum
539 1376 657 1407 credes
681 1375 953 1410 misericordiae.
1006 1374 1071 1409 At-

85 1437 155 1470 que
181 1425 228 1459 ita
251 1425 367 1459 omnis
391 1426 631 1470 praerogativa
650 1426 765 1459 carnis
784 1426 990 1467 damnatur,
1017 1438 1072 1459 sa-

85 1477 240 1521 pientia,
267 1476 404 1510 iusticia
429 1477 542 1510 carnis
565 1482 600 1509 et
619 1476 787 1521 quicquid
809 1477 877 1510 tale
894 1483 954 1511 est.
1008 1477 1071 1510 Se—

87 1528 224 1567 cundo,
251 1528 411 1560 nondum
436 1527 532 1560 venit
555 1524 643 1560 hora
666 1538 760 1567 mea,
790 1527 811 1560 i.
835 1539 863 1560 e.
887 1538 992 1571 penes
1016 1539 1072 1560 me

87 1584 139 1611 est
160 1584 330 1617 statuere,
358 1578 500 1622 quando
527 1578 801 1610 succurrendum
825 1578 886 1618 sit,
914 1589 987 1611 non
1012 1590 1072 1622 pe-

86 1639 149 1661 nes
165 1634 216 1668 te3
245 1640 318 1661 non
337 1629 478 1672 quando
495 1635 533 1661 tu
550 1628 618 1667 vis,
645 1628 704 1660 sed
723 1629 864 1673 quando
882 1629 992 1671 gloria
1010 1640 1072 1672 pa-

87 1678 151 1712 tris
176 1678 330 1723 postulat
355 1690 513 1712 succuro.
577 1678 721 1718 Tertio,
753 1680 932 1723 quomodo
957 1685 1071 1712 autem

88 1730 324 1767 conveniunt,
350 1730 445 1774 quod
469 1736 570 1771 negat
595 1726 719 1762 horam
745 1740 842 1762 suam
859 1730 1012 1769 venisse,
1040 1736 1073 1763 et

86 1787 204 1814 tamen
224 1787 340 1823 postea
360 1791 433 1812 rem
449 1779 608 1827 perficit?
649 1778 876 1824 Respondeo:
903 1779 981 1813 Hoc
996 1792 1072 1813 ver-

87 1831 193 1871 bum,
228 1831 388 1864 nondum
419 1830 515 1864 veuit
547 1827 633 1863 hora
665 1842 759 1870 mea,
792 1828 859 1864 hoc
890 1843 963 1864 non
988 1831 1074 1871 vult,

88 1882 183 1926 quod
208 1881 415 1925 simpliciter
439 1879 497 1914 hic
521 1893 595 1914 non
611 1881 717 1915 suerit
736 1878 822 1914 hora
840 1882 991 1915 faciendi
1006 1882 1072 1914 mi-
1098 1902 1099 1909 κ

87 1932 217 1973 raculi,
245 1932 304 1965 sed
331 1931 428 1974 vult,
454 1944 528 1965 non
551 1943 623 1965 esse
649 1932 768 1965 matris
794 1938 853 1965 aut
876 1932 984 1965 ullius
1007 1929 1073 1965 ho-

88 1982 196 2016 minis
226 1989 375 2017 statuere
405 1980 548 2021 horam,
585 1983 684 2027 quasi
709 1982 856 2016 diceret:
900 1982 939 2016 Si
968 1982 1074 2015 suerit

90 2084 198 2128 patris
221 2083 364 2124 reseret,
395 2082 467 2117 fiet.
529 2083 593 2117 Sin
617 2090 733 2117 autem
760 2096 833 2117 non
858 2084 963 2117 suerit
986 2081 1072 2116 hora

89 2147 185 2173 mea,
214 2135 236 2170 i.
255 2146 283 2169 e.
303 2133 331 2166 si
356 2133 518 2167 voluntas
535 2134 643 2178 patris
659 2146 732 2167 non
748 2134 872 2175 fuerit,
898 2134 927 2167 si
943 2134 1074 2177 gloriae

89 2186 198 2230 patris
222 2197 295 2218 non
321 2184 463 2223 reseret,
490 2196 563 2218 non
587 2185 655 2219 fiet.

90 2237 170 2270 dem
197 2234 379 2276 Christus,
415 2236 474 2268 sed
507 2235 670 2269 affectum
700 2242 819 2269 nostra
849 2242 1075 2280 quaerentem

90 2287 269 2332 reprimit,
297 2294 329 2320 et
344 2286 534 2329 significat,
558 2286 732 2319 voluntati
748 2286 856 2329 patris
872 2286 1076 2330 permitten-

90 2338 175 2371 dum
200 2349 272 2371 esse
295 2338 391 2384 quod
418 2337 578 2382 petImuS.
647 2336 692 2370 Et
716 2337 797 2381 quia
821 2344 939 2380 postea
964 2336 1076 2374 faciet,

93 2388 284 2432 significat,
311 2400 346 2421 se
371 2398 445 2421 non
467 2389 625 2422 deserere
644 2399 864 2433 qumquem,
903 2387 986 2421 licet
1003 2399 1077 2420 non

92 2451 173 2472 mox
189 2439 367 2473 exaudisse
382 2439 556 2473 videatur.
610 2437 746 2481 Quarto
758 2465 766 2479 ‚
790 2438 939 2482 proinde
953 2438 1076 2471 viden-

93 2490 179 2524 dum
210 2497 280 2530 est,
314 2489 399 2534 quid
432 2496 544 2524 mater
576 2490 690 2525 faciat.
759 2488 840 2522 Non
864 2489 1079 2532 indignatur,

94 2552 168 2573 non
186 2542 365 2584 desperat,
393 2541 450 2574 sed
470 2541 631 2581 confidit,
657 2541 850 2578 facturum,
879 2540 971 2584 quod
990 2540 1078 2583 peti·
1102 2577 1104 2582 λ

94 2598 202 2625 verat.
255 2591 354 2625 lubet
377 2598 410 2625 et
433 2598 612 2635 expectare
635 2597 668 2624 et
692 2592 803 2625 facere
826 2591 994 2635 quicquid
1012 2591 1079 2623 im-

95 2649 282 2687 peraturus
310 2649 399 2676 esset
423 2639 596 2676 Christus.
658 2640 721 2675 Est
753 2648 868 2676 autem
902 2641 1078 2686 egregium

1129 217 1216 245 tum.
1270 209 1392 244 Primo
1416 213 1628 247 veniendum
1653 221 1703 249 est
1724 215 1849 250 fiducia
1881 218 1989 252 solius
2011 220 2115 253 mise-

1127 260 1300 294 ricordiae
1317 262 1391 295 eius
1408 264 1540 297 nullius
1558 267 1819 309 praerogativae
1834 270 1959 302 merito
1975 277 2113 311 nostr03

1128 323 1210 345 nam
1239 311 1318 345 ideo
1346 319 1491 346 matrem
1507 326 1524 346 a
1544 326 1578 347 se
1597 315 1719 357 reiicit,
1742 323 1779 351 ut
1796 319 1962 353 omnibus
1979 327 2114 366 aequet,

1127 363 1284 407 adeoque
1318 363 1422 397 etiam
1453 365 1593 397 mulieri
1619 368 1800 409 peccatrici
1828 377 1887 403 aut
1909 368 2113 416 Syrophoe-

1127 413 1240 446 nissae
1263 419 1326 448 etc.
1379 413 1561 456 Secundo,
1596 417 1690 461 quod
1718 419 1924 461 petivimus,
1951 423 2112 456 commit-

1127 465 1273 498 tendum
1304 470 1355 497 est
1385 466 1460 498 eius
1490 466 1683 505 voluntati,
1721 468 1809 502 sicut
1833 468 1950 504 David
1973 474 2008 507 2.
2026 471 2112 517 Reg.

1126 514 1217 556 XV„
1236 520 1269 548 et
1284 514 1374 548 sicut
1392 516 1549 560 leprosus
1567 517 1632 551 ait:
1662 516 1825 560 Domine,
1842 521 1870 552 si
1882 521 1943 562 vis,
1962 529 2113 565 potesses

1126 577 1180 598 me
1197 565 1379 599 mundare.
1433 566 1572 608 Tertio,
1601 569 1819 603 committere
1837 571 1910 604 eius
1925 572 2113 612 voluntati,

1126 628 1198 649 non
1216 617 1411 660 desperare,
1440 619 1497 651 sed
1515 625 1706 661 expectare,
1734 627 1766 654 et
1784 621 1821 653 in
1840 622 1907 654 fide
1924 623 2112 657 consistere

1126 668 1446 712 quomodocunque
1498 669 1733 712 dispositurus
1782 671 1826 705 sit
1868 674 1963 717 quod
2013 675 2112 718 petis.

1127 717 1284 760 Quarto,
1324 718 1414 751 sicut
1444 726 1556 753 mater
1586 728 1758 767 expectat,
1798 729 1831 755 et
1860 723 1957 758 iubet
1990 725 2112 758 audire

1125 769 1292 813 quicquid
1311 769 1451 803 iusserit
1465 767 1647 812 Christus,
1670 772 1716 804 ita
1735 784 1799 805 nos
1818 781 2054 817 expectemus,
2081 783 2112 809 et

1125 819 1214 852 sicut
1238 820 1286 853 ait
1303 818 1511 863 Apostolus:
1552 820 1726 855 Instemus
1750 824 1922 865 orationi,
1958 832 1990 858 et
2017 837 2112 858 com-

1125 871 1331 903 mendemus
1347 871 1443 903 fideli
1460 872 1608 906 creatori
1626 873 1761 906 animas
1784 882 1922 907 nostras
1934 902 1943 915 ,
1973 877 2003 909 1.
2018 875 2113 911 Petr.

1127 919 1188 955 IV.
1236 919 1392 963 Quinto,
1420 921 1508 955 sicut
1524 919 1581 955 hic
1595 923 1811 957 obsecundat
1832 925 1934 958 etiam
1953 938 2031 958 cum
2050 938 2113 960 ne-

1125 982 1215 1004 cesse
1231 971 1387 1012 videtur,
1413 972 1461 1005 ita
1480 983 1544 1005 nos
1560 974 1762 1015 credamus,
1789 987 1868 1008 eum
1893 976 1996 1009 nobis
2014 989 2111 1021 prae*

1125 1029 1176 1056 sto
1194 1021 1287 1059 fore,
1321 1023 1462 1067 quando
1488 1024 1673 1057 necessitas
1689 1026 1937 1067 postulaverit,
1965 1027 2066 1060 etiam
2085 1028 2113 1059 si

1124 1073 1350 1117 dereliquisse
1391 1073 1564 1109 videatur.
1633 1073 1692 1108 Sic
1731 1075 1849 1120 inquit
1886 1075 2009 1110 Esaias
2040 1090 2113 1122 cap.

1123 1121 1251 1157 LV11.:
1278 1123 1359 1157 Non
1378 1135 1489 1167 usque
1503 1125 1545 1157 ad
1563 1124 1666 1157 finem
1686 1125 1824 1159 irascar.
1864 1125 2006 1162 Praeter
2027 1129 2113 1161 alle—

1123 1174 1255 1216 goriam
1278 1175 1388 1208 multa
1416 1175 1515 1208 docet
1537 1172 1620 1207 haec
1645 1173 1810 1217 historia,
1845 1177 2018 1221 primum,
2046 1190 2114 1212 nu-

1124 1224 1212 1267 ptias
1241 1236 1313 1258 esse
1342 1225 1504 1269 probatas
1535 1227 1731 1269 praesentia
1755 1224 1905 1269 Christi3
1948 1230 2114 1270 secundo,

1123 1275 1384 1308 solicitudinem
1401 1273 1533 1309 Christi
1552 1288 1615 1319 pro
1635 1277 1729 1310 victu
1746 1285 1866 1312 nostro
1884 1286 1946 1312 etc.
1990 1279 2113 1313 Simile

1123 1326 1320 1369 exemplum
1341 1323 1449 1359 hahes
1468 1325 1501 1359 4.
1516 1325 1654 1369 Regum
1671 1326 1731 1362 lv.

1225 1439 1393 1489 qupiiae
1417 1439 1564 1487 fiebant
1591 1442 1630 1477 in
1659 1440 1769 1479 Cana
1799 1442 2013 1480 Galilaeae.

1226 1526 1398 1571 Nuptiae,
1441 1540 1514 1561 non
1537 1527 1670 1562 Christi
1699 1531 1863 1575 nuptiae,
1898 1533 1957 1565 sed
1991 1532 2115 1576 populi

1125 1590 1203 1611 cum
1235 1578 1310 1620 lege
1350 1578 1557 1621 significant.
1620 1579 1688 1613 Hic
1719 1582 1871 1625 populus
1904 1582 2006 1623 vino,
2039 1583 2062 1616 i.
2086 1595 2115 1617 e.

1124 1627 1318 1671 Evangelio
1336 1629 1462 1663 deficit.
1515 1629 1643 1673 Legem
1670 1632 1788 1670 audit,
1824 1639 1856 1666 et
1883 1644 1922 1665 ex
1948 1633 2115 1677 operibus

1096 1699 1098 1718 ς
1125 1679 1210 1722 legis
1228 1679 1365 1724 quaerit
1386 1679 1580 1720 iusticiam,
1615 1693 1704 1726 quae
1727 1689 1776 1716 est
1799 1695 1892 1716 mera
1919 1680 2114 1729 hypocrisis

1125 1730 1290 1772 ignorans
1306 1730 1462 1763 iusticiae
1478 1731 1605 1771 cordis,
1633 1744 1722 1777 quae
1739 1739 1788 1766 est
1803 1733 1940 1767 iusticia
1958 1734 2114 1778 spirituS.

1127 1779 1236 1814 lsra'e'l
1260 1781 1406 1822 electus,
1437 1781 1498 1826 qui
1521 1790 1675 1826 expectat
1696 1784 1990 1828 redemptionem,
2016 1792 2116 1828 rogat

1126 1832 1248 1864 vinum
1267 1831 1369 1866 mitti.
1415 1830 1577 1865 Christus
1597 1833 1714 1867 differt
1732 1835 1923 1869 adventum
1939 1847 2055 1876 suum,
2083 1842 2117 1869 et

1127 1881 1209 1915 sinit
1228 1889 1327 1915 antea
1347 1882 1456 1925 affligi
1474 1884 1644 1926 populum
1663 1897 1768 1929 quam
1789 1886 1917 1919 veniat.
1957 1884 2115 1931 Hydriae

1125 1944 1183 1965 sex
1219 1933 1415 1966 doctrinam
1446 1933 1532 1976 legis
1566 1941 1848 1977 repraesentant,
1902 1936 1980 1969 ideo
2018 1936 2115 1969 addit

1097 2016 1100 2026 ,
1125 1982 1364 2025 Evangelista:
1411 1981 1615 2018 Secundum
1652 1985 1932 2028 purificationem
1967 1985 2115 2020 Iudaeo-

88 2031 176 2066 hora
190 2045 284 2073 mea,
312 2033 332 2065 i.
351 2045 379 2066 e.
398 2033 426 2065 si
445 2033 608 2066 voluntas
625 2033 732 2077 patris
746 2033 871 2074 fuerit,
899 2033 925 2065 si
943 2033 1073 2075 gloriae
1098 2030 1099 2035 ¹

1127 2045 1217 2068 rum.
1271 2031 1318 2066 Iis
1335 2033 1536 2067 infunditur
1554 2047 1643 2079 aqua
1663 2047 1752 2080 quae
1768 2036 1890 2070 vinum
1915 2037 1968 2075 fit,
2006 2037 2039 2070 id
2065 2045 2115 2071 est

1126 2081 1380 2127 Evangelium,
1422 2085 1517 2129 quod
1550 2085 1830 2120 mortificationis
1862 2087 2022 2121 doctrina
2055 2094 2114 2121 est.

1098 2178 1100 2180 ‚
1126 2135 1231 2175 Item,
1265 2134 1418 2168 ministri
1443 2146 1567 2180 aquam
1598 2136 1811 2177 infundunt,
1848 2138 1928 2182 quia
1961 2138 2114 2171 ministri

709 2184 769 2218 Sic
787 2197 859 2218 non
877 2191 978 2228 negat
997 2185 1075 2229 qui-
1098 2214 1101 2224 ,

1128 2197 1200 2218 non
1239 2185 1474 2226 sanctificant,
1521 2187 1580 2219 sed
1605 2184 1776 2219 Christus.
1841 2185 2114 2221 Architriclinus

1128 2243 1365 2280 repraesentat
1387 2237 1575 2280 Apostolos
1598 2243 1630 2269 et
1654 2237 1929 2280 praedicatores,
1958 2239 2017 2283 qui
2042 2239 2114 2271 dis—

1128 2293 1277 2331 pensant
1297 2287 1454 2320 verbum.
1510 2286 1554 2321 Et
1574 2287 1599 2319 ii
1617 2288 1802 2329 mirantur,
1830 2300 1869 2321 ex
1885 2301 1975 2333 aqna
1991 2289 2113 2321 vinum

1127 2337 1223 2376 fieri,
1251 2338 1272 2370 i.
1294 2350 1324 2371 e.
1348 2337 1495 2371 stultitia
1512 2337 1784 2380 praedicationis
1809 2339 1923 2372 salvos
1948 2340 2021 2372 fieri
2040 2351 2115 2372 cre-

1128 2389 1260 2423 dentes,
1296 2387 1323 2421 Ii
1341 2388 1545 2421 discernunt
1560 2385 1793 2431 Evangelium
1812 2401 1829 2422 a
1850 2390 2018 2433 sapientia
2038 2401 2114 2423 car-

1128 2439 1193 2472 nis.
1248 2438 1448 2483 Sapientiae
1472 2438 1586 2471 carnis
1613 2439 1795 2484 desyderia
1819 2440 2004 2483 peribunt,
2031 2440 2115 2474 iusti

1129 2497 1244 2524 autem
1264 2501 1337 2522 non
1356 2489 1684 2524 commovebuntur.
1742 2489 1827 2523 Item
1841 2517 1849 2531 ,
1875 2491 2044 2535 populum
2063 2491 2114 2525 Is-

1128 2541 1201 2574 rael
1233 2540 1385 2584 primum
1416 2540 1510 2573 bono
1543 2539 1625 2571 vino
1657 2540 1789 2584 potavit
1830 2548 1946 2584 pater,
1985 2542 2115 2575 scilicet

1131 2591 1223 2634 lege3
1252 2592 1308 2624 sed
1327 2591 1408 2635 quia
1424 2590 1573 2623 carnalis
1588 2591 1738 2634 populus
1755 2598 1846 2632 erat,
1873 2592 1953 2625 fecit
1977 2604 2017 2625 ex
2040 2592 2113 2635 lege

1130 2642 1298 2685 imagines
1315 2641 1537 2681 masculinas,
1556 2641 1764 2675 traditiones
1779 2649 1811 2676 et
1827 2654 1931 2687 opera
1950 2643 2113 2677 carnalia.

1407 2688 1489 2724 68*
