2409 2915
238 120 312 156 699

242 205 429 242 Discedere
452 212 470 234 a
494 197 696 238 vocatione,
723 201 783 229 aut
798 193 1020 234 curiositate,
1046 199 1106 226 aut
1121 198 1230 230 metu,

840 105 965 141 PHlL.
991 104 1107 141 MEL.
1136 102 1345 140 SCRlPTA
1372 104 1671 143 EXEGETICA.

2193 105 2267 140 700

1385 192 1437 228 Ita
1461 193 1653 228 traduntur
1676 192 1714 226 in
1739 189 1806 226 boe
1829 198 1924 226 textu
1949 191 2091 239 regulae
2111 202 2171 226 seu
2185 204 2272 226 nor-

242 264 302 292 aut
322 252 532 291 ambitione,
559 255 610 282 est
630 249 793 281 aberrare
811 251 883 280 tota
900 245 978 283 via,
1004 254 1106 277 ruere
1123 243 1161 276 in
1179 249 1231 276 te-
1282 255 1359 277 mae
1390 245 1552 279 rectrices
1582 244 1695 285 vitae,
1731 243 1980 283 consiliorum,
2015 241 2213 277 studiorum
2238 251 2272 278 et

243 308 381 343 nebras,
410 303 447 336 in
465 302 611 346 laqueos
626 297 773 341 diaboli,
801 309 840 330 ac
854 294 1072 330 tristissimas
1089 304 1232 339 poenas,
1283 295 1484 336 actionum,
1518 301 1762 329 monstrantur
1792 294 1877 329 item
1909 293 2026 327 fontes
2051 304 2213 326 verarum
2239 301 2273 328 et

345 361 422 398 Etsi
439 361 546 405 igitur
563 356 629 392 hae
644 357 784 402 regulae
801 355 1057 390 concionantur
1072 354 1114 386 de
1130 359 1182 387 ωε
1199 358 1233 385 et
1283 345 1474 380 efficacium
1509 345 1802 380 consolationum.
1862 344 1934 378 Nec
1968 355 2052 377 vero
2087 343 2272 389 quisquam

243 416 352 451 tantis
366 414 492 456 rebus,
520 421 668 456 quarum
687 407 894 451 magnitudo
913 405 1047 439 nullius
1064 404 1233 449 eloquen-

244 468 292 502 tia
319 471 433 510 potest
465 459 662 500 exhauriri,
701 458 848 502 singulis
878 464 994 491 tamen
1026 453 1232 489 bominibus

244 517 474 552 utilissimum
493 519 543 546 est
557 511 690 557 aliquid
707 510 790 542 inde
805 509 956 546 discere,
983 513 1022 541 ut
1040 518 1120 540 suae
1136 505 1233 551 quis-

247 581 314 614 que
336 565 530 601 vocationis
554 569 664 596 metas
682 560 884 603 intelligens
899 557 1117 597 consideret,
1144 568 1234 602 quo-

245 620 353 653 modo
385 617 513 661 gradus
539 613 645 647 officii
670 611 806 657 proprii
829 622 847 643 a
871 608 947 643 Deo
971 609 1014 642 sit
1038 608 1235 647 ordinatus,

246 682 284 704 ac
308 669 412 706 sciat,
441 677 528 710 quae
553 675 677 697 norma
703 661 924 696 obedientiae
941 660 1004 699 sit,
1029 671 1107 692 cum
1126 659 1162 690 in
1180 664 1234 690 to-

246 719 402 753 lerandis
426 715 699 755 afflictionibus,
731 712 805 747 tum
830 712 867 744 in
893 711 1093 748 laboribus,
1127 720 1235 752 nego-

247 772 304 805 tiis
324 777 427 815 atque
446 765 700 801 certaminibus
717 762 962 807 suscipiendis.

350 828 472 874 ltaque
494 825 648 870 primum
672 824 761 857 sicut
781 821 1041 861 enarravimus,
1068 819 1183 853 luceat
1199 817 1236 850 in

247 887 364 915 mente
390 891 471 911 vera
488 876 552 910 Dei
577 875 731 919 agnitio,
758 880 790 907 et
809 873 900 906 serio
917 872 974 904 fiat
992 870 1175 903 conversio
1193 868 1234 901 ad

247 931 382 971 Deum,
413 931 455 963 de
486 926 552 961 boc
575 926 678 960 initio
703 926 805 959 docet
825 922 928 957 etiam
957 921 1110 965 primum
1136 931 1237 965 prae-

248 990 399 1027 ceptum.

353 1038 535 1078 Secundo,
563 1036 668 1070 debes
691 1045 792 1068 nosse
810 1040 918 1067 metas
933 1031 1040 1066 officii
1057 1031 1126 1071 tui,
1153 1040 1239 1075 quas

249 1094 344 1128 Deus
361 1091 426 1124 tibi
443 1086 693 1127 circumdedit,
719 1097 784 1118 nec
801 1083 1022 1123 curiositate,
1048 1088 1154 1122 metu,
1181 1092 1240 1114 su-

251 1143 372 1189 perbia
403 1151 543 1174 movere
574 1150 649 1171 non
670 1135 883 1176 necessaria,
918 1135 953 1168 id
978 1140 1048 1175 est,
1083 1133 1197 1166 aliena
1222 1143 1239 1164 a

250 1193 432 1229 vocatione
451 1190 635 1234 suscipere.

352 1251 493 1291 Tertio,
520 1253 658 1294 oportet
675 1246 820 1281 retineri
836 1244 927 1279 lianc
946 1243 1241 1278 consolationem:

251 1304 328 1339 Etsi
361 1302 537 1349 quaelibet
569 1300 642 1333 dies
672 1297 887 1342 multiplices
911 1295 1150 1334 difficultates,
1186 1305 1243 1325 ae—

254 1366 399 1389 rumnas
421 1360 453 1387 et
473 1351 680 1385 afflictiones
699 1348 817 1388 affert,
844 1359 883 1380 ac
899 1352 1035 1380 constat
1051 1343 1242 1377 Ecclesiam

253 1406 444 1440 subiectam
465 1414 537 1436 esse
557 1400 670 1440 cruci,
697 1398 892 1442 duriusque
911 1395 1023 1441 premi
1041 1407 1145 1440 quam
1168 1405 1244 1427 cae-

253 1464 347 1491 teros
371 1453 548 1488 homines:
573 1459 611 1485 tu
636 1457 750 1484 tamen
776 1455 869 1482 certo
888 1454 1018 1481 statuas
1033 1457 1114 1478 vere
1131 1443 1244 1478 Deum

256 1505 490 1541 servientibus
513 1504 549 1536 in
571 1500 755 1535 vocatione
774 1499 863 1531 velle
881 1499 1000 1531 adesse
1017 1503 1050 1530 et
1065 1495 1245 1540 opitulari,

256 1559 407 1602 ideoque
425 1561 520 1599 petas
538 1552 722 1588 auxilium,
750 1556 783 1583 et
800 1555 975 1594 exspectes
992 1548 1106 1580 bonos
1123 1545 1246 1585 exitus,

255 1609 394 1642 labores
412 1617 564 1651 quoque,
593 1613 681 1648 quos
697 1602 733 1633 in
754 1599 948 1644 praesentia
967 1597 1152 1631 necessitas
1169 1603 1248 1629 tuae

256 1657 451 1693 vocationis
470 1663 500 1689 et
519 1654 652 1688 occasio
671 1653 759 1685 insta
777 1650 898 1691 offert,
926 1649 1086 1683 alacriter
1101 1645 1165 1680 hac
1182 1647 1249 1680 fide

257 1718 291 1745 et
308 1722 367 1755 spe
384 1707 553 1751 suscipias
573 1717 611 1738 ac
629 1704 766 1738 toleres.

361 1768 411 1802 De
433 1765 498 1800 bac
523 1763 764 1799 consolatione
790 1761 921 1794 dictum
947 1765 997 1792 est
1021 1758 1056 1791 in
1076 1756 1248 1803 praesenti

259 1820 446 1855 concione:
482 1816 532 1851 Ne
567 1815 641 1848 sitis
669 1813 819 1852 soliciti,
855 1811 889 1843 id
919 1817 985 1849 est,
1019 1821 1063 1842 ne
1088 1808 1250 1842 crucietis

261 1866 419 1905 animum
450 1866 667 1905 diffidentia,
704 1876 768 1897 nec
802 1860 1053 1906 opprimamini
1087 1861 1277 1905 despera-1

261 1923 377 1961 tione,
404 1920 463 1952 sed
489 1916 674 1951 confidatis
697 1913 811 1948 Deum
837 1911 1029 1944 necessaria
1057 1909 1252 1943 vocationis

262 1984 367 2017 opera
393 1967 664 2012 suscipientibus
686 1965 879 1998 affuturum
899 1961 1095 1994 adiutorem
1115 1967 1146 1993 et
1164 1960 1252 1992 libe-
1276 1987 1278 1999 ‚

1276 1999 1458 2048 :osticium
1494 2001 1662 2043 arguendi
1694 2007 1797 2045 atque
1832 2000 2003 2044 puniendi
2032 2000 2204 2035 divinitus
2235 2015 2293 2035 ex-

262 2031 436 2061 ratorern,
469 2025 742 2065 quantacunque
768 2014 878 2046 moles
903 2011 1157 2053 tentationum,
1187 2010 1252 2042 im-

262 2074 567 2120 pedimentorum,
598 2066 834 2113 periculorum
852 2070 884 2096 et
902 2062 1135 2096 afflictionum
1153 2061 1254 2094 vobis

263 2125 396 2158 obiecta
417 2121 535 2156 suerit.

367 2183 425 2216 Sic
449 2180 588 2213 Psalmo
603 2177 663 2211 84.
688 2175 856 2219 scriptum
881 2179 945 2205 est:
976 2171 1088 2217 Prope
1112 2179 1160 2205 est
1180 2173 1254 2207 Do-

268 2236 385 2269 minus
408 2231 462 2266 bis
485 2231 544 2277 qui
570 2228 739 2262 tribulato
766 2231 843 2258 sunt
872 2225 992 2259 conto.
1029 2232 1059 2256 et
1086 2224 1256 2256 contritos

270 2286 394 2330 spiritu
421 2281 579 2316 salvabit.
637 2278 722 2311 ltern
741 2275 865 2310 Esaiae
884 2275 961 2310 66.:
992 2273 1085 2307 Dens
1107 2275 1257 2307 assu-mat

271 2350 305 2370 sc
326 2334 484 2369 babitare
503 2333 537 2365 in
557 2330 713 2367 afflictis,
741 2340 775 2360 se
794 2326 962 2370 respicere
981 2326 1021 2356 ad
1043 2325 1206 2357 inisernni
1227 2333 1257 2358 et
1282 2343 1283 2346 ¹

271 2387 463 2421 contritum
496 2383 619 2427 spiritu
656 2393 693 2412 ac
728 2384 933 2411 trementem
962 2387 1138 2408 sermones
1167 2388 1258 2410 snos.

275 2438 361 2473 ltem
380 2436 510 2470 Paulus
537 2432 650 2477 inquit
682 2433 712 2464 1.
729 2425 892 2462 Corinth.
916 2424 992 2460 15.:
1021 2425 1099 2459 Non
1125 2427 1185 2459 erit
1211 2427 1259 2459 la-

275 2491 342 2523 bur
366 2495 480 2521 vester
506 2485 621 2518 inanis
648 2483 681 2514 in
704 2481 878 2518 Domino,
905 2478 1004 2523 quasi
1029 2477 1137 2509 ‹lic-at:
1170 2477 1261 2511 Dens
1284 2479 1286 2484 ¹

275 2537 444 2585 provehet
470 2549 508 2570 ac
533 2533 726 2569 sortunabit
752 2544 811 2564 sna
839 2529 1084 2563 benedictione
1106 2541 1262 2561 necessa-

276 2592 346 2624 rios
364 2591 518 2628 labores,
545 2597 632 2632 quos
648 2583 784 2617 vocatio
802 2580 974 2626 postulat,
999 2591 1037 2613 ac
1053 2580 1263 2622 gubernabit

279 2649 444 2677 eventus.
473 2646 504 2672 et
529 2635 709 2683 praebebit
732 2643 927 2668 successus.
956 2643 1000 2664 ne
1027 2637 1170 2664 conatus
1195 2631 1263 2664 sint

278 2702 380 2726 irrui.

1283 396 1413 440 poterit
1433 395 1508 430 ullo
1533 396 1640 430 modo
1666 393 1761 429 hunc
1786 402 1920 430 textum
1947 395 2166 438 intelligere,
2199 405 2273 428 non

1285 446 1418 481 habens
1443 447 1543 481 initia
1570 458 1670 479 verae
1688 447 1780 480 fidei.
1833 445 1923 481 Cum
1943 445 2039 480 enim
2057 445 2199 490 propria
2218 457 2274 479 sa-

1284 498 1416 542 pientia
1436 504 1595 542 regatur,
1622 509 1694 530 non
1713 504 1825 541 potest
1841 509 1914 531 non
1933 497 2110 531 confidere
2129 508 2190 530 sua
2211 507 2274 540 po-

1285 550 1416 590 tentia,
1450 548 1639 591 sapientia,
1672 547 1808 581 viribus
1839 555 1871 582 et
1903 548 2081 585 consiliis,
2116 547 2188 580 imo
2211 559 2275 581 ne-

1286 611 1378 633 cesse
1403 606 1454 633 est
1479 599 1532 632 illi
1558 610 1635 643 spes
1658 599 1813 646 pendere
1837 611 1855 631 a
1879 599 2042 633 fortunae
2060 598 2182 636 bonis,
2210 595 2277 631 bo-

1286 651 1426 685 minum
1457 649 1791 690 coniunctionibus,
1824 649 1964 690 amicis,
1998 649 2164 694 pecunia,
2199 649 2278 693 opi-

1286 703 1354 735 bus
1374 709 1407 736 et
1417 701 1593 735 similibus
1612 700 1763 734 externis
1782 699 1976 744 praesidiis.
2023 698 2072 734 At
2092 700 2127 733 in
2149 700 2278 745 quibus

1288 759 1338 786 est
1364 763 1505 785 accensa
1534 751 1726 785 scintillula
1748 751 1846 791 fidei,
1873 747 1910 783 hi
1935 751 2077 784 demum
2102 750 2220 796 aliqua
2238 763 2278 784 ex

1288 810 1387 847 parte
1407 814 1548 836 sensum
1565 810 1598 836 et
1615 814 1717 836 usum
1735 801 1898 835 salutaris
1917 801 2057 845 regulae
2074 808 2177 846 atque
2194 813 2280 835 con-

1288 853 1470 889 solationis
1487 851 1596 887 liuius
1615 853 1812 897 perspicere
1830 858 2008 896 poterunt.

1392 919 1639 963 Quamobrem
1656 919 1810 953 breviter
1827 919 2078 952 concludemus
2093 916 2151 953 hic
2170 919 2281 953 inter-

1291 970 1520 1015 pretationem
1539 971 1734 1014 praesentis
1752 977 1886 1010 textus,
1916 982 1994 1003 cum
2012 981 2129 1002 rerum
2146 971 2283 1014 magni-

1290 1023 1376 1056 tudo
1392 1028 1532 1069 superet
1549 1033 1691 1055 omnem
1713 1018 1904 1054 humanam
1923 1021 2172 1066 eloquentiam.

1264 1102 1273 1116 r
1394 1088 1570 1123 Dominus
1603 1094 1722 1121 noster
1754 1087 1850 1121 Iesus
1879 1085 2041 1121 Christus
2072 1088 2146 1132 ipse
2177 1090 2286 1125 donet
2326 1110 2336 1113 -

1292 1139 1395 1173 nobis
1428 1151 1524 1173 suam
1556 1140 1725 1183 gratiam,
1760 1150 1894 1183 nosque
1916 1138 2052 1182 Spiritu
2075 1151 2138 1173 suo
2164 1148 2284 1175 sancto

1293 1198 1390 1234 regat
1409 1203 1447 1224 ac
1466 1191 1622 1231 erudiat,
1650 1196 1689 1223 nt
1710 1196 1743 1223 et
1759 1196 1898 1222 nostrae.
1916 1196 2048 1222 mentes
2066 1187 2156 1224 lianc
2174 1192 2284 1236 ipsam

1295 1242 1369 1275 eius
1393 1241 1599 1275 concionem
1627 1247 1718 1274 recte
1739 1240 1957 1283 intelligant,
1983 1247 2017 1274 et
2033 1240 2197 1276 universa
2216 1243 2286 1276 vita

1295 1299 1412 1325 nostra
1437 1293 1480 1325 ad
1507 1292 1690 1332 ordinem,
1717 1303 1821 1336 quem
1843 1291 1946 1324 nobis
1964 1290 1999 1324 in
2019 1288 2087 1324 hoc
2104 1293 2215 1337 capite
2230 1293 2287 1327 di-

1297 1343 1431 1376 vinitus
1457 1342 1684 1389 praescripsit
1710 1342 1803 1386 ipse,
1838 1347 2008 1390 perpetuo
2031 1342 2162 1378 directa
2184 1345 2228 1378 sit
2254 1351 2287 1378 et

1296 1399 1475 1437 congruat.

1656 1511 1793 1564 Caput
1843 1512 1938 1553 Vn.

1400 1592 1479 1627 Dei
1503 1594 1670 1627 beneficio
1689 1595 1848 1627 doctrina
1867 1595 1909 1626 de
1928 1601 2078 1639 utroque
2093 1596 2221 1637 gradu,
2247 1597 2290 1630 de

1299 1645 1502 1678 discrimine
1526 1645 1712 1679 ministerii
1733 1643 1938 1687 Evangelii,
1967 1652 1999 1678 et
2024 1648 2203 1692 potestatis
2227 1659 2288 1692 po-

1299 1696 1415 1729 liticae
1448 1703 1519 1729 tam
1555 1696 1694 1739 copiose
1726 1708 1764 1728 ac
1792 1696 1847 1739 pie
1871 1695 1973 1729 toties
2001 1696 2217 1737 illustratur,
2252 1706 2290 1731 nt

1300 1759 1373 1780 non
1391 1747 1549 1780 dubitem
1567 1747 1669 1779 vobis
1686 1746 1904 1780 notissimam
1922 1757 2006 1781 esse.
2033 1745 2138 1781 Scitis
2153 1755 2291 1782 utrum-

1302 1810 1368 1843 que
1399 1810 1526 1831 munus
1558 1805 1589 1831 et
1616 1798 1763 1840 gradum
1791 1809 1863 1830 esse
1890 1797 2073 1841 praecipua
2101 1804 2132 1832 et
2155 1810 2291 1833 summa

1303 1849 1370 1883 Dei
1397 1861 1501 1893 opera
1527 1849 1561 1881 in
1582 1860 1707 1891 genere
1725 1845 1892 1881 humano.
1947 1847 2052 1881 Scitis
2069 1848 2210 1894 utrique
2227 1860 2291 1892 gu-

1303 1899 1503 1933 bernationi
1536 1899 1813 1933 iurisdictionem
1842 1910 1901 1932 seu
1929 1898 2077 1941 iudicia,
2111 1906 2144 1933 et
2167 1912 2290 1934 execu-

1304 1951 1435 1984 tionem
1469 1961 1527 1983 seu
1554 1961 1685 1994 poenas
1709 1949 1896 1983 autoritate
1920 1949 2041 1982 divina
2067 1950 2233 1996 a0tribni,
2260 1960 2291 1985 et

1305 2062 1420 2096 presse
1453 2051 1652 2084 institutum
1689 2051 1723 2083 in
1757 2058 1907 2095 utroque
1940 2051 2112 2093 regimine
2138 2064 2292 2086 necessa-

1305 2103 1416 2140 rium,
1443 2109 1620 2140 sanctum,
1647 2102 1790 2147 Deoque
1810 2103 1995 2146 probatum
2013 2109 2043 2136 et
2058 2109 2195 2145 gratum
2212 2115 2296 2139 esse.

1409 2172 1576 2206 Minister
1608 2170 1791 2214 Evangelii
1833 2184 1890 2204 sen
1931 2173 2159 2206 concionator
2191 2171 2294 2209 habet

1307 2225 1512 2258 mandatnm
1540 2231 1577 2257 nt
1597 2223 1726 2257 indicet
1741 2250 1748 2262 ,
1773 2230 1892 2266 arguat
1913 2229 1944 2256 et
1960 2224 2168 2258 condemnet
2188 2225 2295 2258 verbo

1308 2275 1394 2316 Dei,
1423 2275 1455 2308 id
1481 2282 1526 2307 est
1544 2302 1551 2312 ,
1580 2287 1664 2307 voce
1681 2273 1783 2317 Legis
1799 2281 1829 2307 et
1851 2271 2051 2317 Evangelii,
2078 2274 2195 2307 omnia
2215 2287 2295 2322 pec-

1309 2334 1400 2365 cata,
1434 2334 1464 2360 et
1501 2327 1574 2371 ipso
1607 2332 1771 2363 sonante,
1804 2337 1863 2358 sen
1890 2324 2125 2358 annuntiante
2149 2327 2296 2360 verbum

1312 2378 1488 2416 indicans,
1517 2377 1619 2410 simul
1637 2383 1683 2409 est
1703 2377 1818 2409 officaz
1830 2375 1984 2419 Spiritus
2001 2382 2140 2409 sanctus
2157 2376 2193 2410 in
2211 2389 2297 2412 con·

1312 2429 1489 2462 vertendis
1505 2435 1532 2460 et
1553 2427 1715 2460 iuvandis
1729 2426 1971 2463 credentibus.
1999 2427 2296 2471 quemadmodum

1312 2479 1512 2513 dulcissime
1537 2479 1717 2511 confirmat
1745 2476 1936 2515 Dominus,
1974 2475 2092 2511 luban.
2117 2478 2187 2513 16.:
2215 2478 2296 2523 Spi-

1314 2532 1402 2564 ritus
1425 2537 1565 2564 sanctus
1588 2534 1708 2570 arguet
1726 2528 1911 2560 mundum.
1967 2528 2024 2561 Sic
2044 2528 2196 2562 iudicant
2211 2557 2218 2568 ,
2241 2541 2296 2563 Μ’-

1314 2588 1447 2623 gnnnt,
1481 2578 1741 2623 reprehendunt
1774 2576 1985 2622 Prophetae.
2014 2579 2155 2612 Samuel
2183 2592 2298 2623 regem

1314 2632 1475 2668 Saulem,
1504 2628 1642 2664 Nathan
1669 2628 1861 2669 Davidem,
1890 2627 2008 2664 Esaias
2031 2641 2144 2673 regem
2174 2629 2300 2669 Acbas.

1288 2706 1291 2719 .
1315 2681 1510 2717 llieremias
1528 2678 1732 2716 Sedccltiam
1755 2688 1814 2714 etc.

2372 1068 2381 1130 ἕ
