2409 2915
80 118 149 154 189

633 115 710 152 XII.
745 112 1139 150 ANNOTATIONES
1168 112 1217 146 ΙΝ
1244 113 1544 150 EVANGELlA.

2026 119 2094 153 190

71 203 202 246 rubro,
232 210 265 237 et
282 203 445 247 deinceps
466 201 631 235 omnibus
654 200 882 245 temporibus.
920 200 1059 234 Lauda·
1081 211 1085 227 ¹
1112 200 1148 233 in
1169 207 1278 239 terra,
1314 208 1346 235 et
1371 208 1410 235 ut
1434 199 1595 236 homines
1621 215 1699 237 vere
1722 204 1913 245 laetentur,
1947 215 2006 237 seu
2029 202 2091 237 ha-

73 254 191 287 bimus
224 254 333 297 igitur
356 253 568 298 potentiam,
610 252 838 295 sapientiam,
875 252 1059 292 iusticiam,

73 305 269 338 bonitatem
291 312 323 338 et
343 303 618 336 misericordiam
639 302 716 335 Dei.

177 361 264 395 Erit
282 369 312 395 et
335 362 371 394 in
395 369 485 395 terra
508 371 607 406 pax,
634 360 715 405 quia
740 360 873 393 diaboli
898 367 929 393 et
956 361 1053 403 impii

73 426 195 447 omnes
227 419 327 446 erunt
359 411 395 444 in
423 412 604 455 suppliciis
624 411 790 448 aeternis,
829 419 859 444 et
879 423 972 443 mors
991 412 1055 444 erit

75 465 218 498 abolita.
270 461 426 495 Ecclesia
441 463 576 496 ardebit
591 473 708 494 amore
725 461 808 501 Dei,
837 469 869 494 et
889 462 952 495 erit
977 463 1056 494 dul-

75 515 210 549 cissime
234 513 429 546 consociata
454 513 698 545 benevolvntia
724 519 755 545 et
778 513 903 544 studiis
924 513 1054 546 doctri-

73 577 154 605 nae,
202 561 294 596 nihil
326 564 508 604 odiorum,
550 564 795 603 dissidiorum,
839 564 1053 597 tumultuum

73 622 106 650 et
122 615 314 648 factionum
334 614 411 650 erit.

171 673 243 707 Nec
257 673 322 707 erit
339 680 474 706 tantum
494 685 577 717 pax,
611 674 668 706 scd
690 673 791 706 etiam
818 671 961 706 laetitia
988 670 1054 705 bo-
1078 707 1080 717 ‚

68 725 244 764 minibus,
272 724 353 769 quia
373 724 457 767 ipsis
473 722 679 757 hominibus
697 725 784 756 bene
804 725 885 764 erit,
918 733 949 758 et
974 736 1050 756 sua-

70 776 160 810 viter
176 776 339 808 fruentur
357 781 543 819 conspectu
560 774 625 807 Dei
647 782 679 808 et
694 773 848 818 Christi,
875 775 1053 818 agnitione

68 833 245 861 tantarum
269 838 385 858 rerum
414 833 445 859 et
468 832 589 859 mutua
617 826 884 858 consuetudine.
946 825 982 859 Si
1008 825 1051 857 il—

67 877 142 911 lum
159 883 285 911 statum
305 876 490 919 inspicias,
526 888 627 920 quem
657 883 747 909 certe
772 877 1052 920 complectuntur
1075 877 1078 902 ἶ
1141 907 1148 914 ,
1338 908 1344 915 ,
1587 911 1593 916 ι
1703 909 1710 915 .
1871 910 1878 916 ·

1075 922 1077 930 ⁴
1100 908 1165 941 fuit
1183 920 1244 952 per
1260 906 1439 941 Christum
1466 909 1595 942 adferri
1621 921 1659 941 ex
1684 921 1763 941 sinu
1790 917 1897 953 patris
1917 908 2079 952 Evange—

67 928 201 972 angeli,
230 927 331 960 facile
348 933 462 971 potest
482 927 631 971 intelligi
651 927 835 961 canticum.

170 985 302 1020 Confer
319 993 433 1019 autem
453 987 494 1019 ad
513 984 608 1019 hunc
631 993 759 1019 statum
784 998 889 1029 regna
914 986 1049 1019 mundi.

65 1037 224 1072 Primum
244 1037 421 1070 debebant
435 1036 500 1070 Dei
519 1037 666 1079 gloriam
687 1037 882 1077 illustrare,
902 1038 959 1069 sed
979 1037 1050 1071 sere

66 1100 202 1132 semper
220 1088 452 1121 defenderunt
470 1095 503 1120 et
520 1088 708 1120 defendent
734 1088 845 1125 idola,
881 1094 914 1120 et
937 1088 1048 1119 maui-

64 1139 170 1173 festus
187 1145 235 1172 est
251 1145 447 1171 contemtus
466 1138 533 1171 Dei
553 1138 588 1170 iu
615 1139 764 1171 maxima
790 1146 886 1182 parte
913 1150 1048 1181 regum:

65 1196 105 1223 ut
125 1188 345 1228 Alexandro,
373 1186 570 1227 Antiocho,
605 1188 768 1229 Caesare,
801 1188 959 1232 Caligula
984 1195 1047 1222 etc.

64 1240 137 1274 Nec
161 1241 197 1272 iu
223 1246 314 1272 terra
340 1239 471 1273 faciunt
494 1251 631 1283 pacem,
676 1240 756 1284 quia
782 1240 932 1273 subinde
958 1252 1047 1272 nova

66 1291 176 1330 bella,
209 1290 292 1322 novi
319 1290 509 1329 tumultus,
545 1302 656 1322 novae
683 1290 906 1322 confusiones
931 1290 1047 1323 omni-

66 1342 132 1374 bus
161 1340 332 1374 aetatibus
359 1340 541 1380 oriuntur,
575 1341 661 1373 adeo
686 1347 724 1373 ut
750 1352 821 1373 non
847 1341 921 1373 sine
947 1352 1045 1373 causa

66 1391 158 1426 dicat
175 1390 293 1430 Plato,
327 1402 446 1434 pacem
466 1391 570 1423 inane
588 1403 715 1423 nomen
741 1402 832 1431 esse,
868 1392 961 1436 quod
987 1403 1048 1424 cur

64 1442 219 1481 dicatur,
237 1441 489 1483 gubernatores
506 1442 605 1474 facile
623 1442 836 1484 intelligunt,
855 1442 917 1488 qui
932 1442 1045 1475 sciunt

62 1490 154 1526 nihil
172 1503 244 1524 esse
260 1491 329 1524 ocii
346 1498 378 1525 et
395 1491 532 1537 quietis.
586 1491 724 1526 Deinde
742 1504 879 1536 semper
903 1501 1044 1526 manent

60 1543 98 1576 in
116 1543 249 1575 mundo
266 1542 359 1575 inter
380 1543 555 1587 principes
574 1550 606 1576 et
624 1543 659 1576 in
685 1543 836 1587 populo,
862 1544 961 1584 odia,
990 1544 1044 1576 in--

61 1593 172 1628 iuriae
189 1599 223 1626 et
239 1599 425 1637 perpetuae
442 1594 650 1627 discordiae.

161 1651 344 1685 Postremo
363 1664 426 1685 nec
446 1653 577 1686 laetitia
594 1660 642 1686 est
661 1653 730 1685 ulla
751 1653 917 1686 diuturna
935 1651 1045 1686 inhac

60 1703 152 1741 vita,
181 1715 269 1748 quae
288 1703 438 1736 obnoxia
467 1710 517 1736 est
540 1702 689 1736 infinitis
711 1704 985 1743 calamitatibus,
1013 1712 1043 1737 et

59 1753 183 1792 morti,
219 1759 251 1786 et
273 1755 445 1787 accedunt
472 1766 603 1797 poenae
626 1761 798 1787 aeternae.
860 1753 956 1786 Haec
980 1767 1043 1787 an-

58 1802 194 1838 tithesis
210 1804 363 1838 declarat
379 1801 550 1849 hymnum
568 1805 787 1847 angelorum.

161 1862 374 1908 Quanquam
391 1871 507 1897 autem
525 1864 807 1897 commodissima
836 1871 869 1898 et
893 1865 1042 1897 maxime

58 1914 207 1947 illustris
226 1921 276 1948 cst
297 1912 381 1947 haec
404 1915 646 1959 interpretatio
671 1916 714 1947 de
739 1915 1043 1948 consummatione

58 1965 157 2008 regni
174 1963 325 2005 Christi,
352 1972 467 1999 tamen
485 1965 565 2010 quia
586 1965 619 1997 id
650 1977 795 2008 regnum
822 1965 857 1997 in
883 1963 947 1998 bac
973 1966 1041 1998 vita

60 2015 240 2056 incoatur,
261 2016 364 2049 etiam
382 2016 424 2049 ad
443 2016 632 2050 Ecclesiam
649 2023 729 2049 ante
749 2016 1040 2049 resurrectionem

62 2067 366 2100 accommodemus
394 2064 488 2100 hune
516 2065 701 2113 hymnum.
761 2064 894 2100 Eadem
930 2067 1039 2110 gloria

60 2115 135 2150 Deo
152 2117 340 2150 tribuenda
357 2118 458 2150 estin
476 2115 541 2150 bac
566 2119 654 2154 vita,
691 2117 753 2151 etsi
781 2119 941 2150 nondum
966 2130 1038 2150 cer-

60 2167 159 2200 nitur
174 2168 285 2200 oculis
302 2169 557 2211 corporalibus.
610 2166 741 2201 Eadem
759 2181 823 2211 pax
850 2176 881 2201 et
908 2168 1037 2201 lac-titia

62 2224 168 2251 erunt
185 2218 331 2255 animis,
359 2219 416 2251 sed
437 2219 577 2251 interim
596 2219 783 2252 incurrunt
800 2219 909 2252 multa
928 2220 1037 2262 impe-

59 2268 233 2302 dimenta:
257 2280 402 2311 magnae
420 2281 607 2302 aerumnae
622 2270 724 2309 soris,
746 2269 876 2303 faciunt
893 2282 936 2302 ne
954 2282 1037 2303 con-

60 2319 253 2363 spiciantur
271 2320 307 2352 in
323 2319 450 2352 animis
471 2320 531 2352 illa
559 2320 695 2352 incoata
720 2320 822 2352 bona.
876 2318 1038 2365 Denique

60 2367 126 2403 hoc
145 2371 301 2404 futurum
320 2381 488 2414 reguum,
516 2371 608 2415 quod
634 2367 691 2403 hic
715 2370 895 2409 incoatur,
923 2369 1037 2404 adbuc

59 2421 212 2455 velatum
230 2428 290 2456 est.

160 2478 255 2512 Idem
275 2478 471 2521 significant
495 2477 560 2512 hae
583 2479 820 2524 quaestiones:
850 2478 945 2521 Quid
975 2479 1036 2511 ad-

60 2531 126 2563 fert.
143 2532 313 2563 adventus
330 2528 488 2563 Clu-isti?
515 2529 615 2573 Quae
633 2537 714 2563 sunt
734 2530 899 2562 benvficia
917 2528 1036 2562 Evan-

61 2581 164 2623 getii?
193 2580 307 2623 Quale
326 2592 470 2621 regnum
501 2588 550 2614 est
570 2579 770 2613 Ecclesiae?
807 2579 901 2613 llaec
925 2581 1035 2614 adfert
1059 2582 1061 2586 ’

1059 2625 1060 2635 ³
1085 2632 1178 2675 quod
1199 2632 1377 2664 custodem
1406 2639 1537 2663 certum
1565 2628 1732 2661 babemus
1750 2637 1869 2662 contra
1890 2631 2070 2664 diabolum

63 2629 245 2671 Christus,
288 2643 346 2664 seu
371 2629 454 2664 haec
480 2632 645 2664 beneficia
671 2632 850 2664 distribuit
874 2629 1034 2672 Evange-

58 2682 165 2723 lium,
192 2684 274 2717 facit
291 2690 327 2717 ut
345 2683 492 2725 gloriam
509 2682 582 2716 Deo
598 2682 812 2723 tribuamus,
840 2689 877 2715 ut
903 2682 945 2715 sit
970 2695 1033 2726 pax
1058 2720 1061 2726 Ι

387 2806 396 2819 ἱ

1077 759 1079 790 ⁴]
1104 756 1181 789 liter
1202 756 1231 788 ei
1260 756 1433 792 irascitur.

1072 1141 1075 1148 ,
1099 1117 1247 1144 ternam.

1108 251 1216 285 beant
1233 264 1312 285 vera
1329 259 1360 285 et
1378 264 1449 285 non
1469 254 1624 296 peritura
1646 255 1784 297 gaudia.

1437 331 1512 367 De
1545 333 1756 380 gloria.

1206 400 1380 435 Tribuere
1413 402 1580 444 gloriam,
1622 411 1671 436 est
1705 404 1860 438 tribuere
1884 407 2086 450 potentiam,

1080 452 1331 495 ²sapientiam,
1367 453 1560 495 iusticiam,
1599 454 1790 486 bonitatem
1824 463 1856 488 et
1886 458 2084 491 inisericor-

1104 503 1215 535 diam:
1245 510 1280 536 ut
1298 502 1473 546 Epicurus
1490 516 1559 537 non
1578 504 1700 537 tribuit
1712 505 1789 537 Deo
1808 506 1973 549 gloriam,
2001 509 2082 552 quia

1079 567 1081 582 ι
1104 553 1201 596 fingit
1218 551 1309 585 nibil
1336 565 1407 586 esse
1424 556 1557 595 Deum,
1592 562 1650 588 aut
1675 555 1790 588 Deum
1818 556 1974 589 ociosum
1998 570 2081 593 esse.

1078 627 1080 630 -
1106 603 1174 637 Nec
1190 603 1276 637 Saul
1301 605 1424 637 tribuit
1445 603 1518 637 Deo
1543 605 1709 648 gloriam,
1745 607 1807 639 etsi
1833 608 1927 639 enim
1952 608 2082 641 iudicat

1103 666 1175 687 esse
1189 653 1322 694 Deum,
1349 662 1379 687 et
1396 656 1502 689 sentit
1528 669 1605 688 eum
1636 657 1735 689 irasci
1763 658 1930 701 peccatis:
1960 665 2079 692 tamen

1103 717 1173 737 non
1191 705 1309 738 statuit
1327 705 1392 737 sibi
1416 706 1566 749 ignosci,
1599 707 1687 749 fugit
1705 707 1837 745 Deum,
1868 715 1901 741 ct
1925 706 2080 741 horribi-

1492 755 1586 799 Ergo
1613 770 1674 789 uec
1701 758 1810 797 ratio,
1844 771 1905 792 nec
1926 759 1979 791 lex
2004 760 2079 792 siue

1101 804 1297 849 Evangelio
1314 807 1438 840 tribuit
1455 808 1601 851 gloriam
1619 807 1706 842 Deo.

1204 856 1250 891 Ut
1268 857 1374 899 igitur
1393 870 1471 891 vere
1488 858 1665 891 tribuatur
1681 857 1755 891 Deo
1780 859 1908 902 gloria,
1943 871 2080 893 necesse

1100 958 1205 999 lium,
1230 971 1299 1004 quo
1318 959 1457 999 audito,
1485 960 1673 993 tribuimus
1690 958 1765 992 Deo
1789 960 2078 999 misericordiam,

1074 1025 1075 1034 π
1099 1010 1192 1054 qnod
1211 1022 1289 1042 vere
1305 1022 1368 1043 nos
1395 1011 1557 1054 recipiat,
1594 1022 1674 1043 vere
1696 1011 1850 1044 remittat
1873 1011 1974 1044 nobis
1999 1023 2079 1055 pec-

1099 1067 1194 1103 cata,
1221 1067 1317 1094 curet
1336 1073 1417 1100 nos,
1446 1068 1477 1094 et
1497 1061 1579 1094 velit
1598 1061 1700 1093 uobis
1717 1062 1862 1094 reddere
1887 1061 1994 1094 vitam
2020 1074 2077 1094 ae-

1302 1110 1368 1144 Hie
1392 1112 1500 1154 igitur
1527 1111 1748 1154 agnoscimus
1771 1110 1885 1145 Deum
1911 1124 1983 1158 npn
2006 1124 2078 1145 esse

1097 1161 1272 1201 ociosum,
1289 1163 1347 1194 sed
1365 1162 1451 1195 iram
1471 1163 1640 1196 sentimus
1658 1163 1693 1194 in
1712 1163 1927 1206 poenitentia
1944 1171 1976 1197 et
1993 1176 2077 1207 poe-

1096 1212 1150 1244 nis
1162 1239 1170 1252 ‚
1186 1218 1219 1244 et
1237 1213 1512 1246 misericordiam
1530 1213 1705 1245 cernimus
1721 1213 1758 1245 in
1774 1213 1979 1246 remissione
1997 1226 2075 1257 pec-

1096 1270 1266 1302 catorum,
1286 1275 1389 1307 quam
1408 1270 1445 1296 ut
1463 1264 1652 1303 credimus,
1671 1264 1775 1296 simul
1793 1265 1976 1297 statuimus
1995 1276 2076 1297 vere

1097 1324 1159 1345 nos
1192 1313 1316 1357 respici
1329 1319 1347 1353 ‚'
1379 1314 1557 1353 exaudiri,
1601 1314 1734 1355 curari,
1767 1315 1899 1355 iuvari,
1934 1315 2073 1348 defendi

1095 1364 1139 1397 ab
1156 1376 1208 1397 e0.

1197 1413 1246 1448 Ita
1265 1416 1376 1459 gloria
1394 1416 1564 1450 tribuitur
1581 1416 1653 1450 Deo
1673 1427 1816 1460 prorsus
1835 1417 1967 1456 eadem,
1987 1428 2075 1460 quae

1095 1465 1270 1500 tribuetur
1296 1467 1332 1499 in
1357 1467 1427 1500 vita
1451 1474 1611 1507 aeterna,
1638 1468 1696 1500 sed
1725 1474 1807 1500 tunc
1830 1474 1933 1500 erunt
1957 1467 2074 1499 omnia

1095 1516 1298 1551 illustriora.
1351 1516 1453 1551 Nunc
1471 1518 1669 1561 impediunt
1686 1530 1874 1551 aerumnae
1899 1518 2002 1559 foris,
2031 1529 2075 1550 ne

1094 1567 1225 1609 gloriae
1260 1568 1506 1612 conspiciatur.
1567 1568 1658 1601 Vere
1693 1569 1771 1612 pius
1798 1569 2022 1602 circundatus
2057 1580 2075 1601 a

1095 1617 1240 1659 Turcis,
1275 1620 1338 1652 etsi
1365 1619 1461 1652 videt
1485 1631 1646 1661 magnam
1672 1631 1743 1652 esse
1765 1620 1956 1663 potentiam
1978 1619 2074 1652 Tur-

1094 1667 1200 1700 cicam
1219 1670 1395 1712 etspecies
1419 1670 1498 1703 talis
1522 1670 1671 1702 offertur
1695 1671 1822 1709 oculis,
1857 1670 1953 1713 quasi
1979 1668 2074 1702 Deus

1095 1715 1185 1750 nihil
1205 1727 1301 1752 curet
1323 1731 1407 1759 nos,
1441 1727 1555 1752 tamen
1583 1719 1709 1752 retinet
1732 1716 1822 1752 hanc
1847 1719 2071 1752 sententiam:

1093 1765 1254 1802 Christus
1273 1782 1335 1814 pro
1351 1771 1453 1803 nobis
1478 1770 1662 1803 crucifixus
1686 1777 1718 1803 et
1743 1770 1967 1803 resuscitatus
1993 1782 2072 1803 vere

1093 1825 1143 1851 est
1173 1818 1284 1853 Filius
1307 1819 1371 1853 Dei
1406 1828 1438 1854 et
1467 1821 1620 1853 salvator
1646 1827 1782 1861 noster,
1814 1829 1957 1864 propter
1979 1818 2081 1853 hunc·

1092 1869 1186 1903 Deus
1207 1877 1238 1903 te
1258 1872 1404 1914 recepit,
1422 1878 1454 1904 te
1472 1878 1587 1909 curat,
1604 1878 1637 1904 et
1656 1871 1692 1903 in
1708 1878 1888 1903 aeternum
1908 1872 2072 1905 servabit.

1193 1921 1244 1954 Ac
1275 1933 1370 1953 nunc
1399 1922 1541 1966 quidem
1570 1919 1724 1954 Ecclesia
1758 1922 1913 1965 dispersa
1937 1929 2004 1965 est,
2040 1929 2073 1955 et

1091 1971 1245 2005 subiecta
1263 1973 1377 2012 cruci,
1405 1973 1494 2005 iusto
1521 1972 1651 2005 iudicio
1668 1971 1752 2009 Dei,
1781 1974 1838 2005 scd
1864 1979 1978 2005 tamen
2007 1972 2072 2005 ali-

1091 2033 1157 2065 qua
1181 2023 1337 2055 membra
1363 2023 1515 2056 servabit
1538 2021 1633 2056 Deus
1660 2023 1696 2055 in
1723 2019 1787 2056 bac
1817 2023 1904 2063 vita,
1936 2023 2071 2056 etiamsi

1092 2072 1208 2117 aliqua
1239 2073 1387 2106 interfici
1422 2073 1517 2108 sinit.
1570 2073 1628 2107 Sic
1660 2074 1738 2116 pius
1771 2073 1896 2107 tribuit
1924 2074 2070 2116 gloriam

1091 2120 1185 2166 Deo,
1215 2125 1309 2168 quod
1327 2124 1435 2163 adsit,
1461 2124 1625 2167 recipiat,
1654 2132 1767 2164 curet,
1793 2125 1836 2157 sit
1863 2131 2071 2163 servaturus,

1089 2173 1222 2206 etiamsi
1243 2181 1403 2208 externae
1421 2187 1609 2208 aerumnae
1626 2175 1843 2218 impediunt,
1868 2187 1936 2218 quo
1953 2175 2070 2207 miuus

1088 2222 1203 2258 adhuc
1227 2225 1286 2258 illa
1312 2233 1517 2264 cernantur,
1560 2232 1592 2259 et
1617 2225 1850 2268 conspicietur
1874 2225 1983 2268 gloria
2007 2236 2069 2258 suo

1089 2281 1259 2319 tempore.

1138 2357 1190 2392 Et
1209 2359 1247 2392 in
1263 2363 1358 2393 lert-a
1380 2371 1473 2407 pax.

1177 2424 1266 2460 Pax
1283 2428 1317 2460 in
1331 2426 1483 2460 Ecclesia
1502 2427 1673 2471 praesenti
1685 2428 1763 2461 talis
1773 2436 1835 2461 est:
1856 2429 1946 2461 inter
1956 2427 2068 2461 Deum

1060 2479 1061 2484 ¹
1087 2485 1119 2511 et
1137 2476 1329 2511 Ecclesiam
1349 2491 1413 2521 pax
1436 2486 1483 2511 est
1497 2506 1504 2517 ,
1541 2480 1620 2523 quia
1639 2477 1734 2511 Deus
1752 2480 1818 2511 iam
1841 2479 1991 2521 placatus
2009 2492 2070 2523 per

1085 2527 1284 2569 Christum,
1313 2542 1383 2561 nou
1404 2529 1566 2562 irascitur
1585 2530 1705 2568 uobis,
1740 2537 1768 2561 et
1792 2542 1854 2561 nos
1881 2542 1950 2561 nou
1980 2531 2070 2572 fugi-

1087 2592 1162 2612 mus
1180 2593 1269 2612 eum.
1324 2578 1385 2613 Est
1405 2580 1485 2612 item
1507 2593 1570 2623 pax
1588 2582 1753 2611 adversus
1777 2578 1890 2612 hostes
1916 2587 2069 2619 eatenus„

1085 2681 1208 2716 eteius
1233 2694 1379 2724 organa,
1416 2688 1447 2713 et
1471 2681 1598 2713 scimus
1626 2693 1695 2713 uon
1722 2693 1819 2725 posse
1851 2682 1982 2714 saevire
2006 2680 2070 2714 llo-
