2409 2915
69 109 143 146 915
318 109 401 146 XII.
461 108 855 148 ANNOTATIONES
880 109 947 147 ET
973 109 1251 147 CONCIONES
1279 110 1330 146 IN
1354 111 1533 150 EVANG.
1562 114 1844 154 MATTHAEI.
2011 125 2085 161 914

165 193 261 230 Haec
287 195 378 230 dicta
412 196 531 230 omnia
565 196 752 240 diligenter
777 203 809 230 et
830 208 930 241 saepe
954 197 1048 240 cogi·
1101 196 1293 230 stificamur
1329 204 1444 231 autem
1490 201 1622 242 gratis,
1669 215 1731 247 per
1762 205 1910 248 gratiam
1942 217 2084 254 propter

63 245 170 279 tanda
187 254 280 287 sunt,
309 254 348 281 ut
362 246 642 290 magnitudinem
659 248 788 280 amoris
805 246 870 281 Dei
887 259 965 291 erga
983 259 1048 281 nos

63 307 312 339 agnoscamus,
340 304 372 331 et
393 304 487 331 tanta
507 298 662 331 bonitate
679 298 837 339 invitati,
865 300 1047 331 redeamus

62 347 106 380 ad
132 348 396 390 poenitentiam:
433 354 466 380 et
490 347 594 380 fidem
624 348 870 382 confirmemus
896 346 950 382 his
971 361 1046 381 ma-

61 397 197 431 nifestis
221 397 511 442 promissionibus
534 405 566 431 et
583 399 776 439 mandatis,
804 399 889 433 etin
907 400 972 432 fide
989 399 1047 432 fiat

61 449 242 482 ardentior
265 448 452 482 invocatio.
505 447 628 481 Talem
654 449 914 483 invocationem
939 461 1047 483 even-

61 503 119 532 tus
131 500 290 533 ostendet
306 510 377 532 non
395 509 466 531 esse
481 498 634 532 inanem.

163 555 232 591 Sed
256 568 376 590 sumus
399 557 540 599 frigidi,
578 569 641 591 nec
665 558 919 602 poenitentiam
944 569 1044 590 cura-

61 618 159 648 mus,
184 619 249 640 nec
265 608 454 641 excitamus
477 608 602 647 fidem,
629 620 695 642 nec
719 620 916 641 exercemus
940 608 1044 640 invo-

60 657 253 698 cationem,
280 658 360 702 quia
380 655 442 691 lias
459 659 678 692 dulcissimas
695 659 882 692 conciones
907 666 938 692 et
962 670 1044 702 pro-

58 706 242 740 missiones
265 719 337 741 non
361 709 572 752 cogitamus,
599 721 671 743 non
695 710 864 753 legimus,
891 721 964 742 non
980 720 1043 742 au-

57 756 174 791 dimus
191 756 439 802 Evangelium.

279 856 340 892 De
363 858 536 906 partibus
561 859 811 906 poenitenliae.

158 930 254 975 Quid
273 940 388 967 autem
411 934 455 967 sit
472 934 700 978 poenitentia,
729 941 761 968 et
777 946 864 979 quae
881 934 951 968 sint
968 934 1041 968 eius

55 989 192 1027 parteS,
219 995 319 1028 saepe
336 984 478 1019 auditis.
514 984 611 1018 Scire
630 992 746 1018 autem
764 985 916 1023 debetis,
945 986 1039 1030 quod

52 1033 260 1077 praecipuae
278 1041 391 1078 partes
408 1035 643 1079 poenitentiae
666 1042 734 1069 tres
747 1035 833 1070 sint:
861 1036 1040 1077 contritio,

54 1083 160 1123 fides,
188 1091 221 1118 et
236 1096 326 1118 nova
346 1085 560 1120 obedientia.

155 1141 315 1177 Primum
333 1144 376 1177 sit
398 1144 513 1189 aliqua
541 1143 726 1185 contritio,
754 1145 788 1178 id
816 1151 886 1185 est,
911 1144 1040 1190 aliquis

51 1204 183 1238 pavor,
209 1200 242 1227 et
261 1201 375 1228 metus
401 1194 470 1227 irae
493 1207 531 1228 ac
555 1195 676 1227 iudicii
697 1195 763 1228 Dei
786 1202 818 1229 et
832 1207 1039 1240 poenarum,

54 1251 88 1278 et
103 1244 224 1282 dolor,
254 1246 347 1289 quod
364 1244 477 1278 Deum
493 1245 694 1279 offenderis.

156 1301 263 1345 Quod
280 1310 394 1337 autem
411 1304 488 1336 talis
506 1304 610 1336 dolor
632 1304 675 1337 sit
691 1304 925 1343 necessarius,
953 1317 1039 1337 con-

52 1352 169 1386 firmat
194 1352 340 1393 Paulus,
365 1354 426 1398 qui
452 1354 566 1398 inquit
583 1355 618 1388 2.
643 1355 685 1386 ad
711 1352 872 1388 Corinth.
890 1354 924 1387 7.
954 1353 1037 1387 Tri-

51 1402 146 1436 stitia
163 1404 355 1436 secuudum
373 1402 485 1435 Deum
512 1404 616 1437 efficit
639 1404 892 1448 poenitentiam
919 1405 961 1436 ad
983 1416 1038 1438 sa-

50 1452 173 1488 lutern.
232 1451 345 1486 Valde
379 1454 539 1497 displicet
569 1454 643 1487 Deo
676 1455 827 1488 carnalis
858 1455 1063 1502 sectiritas,1

49 1503 139 1536 sicut
168 1504 260 1547 apud
284 1502 466 1536 Ieremiam
492 1516 566 1548 cap.
593 1505 629 1540 6.
663 1506 825 1547 obiurgat
848 1506 1034 1549 populum:
1059 1504 1062 1516 ⁸

47 1551 266 1587 Erubescere
283 1554 494 1587 nescierunt.
545 1554 647 1588 Certe
666 1553 749 1589 haec
773 1556 888 1596 ebria,
916 1568 1034 1590 secura

49 1611 84 1637 et
106 1603 260 1637 bestialis
286 1604 374 1644 vita,
410 1602 502 1637 nihil
528 1606 683 1648 cogitans
707 1607 749 1639 de
770 1607 819 1639 ira
845 1613 878 1639 et
901 1607 1033 1639 iudicio

48 1653 137 1694 Dei,
167 1666 238 1686 non
255 1655 364 1697 placet
379 1653 466 1688 Deo.
517 1654 599 1688 ldeo
617 1656 806 1699 cogitemus
823 1657 909 1689 iram
930 1664 961 1690 et
981 1657 1035 1690 iu-
1058 1684 1060 1701 :

50 1705 184 1738 dicium
201 1703 285 1745 Dei,
313 1713 345 1740 et
363 1717 639 1748 expavescamus.
694 1706 788 1740 Deus
806 1708 884 1739 ideo
902 1715 952 1741 tot
970 1708 1033 1740 ssa-
1056 1705 1060 1751 J

50 1755 149 1798 gellis
179 1755 320 1799 castigat
356 1767 437 1796 nos,
482 1763 520 1789 ut
552 1757 655 1790 nobis
686 1758 783 1791 illam
814 1756 1059 1791 securitatem⁴

48 1805 210 1839 excutiat.

149 1855 309 1890 Secunda
328 1867 408 1900 pars
424 1856 466 1890 sit
485 1854 590 1900 fides.
645 1856 738 1900 Quia
758 1870 829 1890 non
846 1858 921 1892 vult
938 1857 1034 1892 Deus

46 1918 111 1940 nos
139 1913 275 1940 tanturn
303 1907 340 1939 in
362 1907 484 1940 dolore
508 1919 597 1948 esse,
632 1909 693 1942 sed
726 1909 802 1942 vult
831 1921 896 1942 nos
928 1910 1032 1943 etiam

46 1957 232 1991 consolari.

147 2006 195 2041 Et
220 2005 276 2041 hic
300 2008 481 2041 sciendum
505 2016 572 2050 est,
608 2011 702 2055 quod
734 2010 824 2043 male
848 2010 1032 2044 docuerint

46 2055 238 2098 Monachi,
265 2059 325 2102 qui
349 2059 531 2100 dixerunt,
567 2058 730 2094 homines
755 2068 895 2104 propter
920 2057 1031 2108 snsfi-
1055 2071 1057 2108 j

47 2108 191 2142 cientem
216 2109 465 2142 contritionem
496 2111 623 2144 mereri
644 2112 886 2145 remissionem
910 2123 1031 2155 pecca-

43 2167 174 2194 torum.

147 2208 253 2243 Nulla
274 2216 385 2253 potest
402 2221 472 2242 esse
488 2210 662 2243 sufficiens
685 2211 862 2246 contritio.
905 2209 948 2244 Et
969 2211 1028 2245 illa

41 2260 128 2294 falsa
147 2259 350 2301 imaginatio
368 2261 528 2293 obscurat
547 2261 692 2304 gloriam
708 2259 862 2299 Christi,
889 2269 922 2295 et
939 2262 1028 2294 tollit
1052 2264 1055 2306 ί

43 2311 161 2345 fidem.
215 2309 292 2344 Hoc
310 2311 459 2344 sciamus
480 2318 591 2349 certo,
621 2313 713 2356 quod
737 2312 819 2345 velit
836 2311 930 2345 Deus
951 2324 1029 2355 pec-

45 2369 118 2396 cata
143 2361 318 2394 remittere
343 2368 484 2405 propter
511 2362 620 2394 filium
645 2363 768 2405 gratis,
803 2363 838 2395 id
860 2369 928 2401 est,
956 2375 1027 2396 non
1052 2374 1054 2393 ι

45 2418 188 2457 propter
203 2412 273 2444 ulla
291 2418 408 2445 nostra
434 2413 567 2446 merita.

146 2461 241 2495 Haec
258 2463 448 2495 consolatio
466 2475 544 2495 vera
570 2470 601 2496 et
620 2463 781 2496 salutaris
799 2464 948 2495 tenenda
966 2470 1027 2502 est,

45 2511 130 2546 haec
154 2519 204 2546 est
228 2513 286 2545 lux
304 2511 508 2555 Evangelii,
537 2521 575 2547 ut
592 2513 667 2547 Act.
688 2514 742 2546 10.
769 2513 858 2545 clare
882 2514 1026 2547 dicitur:

46 2561 139 2597 Huic
167 2574 288 2596 omnes
319 2561 513 2606 Prophetae
547 2565 785 2598 testimonium
831 2562 1053 2607 perhibent,.

1051 2623 1054 2652 3
1077 2617 1161 2649 dum
1186 2616 1425 2649 remissionem
1458 2623 1677 2659 peccatorum
1701 2618 1839 2661 publice
1863 2620 1915 2652 vel
1938 2621 2055 2663 priva-

44 2614 200 2658 accipere
214 2614 454 2647 remissionem
479 2621 699 2657 pcccatorum
718 2627 778 2658 per
797 2627 922 2647 nomen
943 2616 1028 2653 eius,

1098 244 1299 287 Christum,
1325 248 1410 289 fide,
1437 255 1500 285 etc.

1202 296 1321 330 Tertia
1342 310 1432 345 pars.
1484 300 1554 333 Nec
1571 301 1614 334 sit
1638 300 1721 336 haec
1750 305 1832 338 fides
1857 307 1987 350 otiosa,
2021 312 2081 344 sed

1099 348 1265 381 accendat
1291 348 1568 391 invocationem,
1593 358 1626 384 et
1646 352 1854 397 incipiamus
1872 355 2000 394 habere
2017 361 2081 393 bo-

1099 410 1184 430 num
1213 398 1449 441 propositum,
1493 407 1524 433 et
1559 402 1686 434 honam
1716 407 1976 443 conscientiam.
2034 409 2081 445 Et

1098 460 1234 492 semper
1248 449 1292 481 sit
1312 450 1412 482 nobis
1429 451 1545 493 regula
1564 450 1662 484 Pauli
1681 454 1715 485 in
1733 466 1933 499 conspectu:
1962 460 2080 495 Milita

1099 499 1225 531 bonam
1243 499 1419 540 militiam,
1440 498 1570 534 habens
1586 502 1688 535 fidem
1703 511 1735 537 et
1752 506 1881 540 bonam
1899 512 2079 545 conscien-

1098 549 1191 584 tiam.
1245 547 1341 582 Haec
1357 551 1400 584 sit
1417 552 1535 593 regula
1554 552 1655 586 vitae.

1197 605 1241 640 Et
1258 605 1342 641 haec
1366 609 1511 653 simplex
1538 617 1569 644 et
1594 612 1696 655 plana
1717 614 1875 649 doctrina
1894 618 1937 650 de
1954 622 2078 662 poeni-

1097 658 1203 691 tentia
1229 659 1272 691 ab
1302 660 1467 693 omnibus
1493 661 1560 704 piis
1588 662 1736 706 intelligi
1764 673 1889 708 potest.
1949 669 2078 704 Mona-

1096 706 1241 741 chorum
1258 710 1391 742 somnia
1410 722 1481 743 non
1499 719 1687 754 potuerunt
1711 715 1873 759 intelligi.

1196 766 1264 801 Sed
1289 779 1410 801 snmus
1434 769 1582 813 ingrati,
1610 777 1643 804 et
1662 770 1754 806 nihil
1769 775 1896 809 mirum
1914 784 1983 818 est,
2011 792 2076 823 pu-

1096 817 1164 850 niri
1183 819 1374 859 mundum,
1402 832 1480 853 cum
1501 821 1560 853 lux
1577 828 1671 855 tanta
1691 824 1734 857 sit
1758 821 1863 859 huius
1887 827 2077 870 doctrinae,

1095 874 1127 901 et
1150 869 1251 911 pauci
1285 871 1539 911 emendentur,
1575 873 1677 915 pauci
1708 882 1847 916 curent,
1882 877 1951 911 imo
1975 882 2077 924 pauci

1093 919 1239 954 discant.
1293 918 1377 953 Ideo
1393 922 1539 955 veniunt
1558 934 1691 966 poenae
1705 921 1906 963 horribiles.

1218 1017 1264 1053 Si
1284 1020 1477 1066 peccaverit
1504 1020 1543 1055 in
1570 1027 1602 1055 te
1618 1023 1745 1070 frater
1772 1030 1856 1059 tuus
1882 1031 1944 1064 ele.

1192 1085 1288 1121 Haec
1301 1089 1422 1122 concio
1440 1087 1572 1123 Christi
1591 1092 1680 1124 male
1697 1100 1856 1127 enarrata
1874 1102 1923 1129 est
1940 1097 1984 1129 de
2000 1099 2073 1133 sola

1091 1139 1374 1171 reconciliatione
1396 1139 1570 1182 fraterna,
1597 1153 1674 1175 cum
1693 1143 1736 1175 de
1759 1143 1952 1180 ministerio
1969 1154 2003 1181 et
2018 1149 2074 1183 iu—

1091 1188 1190 1221 diciis
1210 1187 1380 1222 Ecclesiae
1399 1190 1579 1235 loquatur,
1607 1199 1639 1226 et
1664 1194 1777 1237 qualis
1799 1206 1869 1227 esse
1893 1208 2072 1239 processus

1091 1238 1127 1270 in
1152 1239 1292 1272 iudiciis
1312 1238 1484 1273 Ecclesiae
1505 1243 1637 1275 debeat.
1691 1240 1780 1276 Cum
1806 1246 1899 1278 enim
1919 1247 1955 1280 in
1973 1251 2071 1282 omni

1090 1289 1210 1331 politia
1230 1297 1388 1333 oporteat
1406 1302 1477 1324 esse
1496 1292 1774 1326 iurisdictionem
1793 1306 2068 1340 compescentem

1089 1345 1328 1379 contumaces,
1355 1347 1388 1373 et
1404 1347 1557 1374 tuentem
1575 1343 1795 1383 obedientes,
1824 1359 1988 1390 quaerere
2005 1362 2071 1393 po-

1088 1395 1201 1422 terant
1228 1388 1408 1433 Apostoli:
1454 1391 1549 1434 Quid
1575 1393 1632 1426 fiet
1657 1393 1693 1425 in
1719 1403 1839 1428 nostro
1863 1400 1995 1440 regno?
2030 1400 2069 1434 Si

1087 1450 1159 1472 non
1190 1440 1318 1478 erimus
1345 1452 1458 1483 reges,
1499 1454 1570 1474 non
1597 1440 1806 1478 habebimus
1836 1458 1953 1487 arma,
1981 1462 2070 1494 quo-

1086 1491 1191 1523 modo
1219 1491 1457 1525 coercebimus
1481 1499 1540 1526 aut
1564 1505 1821 1535 compescemus
1840 1509 1897 1530 eos
1919 1501 1976 1544 qui
1997 1513 2069 1534 non

1086 1541 1355 1584 obtemperant?
1393 1541 1597 1586 Respondet
1619 1542 1797 1584 Christus,
1825 1550 1983 1584 sanciens
2009 1564 2070 1585 or-

1085 1591 1203 1623 dinem
1238 1592 1358 1624 iudicii
1388 1591 1638 1626 Ecclesiastici:
1684 1594 1721 1627 Si
1748 1608 1819 1629 non
1851 1600 2001 1634 audierit
2025 1609 2068 1641 te,

1084 1641 1139 1673 dic
1158 1639 1346 1677 Ecclesiae.
1399 1642 1436 1676 Si
1454 1643 1645 1676 Ecclesiam
1666 1657 1737 1678 non
1762 1647 1899 1687 audiet,
1941 1651 1985 1683 sit
2003 1652 2068 1685 tibi

1084 1691 1171 1724 sicut
1203 1689 1376 1725 Ethnicus
1402 1699 1434 1726 et
1468 1694 1689 1737 publicanus,
1748 1694 1844 1731 Ilaec
1877 1711 1986 1742 poena
2017 1710 2068 1736 est

1084 1741 1418 1777 exeommunicati&

1184 1791 1342 1826 Primum
1367 1800 1482 1827 autem
1508 1795 1740 1829 constituatur
1762 1797 1948 1833 discrimen
1976 1801 2067 1836 inter

1082 1849 1286 1886 potestatem
1311 1844 1509 1886 politicam,
1535 1845 1696 1888 Qssclttidye
1724 1848 1896 1891 meruit,
1924 1858 1955 1885 et
1974 1853 2067 1886 inter

1082 1900 1283 1937 potestatem
1302 1893 1603 1936 Ecclesiasticam,
1631 1897 1854 1943 §pt-cbigompr.

1183 1940 1348 1977 Potestas
1375 1943 1545 1991 politica,
1580 1958 1639 1979 seu
1667 1955 1817 1990 potestas
1841 1962 1962 1993 gerens
1992 1953 2065 1996 gla-

1081 1994 1197 2035 dium,
1228 2001 1277 2028 est
1300 2001 1450 2038 potestas
1481 2009 1498 2029 a
1522 1996 1595 2030 Deo
1616 1999 1776 2031 ordinata
1801 2002 1842 2033 ad
1866 2004 2065 2037 custodien-

1082 2046 1160 2077 dam
1179 2045 1401 2088 disciplinam
1426 2053 1459 2080 et
1477 2059 1607 2092 pacem.
1659 2046 1706 2082 Et
1723 2051 1859 2086 co'e'rcet
1882 2061 2064 2088 conturna-

1081 2107 1135 2128 ces
1151 2095 1183 2127 vi
1203 2096 1389 2139 corporali.

1181 2152 1249 2186 Hic
1271 2165 1343 2187 non
1367 2156 1542 2198 praecedit
1565 2157 1771 2191 admonitio.
1828 2158 1979 2201 Quando
2001 2163 2062 2196 de-

1080 2204 1201 2237 lictum
1227 2211 1278 2237 est
1302 2206 1543 2247 manifestum,
1579 2214 1617 2240 ut
1642 2208 1791 2248 furtum,
1835 2210 1888 2242 vel
1913 2209 2060 2246 homici-

1079 2255 1198 2293 dium,
1235 2255 1288 2288 vel
1319 2256 1552 2297 adulterium,
1593 2264 1676 2290 tunc
1708 2259 1928 2302 magistratus
1958 2264 2060 2298 debet

1052 2317 1176 2338 ,reum
1203 2306 1347 2350 punire,
1391 2307 1462 2339 sive
1495 2318 1573 2339 reus
1605 2315 1828 2342 convertatur
1857 2312 1900 2343 ad
1932 2312 2058 2353 Deum,

1077 2357 1149 2389 sive
1173 2368 1245 2389 non
1271 2364 1502 2391 convertatur.
1566 2357 1611 2390 Et
1645 2356 1709 2390 hoc
1732 2359 1899 2393 iudicium
1924 2364 2059 2405 politici

1078 2407 1318 2450 magistratus,
1346 2414 1393 2440 est
1411 2419 1463 2439 res
1483 2414 1573 2440 extra
1598 2408 1801 2444 Ecclesiam.

1178 2464 1247 2499 Sed
1265 2463 1503 2498 Ecclesiastica
1524 2472 1683 2509 potestas,
1711 2474 1759 2501 est
1783 2474 1932 2510 potestas
1948 2481 1965 2502 a
1983 2469 2056 2505 Deo

1051 2508 1053 2514 ⁴
1077 2516 1237 2548 ordinata
1270 2516 1311 2547 ad
1340 2516 1537 2548 docendum
1560 2514 1792 2559 Evangelium
1819 2524 1850 2551 et
1874 2520 1915 2551 ad
1941 2521 2056 2554 admi—

1077 2566 1320 2599 nistrationem
1351 2572 1666 2607 sacramentorum,
1709 2574 1740 2600 et
1773 2568 1814 2600 ad
1839 2571 2055 2604 annuntian-

47 2676 188 2703 omnes,
216 2665 275 2709 qui
303 2665 449 2697 credunt
472 2665 506 2697 in
533 2677 623 2697 enm.
676 2664 722 2700 Et
738 2665 887 2700 Roman.
903 2667 938 2701 3.
969 2665 1025 2699 lu·
1050 2660 1055 2704 l
1078 2667 1160 2709 tim,
1204 2667 1386 2710 agentibus
1416 2667 1687 2711 poenitentiam,
1727 2675 1760 2702 et
1787 2669 1831 2702 ad
1860 2672 2055 2714 puniendos

95 2717 270 2749 illrum-n.
300 2717 401 2749 Oeta.
426 2717 508 2748 Vol..
538 2717 630 2749 xlv.

1524 2716 1572 2750 58
