2409 2915
291 103 361 141 155

392 187 541 231 Propter
557 181 649 217 banc
665 178 931 213 instabilitatem
955 191 1072 212 rernm
1099 175 1275 213 bumana-

290 253 390 281 rum,
420 245 452 270 et
471 235 584 269 varias
601 231 843 268 confusiones,
871 229 959 264 dixit
976 230 1101 269 initio,
1130 230 1274 274 negocia

291 293 357 325 sub
381 289 463 324 Sole
487 284 676 318 vanitatem
703 292 794 320 esse,
826 280 863 315 id
887 288 956 320 est,
991 288 1024 314 et
1050 281 1208 323 fugacia,
1243 288 1275 314 et

292 342 397 390 plena
428 335 688 371 confusionum.
740 331 844 365 Nunc
875 332 974 365 addit
1004 332 1274 364 similitudinem

293 398 442 425 sumtam
469 399 487 420 a
512 385 667 418 motibus
695 382 788 417 Solis
814 389 846 415 et
878 394 1066 426 aquarum,
1095 383 1193 415 cuius
1218 395 1275 414 ac-

293 437 530 476 commodatio
578 435 770 480 prudenter
823 432 1083 465 consideretur:
1137 439 1274 466 tantum

293 493 388 526 enim
407 487 637 534 proponitur,
666 492 832 529 tanquam
853 483 967 526 imago
987 483 1228 516 instabilitatis
1245 490 1276 516 et

294 539 526 578 revolutionis
544 536 713 570 similium
738 534 956 566 miseriarum
979 534 1015 566 iu
1036 534 1188 576 negociis
1211 531 1277 566 bu-

295 593 428 630 manis,
455 597 485 623 et
506 587 677 633 significat
696 596 752 617 eas
771 584 929 617 miserias
953 596 1015 616 nec
1042 585 1190 617 consilio
1215 597 1277 617 nec

295 642 465 691 sapientia
484 638 636 673 humana
656 635 818 679 impediri
836 647 953 678 posse,
980 642 1018 668 ut
1036 648 1113 668 cum
1133 636 1277 667 fuissent

295 693 413 737 magni
436 690 627 726 tumultus,
655 693 685 719 et
705 687 847 719 crebrae
864 686 1057 719 seditiones
1083 687 1119 718 in
1137 685 1277 729 Repub.

295 745 458 780 Romana
477 741 542 773 sub
555 737 770 772 Consulibus
790 743 821 769 et
839 736 1023 775 Tribunis,
1041 744 1157 780 postea
1177 748 1279 779 expe-

295 796 358 830 tita
387 799 437 826 est
464 786 688 828 monarchia,
725 794 758 820 et
784 787 965 820 redieruut
1000 794 1114 819 tamen
1149 787 1279 820 similes

295 844 468 879 miseriae,
523 841 572 874 lta
593 840 628 871 in
651 838 773 876 lsrael,
791 850 868 870 cum
889 838 924 869 in
943 836 1184 878 Aristocratia,
1202 845 1281 870 ante

296 905 443 940 regnum
471 902 618 935 magnae
645 889 856 922 calamitates
876 889 1100 929 accidissent,
1131 889 1281 932 populus

297 946 412 981 voluit
438 954 552 986 regem
579 947 710 973 certum
741 939 926 977 constitui,
952 951 989 971 ac
1015 942 1175 983 sperabat
1204 952 1280 972 rnu-

297 1005 368 1032 tata
393 996 505 1029 forma
526 992 681 1035 Reipub.
708 990 900 1022 feliciorem
923 995 1050 1022 statum
1072 991 1157 1023 sore.
1212 990 1280 1024 Sed

298 1049 480 1093 aliquanto
517 1049 595 1088 post
627 1048 762 1074 secutae
797 1048 878 1074 sunt
915 1040 1084 1074 tristiores
1113 1042 1281 1074 dilacera—

298 1100 425 1134 tiones.

402 1151 670 1198 Simplicissima
688 1151 794 1193 igitur
818 1149 1094 1182 accommodatio
1118 1149 1282 1183 similitu-

299 1208 395 1243 dinis
415 1204 498 1239 llaec
516 1211 580 1237 est:
631 1202 728 1236 Sicut
743 1202 804 1235 Sol
823 1209 852 1234 et
869 1214 958 1246 aqua
981 1199 1109 1233 babent
1129 1200 1284 1233 assiduas

299 1255 646 1298 circumgirati011e5‚
667 1260 696 1285 et
716 1253 966 1291 revolvuntur,
984 1252 1029 1284 ita
1049 1249 1203 1284 bumana
1223 1263 1283 1283 ne-

299 1309 396 1354 gocia
413 1318 484 1340 una
502 1317 579 1339 cum
600 1303 766 1343 miseriis,
794 1315 881 1348 quae
907 1303 1083 1335 admixtae
1106 1309 1206 1340 sunt,
1231 1314 1285 1334 re-

300 1360 507 1396 volvuntur,
532 1367 596 1388 nec
615 1354 762 1387 consilio
782 1362 841 1387 ant
857 1353 1027 1397 sapientia
1048 1351 1201 1385 bumana
1220 1353 1285 1385 im-

300 1409 415 1456 pediri
433 1418 620 1441 aerumnae
638 1406 672 1437 in
693 1405 898 1438 universum
917 1411 1074 1448 possunt.

403 1466 444 1500 ln
464 1464 610 1510 privatis
637 1471 668 1496 et
690 1463 840 1507 publicis
865 1462 1019 1505 negociis
1047 1461 1198 1494 subinde
1220 1461 1285 1494 alia

303 1518 448 1553 consilia
475 1521 675 1554 tentantur,
703 1514 746 1546 ad
769 1513 987 1546 afferendum
1013 1519 1139 1545 statum
1164 1512 1289 1544 melio—

302 1582 395 1607 rem,
424 1574 456 1601 et
477 1574 591 1601 tamen
609 1566 757 1598 redeunt
776 1564 909 1596 similes
926 1564 1099 1597 miseriae.
1138 1563 1176 1595 ln
1198 1561 1286 1596 lianc

304 1619 513 1655 sententiam
537 1617 622 1649 dicit
648 1613 739 1648 nibil
765 1615 847 1647 novi
875 1615 939 1647 sub
957 1614 1056 1653 Sole,
1086 1615 1119 1646 id
1141 1622 1206 1651 est,
1235 1627 1289 1647 re.-

304 1674 415 1706 deunt
440 1667 573 1702 similes
597 1666 823 1708 cupiditates,
852 1665 979 1697 similia
1000 1665 1163 1702 consilia„
1189 1665 1288 1697 simi—

304 1724 354 1756 les
382 1726 548 1759 eventus,
575 1717 749 1749 bellorum
775 1727 916 1755 causae,
949 1715 1060 1753 bella,
1088 1723 1120 1748 et
1145 1715 1286 1748 calami-

304 1773 372 1808 tosi
391 1770 518 1808 exitus,
546 1769 634 1801 sicut
652 1765 881 1812 'l‘liucyilides
899 1767 1031 1810 inquit:
1065 1766 1187 1799 Donec
1213 1767 1290 1799 talis

306 1824 372 1858 erit
393 1821 578 1855 bominum
596 1825 741 1856 natura,
770 1818 928 1850 accident
946 1817 1094 1857 similia,
1123 1818 1207 1850 alias
1224 1818 1290 1850 mi-

307 1886 392 1913 nus,
419 1872 504 1904 alias
521 1869 684 1903 atrocius.

409 1929 528 1974 lnquit
552 1927 673 1969 igitur:
704 1925 858 1959 Cunctae
877 1937 930 1958 res
947 1932 1026 1958 sunt
1047 1925 1228 1964 difficiles,
1256 1926 1289 1958 iil

309 1990 381 2026 est,
409 1982 517 2014 multa
545 1979 652 2014 fiunt,
682 1989 832 2021 quorum
860 1988 982 2009 causae
1008 1977 1186 2018 provideri
1219 1989 1289 2008 nou

310 2038 470 2083 possunt.
506 2029 579 2063 Cur
596 2029 748 2061 vini-itur
767 2027 972 2068 Pompeius,
1002 2028 1036 2059 in
1058 2039 1158 2059 rausa
1186 2036 1219 2060 ut
1241 2029 1292 2059 vi-

311 2088 413 2119 detur
430 2082 585 2115 meliore.
646 2077 749 2111 ltem:
779 2077 979 2110 Disticilima
1000 2086 1048 2111 est
1072 2079 1293 2119 gubernatio,

310 2148 390 2171 cnm
412 2133 562 2166 maxima
591 2130 779 2162 multitudo
807 2130 894 2162 nolit
918 2129 1117 2168 emendari,
1145 2129 1223 2163 ideo
1240 2130 1291 2162 di—

312 2188 374 2221 cit:
403 2183 562 2218 Perversi
594 2194 664 2213 non
691 2188 837 2224 possunt
862 2180 988 2222 corrigi
1015 2180 1170 2223 legibus,
1205 2181 1293 2223 xigi-

312 2237 438 2273 lantia,
467 2243 499 2267 et
517 2232 701 2267 severitate
719 2233 1007 2275 gubernatorum.

418 2293 512 2326 llaec
537 2298 606 2324 tota
629 2291 741 2323 oratio
769 2297 801 2322 et
826 2289 967 2334 querela
991 2296 1040 2322 est
1077 2290 1119 2322 de.
1145 2289 1296 2323 miseriis

315 2344 498 2381 immanis,
517 2349 548 2375 et
566 2342 715 2373 obiectio
733 2347 851 2373 contra
872 2340 1150 2384 providentiam.
1180 2349 1296 2385 postea
1324 2356 1325 2362 ¹

317 2409 400 2431 vero
419 2396 531 2428 tradet
552 2392 798 2425 refutationem
819 2399 851 2425 et
867 2391 1158 2425 consolationem.

418 2459 600 2496 Pia-lutatio
619 2458 815 2491 communis
833 2455 915 2491 baec
934 2465 993 2497 est,
1008 2464 1209 2491 secuturum
1228 2471 1298 2493 esse

321 2514 510 2549 iudiciuin,
547 2510 741 2543 consolatio
777 2521 877 2547 vero,
910 2509 1067 2549 singulos
1103 2522 1164 2552 pro
1198 2523 1300 2543 voca-

322 2567 415 2599 tinue
443 2563 569 2596 debere
587 2561 761 2593 mandatis
786 2559 917 2593 ‹tn-inis
936 2561 1197 2603 obtemperare,
1226 2574 1298 2595 eos-
1326 2569 1328 2575 '

321 2629 388 2663 que
406 2616 543 2647 labores
561 2626 631 2644 uon
650 2611 796 2644 omnino
814 2611 887 2643 sore
906 2611 1035 2651 irritos,
1055 2611 1190 2644 etiamsi
1209 2614 1300 2646 mul-

322 2677 356 2702 ta
387 2667 530 2700 adversa
562 2664 741 2703 accidunt,
793 2661 1000 2695 Tenc-udam
1030 2674 1101 2694 esse
1131 2664 1301 2707 regulam.-

884 92 1008 127 PHlL.
1037 90 1152 128 MEL.
1180 92 1389 129 SCRlPTA
1417 92 1717 130 EXEGETICA.

2243 93 2316 130 156

1300 185 1304 226 t
1328 179 1547 213 Commenda
1567 178 1644 214 Deo
1669 180 1759 214 viam
1783 185 1897 220 tuam,
1923 185 1957 213 et
1975 190 2076 224 spera
2102 177 2141 212 in
2159 190 2258 221 eum,
2283 186 2318 213 et

1302 269 1303 274 ¹
1330 233 1402 275 ipse
1420 230 1533 264 saciet.

1302 277 1303 284 ἵ
1428 286 1556 323 Obiter
1591 290 1779 324 observent
1819 286 1879 322 hic
1913 287 2062 322 studiosi
2104 287 2318 329 testimonia,

1331 350 1420 384 quae
1454 340 1631 374 affirmant
1666 348 1794 374 terram
1825 347 1915 373 stare
1950 347 1982 373 et
2015 338 2134 373 Solem
2159 338 2316 372 moveri:

1302 398 1305 452 Ῑ
1332 390 1471 434 prodest
1489 392 1583 424 enim
1604 389 1732 424 babere
1746 391 1849 423 etiam
1862 390 1983 423 divina
1999 388 2213 430 testimonia,
2232 400 2318 422 con-

1303 457 1305 475 l
1332 448 1383 474 tra
1403 442 1572 474 absurdas
1595 442 1782 485 opiniones
1800 453 1945 482 eorum,
1972 441 2032 485 qui
2057 440 2238 483 ludentes,
2266 440 2319 473 la-

1303 482 1306 517 l
1332 491 1506 525 besactant
1555 504 1779 525 communem
1831 489 2058 536 physicorum
2108 490 2319 524 doctrinam.

1331 541 1492 576 Caeteras
1511 540 1670 588 physicas
1687 541 1942 586 disputationes
1956 539 2012 575 hic
2029 541 2165 575 omitto.

1385 633 1472 681 Ego
1485 633 1724 668 Ecclesiastes
1736 635 1805 683 sui
1818 632 1916 676 Rex,
1932 638 1962 668 el
1980 633 2139 680 cogitavi
2153 644 2322 680 quaerere

1435 685 1633 731 sapienter,
1661 683 1705 721 de
1725 685 1893 720 omnibus
1911 696 2005 736 quae
2023 682 2121 729 fiunt
2140 683 2208 717 sub
2224 682 2322 718 Sole.

1304 561 1310 831 i
1435 760 1607 804 Congruit
1639 762 1741 795 initio
1777 763 1912 804 dicere,
1950 764 1992 796 de
2025 761 2321 796 consideratione.

1335 812 1427 855 Quia
1449 813 1542 845 enim
1563 814 1720 846 videmus
1739 813 1929 847 dissimiles
1947 820 2105 856 eventus,
2126 823 2324 853 movemur,

1335 871 1371 897 ut
1390 875 1598 908 quaeramus
1621 865 1664 896 de
1683 865 1904 908 providentia
1919 892 1926 902 ,
1955 877 2017 897 nec
2038 863 2196 908 loquitur
2220 861 2324 896 Salo-

1339 927 1420 947 nion
1441 915 1483 946 de
1502 915 1782 948 consideratione
1810 913 1969 961 physica,
1999 926 2087 959 quae
2103 913 2258 948 ostendit
2278 913 2323 946 il-

1339 966 1459 998 lusti·ia
1491 965 1689 997 testimonia
1727 967 1970 1008 providentiae
1993 966 2153 1006 divinae,
2186 971 2218 997 et
2242 971 2324 997 tan-

1338 1029 1440 1060 quam
1462 1016 1605 1058 vestigia
1628 1014 1690 1047 Dei
1710 1016 1744 1048 in
1763 1024 1833 1049 tota
1851 1029 1968 1050 rerum
1993 1023 2138 1056 natura,
2155 1015 2237 1060 quia
2256 1014 2324 1048 im-

1339 1067 1503 1110 possibile
1529 1074 1597 1106 est,
1627 1078 1705 1099 casu
1733 1067 1897 1105 existere,
1934 1074 1967 1100 et
1989 1079 2129 1100 manere
2154 1065 2325 1110 pulcerri-

1340 1130 1435 1150 mum
1454 1118 1636 1156 ordinvm,
1666 1117 1701 1149 in
1727 1118 1863 1160 positu,
1890 1125 2037 1157 ornatu,
2063 1125 2096 1152 et
2121 1126 2219 1150 motu
2247 1128 2326 1150 cor-

1340 1181 1464 1213 porum
1485 1168 1629 1205 mundi,
1659 1175 1691 1200 et
1712 1169 1852 1202 noticiis
1871 1168 2104 1208 naturalibus,
2131 1175 2164 1201 et
2183 1179 2326 1200 conser—

1339 1220 1477 1252 vatione
1505 1219 1721 1263 specierum,
1755 1226 1788 1253 et
1814 1219 2067 1252 distributione
2097 1219 2140 1252 ad
2167 1218 2326 1251 diversos

1342 1281 1434 1303 ttStlS.

1442 1329 1496 1362 De
1514 1326 1567 1361 liis
1587 1328 1798 1362 testimoniis
1818 1327 2203 1368 concionaturPauluS,
2220 1326 2328 1364 Rom.

1342 1381 1377 1413 2.
1395 1386 1425 1413 et
1446 1378 1521 1413 Act.
1543 1381 1572 1414 1.
1592 1388 1623 1412 et
1645 1380 1702 1415 17.
1737 1380 1805 1413 Sed
1826 1380 1982 1425 loquitur
1997 1380 2165 1414 Salomon
2184 1380 2226 1412 de
2244 1391 2329 1413 con-

1342 1431 1556 1464 sideratione
1576 1431 1826 1471 consiliorum,
1853 1431 2052 1470 actionum,
2082 1437 2113 1463 et
2135 1437 2328 1463 eventuum

1344 1483 1379 1514 in
1413 1481 1670 1523 gubernatione
1708 1482 1849 1525 politica
1887 1490 1920 1515 et
1952 1481 2195 1514 oeconomica:
2248 1481 2327 1514 ideo

1345 1544 1503 1576 expresse
1522 1533 1608 1566 dicit
1631 1544 1664 1565 se
1687 1533 1944 1572 considerasse,
1974 1544 2012 1565 ea
2038 1544 2125 1576 quae
2152 1532 2240 1564 fiunt
2264 1532 2330 1564 sub

1344 1583 1437 1619 Sole,
1454 1583 1606 1615 actiones
1621 1591 1651 1616 et
1671 1591 1814 1616 eventus
1832 1581 2069 1616 bumanorum
2087 1583 2331 1622 consiliorum,

1345 1642 1380 1666 ut
1410 1633 1576 1672 Pericles,
1606 1631 1878 1670 Demosthenes,
1903 1632 2048 1672 Cicero,
2083 1640 2165 1666 sunt
2190 1633 2331 1676 sapien-

1347 1693 1394 1717 tes
1420 1685 1689 1725 gulwrnatores,
1717 1691 1750 1717 et
1775 1691 1891 1717 tamen
1916 1681 2043 1716 horum
2068 1683 2221 1726 speciosa
2247 1695 2332 1716 con-

1346 1735 1420 1767 silia
1456 1732 1585 1767 liabent
1620 1742 1726 1768 tetros
1763 1742 1928 1773 eventus,
1973 1734 2054 1778 quia
2087 1741 2186 1767 antea
2217 1734 2329 1767 dixit:

1346 1786 1500 1819 Cunctae
1526 1797 1578 1818 res
1603 1792 1683 1818 sunt
1708 1785 1886 1821 difficiles,
1923 1796 1985 1816 nec
2012 1791 2123 1827 potest
2144 1782 2250 1817 bomo
2275 1795 2333 1817 eas

1347 1836 1520 1878 explicare
1545 1847 1722 1870 sermone.
1754 1836 1785 1867 id
1815 1843 1882 1872 est,
1910 1846 2032 1867 onmes
2057 1835 2331 1868 deliberationes

1347 1895 1426 1919 sunt
1448 1886 1626 1923 difficiles,
1655 1887 1735 1930 quia
1754 1886 1960 1929 plerumque
1985 1886 2151 1930 utrinque
2177 1885 2333 1930 pericula

1347 1942 1547 1969 occurrunt.
1579 1936 1647 1968 Nec
1667 1935 1819 1969 bumana
1833 1937 2001 1978 sapientia
2022 1936 2333 1979 prospicitomnia.

1348 1985 1389 2020 Et
1411 1995 1525 2030 postea
1553 1987 1701 2025 dicitur,
1729 1988 1900 2030 sapientia
1920 1999 2020 2030 saepe
2046 1988 2151 2028 fallit,
2180 1999 2258 2020 cum
2277 1988 2334 2020 in-

1349 2038 1435 2082 quit,
1464 2039 1652 2070 stultorum
1672 2052 1742 2071 uuu
1759 2049 1807 2071 est
1828 2049 2014 2075 numerus».
2041 2049 2100 2071 sen
2120 2046 2232 2072 errata
2250 2045 2334 2072 sunt

1350 2089 1635 2124 innumerabilia.

1463 2147 1630 2181 Nominat
1664 2156 1779 2181 autem
1810 2148 1978 2181 Salomon
2015 2145 2106 2181 lianc
2137 2148 2246 2192 ipsam
2280 2159 2336 2182 sa-

1352 2199 1517 2243 pientiam
1553 2211 1611 2232 seu
1646 2200 1919 2232 deliberatioiws
1946 2199 2073 2232 malam
2097 2199 2337 2238 afflictionem,

1351 2257 1382 2283 et
1399 2250 1445 2282 ait
1467 2247 1690 2288 bominitms,
1719 2263 1735 2283 a
1754 2249 1826 2283 Deo
1847 2252 1962 2283 datam
1981 2261 2064 2285 esse.
2100 2248 2194 2283 Haec
2211 2249 2336 2283 videu-

1353 2308 1410 2334 tur
1434 2302 1605 2339 absurda,
1648 2303 1704 2333 sed
1744 2302 1897 2345 primum
1929 2301 2149 2333 discernatur
2183 2301 2335 2339 vocatio,

1353 2365 1412 2385 seu
1438 2353 1526 2384 ordo
1550 2353 1713 2390 uix-inus,
1737 2359 1770 2385 et
1793 2350 1976 2385 bominum
1996 2351 2181 2385 infirmit-is
2201 2363 2262 2385 seu
2279 2363 2337 2386 ca-

1354 2403 1435 2446 ligo,
1452 2410 1481 2435 et
1502 2403 1750 2437 ‹lubin-itiones.

1456 2462 1558 2495 Ordo
1577 2469 1655 2503 est‚.
1674 2469 1712 2495 nt
1731 2460 1948 2501 coniugium,
1977 2461 2122 2503 iudicia„
2149 2461 2336 2506 magistra-

1326 2532 1328 2557 3
1355 2521 1429 2549 tus.
1465 2526 1553 2558 quac
1579 2525 1631 2546 res
1654 2525 1717 2545 suo
1741 2523 1865 2554 genere
1893 2512 2004 2545 bonae
2029 2520 2133 2554 suut,
2164 2520 2338 2558 quatenus

1356 2565 1538 2597 ordinatae
1563 2571 1643 2597 sunt
1667 2576 1684 2596 a
1702 2561 1796 2599 Deo.
1826 2570 1855 2595 et
1883 2564 1972 2596 ordo
1996 2575 2068 2597 non
2092 2564 2254 2597 turbatur
2273 2560 2338 2597 ho-

1326 2631 1329 2664 :
1357 2616 1493 2648 minum
1514 2615 1606 2649 vitiis
1623 2621 1653 2648 et
1674 2614 1872 2651 furoribus,
1907 2614 1976 2647 Sed
2001 2614 2171 2660 sapientia
2188 2614 2257 2649 Dei
2284 2625 2339 2649 re·

1328 2674 1331 2697 t
1358 2667 1443 2699 cti-ix
1475 2673 1535 2701 est.
1599 2665 1638 2699 ln
1664 2664 1796 2699 Pericle
1823 2670 1873 2699 est
1899 2665 1990 2699 mala
2018 2664 2181 2707 afflictio.
2217 2666 2252 2700 id
2278 2667 2341 2706 est,

2405 1685 2409 1693 -
2390 1557 2409 1646 10.—
2391 1451 2409 1538 ’.ηι-
2391 1360 2409 1432 ‚ruz
2381 0 2409 1341 .2„QQQ.„2

2394 1819 2409 1957 σμ’-ν·
2400 1762 2409 1795 ι.
2407 1727 2409 1738 ..
