2409 2915
259 125 307 161 23

259 207 356 242 Haec
378 208 422 241 de
447 205 564 240 iudice
588 204 680 237 dicta
705 203 793 242 sint,
819 214 924 247 quem
948 209 1088 247 oportet
1111 202 1245 236 intelli-

262 270 358 302 gere,
383 257 446 291 ubi
463 256 662 295 severitate,
688 253 752 288 ubi
766 253 910 287 lenitate
927 254 1098 288 utendum
1117 254 1180 294 sit,
1206 259 1246 287 ut
1270 271 1271 275 =

262 308 552 342 alibi'dicendum
570 311 630 339 est.

364 358 432 392 Sed
449 358 492 390 de
514 355 662 400 privatis
677 353 837 399 personis
852 360 887 387 et
906 354 950 386 de
965 354 1110 398 privatis
1132 354 1246 388 offen·
1270 375 1272 379 -

264 409 423 442 sionibus
447 407 602 451 primum
626 405 807 438 sciendum
832 410 900 443 est,
927 406 1157 438 necessariam
1185 407 1247 438 de-
1271 427 1272 433 η

263 459 460 492 sensionem
477 467 675 490 concessam
695 467 784 494 esse,
803 456 861 488 sed
879 461 975 488 extra
993 466 1110 488 casum
1128 467 1246 489 neces-

264 509 375 543 sariae
395 507 612 542 defensionis
627 506 857 540 remittendae
875 512 957 538 sunt
976 506 1131 550 privatae
1150 506 1247 539 iniu—

264 560 357 598 riae,
384 567 418 593 et
432 559 637 593 obruendae
653 557 852 594 oblivione,
881 556 975 590 iuxta
993 557 1145 590 dictum:
1173 556 1247 590 Re-

264 611 393 644 mittite
409 616 443 643 et
459 609 657 642 remittetur
674 607 783 641 vobis.

265 661 378 695 iuriae
401 661 438 693 in
463 657 717 693 consuetudine
741 655 928 690 hominum
950 658 1125 702 plurimae
1154 658 1245 691 acci-

265 712 372 751 dant,
397 717 430 744 et
454 709 591 742 insania
614 709 676 749 sit,
703 719 843 752 sperare
864 708 988 748 vitam,
1016 708 1053 740 in
1079 720 1147 753 qua
1173 720 1245 741 non

266 762 370 795 multi
389 761 426 793 in
443 766 476 793 te
491 760 694 799 incurrant,
721 770 795 792 non
813 758 1050 791 existimemus
1066 756 1133 791 hoc
1148 770 1248 802 prae-

267 818 405 855 ceptum
423 812 465 843 de
482 810 571 843 raris
589 809 847 843 offensionibus
871 809 988 853 loqui,
1015 809 1074 841 sed
1099 809 1249 842 sciamus

267 861 359 896 hanc
376 861 672 895 condonationem
697 860 733 892 in
751 859 872 892 multis
890 859 981 892 vitae
1006 860 1159 902 negociis
1185 871 1247 892 ne-

268 913 451 946 cessariam
470 923 541 945 esse
558 911 594 943 in
613 910 758 955 privatis
774 909 1042 942 offensionibus.

267 1020 412 1058 propter
428 1013 566 1053 Deum,
594 1011 722 1044 deinde
743 1017 886 1058 propter
909 1021 1131 1043 communem
1153 1016 1248 1042 tran-

269 1065 494 1109 quillitatem.
547 1063 598 1096 Ac
621 1061 716 1095 Deus
737 1073 810 1094 non
835 1061 948 1093 solum
972 1060 1139 1107 praecipit
1158 1057 1249 1092 banc

268 1115 447 1152 virtutem,
471 1114 529 1146 sed
547 1113 650 1147 etiam
667 1112 744 1145 vult
761 1124 835 1144 eam
854 1123 927 1143 esse
941 1111 1248 1144 commonefactio-

270 1178 352 1200 nem
377 1166 420 1198 de
443 1176 504 1198 sua
519 1163 790 1197 condonatione.
846 1160 929 1194 ldeo
949 1161 1081 1206 inquit:
1109 1160 1247 1195 Remit-

270 1217 333 1250 tite
349 1223 381 1250 et
395 1215 593 1248 remittetur
606 1213 716 1247 vobis.
771 1211 859 1245 Vult
884 1213 990 1245 etiam
1008 1223 1072 1244 nos
1090 1211 1125 1244 in
1145 1209 1251 1245 huius

270 1266 411 1300 virtutis
432 1265 643 1309 cogitatione
668 1270 701 1298 et
725 1263 888 1296 exercitio
921 1262 1184 1296 commonefieri
1209 1263 1252 1295 de

270 1329 332 1351 sua
349 1316 608 1355 misericordia,
633 1322 666 1348 et
685 1315 728 1347 de
743 1312 956 1356 Evangelio,
983 1313 1019 1345 in
1039 1325 1108 1357 quo
1125 1325 1253 1358 propo-

272 1368 372 1401 nitur
394 1367 518 1410 ingens
544 1362 713 1400 ἐπιείκεια
739 1364 844 1407 legis,
884 1365 979 1408 quod
1004 1363 1174 1407 recipitur
1198 1365 1253 1396 in-

273 1425 370 1452 coata
387 1417 586 1452 obedientia
606 1416 728 1459 exigua
745 1422 778 1448 et
793 1415 934 1448 sordida
948 1441 957 1455 ,
983 1421 1016 1448 et
1041 1416 1135 1459 quod
1161 1414 1255 1447 mul-

273 1475 328 1503 tae
354 1468 573 1502 infirmitates
597 1468 862 1505 condonantur,
889 1472 922 1499 et
941 1465 1098 1509 quotidie
1114 1466 1256 1498 leniun-

273 1526 332 1553 tur
357 1531 507 1563 poenae,
536 1519 630 1551 iuxta
658 1518 807 1551 dictum:
836 1515 1082 1549 Misericordia
1110 1515 1257 1550 Domini

274 1571 370 1616 quod
401 1581 473 1602 non
501 1568 676 1602 consumti
700 1579 830 1602 sumus.

273 1621 375 1655 muni
398 1620 475 1665 paci
500 1619 690 1652 necessaria
714 1619 757 1651 sit
780 1619 993 1662 privatarum
1020 1618 1257 1651 offensionum

274 1671 429 1710 oblivio,
454 1669 776 1702 manifestissimum
800 1675 860 1703 est.

376 1720 551 1753 Monendi
571 1725 652 1752 sunt
670 1725 785 1751 autem
807 1717 980 1756 iuniores,
1006 1728 1049 1749 ne
1071 1718 1257 1750 admittant

276 1773 398 1806 falsam
427 1769 752 1812 interpretationem
789 1768 1075 1812 detorquentium
1109 1765 1175 1800 hoc
1203 1768 1257 1800 di-

276 1830 370 1857 ctum
391 1821 434 1854 ad
453 1831 626 1857 errorem,
653 1819 714 1863 qui
738 1818 838 1861 fingit
863 1825 981 1850 nostra
1006 1830 1109 1860 opera
1131 1817 1255 1850 mereri
1282 1824 1284 1847 τ

839 1867 976 1902 Delicta
999 1868 1083 1910 toga
1105 1868 1259 1907 anemio,
1282 1860 1285 1879 ³

276 1872 518 1907 remissionem
546 1876 776 1914 peccatorum.

278 1935 360 1967 ergo
375 1929 432 1955 tua
451 1921 592 1954 dilectio
611 1920 693 1962 tegit
709 1919 834 1953 delicta
861 1931 976 1952 coram
994 1917 1080 1953 Deo.
1119 1917 1258 1961 Negan-

278 1976 322 2008 da
346 1980 397 2007 est
424 1972 692 2016 consequentia,
729 1971 809 2014 quia
834 1971 966 2003 dictum
995 1977 1043 2002 est
1067 1969 1261 2012 politicum,

278 2032 311 2059 et
328 2024 486 2068 loquitur
505 2023 546 2055 de
562 2022 823 2055 condonatione
846 2021 937 2053 inter
961 2017 1139 2057 homines,
1170 2028 1200 2053 et
1220 2021 1262 2052 de

278 2076 403 2110 alienis
438 2073 573 2107 delictis
607 2072 781 2115 tegendis,
817 2079 849 2105 et
876 2073 918 2104 de
947 2071 1170 2114 reprimenda
1202 2083 1262 2103 cu-

278 2127 424 2170 piditate
467 2124 662 2163 vindictae,
715 2130 751 2156 ut
790 2122 902 2156 Levit.
940 2122 995 2156 17.
1033 2122 1261 2166 praecipitur:

278 2177 358 2211 Non
396 2186 554 2209 exerceas
586 2174 797 2213 vindictam,
850 2185 914 2206 nec
957 2173 1003 2205 sis
1044 2185 1178 2205 memor
1209 2174 1260 2204 in-

280 2228 390 2261 iuriae
424 2228 590 2259 adversus
627 2226 719 2258 cives
757 2232 845 2259 tu05.
914 2223 1131 2257 Nominatirn
1168 2224 1262 2255 enim

279 2280 322 2312 de
355 2278 490 2310 civibus
522 2277 670 2317 dicitur,
703 2283 741 2309 ut
766 2275 954 2318 significet,
997 2281 1141 2322 propter
1167 2287 1263 2307 com-

279 2341 420 2363 munem
450 2328 674 2361 concordiam
703 2327 830 2359 multas
864 2326 1012 2359 iniurias
1037 2326 1262 2359 dissimulan-

279 2382 340 2413 das
365 2391 446 2412 esse.
501 2377 636 2411 Pudeat
666 2385 781 2410 autem
817 2389 881 2410 nos
911 2384 1050 2409 nostrae
1081 2376 1263 2420 superbiae

280 2438 312 2463 et
330 2429 587 2473 impatientiae,
614 2441 692 2461 cum
713 2428 824 2461 Filius
838 2428 899 2461 Dei
917 2440 988 2460 non
1007 2428 1120 2460 solum
1140 2427 1259 2460 remit-

280 2488 328 2514 tat
347 2481 448 2512 nobis
465 2480 572 2513 multa
590 2486 622 2512 et
642 2491 765 2520 magna
783 2486 918 2522 peccata
931 2506 939 2517 ,
968 2480 1024 2511 sed
1049 2479 1152 2512 etiam
1179 2490 1260 2522 poe-

280 2543 359 2563 nam
387 2531 421 2562 in
447 2542 517 2562 sese
546 2530 758 2563 derivavi-rit
783 2537 976 2573 prostratus
1001 2542 1118 2562 coram
1145 2529 1260 2567 Patre,

278 2594 316 2614 ac
337 2582 448 2613 iuram
467 2581 630 2613 adversus
648 2588 766 2614 nostra
787 2581 912 2613 delicta
938 2581 1131 2619 sustinens,
1160 2580 1257 2625 quasi

278 2633 350 2675 ipse
368 2643 402 2664 se
419 2631 503 2663 meis
520 2638 551 2664 et
569 2633 635 2665 tuis
651 2633 839 2665 sceleribus
859 2632 1050 2675 polluisset.
1105 2631 1186 2664 ldeo
1204 2631 1258 2663 in-

276 2683 367 2728 quit:
387 2682 516 2715 Discite
534 2694 551 2714 a
569 2695 634 2722 me,
651 2684 708 2726 qui
728 2684 822 2717 mitis
836 2695 913 2716 sum
931 2690 961 2716 ct
983 2681 1127 2716 bumilis
1143 2684 1255 2715 corde.

853 116 978 154 PHIL.
1005 114 1122 155 MEL.
1148 116 1355 153 SCRIPTA
1380 117 1679 155 EXEGETICA.

835 605 926 640 Cum
943 613 1058 640 autem
1084 607 1168 641 tales
1192 608 1247 640 in-
1272 632 1274 635 ,

885 1567 991 1609 Quod
1019 1574 1134 1600 autem
1161 1579 1256 1599 com·
1282 1571 1283 1574 ’

1281 2655 1284 2707 l
1307 2680 1454 2714 minum.

2230 117 2280 152 24

1399 202 1478 238 Hoc
1500 205 1660 250 exemplo
1682 211 1716 239 et
1731 200 1924 250 'praecepto
1949 202 2078 237 moniti
2104 202 2278 247 patienter

1296 254 1449 288 feramus
1465 267 1544 289 cum
1562 256 1661 301 quasi
1683 257 1726 289 de
1750 255 1923 300 superiori
1946 255 2024 288 loco
2042 253 2277 291 detrudimur‚

1297 317 1376 338 cum
1402 306 1544 350 quidem
1567 318 1633 340 nos
1662 318 1782 340 revera
1808 305 1930 339 multis
1961 304 2099 349 magnis
2130 303 2278 347 peccatis

1296 355 1414 388 meriti
1435 356 1542 390 simus
1571 369 1720 401 poenas,
1756 363 1789 390 et
1815 359 2035 390 coerceamus
2051 361 2190 388 nostros
2210 353 2278 385 im-

1298 413 1415 450 petus,
1442 419 1486 440 ne
1504 407 1636 441 maiora
1653 408 1754 449 odia,
1782 407 1945 447 dissidia,
1972 407 2063 440 bella
2085 404 2281 438 accendan-

1297 463 1366 492 tur.
1423 455 1620 502 Diligamus
1651 456 1743 491 banc
1774 457 1939 491 virtutem
1971 454 2162 491 ἐπιείκειαν
2189 453 2280 487 hanc

1298 508 1406 552 ipsam
1431 509 1476 541 ob
1492 520 1652 552 causam,
1679 516 1718 542 ut
1736 520 1837 552 saepe
1854 519 1918 541 nos
1932 505 1998 540 hoc
2015 508 2129 551 ipsum
2147 515 2277 539 nomen

1298 559 1484 592 admoneat
1509 561 1552 592 de
1574 558 1787 603 Evangelio,
1814 560 1851 591 in
1876 570 1945 603 quo
1975 557 2177 591 dulcissima
2205 554 2280 590 ἔπι-

1299 606 1408 642 είκεια
1434 609 1519 652 legis
1541 610 1684 643 divinae
1702 610 1930 654 proponitur,
1956 615 1995 642 ut
2011 608 2146 641 dictum
2164 613 2227 640 est.

1399 658 1498 693 Sicut
1515 667 1629 694 autem
1647 661 1794 694 virtutes
1810 660 1945 693 vicinae
1966 665 2064 699 sunt,
2091 668 2210 690 severa
2227 656 2284 689 iu-

1300 710 1396 743 sticia
1422 716 1454 743 et
1479 708 1669 751 ἐπιείκεια,
1695 711 1742 745 ita
1765 718 1846 744 sunt
1863 710 1999 743 vicinae
2016 709 2182 750 virtutes,
2210 705 2284 739 Ve-

1300 761 1383 794 ritas
1414 772 1532 794 severe
1561 762 1722 795 iudicans
1748 763 1791 794 de
1818 761 1942 794 alienis
1967 760 2070 793 dictis
2092 765 2153 792 aut
2171 756 2284 797 factis,

1301 818 1333 845 et
1347 809 1500 844 Candor.
1540 810 1707 846 Extrema
1723 819 1804 846 sunt
1820 811 2021 845 Assentatio
2038 817 2069 843 et
2085 807 2283 844 Calumnia.

1302 861 1509 895 Moderatur
1525 869 1639 896 autem
1656 864 1789 896 candor
1816 862 1945 896 iudicia
1969 862 2124 900 duriora,
2152 865 2192 892 ut
2208 869 2286 891 sae-

1274 951 1275 959 *
1302 924 1343 955 pe.
1361 913 1494 957 aliquid
1512 913 1746 956 negligentius
1772 914 1906 947 dictum
1925 913 1962 945 in
1982 912 2084 945 bonis
2104 907 2288 952 scriptori·

369 962 416 996 Et
438 962 619 995 faciendae
651 967 733 993 sunt
763 960 1061 999 condonationes,
1095 959 1248 1003 primum
1274 974 1275 979 ¹

1300 963 1366 996 bus
1391 963 1596 996 leniendum
1623 970 1672 997 est
1693 964 1982 1007 interpretatione
2002 966 2217 1006 congruente
2241 958 2287 992 ad

1300 1021 1502 1058 perpetuam
1521 1014 1654 1047 autoris
1671 1015 1891 1048 sententiam.

1350 1089 1403 1128 Os
1420 1092 1531 1127 stulti
1545 1093 1758 1142 confusioni
1773 1092 2059 1141 appropinquat.

1403 1158 1520 1194 Multa
1537 1160 1722 1195 suntdicta
1740 1161 1777 1193 in
1789 1159 1979 1194 Salomone
1993 1161 2036 1193 de
2048 1170 2209 1193 sermone
2227 1170 2288 1191 seu

1302 1211 1346 1243 de
1370 1211 1490 1254 lingua
1520 1212 1704 1245 frenanda.
1773 1210 1865 1245 Sunt
1889 1218 2006 1244 autem
2033 1210 2118 1243 vitia
2148 1209 2290 1251 linguae

1305 1262 1466 1305 propria,
1501 1261 1750 1300 Mendacium,
1777 1262 1980 1305 garrulitas,
2006 1259 2291 1307 praecipitantia,

1305 1313 1504 1351 curiositas,
1532 1312 1795 1351 maledicentia,
1836 1312 2062 1352 conviciatio,
2095 1309 2292 1358 petulantia

1305 1363 1465 1405 linguae,
1482 1364 1697 1404 calumniae,
1720 1362 1875 1403 vanitas,
1903 1374 1962 1396 seu
1979 1363 2164 1400 iactantia,
2191 1359 2290 1405 θρα-

1307 1412 1508 1458 σωνισμὸς,
1545 1414 1680 1452 ironia,
1713 1411 1905 1454 δυσωπία,
1944 1410 2138 1457 ἀκκισμὸς,
2173 1411 2292 1455 impu-

1307 1465 1443 1505 demin,
1470 1462 1693 1511 φιλονεικία,
1716 1465 1923 1505 scm-illitas,
1951 1465 2190 1501 obscoenitas,
2216 1472 2294 1495 sco-

1309 1516 1441 1559 pticum
1459 1527 1551 1557 csse,
1569 1516 1716 1549 futilitas
1729 1543 1737 1555 ‚
1754 1516 1953 1550 assentatio.
1993 1513 2089 1547 Haec
2108 1513 2194 1546 vitia
2212 1512 2293 1545 ideo

1308 1567 1560 1599 consideranda
1579 1573 1678 1606 sunt,
1696 1573 1734 1599 ut
1749 1566 1881 1599 maiore
1897 1578 1978 1599 cura
1997 1566 2106 1599 vitare
2124 1575 2162 1597 ea
2179 1563 2292 1597 disca-

1309 1628 1405 1656 mus,
1439 1624 1472 1651 et
1501 1618 1679 1650 frenemus
1712 1617 1862 1661 impetus
1896 1624 2052 1658 nostros,
2084 1627 2146 1649 uec
2171 1624 2294 1648 omnes

1308 1668 1535 1710 cogitationes
1552 1668 1773 1700 effundamus
1790 1674 1852 1700 etc.

1369 1745 1585 1831 Bfilneldislio
1602 1747 1872 1795 Dominisacil
1891 1747 2020 1780 divites
2042 1752 2072 1779 et
2097 1759 2170 1780 non
2187 1743 2295 1779 addi!

1439 1811 1457 1830 υ
1477 1810 1583 1831 orem.

1412 1862 1593 1907 prophani
1626 1862 1787 1897 homines
1812 1864 1984 1906 cogitant,
2019 1875 2101 1907 opes
2127 1869 2159 1896 et
2184 1861 2295 1896 victo-

1311 1914 1379 1946 rias
1395 1915 1508 1958 parari
1528 1922 1664 1948 tantum
1684 1913 1836 1948 bumana
1856 1915 2027 1947 industria
2046 1922 2078 1947 et
2102 1913 2296 1953 laboribus,

1311 1972 1348 1997 ut
1366 1966 1563 1999 existimant
1584 1967 1823 1999 Alexandrum
1846 1966 2004 2004 vincere,
2030 1965 2113 2010 quia
2131 1964 2295 2005 consilio,

1313 2017 1509 2056 laboribus,
1536 2024 1568 2050 et
1588 2018 1714 2050 robore
1738 2017 1909 2050 exercitus
1926 2016 2104 2050 antecellit
2129 2015 2294 2049 multitu-

1313 2067 1387 2099 dini
1411 2066 1585 2107 l‘ersicae,
1611 2068 1698 2101 sient
1725 2068 1850 2101 usitate
1868 2068 2012 2101 dicitur:
2041 2065 2160 2100 Labor
2174 2066 2295 2099 omnia

1313 2118 1422 2151 vincit
1440 2118 1631 2162 improbus.
1667 2117 1710 2151 Et
1730 2118 1828 2151 Plato
1848 2119 1960 2163 inquit
1974 2144 1982 2159 ‚
2012 2115 2106 2150 bunc
2123 2129 2195 2151 esse
2213 2117 2297 2150 bea-

1314 2176 1406 2207 tum,
1435 2170 1489 2202 cui
1509 2182 1579 2203 non
1595 2182 1633 2203 ex
1652 2170 1729 2203 aliis
1757 2171 1883 2213 pendet
1905 2170 2067 2211 fortuna,
2095 2169 2153 2201 sed
2179 2168 2232 2201 sui
2259 2167 2296 2201 in

1313 2221 1425 2263 seipso
1450 2221 1560 2264 posita
1584 2228 1663 2254 sunt
1688 2222 1827 2258 omina,
1863 2233 1951 2265 quae
1975 2221 2016 2252 ad
2043 2219 2296 2252 beatitudinem

1314 2273 1505 2304 necessaria
1539 2279 1630 2307 sunt.
1695 2271 1735 2305 Et
1767 2273 1814 2304 sic
1838 2272 1923 2305 dicit
1948 2267 2296 2303 Nabuchodonosor:

1312 2321 1386 2363 Ego
1411 2322 1627 2368 Babylonem
1654 2323 1716 2356 soci
1742 2330 1872 2356 tantam
1898 2333 1975 2354 meo
1998 2322 2135 2355 robore.
2190 2319 2297 2353 Tales

1286 2411 1287 2422 ἵ
1314 2373 1581 2414 imaginationes
1598 2375 1805 2407 confirmant
1822 2372 1983 2405 fiduciam
2003 2378 2143 2405 nostrae
2157 2370 2298 2404 callidi·

1311 2424 1390 2458 tatis
1409 2432 1441 2458 et
1466 2433 1666 2459 nostrarum
1685 2425 1830 2463 virium,
1858 2436 1924 2468 qua
1944 2423 2023 2456 elati
2044 2420 2207 2455 homines
2232 2434 2297 2455 ne-

1310 2475 1444 2517 gligunt
1462 2475 1574 2509 Deum
1587 2504 1595 2515 ,
1621 2483 1651 2509 et
1668 2482 1809 2508 movent
1827 2487 1897 2507 nou
1916 2474 2109 2514 movenda,
2124 2481 2173 2512 ut,
2200 2472 2296 2517 Quia

1311 2526 1401 2559 videt
1424 2526 1600 2561 Antonius
1625 2539 1660 2560 se
1680 2526 1941 2560 instructiorem
1965 2537 2039 2558 esse
2056 2523 2233 2568 Augusto.
2261 2530 2295 2558 et

1309 2586 1420 2620 sperat
1453 2592 1531 2611 eum
1558 2590 1658 2623 posse
1683 2578 1856 2622 opprimi.
1895 2583 2010 2610 movet
2038 2576 2170 2609 bellum
2200 2575 2296 2609 iniu-

1308 2636 1411 2662 stum.
1468 2629 1569 2663 'l'alia
1591 2629 1690 2662 valde
1711 2629 1820 2663 multa
1848 2635 1929 2662 sunt
1954 2627 2065 2662 tristia
2092 2632 2205 2660 errata
2230 2624 2296 2660 bo-
