2409 2915
240 98 257 133 1
263 94 338 133 079

239 180 400 217 Christus
419 185 532 212 autem
552 177 636 210 haec
659 173 779 208 omnia
802 171 938 211 abolet,
970 181 1051 204 cum
1075 167 1225 202 mortifi-

239 241 311 272 cat,
338 239 371 265 et
387 227 614 263 mortificatos
635 224 790 259 suaviori
807 223 891 257 vino
909 227 1014 265 potat.

341 287 497 323 Fratres
520 286 617 328 eius-3
665 289 829 328 cognatos
851 278 1100 325 repraesentat.

240 340 498 376 nummularios
530 345 562 372 et
592 335 778 382 trapezitas
808 338 1009 367 mutuantes
1041 329 1226 376 pecuniam

241 392 418 435 intelligit.
487 389 593 422 Zelus
612 393 663 421 est
684 384 902 429 indignatio,
935 394 1024 428 quae
1046 394 1086 416 ex
1109 391 1227 415 amore

239 442 483 488 proficiscitur,
502 447 535 473 et
549 445 599 473 est
617 437 851 471 maximorum
868 434 1057 479 spirituum
1075 432 1228 466 affectus.

241 495 341 528 Sicut
357 493 452 526 enim
478 497 577 536 pater
600 488 763 522 irascitur
785 486 877 524 filio,
904 484 965 530 qui
986 484 1034 518 sic
1057 483 1228 522 irascitur,

240 552 280 579 ut
299 544 418 578 mallet
436 549 551 577 tamen
570 553 605 574 se
621 551 692 573 nou
710 537 812 571 irasci
830 542 1001 582 oportere.

487 623 601 673 Quod
622 623 771 670 signum
799 618 987 656 ostendis?

241 697 382 737 scilicet,
408 695 503 740 quod
521 691 606 727 haec
623 691 830 726 auctoritate
849 689 970 723 divina
988 700 1006 721 a
1022 695 1055 722 te
1074 688 1230 721 fiant.—

242 747 378 783 Solvite
410 745 579 789 templum
607 741 690 783 hoc,
729 742 754 775 i.
777 754 806 777 e.
831 738 898 774 hoc
923 750 1061 783 corpus.
1122 736 1229 779 Quod

242 798 450 832 auctoritate
467 795 587 829 divina
604 792 670 827 hoc
687 793 814 826 faceret
823 789 997 828 Christus,
1025 789 1104 821 ideo
1124 786 1230 821 loan-

242 861 304 883 nes
321 848 441 883 citavit
459 845 555 881 hunc
572 845 702 878 locum.

461 929 515 964 Et
544 926 771 964 crediderunt
798 925 1012 972 scripturae,

241 1002 373 1037 scilicet
413 997 610 1034 testificanti
658 997 700 1029 de
741 1000 854 1028 morte
900 1000 934 1028 et
975 990 1233 1026 resurrectione

240 1051 384 1089 Christi.

621 1169 760 1224 Caput
789 1169 864 1210 111.

316 1256 417 1292 Erat
452 1253 562 1289 homo
598 1263 643 1287 ex
672 1247 892 1285 Pharisaeis
919 1246 1153 1285 Nicodamus.

342 1327 439 1360 Haec
468 1322 659 1368 disputatio
682 1318 817 1355 Christi
851 1332 930 1353 cum
954 1318 1149 1352 Nicodemo
1182 1323 1232 1350 est

241 1377 454 1414 conflictatio
480 1373 671 1419 sapientiae
699 1378 733 1405 et
755 1371 911 1404 iusticiae
937 1369 1053 1402 carnis
1073 1380 1152 1401 cum
1177 1378 1231 1400 sa-

241 1429 374 1475 pientia
398 1434 430 1460 et
448 1425 585 1459 iusticia
603 1422 760 1466 spiritus.
816 1419 965 1453 Variant
982 1419 1076 1451 enim
1093 1418 1181 1451 ratio
1199 1424 1231 1450 et

239 1479 404 1515 Christus
427 1477 470 1510 de
496 1475 603 1508 modo
630 1471 898 1506 iustificationis.
951 1468 1059 1504 Ratio
1081 1480 1115 1501 se
1131 1468 1231 1501 iusti-

240 1531 337 1565 ficari
355 1535 475 1574 putat,
503 1526 531 1558 si
550 1525 660 1569 legem
681 1522 828 1556 audiens
845 1532 950 1565 opera
966 1520 1041 1553 eius
1063 1520 1230 1553 imitetur.

242 1581 341 1616 Talis
369 1586 419 1613 est
438 1577 674 1614 Nicodemus‚
702 1571 807 1606 homo
833 1569 1055 1616 pharisaeus,
1083 1570 1106 1605 i.
1122 1582 1150 1602 e.
1177 1569 1232 1601 vir

240 1632 379 1677 sapiens
396 1636 429 1663 et
448 1628 524 1662 sine
548 1625 705 1660 crimine.
758 1622 836 1668 lpse
858 1634 920 1666 per
946 1633 980 1655 se
998 1627 1166 1661 conatur,
1193 1626 1232 1653 ut

240 1685 352 1728 legem
386 1680 550 1724 impleat,
590 1683 624 1710 et
656 1682 796 1709 externa
828 1685 934 1717 opera
960 1672 1045 1715 legis
1077 1670 1233 1712 simulat,

241 1740 410 1780 putatque
441 1743 476 1764 se
506 1734 690 1774 propterea
722 1737 838 1758 coram
870 1725 948 1758 Deo
986 1723 1117 1756 iustum
1147 1732 1231 1760 esse,

242 1785 324 1831 quia
357 1783 456 1817 nullo
483 1787 626 1814 externo
658 1788 763 1821 opere
788 1775 936 1810 violavit
958 1774 1079 1817 legem.
1132 1772 1232 1806 Talis

242 1843 316 1870 erat
333 1841 367 1868 et
383 1840 463 1867 ante
481 1829 747 1865 conversionem
765 1826 908 1867 Paulus,
935 1836 1040 1870 quam
1058 1823 1231 1858 iusticiam

242 1898 339 1920 suam
367 1883 488 1918 scribit
521 1883 564 1915 ad
596 1877 752 1923 Philipp.
786 1876 849 1911 111.
884 1888 948 1920 pro
977 1882 1130 1909 stercore
1165 1875 1232 1907 du-

242 1949 318 1972 cere
339 1935 380 1981 ¹).
431 1931 479 1967 Et
500 1930 604 1965 Rom.
623 1928 717 1964 Vll.:
752 1925 828 1971 Ego
854 1927 1015 1959 vivebam
1040 1925 1232 1970 aliquando

243 1989 318 2022 sine
336 1987 428 2029 lege,
456 1983 477 2016 i.
493 1994 523 2015 e.
548 1981 691 2023 ignarus
722 1977 824 2019 legis:
854 1977 1020 2019 putabam
1046 1987 1101 2008 me
1123 1976 1232 2017 legem

242 2044 419 2084 praestare
436 2045 515 2068 cum
531 2029 623 2064 nihil
641 2029 758 2062 minus
776 2028 934 2060 facerem.
977 2024 1109 2059 Contra
1128 2023 1232 2059 Chri-

244 2097 318 2124 stus
334 2083 617 2121 iustificationem
634 2079 721 2113 dicit
738 2089 809 2111 esse
826 2077 1140 2121 regenerationem,
1168 2073 1234 2109 hoc

244 2147 294 2174 est
312 2150 391 2172 vere
410 2133 620 2169 mortificare
633 2130 665 2177 ²)
689 2140 829 2163 carnem
854 2135 887 2161 et
910 2127 1070 2160 renovari
1096 2127 1235 2171 spiritu.

245 2186 474 2225 Mortificatio
493 2185 566 2232 ipse
581 2181 614 2228 ³)
630 2181 754 2215 mortis
774 2190 895 2212 sensus
919 2185 969 2212 est
991 2190 1059 2223 quo
1085 2178 1234 2212 consun-

245 2241 342 2275 ditur
360 2251 440 2273 caro
458 2243 490 2270 et
518 2234 704 2268 iudicatur.
760 2229 959 2263 vivificatio
984 2235 1034 2262 est
1059 2229 1095 2261 in
1121 2235 1234 2262 morte

247 2302 367 2325 sensus
391 2289 500 2327 vitae,
528 2298 593 2330 pax
610 2291 642 2317 et
661 2281 828 2327 gaudium
851 2280 978 2314 cordis.

349 2349 467 2383 llomo
487 2359 526 2380 ex
543 2342 752 2381 Phasiacis,
781 2340 803 2374 ἰ.
816 2352 842 2375 e.
862 2337 968 2373 homo
987 2339 1061 2372 siue
1078 2338 1236 2373 crimine.

249 2402 383 2441 Noctu,
418 2398 548 2432 scilicet
580 2395 661 2439 quia
692 2392 881 2426 metuebat.
934 2390 1072 2424 Scimus
1098 2390 1191 2434 quod
1217 2402 1235 2423 a

248 2453 322 2487 Deo
338 2459 415 2490 etc.,
438 2449 520 2494 quia
537 2448 625 2481 ratio
644 2451 692 2479 tot
709 2442 888 2477 miraculis
904 2441 1068 2475 conclusa
1085 2448 1145 2474 cst.
1173 2439 1235 2473 Vi·
1260 2455 1263 2495 Ι

249 2508 330 2537 dere
354 2513 522 2545 regnum,
550 2499 570 2531 i.
596 2509 623 2531 e.
649 2508 719 2529 non
746 2501 858 2539 potest
889 2491 1079 2527 iustificari.
1135 2492 1235 2534 Quo-

286 2647 312 2671 1)
332 2644 448 2668 dufer-rt
469 2640 556 2664 nrt-uati
578 2646 609 2662 ox
633 2638 688 2661 Tub
800 2635 830 2660 2)
851 2637 943 2659 secer.
967 2631 1148 2663 mortificari.

282 2680 312 2706 3)
332 2679 388 2703 'rub
416 2680 488 2705 ivea.

833 83 961 122 PHIL.
987 80 1105 120 MEL.
1131 77 1340 118 SCRIPTA
1363 75 1663 115 EXEGETICA.

2167 79 2265 115 1080

1278 163 1385 198 modo
1401 169 1514 208 potest
1528 169 1612 205 etc„
1637 163 1660 200 i.
1676 175 1704 197 e.
1722 163 1900 209 quomodo
1919 169 2032 208 potest
2048 163 2182 197 aboleri
2202 175 2266 197 na-

1280 223 1370 250 tura.
1431 213 1635 248 Iustificatio
1667 226 1740 248 non
1765 221 1816 248 est
1841 214 2008 248 extinctio
2031 220 2190 248 naturae.
2216 232 2265 240 —

1159 277 1227 312 per
1251 274 1254 292 ¹
1279 265 1450 306 Renatus‚
1475 265 1606 300 scilicet
1624 277 1716 300 vere.
1749 263 1804 299 Ex
1819 277 1926 310 aqua,
1953 265 1977 301 i.
1994 276 2023 300 e.
2039 271 2266 310 posteaquam

1251 326 1255 348 1
1280 315 1509 350 mortificatus
1523 322 1585 350 est.

1636 314 1684 350 Et
1697 315 1834 361 Spiritu
1850 322 1982 355 sancto,
2010 315 2142 350 scilicet
2154 322 2195 350 ut
2210 315 2266 349 vi—

1280 367 1454 402 vificante.
1506 365 1600 399 Caro
1617 374 1679 408 est,
1705 366 1733 401 i.
1746 379 1774 403 e.
1791 364 1883 400 nihil
1902 367 1971 400 nisi
1988 365 2141 400 carnalia
2159 377 2266 411 quae-

1280 418 1327 452 rit
1344 417 1528 462 sentitque.
1542 436 1595 442 —
1628 416 1765 462 Spiritu
1782 418 1842 454 sel.
1858 424 1988 452 sancto.
2031 416 2184 462 Spiritus
2205 417 2267 451 ubi

1281 469 1358 503 vult
1385 468 1512 512 spirat,
1545 468 1567 501 i.
1590 480 1618 501 e.
1650 479 1706 501 res
1733 479 1838 511 supra
1867 475 2006 514 captum
2036 474 2183 502 naturae
2206 473 2269 510 est,

1282 520 1361 553 ideo
1379 531 1423 552 ne
1435 530 1550 563 neges,
1568 518 1650 564 quia
1667 526 1706 553 tu
1723 530 1797 552 non
1814 519 2029 565 adsequeri53
2058 518 2202 563 spiritus
2218 524 2269 551 est

1282 570 1343 616 qui
1367 570 1480 604 docet.
1532 569 1706 614 Spiritus,
1737 569 1762 605 i.
1778 581 1807 603 e.
1829 577 1964 604 ventus.
2017 568 2169 608 Vocem,
2197 569 2219 604 i.
2238 580 2268 604 e.

1283 621 1477 665 strepitum.
1530 620 1590 655 Sic
1605 627 1657 654 est
1672 620 1799 661 omnis,
1822 620 1845 656 i.
1863 632 1892 656 e.
1909 621 1998 655 sicut
2014 621 2051 653 in
2069 627 2186 655 nostra
2207 631 2270 664 po-

1284 678 1404 706 testate
1419 683 1493 704 non
1509 678 1561 705 est
1577 671 1633 705 vel
1653 670 1829 704 moderari
1846 677 2002 710 ventum,
2030 671 2086 704 vel
2104 671 2271 710 iudicare,

1255 717 1259 761 Ι
1285 724 1332 757 ita
1349 723 1387 756 in
1403 729 1523 757 nostra
1538 728 1711 767 potestate
1727 733 1800 755 non
1822 728 1872 756 est
1891 721 2046 766 Spiritus
2064 728 2214 755 sanctus.

1386 772 1490 807 Tune
1513 785 1548 807 es
1570 779 1654 813 etc.‚
1686 773 1709 806 i.
1724 784 1752 808 e.
1774 779 1860 806 tune
1881 773 1985 806 doces
2003 772 2172 816 populum
2189 782 2270 806 san-

1285 831 1375 858 ctam
1390 824 1687 862 iustificationem‚
1710 830 1744 857 et
1761 823 1915 866 ignoras,
1942 835 2031 868 quae
2047 823 2091 857 sit
2107 823 2271 857 iustifica-

1285 875 1357 909 tio?
1379 894 1428 899 —
1456 873 1563 917 Quod
1587 874 1715 908 scimus
1738 874 1938 919 loquimur,
1966 873 2027 910 scl.
2045 874 2088 907 de
2104 873 2270 907 iustifica-

1286 926 1393 966 tione,
1420 925 1503 970 quia
1520 925 1666 970 spiritus
1682 925 1816 958 revelat
1833 924 2096 958 immunditiam
2113 923 2271 958 iustitiae

1287 976 1422 1017 carnis,
1457 983 1492 1010 et
1507 975 1681 1016 ostendit,
1708 975 1794 1020 quid
1822 975 1960 1010 intersit
1985 975 2077 1008 inter
2099 974 2272 1009 iusticiam

1286 1027 1400 1060 carnis
1423 1032 1458 1060 et
1481 1027 1638 1071 spiritus.
1689 1024 1772 1060 Non
1797 1025 1972 1070 accipitis,
1998 1025 2128 1059 scilicet
2154 1036 2274 1058 excae-

1287 1077 1353 1111 cati
1384 1078 1540 1119 ratione,
1579 1083 1724 1122 propter
1753 1076 1993 1121 insipientiam
2025 1076 2183 1111 rationis.
2236 1074 2275 1109 Si

1287 1135 1425 1162 terrena
1448 1135 1532 1170 etc.‚
1558 1128 1712 1169 scilicet,
1746 1140 1835 1173 quae
1861 1128 1954 1162 intra
1977 1138 2012 1161 se
2027 1138 2150 1161 omnes
2165 1125 2276 1159 sancti

1286 1179 1525 1224 experiuntur.
1576 1178 1770 1221 coelestia,
1796 1179 1857 1215 scl.
1881 1190 1972 1224 quae
1995 1184 2078 1212 sunt
2093 1177 2198 1212 etiam
2215 1188 2275 1210 su·

1286 1241 1349 1275 pra
1368 1241 1508 1264 sensum
1527 1237 1738 1265 sanctorum.

1506 1311 1626 1349 Nemo
1655 1311 1819 1348 ascendit
1846 1313 1886 1347 in
1914 1313 2062 1349 coelum.

1388 1381 1622 1426 Posteaquam
1652 1381 1773 1414 docuit
1810 1381 1945 1415 renasci
1975 1388 2158 1425 oportere,
2206 1381 2275 1414 iam

1285 1432 1458 1473 ostendit,
1485 1444 1547 1476 per
1571 1443 1676 1476 quem
1702 1443 1944 1473 renascamur,
1971 1439 2004 1465 et
2023 1431 2121 1465 cuius
2138 1431 2275 1465 iusticia

1285 1484 1389 1517 nobis
1416 1484 1608 1527 imputetur
1631 1483 1675 1516 ad
1701 1482 1867 1523 salutem,
1895 1494 1974 1516 cum
1997 1482 2130 1526 inquit:
2165 1481 2277 1516 Nemo

1285 1533 1440 1567 ascendit
1473 1534 1509 1565 in
1532 1533 1688 1573 coelum,
1723 1532 1746 1567 i.
1771 1544 1800 1567 e.
1826 1532 1960 1566 nullius
1990 1532 2126 1566 iusticia
2157 1544 2275 1566 coram

1286 1585 1360 1618 Deo
1389 1590 1527 1627 accepta
1551 1590 1602 1616 est
1627 1589 1660 1617 et
1686 1583 1876 1627 probatur,
1904 1583 1971 1616 nisi
1996 1580 2141 1617 Christi.
2195 1581 2278 1617 Ideo

1286 1635 1368 1680 quia
1384 1635 1457 1678 ipse
1475 1634 1519 1667 de
1535 1634 1631 1667 coelo
1650 1633 1830 1667 descendit
1849 1641 1881 1668 et
1904 1640 1954 1667 est
1980 1633 2016 1666 in
2039 1633 2160 1678 coelo,
2196 1634 2275 1668 ideo

1288 1686 1363 1719 eius
1388 1685 1528 1718 iusticia
1555 1696 1674 1718 coram
1698 1683 1774 1718 Deo
1800 1685 1952 1728 perfecta
1983 1691 2051 1724 est,
2085 1684 2167 1729 quia
2183 1683 2279 1718 Deus

1287 1743 1338 1770 cst
1353 1743 1416 1770 etc.
1430 1760 1439 1774 ‚
1469 1735 1551 1780 quia
1580 1735 1763 1769 descendit
1785 1736 1828 1768 ad
1848 1734 1878 1781 1)
1903 1735 2186 1769 sanctificandam
2203 1747 2278 1769 car—

1286 1799 1366 1820 nem
1392 1793 1425 1821 et
1447 1786 1779 1820 communicandam
1804 1785 1977 1820 iusticiam
2002 1797 2100 1819 suam
2131 1787 2279 1820 creden-

1287 1839 1393 1873 tibus.

1455 1902 1508 1937 Et
1534 1903 1627 1937 sicul
1655 1901 1808 1949 Moyses
1834 1904 2014 1937 exaltas-it
2050 1909 2110 1939 etc.

1388 1970 1528 2005 Deinde
1545 1971 1655 2012 addit,
1680 1971 1858 2015 quomodo
1875 1982 1971 2004 suam
1991 1971 2166 2005 iusticiam
2182 1984 2280 2007 com-

1288 2021 1444 2055 municet
1469 2021 1580 2062 silius,
1602 2034 1680 2054 cum
1706 2021 1836 2066 iuquit:
1873 2021 1971 2055 Sicut
1992 2021 2133 2067 Moyses
2150 2023 2278 2058 exalta-

1288 2073 1338 2105 vit
1352 2078 1548 2116 serpentem
1570 2079 1633 2107 etc.
1684 2070 1842 2105 Historia
1865 2084 1904 2105 ex
1928 2072 2164 2107 Numerorum
2181 2074 2279 2111 XXI.

1288 2130 1426 2167 accepta
1449 2129 1518 2161 est,
1552 2123 1614 2156 ubi
1633 2135 1712 2157 cum
1732 2123 1851 2166 ignitis
1873 2124 2095 2168 serpentibus
2114 2125 2279 2160 immissis

1288 2180 1470 2208 necaretur
1489 2174 1639 2218 populus
1653 2201 1662 2216 ‚
1686 2181 1907 2218 praeceptum
1931 2182 1979 2208 est
1995 2187 2013 2208 a
2031 2173 2126 2215 Deo,
2153 2183 2190 2211 ut
2209 2177 2278 2211 eri-

1288 2232 1427 2269 geretur
1444 2236 1573 2258 aeneus
1589 2236 1749 2269 serpeus,
1776 2237 1880 2271 quem
1907 2225 1968 2270 qui
1993 2227 2206 2270 aspexissent
2225 2228 2278 2261 vi-

1289 2276 1378 2309 cturi
1405 2283 1528 2311 essent.
1583 2276 1682 2320 Quae
1706 2273 1852 2310 historia
1874 2274 2022 2321 pulchre
2041 2285 2277 2322 repraesentat

1290 2324 1472 2361 Christum
1506 2335 1538 2361 et
1572 2327 1691 2361 omnia
1726 2339 1815 2371 quae
1853 2339 1914 2372 per
1951 2339 2031 2361 eum
2070 2329 2279 2373 accepimus.

1293 2377 1425 2422 ignitus
1445 2389 1587 2422 serpens
1604 2378 1745 2423 proprie
1762 2385 1810 2411 est
1835 2378 1974 2412 aculeus
2000 2379 2122 2413 mortis
2135 2407 2144 2420 ,
2172 2381 2207 2414 id
2227 2389 2278 2416 est

1291 2436 1486 2472 peceatum,
1526 2431 1620 2475 quod
1650 2430 1697 2464 ita
1722 2437 1820 2463 vocat
1844 2429 2035 2477 Apostolus
2065 2429 2278 2467 Leon-inm.

1292 2479 1383 2514 XM:
1419 2478 1489 2514 Ubi
1516 2487 1586 2521 est,
1611 2492 1724 2518 mors,
1754 2481 1894 2515 aculeus
1921 2482 2027 2514 tunsi>
2054 2482 2195 2516 aculeus
2214 2494 2277 2517 nu-

1291 2539 1358 2565 tem
1378 2531 1501 2565 mortis
1517 2538 1696 2577 peccatum
1715 2536 1781 2571 est;
1819 2532 1928 2567 virtus
1953 2533 2080 2576 pcccati
2110 2534 2182 2576 lex,
2209 2533 2232 2568 i.
2248 2546 2277 2570 c.

1324 2669 1354 2693 ὁ)
1373 2667 1428 2695 ad]
1447 2665 1538 2690 addid!
1559 2671 1590 2688 ex
1611 2664 1677 2689 rub.
