2409 2915
0 1905 2 1935 }
60 1896 164 1931 feros.

0 2225 3 2233 ,
61 2199 99 2232 in
126 2197 191 2232 hac
213 2199 282 2232 vita
307 2209 378 2230 esse
401 2204 549 2242 oportet.

0 2240 3 2249 λ
60 2261 200 2283 sensum
226 2249 297 2282 irae
321 2246 407 2289 Dei,
441 2255 474 2281 et
495 2254 632 2291 oportet
654 2259 718 2279 nos
745 2247 914 2290 cogitare,
947 2247 1042 2280 iudi·
1068 2267 1070 2277 ,-

0 2388 3 2409 ⁵
61 2407 95 2434 et
117 2400 217 2434 initia
238 2399 331 2435 fidei.

0 2448 3 2454 ’
60 2457 115 2485 tae
143 2458 321 2491 aeternae,
355 2450 444 2484 sicut
477 2449 562 2483 dicit
592 2446 675 2481 haec
706 2448 893 2482 sententia:
928 2448 1042 2482 Iustus

71 152 170 188 1037
319 149 402 187 ΧΠ.

170 235 271 270 Hanc
295 236 483 278 imaginem
506 235 550 268 de
570 234 758 268 mulierum
776 235 1000 269 solicitudine
1019 243 1052 270 et
1075 242 1080 287 Ι

68 287 256 331 unguentis
280 287 515 326 considerate,
541 291 580 319 ut
601 296 780 329 opponere
796 286 991 320 doctrinam
1009 287 1051 320 de
1076 289 1078 295 '

68 338 136 371 fide
151 338 299 371 discatis.

219 422 508 456 Testimonia
545 419 902 466 Prophetarum.

167 486 231 522 Est
263 495 377 520 autem
412 487 588 530 praedicta
621 488 809 522 destructio
839 487 960 520 mortis
989 499 1051 531 per

68 537 253 577 Messinm,
279 545 312 571 et
334 538 507 571 restitutio
533 537 703 577 iustitiae,
731 545 763 570 et
784 538 873 571 vitae
891 545 1050 571 aeternae

67 588 105 621 in
145 588 264 621 multis
302 588 512 621 testimoniis
545 586 824 631 Prophetarum,
866 595 899 621 et
932 589 1077 635 signis.1

67 638 174 681 Signa
198 638 358 678 fuerunt,
386 640 480 682 quod
500 636 648 671 Henoch
674 646 705 672 et
723 639 850 671 deinde
865 636 961 671 Elias
978 639 1049 670 vivi
1075 649 1078 673 3

67 688 226 722 translati
254 695 337 721 sunt
360 690 401 721 ad
428 687 552 721 Deum.
608 687 665 721 lsti
693 689 940 722 intellexerunt
966 686 1050 721 haee
1075 678 1078 713 Ξ

67 745 205 772 aeterna
241 739 334 772 bona
370 739 447 772 dari
484 745 626 783 propter
663 740 875 783 promissum
912 738 1078 772 redcm-⁸

66 795 189 823 torem.

167 836 212 872 Et
229 839 383 885 primum
400 838 638 873 testimonium
653 845 718 872 est:
747 839 874 872 Semen
893 839 1049 872 mulieris

66 889 286 936 conculcabit
314 896 418 932 caput
448 889 629 933 serpentis.
682 888 833 933 Serpens
862 890 1050 937 impulerat

65 938 247 980 homines,
274 946 314 973 ut
336 946 479 973 ruerent
504 940 540 972 in
567 946 744 983 peccatum
771 947 803 973 et
829 940 866 972 in
890 947 1048 974 mortem.

64 988 113 1024 Et
133 997 237 1034 caput
261 990 433 1033 serpentis
459 997 509 1023 est
531 1002 676 1033 regnum
701 990 866 1031 Diaboli,
893 990 1049 1024 retinens
1073 993 1076 1046 g

64 1038 227 1075 homines
242 1041 281 1073 in
295 1047 434 1084 peccato
454 1048 486 1074 et
501 1041 537 1073 in
557 1047 680 1074 morte.

166 1090 382 1125 Conculcare
396 1091 504 1134 igitur
519 1102 664 1133 regnum
675 1090 835 1129 Diaboli,
860 1098 911 1124 est
926 1091 1048 1124 tollere

64 1147 244 1186 peccatum
271 1148 304 1174 et
325 1148 491 1181 mortem,
517 1150 549 1175 et
571 1142 719 1174 liberare
743 1139 903 1174 homines
919 1154 959 1175 ex
978 1141 1048 1173 illis
1072 1116 1077 1188 i

65 1192 215 1225 aeternis
232 1192 349 1231 malis,
376 1199 410 1225 et
428 1193 609 1225 restituere
624 1199 764 1225 aeterna
779 1193 882 1225 bona.
941 1225 947 1231 ,

167 1241 370 1276 Secundum
412 1242 546 1276 illustre
582 1242 820 1275 testimonium
861 1249 928 1275 est:

65 1292 172 1337 pestis
188 1299 245 1325 tua
264 1305 284 1326 ο
303 1304 415 1333 mom,
443 1299 476 1325 et
494 1293 665 1339 pernicies
684 1305 704 1325 o
723 1292 872 1325 inferne.

165 1341 260 1376 llaec
289 1349 340 1376 est
371 1343 472 1375 valde
505 1343 596 1375 clara
628 1342 818 1382 sententia,
852 1342 946 1386 quod
975 1342 1048 1384 ipse

63 1392 160 1426 Deus
188 1393 273 1426 dicit
301 1404 336 1425 se
359 1393 448 1424 velle
470 1393 648 1425 destruere
672 1399 818 1425 mortem
844 1399 875 1424 et
901 1393 1046 1424 inferos:

63 1441 148 1483 Ero,
174 1443 301 1487 inquit,
328 1454 390 1484 ego
407 1443 479 1485 ipse
497 1440 582 1475 haec
597 1442 734 1481 faciam,
763 1453 834 1474 non
853 1442 953 1481 alius,
979 1441 1046 1474 sic—

62 1500 102 1527 ut
130 1504 233 1536 supra
257 1493 295 1525 in
320 1493 441 1525 eodem
464 1491 579 1525 Hosea
603 1492 770 1534 scriptum
791 1499 859 1525 est:
894 1491 1046 1525 Salvabo

63 1554 143 1584 vos,
169 1554 241 1575 non
264 1543 302 1575 in
325 1554 427 1583 arcu,
452 1554 517 1576 nec
539 1542 577 1575 in
599 1542 733 1584 gladio,
759 1543 815 1575 sed
836 1543 873 1575 in
889 1541 1045 1575 Domino

61 1592 137 1628 Deo
162 1600 288 1627 vestro.
340 1591 388 1626 Et
412 1593 449 1625 in
467 1594 588 1626 eodem
609 1591 800 1636 Propheta:
828 1591 985 1625 Perditio
1006 1604 1045 1625 ex

62 1650 96 1677 te
121 1650 189 1684 est,
222 1644 281 1676 sed
307 1642 477 1676 auxilium
502 1655 563 1686 per
584 1654 649 1675 met
705 1642 754 1675 lta
773 1641 830 1675 hic
846 1643 945 1676 dicit:
970 1641 1045 1685 Ego

61 1706 121 1728 ero
148 1694 254 1738 pestis
276 1693 400 1734 morti,
428 1693 500 1737 ipse
521 1692 616 1726 Deus
640 1693 715 1727 vult
739 1701 887 1728 mortem
913 1693 1046 1733 tollere,

61 1744 125 1779 iste
149 1745 242 1778 filius
259 1744 319 1790 qui
337 1743 505 1787 resurgit,
532 1755 612 1776 vere
628 1750 677 1777 est
694 1744 824 1784 victor,
851 1750 883 1776 et
898 1743 1046 1777 destruit

975 1240 1046 1274 Ero

0 1828 1 1833 ,
59 1801 223 1830 mortem.

162 1845 234 1879 Nec
255 1851 392 1879 tantum
409 1844 580 1878 destruxit
598 1851 765 1887 mortem,
792 1845 849 1876 sed
870 1844 970 1877 etiam
990 1844 1044 1876 in-

216 1895 296 1929 Non
323 1896 394 1929 sola
416 1896 572 1938 corporis
591 1907 683 1927 mors
700 1896 874 1928 destructa
892 1901 958 1934 est,
985 1896 1042 1926 sed

62 1947 166 1980 etiam
193 1947 300 1979 altera
318 1958 432 1985 mors,
461 1957 549 1990 quae
568 1953 615 1977 est
635 1945 703 1988 pati
721 1957 858 1977 sensum
881 1945 950 1977 irae
967 1945 1044 1982 Dei,

61 2004 94 2031 et
125 1994 323 2030 horrendos
354 1997 493 2030 dolores
524 2004 557 2030 et
581 1997 719 2039 fugam,
754 2002 786 2029 et
809 1996 985 2038 angustias
1008 1996 1043 2027 in

61 2047 158 2081 omni
175 2047 388 2081 aeternitate.

164 2097 253 2132 Istae
276 2104 360 2131 sunt
382 2107 528 2140 magnae
543 2108 615 2135 res,
642 2107 728 2140 quas
747 2096 843 2129 nulla
860 2108 959 2129 mens
977 2094 1043 2129 ltu-

60 2160 162 2182 mana
187 2148 270 2182 satis
293 2148 445 2190 cogitare
467 2153 598 2191 potest,
622 2148 682 2179 sed
707 2153 822 2179 tamen
846 2147 946 2180 initia
964 2147 1042 2180 fidei

618 2194 769 2239 Oportet
793 2197 944 2241 aliquem
971 2208 1043 2229 esse

162 2347 315 2394 Oportet
338 2349 440 2383 etiam
463 2355 602 2382 econtra
623 2345 752 2380 habere
766 2347 1040 2382 consolationem

385 2398 431 2434 Et
449 2396 533 2432 haec
552 2397 744 2432 consolatio
762 2405 810 2431 est
827 2398 969 2432 initium
989 2399 1042 2431 vi-

60 2501 128 2535 fide
148 2513 211 2536 sua
235 2501 339 2536 vivet.
402 2499 507 2534 Item:
545 2498 726 2533 lustificati
748 2499 814 2532 fide
837 2511 955 2544 pacem
978 2497 1041 2533 ha-

0 2557 3 2562 '
60 2551 192 2586 bemus.

0 2338 3 2345 Ι
62 2300 154 2334 cium
172 2298 238 2333 Dei
256 2311 376 2332 verum
393 2310 483 2338 esse,
509 2305 542 2331 et
561 2309 632 2330 non
651 2308 721 2330 esse
741 2297 828 2330 leve.

159 2601 321 2636 Tertium
343 2601 494 2642 dictum,
526 2598 649 2634 Esaiae
669 2599 742 2635 11.:
771 2598 837 2633 1110
862 2599 920 2633 die
941 2599 1039 2633 radix

0 2657 2 2664 ·
61 2649 150 2685 lesse
172 2653 298 2691 stabit,
325 2659 364 2686 ut
386 2651 431 2686 sit
453 2651 591 2694 signum
617 2650 776 2695 populis.
803 2649 935 2685 Gentes
957 2662 1037 2684 eum

59 2702 255 2747 requirent,
280 2709 312 2737 et
329 2713 424 2736 mors
441 2702 516 2735 eius
532 2701 596 2735 erit
612 2699 774 2745 gloriosa.

453 147 846 186 ANNOTATIONES
872 148 938 185 ET
965 148 1242 187 CONCIONES
1270 151 1319 186 IN
1345 149 1530 188 EVANG.
1559 150 1837 187 MATTHAEt.

1986 154 2080 189 1038

1205 234 1301 270 Haec
1324 237 1495 270 sententia
1518 236 1602 270 dicit
1626 236 1790 270 Messiam
1814 237 1889 270 fore
1912 250 1952 271 ex
1976 238 2094 282 stirpe

1103 284 1238 327 David,
1265 294 1298 320 et
1323 294 1598 320 resurrecturum
1622 299 1694 320 esse
1713 300 1752 321 ex
1771 296 1902 329 morte,
1927 296 1960 323 et
1976 289 2082 322 simul

1104 338 1222 377 docet,
1255 338 1349 381 quod
1379 337 1422 371 sit
1450 349 1572 379 magna
1603 338 1698 371 bona
1730 339 1893 379 daturus,
1927 345 1960 372 et
1987 340 2083 384 quod

1103 393 1261 430 oporteat
1297 388 1365 420 fide
1394 388 1435 420 ad
1469 399 1547 420 eum
1578 388 1776 431 confugere.
1843 387 1894 422 lta
1923 388 2008 423 dicit
2040 390 2083 422 de

1104 438 1225 478 modo,
1252 439 1430 482 quomodo
1448 438 1540 471 bona
1556 438 1615 470 illa
1633 449 1756 481 magna
1775 439 1997 483 accipiamus.

1205 503 1360 549 Ptequies
1384 504 1439 537 vel
1461 515 1554 537 mors
1577 504 1650 537 eius
1665 505 1730 537 erit
1747 504 1870 546 gloria.
1919 505 2082 538 Aliorum

1105 565 1241 597 regum,
1267 562 1305 588 ut
1323 553 1514 588 Alexandri
1539 566 1633 587 mors
1656 561 1706 588 est
1729 555 1809 588 finis
1825 554 1968 598 gloriae.
2019 555 2083 588 Ni-

1103 603 1155 637 hil
1184 605 1254 647 agit
1284 604 1484 638 Alexander
1514 611 1590 647 post
1619 611 1777 638 mortem.
1839 604 1907 638 Sed
1936 603 1993 638 hic
2025 617 2083 638 rex

1104 655 1250 688 Messias
1272 664 1374 689 natus
1399 667 1438 687 ex
1465 656 1571 698 stirpe
1594 654 1729 696 David,
1756 661 1834 699 post
1856 663 2004 688 mortem
2028 667 2083 688 re·

1075 728 1077 735 Α
1104 706 1264 745 viviscet‚
1293 713 1325 739 et
1349 705 1414 738 erit
1439 706 1557 738 efficax
1576 705 1649 749 ipse
1665 717 1725 738 sua
1744 717 1910 748 persona,
1938 712 1970 738 et
1988 705 2084 738 dele-

1103 757 1155 789 bit
1178 763 1354 800 peccatum
1380 762 1413 789 et
1437 762 1584 789 mortem
1609 755 1646 788 in
1669 755 1766 797 aliis,
1798 762 1831 789 et
1854 756 2011 790 restituet
2034 756 2084 789 eis

1103 807 1270 841 iustitiam
1287 813 1322 840 et
1338 807 1457 842 vitam.

1202 863 1249 898 Et
1268 862 1353 898 haec
1371 865 1418 897 sic
1436 864 1539 903 fient,
1567 861 1699 897 Gentes
1716 864 1759 896 ad
1775 875 1852 896 eum
1870 863 2085 906 confugient,

1102 915 1245 948 audient
1263 913 1497 957 Evangelium
1519 914 1611 954 eius,
1637 921 1671 947 et
1692 926 1754 957 per
1770 912 2003 957 Evangelium
2021 926 2084 946 vo—

1074 982 1076 987 *
1103 966 1171 999 cati
1194 966 1356 1006 credent,
1391 972 1424 999 et
1448 971 1637 1008 agnoscent
1660 976 1760 1005 eum,
1787 970 1820 998 et
1843 964 1892 997 sic
1912 963 2085 1006 accipient

1102 1017 1161 1049 illa
1186 1023 1324 1049 aeterna
1351 1016 1464 1056 bona,
1491 1016 1579 1048 sicut
1601 1014 1674 1057 ipse
1697 1027 1837 1060 quoque
1857 1015 1959 1047 dicit:
1987 1013 2085 1047 Haec

1073 1081 1076 1106 ς
1102 1073 1152 1100 est
1182 1067 1252 1099 vita
1281 1072 1438 1106 aeterna,
1472 1073 1511 1099 ut
1537 1071 1728 1107 agnoscant
1753 1071 1787 1097 te
1810 1065 1927 1098 Deum
1951 1076 2086 1105 verum,

1104 1125 1136 1151 et
1153 1129 1256 1162 quem
1276 1117 1418 1156 misisti,
1446 1115 1581 1154 lesum,
1609 1126 1681 1148 esse
1696 1112 1889 1148 Christum.

1204 1180 1268 1214 Illa
1288 1181 1418 1223 agnitio
1437 1186 1551 1213 autem
1571 1179 1609 1213 fit
1625 1179 1746 1212 audito
1762 1177 1956 1222 Evangelio
1974 1185 2006 1212 et
2023 1190 2085 1222 per

1102 1230 1217 1266 fidem.
1270 1230 1353 1265 Ideo
1376 1241 1596 1264 exerceamus
1620 1227 1711 1263 hanc
1731 1230 1835 1262 fidem
1860 1231 1897 1262 iu
1913 1230 2008 1263 omni
2029 1230 2086 1261 in—

1103 1282 1304 1321 vocatione,
1347 1292 1529 1314 curramus
1567 1281 1611 1313 ad
1652 1278 1746 1313 hunc
1780 1280 2020 1313 resuscitatum
2051 1286 2086 1312 et

1102 1338 1303 1374 regnantem
1320 1330 1533 1371 Dominum,
1557 1331 1740 1364 credamus
1762 1342 1841 1363 vere
1863 1342 1941 1363 eum
1960 1341 2085 1372 regna-

1102 1393 1156 1421 re,
1183 1388 1217 1414 et
1240 1388 1416 1425 petamus,
1443 1388 1483 1414 ut
1505 1393 1568 1413 nos
1592 1381 1782 1423 gubernet,
1808 1387 1841 1413 et
1861 1379 1964 1413 nobis
1982 1391 2084 1423 opem

1101 1433 1186 1464 serat
1204 1431 1240 1463 in
1258 1431 1423 1464 omnibus
1440 1430 1616 1473 periculis,
1643 1430 1778 1472 mitiget
1794 1441 1937 1474 poenas,
1965 1437 1997 1463 et
2013 1441 2085 1462 ser-

1102 1488 1156 1515 vet
1174 1482 1268 1515 inter
1286 1493 1350 1514 nos
1365 1479 1558 1515 Ecclesiam
1577 1491 1694 1521 suam,
1723 1478 1851 1516 Amen.

1396 1606 1535 1660 Caput
1582 1606 1789 1648 XXV111.

1099 1697 1167 1731 De
1195 1695 1502 1738 testimoniis,
1534 1694 1701 1744 quibus
1727 1695 1827 1742 ipse
1852 1692 2082 1729 Dominus

1222 1746 1537 1781 resuscitatus
1566 1743 1771 1780 ostendit
1797 1756 1842 1779 se
1870 1756 1965 1778 vere

1427 1796 1755 1831 resurrexisse.
1915 1800 1919 1804 ”

1200 1873 1419 1908 Testimonia
1444 1873 1584 1907 recitata
1606 1873 1643 1905 in
1661 1872 1842 1915 scripturis
1859 1878 1940 1905 sunt
1959 1883 2083 1905 nume-

1099 1937 1137 1959 ro
1158 1925 1356 1958 duodecim.
1409 1923 1477 1957 Sed
1497 1920 1590 1956 haud
1608 1923 1714 1955 dubie
1729 1923 1829 1966 plura
1847 1929 1948 1962 sunt,
1976 1934 2081 1967 quam

1098 1976 1224 2019 scripta
1249 1981 1349 2015 sunt,
1383 1974 1466 2018 quia
1491 1970 1581 2007 nihil
1606 1973 1736 2006 dicitur
1758 1973 1801 2006 de
1825 1971 1953 2007 Maria.
2006 1970 2083 2006 Etsi

1098 2033 1212 2060 autem
1236 2036 1337 2068 saepe
1354 2024 1470 2057 Maria
1489 2023 1600 2057 adfuit
1616 2035 1694 2056 cum
1711 2023 1890 2066 Apostolis
1902 2048 1910 2063 ,
1939 2024 2081 2067 quando

1097 2076 1258 2120 apparuit
1295 2072 1474 2115 Christus,
1525 2081 1643 2107 tamen
1681 2073 1849 2106 credibile
1888 2080 1954 2113 est,
2001 2085 2082 2105 eum

1098 2127 1200 2160 etiam
1217 2125 1406 2168 singularia
1423 2124 1599 2170 colloquia
1619 2135 1697 2157 cum
1713 2130 1823 2156 matre
1842 2120 2016 2157 habuisse.

1197 2184 1259 2218 Est
1284 2191 1400 2218 autem
1423 2184 1516 2218 inter
1532 2182 1718 2226 praecipua
1736 2181 1936 2215 testimonia
1953 2188 1985 2215 et
2003 2179 2081 2222 hoc,

1097 2237 1192 2282 quod
1224 2247 1296 2269 non
1327 2235 1422 2268 solus
1448 2231 1610 2268 Christus
1641 2231 1845 2271 resurrexit,
1879 2232 1938 2265 sed
1974 2233 2079 2265 etiam

1097 2287 1198 2320 valde
1221 2286 1324 2320 multi
1347 2284 1484 2324 Sancti,
1518 2283 1580 2329 qui
1605 2282 1712 2316 locuti
1737 2289 1819 2316 sunt
1843 2293 1922 2316 cum
1947 2281 2078 2322 Maria,

1096 2337 1217 2378 Petro,
1245 2334 1404 2370 Iohanne
1420 2342 1454 2368 et
1471 2334 1559 2369 attis.

1196 2393 1274 2429 Etsi
1297 2401 1411 2428 autem
1434 2390 1518 2426 haec
1535 2403 1607 2425 non
1624 2397 1706 2425 sunt
1723 2391 1870 2434 scripta,
1895 2390 1977 2435 quia
1995 2400 2078 2433 pro-

1096 2453 1171 2491 pter
1190 2444 1380 2487 Edmicos,
1413 2443 1473 2489 qui
1499 2443 1576 2486 plus
1601 2441 1804 2475 derisissent
1829 2438 2075 2483 Evangelium‚

1097 2509 1167 2530 non
1185 2503 1266 2530 sunt
1284 2493 1368 2529 haec
1385 2494 1548 2526 mandata
1566 2492 1687 2532 literis,
1715 2492 1773 2525 sed
1787 2491 1834 2535 pii
1848 2490 2004 2524 breviter
2014 2491 2076 2524 ad-

1095 2547 1232 2585 moniti,
1260 2550 1404 2590 possunt
1420 2543 1529 2577 multa
1543 2542 1695 2585 cogitare
1711 2543 1753 2575 de
1768 2539 1823 2575 his
1838 2540 1944 2574 tantis
1959 2541 2077 2581 rebus,

1094 2598 1174 2643 quia
1198 2598 1288 2631 bene
1311 2592 1478 2629 credibile
1504 2600 1571 2634 est,
1596 2592 1817 2626 resuscitatos
1841 2602 1913 2624 esse
1939 2591 2077 2636 aliquos

1093 2648 1297 2692 praecipuos
1313 2646 1350 2679 in
1367 2654 1491 2687 genere
1507 2641 1663 2677 humano
1675 2669 1684 2683 ‚
1710 2649 1749 2676 ut
1766 2640 1900 2682 Adam,
1925 2639 2076 2681 Hermu,

1093 2699 1201 2739 Abel,
1233 2694 1338 2735 Seth,
1372 2694 1465 2738 Noe,
1501 2693 1602 2734 Sem,
1637 2690 1837 2731 Abrabam,
1874 2690 1987 2727 Isaac,
2015 2690 2073 2725 la-
