2409 2915
271 102 318 137 59
871 87 994 123 PHIL.
1021 83 1138 123 MEL.
1165 81 1377 122 SCRIPTA
1403 79 1705 119 EXEGETICA.
2254 81 2303 115 60

273 188 397 223 iisdem
420 183 578 218 sontibus
603 179 699 213 oriri.

274 250 348 274 rem
381 237 539 270 datorem
557 229 673 274 diligit
697 227 804 262 Deus.

275 288 451 324 Graecum
474 285 624 317 dictum:
655 275 824 325 χαρίτων
847 274 926 312 ὃέτε
951 273 1077 320 θυμὸς
1099 274 1259 321 ἄριστος.

277 339 429 373 Animus
447 335 483 367 in
499 331 678 367 beneficiis
695 336 745 364 est
761 329 929 373 optimus.
979 326 1025 361 Et
1044 327 1137 371 apud
1156 325 1266 360 Sene-

277 402 351 424 cam
368 386 496 429 legitur
512 383 645 417 dictum
663 380 785 419 Fabii,
812 379 872 424 qui
890 378 1021 424 inquit:
1049 376 1267 410 Beneficium

277 438 426 483 superbe
447 437 569 469 datum
595 434 639 467 ab
663 430 808 466 homine
833 431 943 467 duro,
968 428 1083 462 simile
1109 434 1160 461 est
1186 426 1268 472 pani

276 490 449 534 lapidoso.

380 555 435 589 Sit
456 553 565 597 igitur
586 552 623 584 in
643 549 768 583 dandis
783 547 962 581 beneficiis
980 546 1145 579 voluntas
1163 545 1271 578 bene-

279 608 376 647 ficia,
404 605 531 649 cupida
555 601 724 639 iuvandi,
751 599 872 632 favens
897 598 1032 631 alienae
1053 596 1170 630 saluti.
1226 593 1273 628 Et

281 670 359 692 cum
391 656 469 689 talis
494 661 561 693 est,
595 653 623 685 si
650 652 789 684 luceant
813 650 850 682 in
875 657 1014 693 pectore
1038 647 1170 691 agnitio
1195 645 1273 686 Dei,

280 710 382 747 fides,
416 717 514 739 amor
546 701 745 737 communis
765 701 905 740 salutis,
941 706 975 733 et
997 699 1161 732 voluntas
1183 697 1272 730 refe-

282 770 362 793 rens
386 758 429 790 ad
454 755 603 799 gloriam
627 753 695 787 Dei
721 750 806 786 haec
829 752 963 791 officia,
993 750 1031 784 fit
1057 748 1139 783 haec
1163 749 1275 782 virtus

282 810 396 844 cultus
414 807 494 841 Dei.

386 874 520 909 Contra
544 884 627 906 vero
653 872 689 904 in
716 869 860 904 homine
880 869 1023 906 invido,
1050 866 1224 899 malevolo
1245 873 1277 900 et

285 927 472 971 suspicaci,
508 935 630 965 magna
665 922 825 954 confusio
857 926 907 953 est
934 918 1165 962 pessimorum
1192 916 1277 950 affe—

286 987 417 1013 ctuum.
473 974 555 1008 ldeo
582 972 638 1006 hic
663 972 765 1005 dicit:
801 969 851 1003 In
878 968 953 1002 tali
975 965 1077 1002 corde
1101 971 1277 1014 spectrum

286 1040 371 1063 esse.
425 1024 471 1060 Et
486 1025 629 1070 quidem
647 1024 758 1066 reipsa
775 1023 842 1056 tale
859 1034 919 1055 cor
935 1021 1051 1054 cloaca
1068 1027 1117 1054 est
1132 1019 1277 1052 diaboli.

288 1080 370 1114 ldeo
399 1077 568 1120 scriptum
600 1081 649 1108 est
680 1075 717 1106 in
746 1071 919 1107 Iohanne:
957 1070 1031 1114 Qui
1062 1082 1136 1104 non
1162 1069 1280 1113 diligit

286 1133 449 1169 fratrem,
478 1125 656 1160 homicida
676 1132 736 1160 est.

389 1194 436 1230 Et
465 1192 791 1227 manifestissimum
818 1197 886 1228 est,
922 1189 1074 1222 multum
1099 1187 1279 1221 calamita-

756 175 838 209 Ideo
862 175 1032 219 scriptum
1057 179 1123 207 est:
1159 171 1261 206 Hila-
1286 174 1291 226 ι

865 223 912 260 Et
937 224 1181 259 dulcissimum
1207 230 1257 256 est
1290 235 1293 259 ἢ,
1316 223 1426 256 tione.

1416 167 1504 204 Eius
1525 169 1578 204 rei
1594 169 1752 215 exempla
1768 168 1964 203 recitantur
1979 168 2086 212 digna
2101 168 2304 202 considera-

1480 218 1648 255 Ionathas
1671 221 1878 255 adversatur
1893 219 1985 264 patri
2001 231 2085 259 sno,
2110 225 2145 253 et
2158 231 2233 253 non
2250 230 2307 252 so-

1317 274 1391 306 lum
1417 272 1620 306 testimonio
1633 299 1642 312 ,
1669 273 1729 306 sed
1753 271 1859 305 etiam
1882 271 1962 304 aliis
1982 269 2107 304 officiis
2122 270 2221 304 iuvat
2236 268 2309 303 Da-

1319 324 1456 364 videm,
1490 323 1566 356 sine
1588 323 1773 358 seditione.
1827 320 1962 356 Abdias
1986 321 2076 355 clam
2104 320 2201 365 pavit
2220 319 2309 354 Pro-

1321 372 1462 419 phetaS‚
1495 372 1615 418 pulsos
1646 385 1664 406 a
1697 371 1840 406 lesahel.
1903 371 2087 406 Ieremiam
2113 368 2311 405 Eunuchus

1322 421 1473 458 extrahit
1501 435 1541 456 ex
1571 435 1717 458 carcere.
1778 423 1971 469 Aegyptiae
2003 423 2207 456 obstetrices
2239 433 2312 455 ser-

1323 482 1408 509 vant
1438 474 1591 508 infantes
1614 473 1837 510 Israeliticos.
1896 471 2026 509 Rahab
2049 480 2166 507 servat
2192 471 2313 517 explo-

1324 534 1458 560 ratores
1476 525 1697 561 Israeliticos.
1751 524 1930 569 Tempore
1944 525 2162 559 Diocletiani
2178 525 2232 557 vir
2249 535 2314 557 no-

1325 578 1407 611 bilis
1432 577 1469 609 in
1491 577 1579 611 urbe
1600 574 1792 622 Bithyniae
1814 575 2040 614 Nicomedia,
2068 575 2223 609 edictum
2247 575 2315 608 im-

1327 628 1499 673 peratoris
1514 628 1558 661 de
1573 627 1826 662 interficiendis
1842 624 2056 660 Christianis
2073 626 2215 670 publice
2230 637 2315 659 con-

1300 707 1303 714 .
1328 679 1472 724 cerpsst,
1506 685 1545 713 ut
1567 680 1789 719 ostenderet,
1822 689 1857 710 se
1881 677 2048 711 iniustam
2073 676 2316 710 crudelitatem

1328 730 1539 775 improbare.

1430 779 1659 814 Contrarium
1683 779 1881 824 exemplum
1905 786 1955 813 est
1972 777 2091 822 Doe'g,
2119 779 2179 824 qui
2203 778 2318 812 furori

1329 831 1414 867 Saul
1443 843 1578 864 morem
1610 842 1748 874 gerens,
1784 830 1977 864 crudeliter
2004 830 2181 864 interfecit
2211 829 2318 863 inno-

1330 890 1445 917 centes
1478 882 1685 918 sacerdotes.
1739 882 1790 916 Ita
1820 882 1926 916 multi
1952 879 2020 914 hoc
2045 887 2202 925 tempore
2222 880 2319 914 iniu-

1329 941 1418 968 stam
1442 933 1642 973 saevifiam,
1677 945 1766 979 quae
1789 940 1969 967 exercetur
1990 932 2158 965 adversus
2183 939 2321 965 nostras

1330 983 1524 1024 Ecclesias,
1559 984 1771 1018 confirmant
1794 991 1854 1018 aut
1875 984 2010 1028 palam,
2037 990 2098 1016 aut
2122 995 2185 1015 suo
2213 982 2320 1015 silen-

1330 1036 1393 1071 tio.
1445 1034 1493 1068 Hi
1511 1036 1664 1078 cogitent
1680 1032 1747 1073 hoc
1763 1034 1895 1067 dictum
1912 1034 2114 1068 Salomonis
2130 1040 2164 1068 et
2179 1033 2323 1072 similia,

1331 1095 1364 1121 et
1387 1086 1654 1120 commonefacti
1677 1085 1876 1120 tristissima
1895 1084 2170 1118 comminatione
2187 1082 2322 1117 Christi

1332 1137 1520 1171 emendent
1543 1149 1590 1170 se.
1651 1135 1830 1181 Scriptum
1855 1141 1906 1169 est
1932 1135 2026 1168 enim
2051 1132 2225 1168 Matthaei
2243 1134 2322 1170 23:

1333 1188 1460 1222 Veniet
1483 1199 1588 1232 super
1613 1198 1670 1221 eos
1691 1187 1806 1220 omnis
1825 1186 1968 1230 sanguis
1987 1187 2100 1219 iustus
2117 1186 2247 1219 effusus
2264 1198 2322 1219 su-

288 1258 362 1284 tum
393 1259 410 1280 a
442 1245 572 1279 talibus
605 1243 710 1281 oriri,
744 1253 824 1275 cum
849 1238 1097 1274 malevolentia
1121 1238 1280 1281 indulget
1305 1239 1308 1274 l
1332 1252 1395 1284 per
1420 1247 1548 1272 terram
1575 1239 1658 1272 inde
1681 1250 1792 1284 usque
1817 1250 1836 1271 a
1860 1249 1944 1271 nece
1968 1235 2060 1271 Abel
2082 1237 2186 1277 iusti,
2213 1248 2324 1282 usque

289 1295 569 1343 suspicionibus,
599 1301 632 1328 et
656 1293 743 1326 falsa
768 1292 1019 1330 ratiocinatur,
1046 1296 1080 1323 et
1095 1296 1133 1323 ut
1150 1301 1184 1322 se
1201 1275 1308 1341 muas}
1332 1292 1374 1324 ad
1391 1287 1611 1325 Zachariam.

289 1351 380 1389 niat‚
408 1347 495 1381 alios
519 1346 635 1378 delere
659 1350 825 1382 conatur,
853 1343 896 1375 de
912 1341 1042 1386 quibus
1060 1340 1150 1373 male
1166 1341 1280 1384 suspi-
1306 1347 1309 1390 l

289 1408 398 1435 catur.

290 1451 349 1485 hic
371 1449 473 1484 dicit:
506 1447 558 1481 Ne
581 1447 742 1480 comedas
765 1456 843 1478 cum
871 1443 993 1477 invido
1017 1454 1141 1487 panem
1167 1450 1280 1476 tuum.

1434 1339 1550 1384 Digna
1581 1340 1750 1374 memoria
1782 1346 1831 1374 est
1855 1340 1958 1374 etiam
1984 1336 2232 1372 honestissima
2258 1349 2325 1370 vox

452 1395 499 1430 Et
521 1395 710 1439 singularis
733 1394 880 1428 felicitas
903 1399 953 1425 est
975 1392 1061 1425 tales
1078 1403 1215 1432 cavere,
1242 1398 1281 1425 ut
1306 1393 1308 1434 ξ
1335 1391 1504 1432 Traiani,
1545 1392 1607 1436 qui
1637 1392 1725 1425 dans
1755 1391 1911 1434 gladium
1945 1389 2118 1432 Magistro
2149 1388 2325 1433 equitum:

1335 1441 1463 1483 Hunc,
1490 1442 1627 1487 inquit,
1653 1442 1809 1486 gladium
1833 1441 1898 1475 tibi
1924 1441 2042 1478 trado,
2069 1447 2109 1473 ut
2131 1451 2171 1473 eo
2188 1450 2252 1483 pro
2270 1449 2326 1471 me

291 1502 334 1537 Et
366 1501 411 1535 sit
436 1498 625 1533 mediocris
654 1496 835 1540 diligentia
862 1496 899 1528 in
923 1493 1190 1528 considerandis
1215 1492 1281 1526 ho·
1307 1491 1309 1534 ἶ,
1333 1493 1462 1533 utaris,
1498 1506 1577 1527 cum
1604 1493 1693 1527 iusta
1719 1493 1826 1527 facio:
1857 1492 1989 1526 Contra
2014 1504 2069 1525 me
2092 1503 2174 1524 vero
2201 1489 2326 1529 utaris,

291 1554 429 1586 minum
442 1549 702 1588 voluntatibus,
729 1544 1133 1589 sicutChristusinquit:
1161 1542 1282 1578 Estote
1308 1540 1309 1555 ¹

291 1602 469 1647 simplices
499 1601 588 1633 sicut
620 1599 823 1637 columbae,
861 1598 894 1630 id
926 1603 994 1634 est,
1028 1596 1104 1629 sine
1127 1595 1282 1628 malevo-

292 1654 421 1692 lentia,
454 1658 486 1684 et
518 1651 709 1693 prudentes
741 1649 830 1680 sicut
859 1653 1057 1689 serpentes,
1092 1647 1152 1691 qui
1179 1653 1284 1689 caput

290 1710 455 1742 tuentur,
485 1706 516 1733 et
542 1700 634 1732 inter
658 1698 790 1731 multos
817 1697 852 1728 in
876 1696 980 1729 turba
1006 1704 1201 1738 agnoscunt
1218 1695 1282 1729 ho-

291 1762 377 1789 stem
396 1763 517 1791 suum,
546 1756 577 1783 et
598 1749 698 1782 illum
716 1754 858 1792 petunt,
886 1746 1030 1780 caeteris
1051 1746 1200 1782 omissis.

621 1873 757 1927 Caput
797 1873 962 1913 XXIV.

349 1961 490 1998 Libera
517 1972 574 1994 cos
601 1960 666 2006 qui
691 1955 894 1991 trahuntur
913 1954 966 1989 ad
983 1960 1148 1994 mortem,
1177 1956 1290 2003 etqui
1312 1954 1313 1964 ¹

395 2016 594 2062 properant
613 2008 667 2044 ad
681 2021 795 2042 necem
808 2036 816 2049 ‚
844 2020 921 2042 cum
936 2012 1047 2054 poles.

398 2099 489 2133 Nota
513 2104 596 2131 sunt
620 2094 702 2129 llaec
728 2100 926 2138 praecepta:
965 2092 1043 2125 Non
1067 2092 1205 2125 occidas
1224 2100 1286 2128 etc.

295 2153 374 2188 Non
402 2149 641 2184 communices
668 2146 792 2179 alienis
819 2144 978 2189 pcccatis.
1040 2142 1135 2176 Deus
1159 2151 1188 2177 et
1213 2157 1285 2177 ma-

295 2202 455 2248 gistratui
479 2209 508 2233 et
531 2198 676 2243 privatis
699 2196 885 2241 praecipit,
915 2208 985 2227 non
1006 2195 1163 2227 occidere
1183 2195 1286 2228 iuno-

296 2262 443 2289 centvm.
498 2251 670 2293 Praecipit
698 2249 800 2281 ctiam
830 2259 903 2279 non
930 2247 1097 2279 adiuvare
1122 2246 1286 2279 iniustam

297 2304 552 2340 crudelitatem.
608 2301 762 2341 Quando
787 2305 903 2333 autem
929 2304 960 2330 ct
984 2310 1054 2341 quo
1071 2298 1197 2330 ordine
1214 2310 1286 2331 ma-

295 2358 459 2400 gistratus
485 2353 608 2385 tollere
634 2351 755 2382 ‹lelwat
783 2356 922 2388 sontes,
957 2349 1077 2381 addita
1103 2356 1153 2382 est
1176 2347 1286 2382 Deca-

297 2410 374 2450 logo
400 2403 607 2448 explicatio,
634 2408 671 2434 tlt
692 2399 793 2433 Doni.
818 2402 872 2434 19.
899 2407 929 2433 et
949 2400 1046 2435 alibi.
1100 2399 1285 2434 Sitautem

296 2459 516 2499 magistratus
549 2459 664 2487 custos
690 2452 779 2483 xitm·
808 2451 1055 2489 innocentum,
1090 2451 1178 2485 sicut
1202 2451 1285 2485 scri—

297 2517 394 2554 ptum
421 2514 469 2539 est
489 2505 592 2540 Pium.
616 2503 685 2536 13.;
718 2503 784 2535 Dei
813 2502 973 2535 minister
997 2509 1065 2542 est,
1094 2502 1220 2536 vindex
1242 2503 1285 2536 ad
1312 2501 1314 2542 Ι

297 2571 443 2605 poenam
469 2557 517 2592 ei,
555 2556 613 2600 qni
639 2554 728 2587 male
754 2553 843 2586 facit.
898 2552 942 2586 Et
970 2553 1096 2598 privati
1124 2550 1286 2587 homines

296 2612 370 2645 sine
397 2608 588 2646 seditione,
633 2611 805 2651 quantum
832 2612 977 2648 possunt
1003 2617 1066 2648 pro
1093 2606 1286 2646 vocatione,

296 2663 525 2696 adversentur
543 2658 690 2690 iniustae
708 2656 882 2691 samniae.

1312 2029 1315 2052 Ι
1340 2015 1480 2050 Dauidi.

1312 2134 1315 2166 Ι
1339 2120 1453 2156 tibus,
1497 2118 1664 2163 loquitur.

1312 2170 1442 2203 2etiam
1475 2170 1565 2202 mala
1598 2170 1740 2214 culpae,
1777 2182 1865 2215 quae
1896 2167 2077 2203 attrahunt
2104 2171 2328 2205 calamitates.

1312 2226 1315 2262 Ι
1339 2219 1390 2254 Ex
1416 2219 1470 2254 his
1495 2228 1610 2253 tamen
1635 2221 1780 2264 emergit
1807 2221 1937 2263 iustus,
1973 2222 2059 2255 sicut
2087 2219 2220 2263 David,
2248 2221 2329 2255 Ma-

1312 2274 1316 2300 l
1340 2284 1457 2310 nasse,
1487 2279 1517 2305 et
1537 2273 1595 2305 alii
1617 2272 1903 2306 innumerabiles.

1333 1545 1363 1578 si
1382 1545 1512 1578 iniusta
1530 1544 1632 1579 facio.

1384 1635 1444 1672 Ne
1472 1634 1663 1671 insidieris
1691 1635 1798 1681 impie
1822 1632 2041 1669 habitaculo
2066 1633 2171 1667 iusti:
2198 1632 2328 1680 septies

1438 1689 1534 1721 enim
1553 1685 1652 1722 cadit
1671 1687 1790 1721 iustus
1808 1691 1838 1720 el
1859 1685 2016 1732 resurgi!
2035 1690 2095 1721 etc.

1441 1761 1584 1807 Repetit
1619 1769 1856 1806 praeceptum.-
1899 1760 1978 1794 Non
2008 1761 2163 1800 occidas,
2208 1761 2327 1794 addita

1311 1819 1313 1856 ᾗ
1338 1813 1678 1846 commones-actione
1701 1813 1744 1845 de
1763 1809 2037 1856 ἐπιχαιρεκακίᾳ
2057 1819 2087 1845 et
2107 1814 2327 1857 σηρκασμῷ.

1311 1858 1313 1895 l
1338 1862 1427 1897 Cum
1452 1864 1547 1895 enim
1572 1863 1696 1897 vident
1720 1863 1819 1906 impii
1843 1869 1875 1896 et
1893 1863 1987 1895 saevi
2006 1859 2168 1895 homines
2186 1863 2328 1896 calami-

1338 1921 1424 1947 tates
1445 1915 1584 1958 piorum
1598 1941 1606 1953 ‚
1635 1911 1698 1947 hac
1717 1914 1790 1957 ipsa
1810 1914 2034 1947 deformitate
2054 1925 2174 1946 eorum
2195 1914 2327 1948 laetan-

1339 1973 1414 2005 tur,
1449 1972 1481 1998 et
1511 1965 1601 1998 fiunt
1628 1965 1859 2005 rabiosiores,
1895 1964 1980 1998 sicut
2006 1965 2121 1999 Semei
2149 1965 2329 2000 maledicit

1535 2015 1625 2049 Cum
1652 2017 1746 2049 enim
1768 2016 1900 2061 inquit:
1929 2013 2069 2062 Septies
2087 2015 2123 2048 in
2144 2013 2202 2048 die
2218 2013 2329 2055 cadit,

1339 2068 1526 2111 praecipue
1550 2068 1593 2100 de
1618 2067 1710 2100 malo
1733 2079 1885 2110 poenae,
1918 2067 1955 2101 id
1979 2074 2048 2106 est,
2080 2068 2122 2100 ‹le
2149 2068 2326 2102 calamita-

1724 2116 1770 2152 Et
1801 2125 1917 2152 tamen
1947 2120 2116 2152 accedunt
2149 2119 2328 2153 interdum

1394 2372 1498 2408 Time
1516 2372 1724 2407 Dominum
1744 2371 1823 2418 fili.
1852 2378 1882 2407 el
1908 2385 2044 2420 regem,
2074 2379 2104 2407 c!
2131 2387 2209 2407 cum
2234 2371 2330 2408 seda·-

1441 2425 1546 2459 closis
1565 2437 1607 2459 ne
1624 2437 1736 2458 comm
1742 2425 1890 2458 [secaris
1899 2441 1905 2456 .-

1388 2476 1489 2523 Quia
1514 2476 1635 2511 subito
1659 2476 1770 2509 veniet
1788 2476 1942 2510 e.ri!imn
1962 2489 2103 2514 eorum,
2132 2483 2162 2512 el
2180 2478 2328 2511 ruinam

1440 2526 1694 2563 seditiosorum
1710 2527 1792 2574 quis
1809 2529 1920 2564 nmit.

1441 2604 1503 2640 Est
1526 2613 1559 2639 et
1584 2602 1667 2639 haec
1692 2606 1863 2640 sententia
1890 2607 1982 2641 inter
2001 2609 2204 2652 praecipuas
2223 2605 2330 2642 huius

1339 2657 1419 2690 libri
1445 2657 1684 2693 observanda.
1714 2669 1801 2702 quae
1827 2659 2270 2703 praecipitobedientiam,
2298 2667 2329 2693 et
