2409 2915
294 101 365 137 383

296 186 365 220 nas
383 182 435 215 vel
460 190 539 212 casu
554 173 726 214 accidere,
749 173 804 206 vel
822 171 952 207 iniusto
970 172 1101 207 iudicio
1118 171 1203 211 Dei,
1230 172 1276 205 si-

297 242 355 269 cut
387 230 471 266 Saul
509 227 627 261 fremit
656 225 822 258 adversus
852 224 970 257 Deum
1002 224 1039 256 in
1074 223 1277 257 calamitate.

296 284 413 319 Multo
438 279 546 322 magis
569 282 687 310 carent
703 280 795 307 veste
812 274 982 318 nuptiali,
1009 273 1068 319 qui
1089 273 1201 317 palam
1218 274 1278 306 de—

295 334 446 367 fendunt
476 338 611 362 errores
643 333 676 360 et
706 324 855 358 viciosos
886 324 1020 363 cultus,
1055 324 1114 357 sed
1146 324 1189 356 de
1212 321 1278 355 hoc

297 391 396 418 coetu
418 380 516 425 prius
541 378 672 411 dictum
697 382 766 415 est,
792 375 852 420 qui
878 387 956 408 cum
979 374 1023 407 sit
1045 380 1139 407 extra
1155 371 1277 407 Eccle-

297 435 402 472 siam,
430 431 504 463 sine
521 429 592 462 ulla
610 425 826 460 dubitatione
843 425 1027 458 damnatus
1045 430 1105 458 est.

398 480 583 515 Caeterum
615 477 718 510 etiam
743 476 779 507 in
802 474 930 508 sanctis
955 480 1073 508 manet
1094 472 1280 506 imbecilli-

297 543 368 573 taS‚
394 530 499 566 habet
523 529 612 561 alius
637 527 705 559 alio
722 531 851 558 vestem
868 524 1089 565 nitidiorem,
1115 530 1154 557 ut
1170 523 1279 556 multa

300 590 380 619 sunt
406 581 508 615 etiam
534 583 732 611 sanctorum
755 581 886 615 errata,
913 581 946 607 et
962 582 1097 618 peccata
1114 574 1280 617 ignoran-

299 636 388 673 tiae,
415 641 503 675 quae
524 635 639 661 tamen
664 625 912 658 condonantur
933 625 1135 658 tenentibus
1153 624 1280 656 funda-

299 690 475 720 mentum,
504 678 538 711 id
564 683 631 716 est,
658 686 773 708 veram
796 675 1054 707 invocationem
1071 680 1104 707 et
1120 673 1280 706 fiduciam

300 736 448 767 donatae
473 725 730 761 misericordiae
754 731 897 770 propter
920 724 1050 758 Filium
1074 723 1161 763 Dei,
1195 723 1283 756 sicut

299 783 430 818 Paulus
455 778 588 823 inquit:
626 775 730 809 Nulla
757 787 852 809 nunc
875 774 1121 809 condemnatio
1144 771 1199 807 his
1222 772 1283 818 qui

300 836 337 868 in
355 831 496 867 Christo
515 827 593 862 lesu
611 825 804 863 ambulant.

421 952 639 995 Dominica
659 949 778 990 xxl.
808 952 905 1001 post
933 947 1166 989 Trinitatis,

580 1023 812 1067 Evangelium
835 1019 958 1055 Ioban.
976 1020 1013 1056 4.

353 1095 406 1131 Et
437 1098 511 1127 erat
541 1089 691 1139 quidam
726 1085 892 1133 regulus,
928 1087 1029 1121 cuius
1045 1085 1159 1132 filius
1182 1085 1288 1132 infir-

405 1144 578 1179 mabatur
601 1135 849 1187 Capernaum.
908 1137 981 1172 Hic
1009 1149 1087 1171 cum
1112 1135 1287 1176 audisset,

406 1191 505 1244 quod
534 1191 638 1226 Iesus
671 1187 855 1223 adveniret
884 1199 909 1221 a
933 1186 1077 1222 Iudaea
1111 1187 1149 1221 in
1173 1185 1288 1222 Gali-

406 1246 547 1284 laeam,
573 1241 668 1275 abiit
690 1237 745 1273 ad
764 1250 862 1282 eum,
890 1242 920 1271 et
949 1238 1106 1282 rogabat
1123 1251 1222 1281 eum,
1251 1243 1288 1271 ut

407 1291 646 1332 descenderet,
680 1295 710 1324 et
741 1293 892 1323 sanaret
913 1285 1042 1333 filium
1072 1288 1164 1329 eius,
1199 1287 1289 1322 inci-

405 1345 526 1392 piebat
561 1342 652 1376 enim
685 1340 791 1375 mori.
844 1337 961 1372 Dixit
990 1350 1074 1384 ergo
1099 1336 1204 1372 Iesus
1239 1337 1292 1371 ad

406 1408 501 1430 eum:
529 1391 621 1427 Nisi
641 1391 751 1435 signa
769 1394 798 1423 et
813 1387 987 1435 prodigia
1007 1386 1189 1429 videritis,
1216 1401 1288 1421 non

407 1443 563 1479 creduis.
617 1440 733 1475 Dixit
764 1437 818 1473 ad
849 1450 926 1472 eum
956 1437 1121 1484 regulus:
1153 1437 1288 1472 ,Domi-

406 1509 466 1534 ne,
515 1490 680 1528 descende
717 1489 934 1537 priusquam
972 1488 1151 1522 moriatur
1181 1487 1289 1533 filius

405 1557 515 1580 meus.
570 1541 685 1576 Dia-it
710 1540 742 1573 ei
763 1538 887 1573 Iesus:
917 1537 1042 1580 Vade,
1072 1536 1184 1583 filius
1207 1543 1289 1572 tuus

408 1596 455 1630 ιιί
467 1595 506 1630 it.
560 1589 727 1628 Credidi!
744 1587 852 1623 homo
868 1589 1045 1630 sermoni,
1072 1601 1174 1636 quem
1192 1587 1289 1623 dixit

407 1647 440 1682 ei
463 1644 588 1682 Iesus,
629 1645 658 1675 et
685 1639 773 1674 ibat.
827 1637 913 1672 Iam
941 1643 1061 1672 autem
1087 1651 1125 1672 eo
1148 1637 1290 1673 descen-

408 1695 530 1735 dente,
564 1692 658 1728 servi
691 1694 916 1724 occurrerunt
949 1688 998 1730 ei,
1039 1693 1069 1722 et
1098 1689 1291 1723 nunciave-

410 1751 511 1786 runt,
553 1742 723 1781 dicentes,
763 1737 863 1787 quod
889 1737 998 1784 filius
1037 1739 1113 1773 eins·
1153 1739 1289 1776 ciceret.

407 1793 671 1840 Interrogabat
704 1803 788 1836 crgo
818 1788 949 1823 horam
977 1789 1024 1823 ab
1053 1790 1122 1831 eis,
1157 1789 1192 1824 in
1217 1802 1290 1836 qua

410 1846 542 1882 melius
572 1842 764 1878 habuerat.
824 1839 877 1873 Et
906 1838 1078 1873 di.1·erunt
1107 1839 1155 1873 ei:
1199 1839 1293 1873 Ileri

410 1897 503 1932 hora
528 1894 680 1941 septima
701 1889 847 1937 reliquit
869 1889 1090 1937 enmsehris.
1144 1884 1291 1936 Cogno-

410 1950 456 1981 ‹it
476 1958 559 1991 ergo
574 1948 694 1988 paler,
721 1937 821 1989 quod
837 1938 906 1972 illa
923 1937 1016 1973 hora
1036 1943 1132 1977 erat,
1160 1941 1197 1972 in
1217 1953 1290 1987 qua

410 1997 507 2033 dia-it
533 1993 702 2028 eilesus:
731 1988 857 2024 Filius
882 1994 965 2023 tuus
990 1989 1087 2024 ‹is-it.
1143 1989 1195 2022 Et
1221 2002 1292 2024 cre-

410 2046 505 2083 didit
522 2046 607 2092 ipse,
635 2048 664 2077 el
681 2039 808 2075 domus
827 2040 901 2073 eius
919 2045 1010 2076 tota.
1065 2039 1145 2074 Hoc
1162 2041 1289 2074 iterum

410 2094 605 2134 secundum
629 2093 775 2137 signum
795 2091 887 2139 fecit
909 2089 1014 2125 Iesus
1041 2102 1118 2124 curn
1144 2090 1292 2125 senisse!

408 2161 424 2184 e
441 2145 584 2184 Iudaea
604 2144 641 2178 in
658 2141 889 2178 Galilaeam,

360 2217 452 2253 Tres
469 2221 551 2250 sunt
569 2210 744 2258 praecipui
763 2209 843 2243 loci.

463 2283 490 2317 l.
551 2276 794 2323 Reprehensio
846 2273 1020 2309 humanae
1072 2274 1294 2315 infirmitatis,

516 2343 604 2375 quae
631 2329 743 2373 pluris
769 2327 850 2361 sacit
873 2326 994 2369 signa,
1017 2337 1121 2370 quam
1147 2327 1292 2358 verbnm

515 2382 606 2423 Dei,
641 2380 922 2420 circumspectat,
954 2376 1090 2422 quaerit
1114 2376 1293 2415 miracula,

515 2432 644 2466 omisso
662 2430 768 2462 verbo
790 2427 867 2461 Dei.

463 2483 510 2519 11,
563 2480 772 2523 Exemplum
786 2477 877 2517 fidei,
901 2477 994 2522 quod
1011 2475 1121 2521 pingit
1134 2482 1166 2510 et
1176 2482 1294 2509 osten-

517 2533 567 2566 dit
586 2538 745 2565 naturam
764 2528 855 2562 fidei.

465 2583 529 2618 lll.
583 2582 732 2615 Fructus
761 2579 859 2619 fidei,
894 2577 1062 2611 consessio
1092 2584 1124 2612 et
1156 2577 1294 2622 praedi-

518 2633 616 2667 catio.

877 86 1002 122 pum.
1029 83 1145 121 MEL.
1171 81 1377 123 SCRIPTA
1404 66 1702 123 ΕΧΕΟΕΤΙΕΑ.

2229 87 2303 124 884

1715 170 1760 196 De
1789 169 1909 203 primo.

1427 230 1579 275 Quando
1596 233 1748 276 primum
1767 233 1885 266 editur
1898 231 2042 264 verbum
2054 229 2139 274 Dei,
2167 233 2306 267 addun-

1326 289 1384 316 tur
1409 289 1499 314 certa
1525 283 1736 317 testimonia.
1785 282 1832 317 Ut
1855 294 1935 328 cum
1960 282 2190 320 daretur-lex,
2225 291 2308 318 sunt

1327 331 1445 365 addita
1475 331 1628 374 ingentia
1659 333 1775 376 signa,
1809 340 1847 366 ut
1873 340 1966 365 certo
1992 339 2144 371 constet,
2177 333 2308 366 doctri-

1327 394 1408 415 nam
1435 393 1506 415 esse
1535 382 1712 421 divinam,
1746 383 1836 416 sicut
1857 390 1891 417 et
1914 382 2034 416 Patres
2057 389 2091 416 et
2113 381 2308 428 Prophetae

1328 431 1529 466 testimonia
1547 430 1722 466 habebant
1739 433 1781 466 de
1795 433 2100 476 promissionibus-

1429 497 1552 531 Postea
1577 509 1656 532 cum
1680 503 1815 531 constat
1836 499 1982 532 verbum
2006 511 2023 532 a
2040 498 2116 533 Deo
2140 499 2310 533 traditum

1329 559 1420 589 esse,
1445 549 1612 582 debemus
1636 549 1751 592 ipsum
1770 549 1914 581 verbum
1933 549 2103 582 anteferre
2119 550 2311 589 miraculis,

1329 600 1416 632 adeo
1439 605 1479 632 ut
1501 611 1564 632 nec
1589 599 1767 631 miraculis
1784 605 1904 632 contra
1922 606 2054 632 certum
2072 601 2218 634 verbum
2236 612 2312 633 cre-

1330 650 1486 682 dendum
1504 649 1559 684 sit.
1613 648 1662 683 lta
1683 650 1717 681 in
1734 648 1841 682 lsra'e'l
1860 656 1987 683 norant
2002 650 2250 692 promissiones
2266 651 2310 683 de

1331 698 1479 739 Messia,
1505 706 1538 733 et
1559 696 1615 731 his
1639 699 1814 732 debebant
1836 700 1992 739 credere,
2020 700 2098 742 plus
2122 712 2226 744 quam
2242 700 2312 732 mi-

1331 749 1472 782 raculis.
1515 748 1584 783 Sed
1604 747 1757 782 humana
1775 761 1874 782 mens
1891 750 2106 792 negligenter
2122 750 2220 784 audit
2234 761 2313 783 ver-

1332 801 1416 833 bum
1436 797 1521 840 Dei,
1545 805 1578 832 et
1593 799 1700 842 magis
1716 807 1878 833 movetur
1893 799 2012 843 signis,

1433 864 1507 899 Has
1523 867 1683 900 tenebras
1699 864 2106 911 reprehendithristus,
2132 878 2221 912 quae
2235 873 2315 901 tan-

1333 923 1388 951 tae
1412 922 1511 957 sunt,
1537 923 1576 949 ut
1600 929 1678 949 cum
1704 917 1820 950 omnia
1835 917 1937 961 plena
1955 917 2024 951 sint
2041 917 2236 958 miraculis,
2262 925 2315 951 ta-

1333 979 1412 1000 men
1437 973 1572 1010 praeter
1593 964 1677 1000 haec
1700 967 1895 1010 flagitemus
1918 968 1987 1000 alia
2011 968 2186 1001 inusitata.
2246 966 2314 1001 Hic

1334 1019 1421 1050 ordo
1458 1028 1596 1057 rerum,
1638 1017 1732 1062 quod
1767 1015 1861 1050 Deus
1901 1018 2090 1062 quotannis
2126 1018 2314 1052 foecundat

1335 1078 1454 1111 agr05,
1482 1073 1515 1100 et
1530 1067 1640 1110 pascit
1655 1078 1739 1107 nos,
1766 1067 1860 1111 quod
1877 1067 1973 1100 dedit
1986 1066 2116 1101 Filium
2133 1080 2234 1102 suum
2251 1080 2315 1111 pro

1334 1118 1455 1155 nobis,
1483 1117 1543 1161 qui
1559 1117 1683 1150 revixit
1700 1129 1739 1150 ex
1754 1124 1884 1155 morte.
1909 1123 1942 1150 et
1957 1124 2097 1161 regnat,
2120 1125 2159 1151 ut
2175 1130 2239 1151 nos
2252 1119 2317 1152 de-

1335 1169 1455 1201 fendat
1481 1167 1517 1200 in
1540 1167 1717 1201 continuis
1744 1167 1907 1210 periculis
1929 1168 2095 1201 adversus
2121 1168 2317 1208 diabolum,

1335 1230 1379 1251 an
1410 1229 1482 1251 non
1514 1215 1599 1251 haec
1632 1224 1713 1251 sunt
1743 1218 1897 1259 ingentia
1927 1217 2122 1251 miracula'.>
2172 1217 2316 1261 Quanto

1335 1275 1449 1301 autem
1472 1267 1551 1311 plus
1569 1273 1756 1301 moventur
1773 1267 1881 1300 animi
1899 1279 1992 1301 novo
2011 1269 2129 1312 aliquo
2147 1269 2318 1313 exemplo,

1336 1325 1374 1351 ut
1395 1318 1575 1351 curatione
1599 1318 1714 1350 morbi
1730 1317 1896 1355 alicuius,
1923 1329 2027 1361 quam
2047 1318 2189 1351 caeteris
2206 1319 2317 1353 multo

1336 1368 1528 1401 maioribus
1555 1375 1588 1401 et
1611 1367 1761 1401 aeternis
1786 1366 1974 1401 beneficiis.
2033 1366 2165 1400 Verum
2188 1369 2318 1412 singuli

1337 1418 1546 1460 cogitamus,
1573 1417 1613 1452 Si
1629 1416 1723 1451 Deus
1740 1415 1828 1449 mihi
1845 1418 1932 1450 adeo
1948 1417 2129 1451 familiaris
2146 1426 2252 1462 esset,
2279 1426 2318 1453 ut

1336 1468 1404 1501 suit
1429 1466 1611 1508 Abrahae,
1640 1474 1698 1500 aut
1721 1466 1833 1505 Masi,
1858 1467 1886 1500 si
1911 1467 2085 1501 similibus
2110 1469 2319 1502 testimoniis

1337 1530 1392 1551 me
1415 1530 1555 1563 quoque
1578 1518 1818 1562 confirmaret,
1845 1524 1928 1551 tunc
1952 1529 2034 1552 vero
2051 1518 2082 1550 ei
2099 1520 2238 1553 credere
2255 1531 2318 1554 au-

1338 1571 1466 1603 derem.

1438 1625 1545 1659 Hunc
1565 1625 1680 1669 ipsum
1696 1637 1849 1660 errorem
1865 1625 2006 1669 proprie
2021 1623 2078 1659 hic
2094 1624 2321 1670 reprehendit

1338 1674 1518 1716 Christus,
1551 1682 1584 1709 et
1607 1676 1710 1716 alibi,
1737 1688 1814 1710 cum
1840 1676 1974 1720 inquit:
2001 1674 2192 1710 Gener-atio
2218 1678 2321 1712 adul-

1338 1735 1410 1761 tera
1433 1727 1570 1767 siguum
1588 1726 1732 1771 quaerit.
1786 1725 1966 1759 Habemus
1983 1726 2076 1759 enim
2093 1734 2225 1761 certum
2242 1739 2321 1761 ver-

1338 1778 1422 1811 bum
1448 1776 1536 1815 Dei,
1571 1776 1605 1808 in
1634 1774 1700 1810 hoc
1723 1777 1798 1810 vult
1822 1788 1885 1809 nos
1908 1775 2058 1816 intueri,
2092 1777 2186 1811 iuxta
2214 1777 2319 1812 illud:

1340 1828 1496 1862 Lucerna
1525 1827 1671 1869 pedibus
1696 1827 1781 1859 meis
1800 1827 1944 1859 verbum
1963 1834 2072 1863 tuum.
2119 1826 2225 1864 Rom.
2245 1829 2321 1864 15.:

1341 1877 1388 1912 Ut
1413 1888 1474 1920 per
1497 1877 1771 1909 consolationem
1796 1876 2046 1920 scripturarum
2072 1889 2168 1922 spem
2193 1875 2321 1911 babea-

1340 1936 1431 1961 mus.
1483 1925 1578 1959 llaec
1600 1927 1759 1959 doctrina
1786 1927 1975 1959 admodum
1999 1927 2096 1960 utilis
2118 1934 2184 1967 est,
2211 1936 2249 1962 ut
2266 1929 2321 1962 di-

1340 1988 1474 2010 scamus
1491 1988 1570 2009 vera
1590 1977 1751 2009 exercitia
1771 1976 1849 2008 fidei
1862 2003 1870 2016 ‚
1897 1987 1959 2009 ner
1977 1988 2183 2022 quaeramus
2200 1979 2242 2011 de
2259 1991 2322 2013 vo-

1341 2028 1475 2061 luntate
1499 2025 1565 2059 Dei
1595 2033 1690 2059 extra
1717 2027 1873 2061 verbum.
1927 2024 2033 2066 Item,
2069 2040 2149 2061 vere
2172 2028 2323 2063 sciamus

1340 2076 1454 2111 Deum
1478 2077 1566 2110 velle
1589 2077 1692 2110 nobis
1715 2074 1798 2109 liare
1823 2083 2015 2120 praestare,
2042 2090 2130 2122 quae
2153 2077 2188 2110 in
2214 2080 2321 2113 verbo

1342 2127 1533 2171 promittit,
1560 2127 1724 2170 perinde.
1750 2133 1788 2160 ut
1814 2127 1983 2169 praestitit
2011 2126 2190 2166 Abrahae,
2219 2127 2325 2171 Mosi,

1342 2185 1374 2211 ot
1405 2178 1494 2212 aliis.
1554 2177 1649 2219 Quid
1678 2177 1944 2221 circumspectas
1969 2178 2151 2224 prodigia?
2185 2181 2323 2224 quaerit

1344 2228 1508 2262 inusitata
1532 2228 1715 2271 exempla?
1768 2228 1981 2272 Quanquam
2007 2225 2089 2262 liaec
2107 2241 2247 2274 quoque
2263 2243 2324 2264 oc-

1343 2285 1489 2312 currunt
1508 2279 1616 2312 multa
1635 2279 1705 2311 sere
1721 2277 1867 2320 singulis
1879 2304 1888 2318 ,
1915 2283 2028 2311 tamen
2046 2279 2185 2321 ‹lefigito
2202 2280 2323 2314 oculos

1344 2330 1380 2362 in
1411 2329 1577 2369 verbum,
1609 2335 1641 2362 et
1663 2335 1820 2372 expectes
1844 2339 1900 2367 ea,
1935 2340 2023 2372 quae
2047 2329 2083 2361 in
2110 2330 2216 2363 verbo
2241 2342 2324 2374 pro-

1343 2379 1446 2413 missa
1478 2385 1569 2414 sunt.
1629 2378 1669 2412 ln
1700 2376 1755 2411 his
1779 2377 1950 2411 exercitiis
1974 2378 2139 2419 discitur,
2169 2380 2254 2425 quid
2279 2381 2324 2416 sit

1344 2431 1439 2465 fides.
1499 2427 1545 2463 Et
1567 2429 1709 2475 quidem
1737 2426 1821 2461 haec
1847 2428 1930 2461 fides
1955 2428 2117 2473 impetrat
2144 2431 2326 2471 miracula,

1343 2481 1432 2514 sicut
1457 2478 1534 2519 hic,
1568 2480 1630 2513 etsi
1656 2476 1926 2522 reprelienditur
1950 2475 2103 2514 humana
2128 2481 2324 2522 infirmitas,

1345 2538 1459 2564 tamen
1476 2528 1637 2564 Christus
1654 2536 1770 2573 postea
1787 2528 1883 2561 addit
1900 2528 2127 2573 miraculum,
2154 2537 2191 2566 ut
2206 2537 2324 2566 osten-

1343 2583 1401 2615 ‹lat
1423 2592 1458 2615 se
1477 2581 1606 2614 mederi
1626 2586 1763 2614 nostrae
1782 2578 1988 2618 infirmitati,
