2409 2915
282 83 356 118 403

285 165 455 204 Domine,
493 170 631 206 tempus
655 159 864 205 beneplaciti
889 157 1002 201 Deus,
1043 158 1079 192 id
1113 164 1182 197 est,
1221 156 1268 191 sit

287 215 478 261 aliquando
496 213 585 246 illud
602 219 758 255 tempuS‚
782 211 876 256 quod
894 210 980 243 velis
997 221 1052 242 me
1069 209 1231 244 liberare.

388 263 547 297 Primum
566 262 674 306 igitur
689 261 829 305 colligat
846 272 944 294 mens
958 266 1155 305 praecepta,
1181 269 1270 303 quae

289 316 412 349 iubent
437 314 617 352 invocare,
651 312 779 345 deinde
809 319 841 345 et
875 310 1126 355 promissiones
1147 310 1269 343 addat:

289 365 419 403 Petite,
447 371 479 397 et
495 362 684 408 accipietis.
738 362 917 407 Quicquid
944 361 1114 405 petieritis
1138 366 1273 404 patrem

290 416 328 448 in
345 414 489 448 nomine
505 426 602 454 meo,
629 413 726 446 dabit
741 413 852 445 vobis.
907 410 975 445 Sed
993 408 1050 443 hic
1067 410 1103 443 in
1121 411 1272 454 promis·

291 465 452 498 sionibus
477 476 557 497 mox
590 463 761 506 obstrepit
785 461 888 495 nobis
921 461 1114 504 indignitas
1145 466 1275 499 nostra,

292 526 413 549 sumus
427 515 544 548 meriti
560 525 706 558 poenas,
733 520 769 545 ut
786 512 921 549 David,
947 510 1147 551 Manasses‚
1173 510 1275 544 Sam-

293 577 377 606 son,
411 565 563 609 denique
585 563 687 596 multi
716 563 878 595 meliores
907 573 979 595 non
1002 568 1084 595 sunt
1110 559 1276 597 exauditi,

293 623 332 649 ut
348 615 451 655 Saul,
480 621 512 647 et
537 614 598 647 alii
621 613 908 646 innumerabiles.
962 611 1058 655 Quid
1085 612 1200 644 deme
1216 610 1277 642 fie-

294 665 370 699 ret?
395 665 456 709 qui
473 675 549 697 sum
568 675 677 696 massa
697 663 900 703 immunda,
926 662 1162 696 contaminata
1185 660 1278 694 mul-

295 715 479 759 tipliciter,
516 715 625 757 magis
653 726 758 759 quam
777 712 912 754 David,
942 713 1003 758 qui
1027 712 1157 757 inquit:
1193 709 1278 744 Tibi

295 771 432 799 tantum
451 771 630 809 peccatum
647 775 744 802 sum,
773 764 807 797 id
831 770 899 804 est,
925 775 979 796 res
996 774 1054 795 rea
1078 769 1111 795 et
1136 761 1281 801 abiecta,

296 816 383 861 quid
406 815 594 859 impetrare
617 814 783 858 possum?
821 813 974 848 Difficile
1003 819 1054 846 est
1078 809 1145 845 hoc
1170 817 1281 845 certa-

297 877 398 905 men,
424 867 483 899 sed
516 865 596 911 quia
623 863 687 898 hac
710 865 782 908 ipsa
808 876 890 898 voce
911 864 995 907 legis
1017 862 1156 896 assidue
1179 873 1282 895 accu-

296 927 434 957 samur,
461 916 635 949 discamus
654 912 744 947 hanc
764 915 874 957 ipsam
899 915 945 947 ob
969 925 1108 947 causam
1131 912 1282 956 promis-

297 966 412 999 siones
427 963 610 1009 Evangelii
631 965 776 998 traditas
791 976 883 1004 esse,
910 965 954 996 de
979 963 1185 996 remissione
1202 974 1282 1006 pec-

297 1023 454 1049 catorum
478 1023 620 1060 propter
641 1014 784 1049 Filium.
838 1014 1052 1059 Quanquam
1081 1024 1202 1046 sumus
1226 1012 1282 1045 in-

299 1067 415 1109 digni,
444 1073 559 1099 tamen
576 1065 671 1099 Deus
694 1065 771 1099 vult
793 1078 856 1099 nos
879 1071 1022 1109 propter
1039 1063 1171 1097 Filium
1193 1063 1283 1096 reci-

300 1128 393 1160 pere.
446 1115 514 1149 Hic
531 1116 715 1160 cogitanda
741 1122 789 1148 est
813 1116 984 1160 particula
1011 1113 1147 1148 Gratis:
1179 1112 1283 1147 lusti-

299 1168 444 1200 ficamur
460 1167 583 1209 gratis,
611 1178 672 1210 per
692 1166 840 1209 gratiam
868 1166 941 1199 eius
957 1166 1034 1199 fide.
1091 1164 1284 1198 Afferimus

299 1219 341 1250 ad
361 1217 474 1250 Deum
492 1230 563 1250 non
582 1217 723 1256 merita,
750 1218 808 1249 sed
829 1217 988 1249 miseram
1015 1223 1047 1249 et
1064 1214 1284 1249 contamina·
1310 1194 1312 1250 Ι

300 1275 369 1301 tam
386 1275 565 1309 naturam,
585 1268 671 1300 sicut
689 1266 802 1300 David
820 1267 922 1300 dicit:
950 1266 1035 1300 Tibi
1053 1273 1190 1299 tanturn
1208 1276 1284 1297 sum
1310 1278 1313 1310 ᾗ

301 1325 494 1362 peccatum.
571 1316 617 1351 Et
641 1316 768 1351 Daniel
789 1318 930 1350 clamat:
967 1317 1045 1349 Non
1080 1316 1116 1348 in
1148 1314 1283 1348 iusticia
1310 1337 1314 1367 ι

302 1376 442 1410 nostra,
470 1369 527 1400 sed
551 1369 790 1400 misericordia
815 1375 871 1401 tua
890 1366 1145 1411 prosternimus
1167 1376 1286 1409 preces
1312 1373 1314 1394 r

303 1425 449 1451 nostras.
490 1417 553 1451 Et:
581 1417 717 1451 Exaudi
737 1429 801 1450 nos
825 1425 968 1461 propter
985 1416 1191 1449 Dominum.
1243 1414 1287 1448 Et
1313 1432 1315 1446 ι

304 1468 422 1502 lonas:
451 1467 522 1510 Qui
540 1480 612 1501 non
629 1468 837 1511 confugiunt
854 1469 895 1501 ad
916 1467 1206 1505 miscricordiam,
1233 1477 1286 1497 se-
1312 1472 1315 1495 t

303 1526 443 1552 ctantur
471 1530 577 1559 vana,
612 1519 646 1551 id
670 1525 738 1558 est,
771 1518 896 1551 fiducia
922 1518 1084 1561 propriae
1108 1516 1286 1558 dignitatis
1313 1519 1315 1547 ἶ

304 1575 354 1602 est
378 1569 510 1607 inanis,
551 1570 608 1602 sed
633 1568 906 1611 confugiendum
935 1575 983 1600 est
1015 1569 1055 1600 ad
1090 1567 1287 1599 misericor·
1313 1585 1315 1626 1

304 1619 410 1654 diam.
464 1617 538 1651 Hac
561 1619 720 1651 doctrina
739 1619 1013 1662 promissionum
1036 1617 1288 1650 confirmentur

304 1669 432 1709 animi,
473 1676 506 1703 et
532 1671 642 1702 sciant
673 1669 878 1702 mandatum
903 1667 967 1701 Dei
1000 1679 1090 1705 esse,
1135 1674 1171 1699 ut
1198 1664 1288 1699 lianc

306 1720 408 1752 fidem
425 1720 460 1752 in
483 1720 682 1763 precatione
700 1719 904 1758 afferamus.
932 1731 970 1752 ac
986 1726 1144 1765 petamus
1162 1717 1287 1749 fiducia

308 1769 409 1810 Filii,
446 1771 533 1804 sicut
556 1771 687 1804 dictum
710 1777 776 1803 est:
820 1768 998 1814 Quicquid
1033 1768 1204 1813 petieritis
1229 1780 1289 1811 pa·
1315 1761 1317 1815 ff

306 1827 394 1853 trem
415 1821 449 1853 in
469 1821 611 1854 nomine
628 1833 722 1861 meo,
750 1821 783 1853 id
804 1828 871 1858 cst,
900 1832 955 1853 me
977 1820 1200 1852 nominantes
1218 1830 1289 1849 me-

306 1871 489 1909 diatorem,
512 1871 740 1915 perferentem
758 1882 876 1914 preces
894 1878 1034 1909 vestras,
1061 1869 1158 1902 dabit
1179 1869 1289 1902 vobis.

410 1970 506 2005 Haec
529 1972 687 2005 doctrina
713 1973 755 2003 de.
790 1971 1012 2003 invocatione,
1048 1975 1076 2002 et
1104 1970 1171 2002 sule
1206 1980 1290 2003 nus-

308 2033 413 2066 quam
438 2023 503 2056 ulli
528 2023 622 2065 genti
645 2029 738 2055 extra
767 2020 956 2055 Ecclesiam
981 2027 1062 2053 nota
1087 2027 1156 2060 est,
1189 2031 1227 2053 ac
1253 2020 1288 2052 in
1315 2047 1318 2071 1

308 2073 379 2104 sola
401 2070 553 2106 Ecclesia
575 2071 638 2106 Dei
664 2073 831 2115 patefacta
860 2080 931 2111 est,
963 2078 993 2104 et
1022 2077 1158 2104 tautum
1180 2071 1224 2103 ab
1249 2071 1290 2103 iis
1315 2084 1317 2114 ,ι

310 2122 536 2164 intelligitur,
568 2124 627 2168 qui
654 2124 802 2156 audiunt
833 2129 863 2155 et
890 2128 1019 2154 norunt
1046 2121 1290 2164 Evangelium.

312 2171 467 2217 Vultque
499 2172 593 2206 Deus
633 2175 734 2207 nobis
773 2171 956 2215 Evangelii
996 2172 1212 2212 doctrinam,
1258 2178 1290 2205 et

310 2234 404 2255 suam
422 2224 696 2257 miscricordiam
715 2231 745 2257 et
771 2223 1000 2267 praesentiam
1015 2250 1021 2260 ,
1050 2223 1122 2254 ficri
1144 2235 1290 2267 conspe-

310 2274 452 2306 ctiorem
472 2273 525 2307 his
545 2275 716 2308 exercitiis
733 2274 975 2307 invocationis.
1315 2264 1318 2304 Ι

311 2323 374 2356 lius
401 2325 562 2366 periculis
588 2333 618 2358 et
643 2326 860 2370 quotidianis
884 2325 1035 2367 negociis
1064 2325 1289 2356 decurramus
1315 2316 1317 2325 Ι

309 2376 350 2406 ad
371 2372 460 2406 lianc.
481 2388 560 2408 vcrc
583 2388 712 2408 sacram
738 2388 910 2409 ancoram.
967 2373 1005 2407 ln
1032 2375 1121 2407 libro
1140 2375 1288 2417 Sapicn—
1313 2357 1317 2461 ⁸

1312 2474 1315 2490 1

1312 2515 1315 2539 Ι

1020 2273 1100 2306 Μνο
1120 2273 1154 2305 in
1173 2274 1289 2306 omni—

309 2425 375 2456 tiae
392 2425 566 2459 invocatio
585 2433 727 2458 vocatur
751 2434 885 2459 scutum
908 2433 1079 2460 nostrum.
1134 2424 1176 2458 Et
1199 2424 1287 2457 Pau-

311 2475 362 2507 lus
387 2476 515 2520 iuquit:
560 2476 738 2521 Quicquid
764 2477 874 2509 facitis
899 2477 934 2509 iu
961 2477 1104 2509 nominc
1131 2475 1288 2514 Domini,

309 2525 342 2556 id
363 2533 427 2563 ost,
456 2528 676 2559 invocatione
695 2525 779 2570 Dei,
807 2527 915 2559 facite.
970 2528 1038 2561 Sed
1058 2538 1182 2569 magna
1210 2538 1287 2569 pars

309 2573 490 2609 bominum
509 2590 625 2611 secura
644 2578 732 2615 ruit.
761 2590 829 2623 quo
855 2579 946 2610 coeci
971 2579 1105 2611 furores
1131 2575 1286 2615 trabunt,

307 2626 415 2659 multa
440 2627 558 2671 incipit
584 2641 623 2662 ac
648 2635 784 2665 movet.
823 2629 984 2663 sincnlla
1010 2628 1218 2672 cogitatione
1243 2629 1286 2660 dc

872 73 996 108 PfflL.
1023 70 1140 108 MEL.
1167 69 1376 108 SCRIPTA
1402 68 1703 107 EXEGETICA.

2222 73 2299 109 404

1323 155 1456 190 iudicio
1481 154 1567 197 Dei,
1599 156 1675 189 sine
1699 155 1824 189 timore
1848 155 1934 198 Dei,
1974 155 2050 190 sine
2076 156 2311 195 invocatione.

1325 205 1408 240 Ideo
1425 217 1612 240 aerumnae
1638 206 1874 240 cumulantur.

1426 255 1538 290 Porro
1556 268 1634 290 cum
1651 257 1860 301 obstrepunt
1875 257 2031 301 exempla
2042 284 2051 298 ,
2075 255 2150 292 Cur
2165 269 2237 291 non
2252 270 2312 292 ex·

1325 306 1469 340 auditur
1484 305 1680 340 Hieremias
1701 308 1893 351 deprecans
1914 308 2083 341 auxilium
2096 332 2105 347 ,
2131 315 2164 341 et
2182 307 2312 343 similia

1326 356 1461 390 multa?
1513 355 1581 389 Hic
1600 355 1685 390 fides
1705 359 1898 401 prudenter
1913 359 2090 392 discernat
2108 358 2314 402 promissio-

1326 419 1408 440 nem
1435 406 1585 450 gratiae,
1614 413 1646 440 et
1670 407 1898 450 mitigationis
1924 421 2115 452 poenarum
2140 415 2316 453 tempora-

1328 457 1428 491 lium.
1482 455 1692 491 Mandatum
1711 455 1776 490 Dei
1801 465 1870 498 est,
1898 465 1936 492 ιιι
1960 459 2169 493 nominatim
2196 459 2316 494 credas

1329 507 1395 541 tibi
1414 507 1544 541 remitti
1564 514 1699 551 peccata
1713 534 1723 548 ,
1749 508 1856 551 recipi
1875 515 1909 542 te
1927 521 1945 542 a
1964 508 2038 543 Deo
2055 510 2097 542 ad
2115 509 2315 544 societatem

1330 558 1422 591 vitae
1436 565 1608 598 aeternae,
1638 555 1981 601 propterChristum‚
2007 557 2193 595 loban.6.:
2222 558 2317 594 Haec

1330 615 1383 641 ect
1399 608 1562 642 voluntas
1579 609 1686 652 patris
1697 635 1706 648 ,
1731 615 1770 642 ut
1785 608 1902 642 omnis
1917 609 1977 653 qui
1995 610 2106 644 credit
2121 610 2157 643 iu
2170 609 2316 649 Filium,

1331 656 1458 691 habeat
1490 658 1596 692 vitam
1626 666 1814 692 aeternam.
1885 658 2181 706 Quandocumque
2212 661 2320 704 igitur

1333 709 1494 749 invocas,
1520 721 1599 741 vere
1617 710 1841 742 statuendum
1859 716 1928 750 est,
1954 711 2048 755 quod
2065 709 2161 744 Deus
2177 716 2210 744 te
2226 711 2319 744 reci-

1334 759 1425 803 piat,
1454 766 1596 802 propter
1611 758 1763 800 Filium,
1790 767 1822 793 et
1847 766 1925 794 tuas
1945 773 2062 804 preces
2078 761 2210 795 audiat.
2261 760 2321 796 Sic

1334 810 1371 842 in
1401 809 1500 843 omni
1529 809 1750 843 invocatione
1782 811 1957 855 praelucet
1986 810 2236 855 Evangelium‚
2275 811 2320 845 de

1334 859 1571 904 poenitentia,
1599 866 1629 892 et
1653 861 1695 893 de
1718 861 1924 894 remissione
1948 869 2187 905 peccatorum,
2214 868 2246 895 et
2261 873 2320 896 uc-

1335 911 1446 944 currit
1472 907 1554 943 buic
1576 910 1653 943 voci
1671 911 1772 953 legis,
1799 910 1893 944 Deus
1911 918 2107 955 peccatores
2126 924 2197 945 non
2216 923 2322 945 exau-

1335 961 1407 1002 dit,
1433 960 1565 993 scilicet
1589 968 1848 1004 perseverantes
1872 962 1908 994 in
1931 963 2098 1006 peccatis,
2125 974 2197 995 non
2215 973 2322 1006 agen·
2370 966 2371 969 ’

1336 1018 1386 1045 tes
1400 1010 1654 1056 poenitentiam
1665 1037 1675 1051 ,
1701 1023 1772 1044 non
1787 1012 2028 1056 confugientes
2045 1014 2086 1046 ad
2104 1011 2251 1047 Filium.

1440 1085 1508 1120 Sed
1533 1087 1576 1119 de
1600 1086 1776 1120 beneficiis
1798 1088 2040 1131 corporalibus
2060 1089 2227 1130 sciamus,
2254 1086 2323 1122 Ec-

1337 1137 1478 1171 clesiam
1502 1137 1693 1170 subiectam
1719 1148 1791 1170 esse
1816 1138 1927 1177 cruci,
1954 1145 1987 1172 et
2009 1137 2122 1173 Deum
2146 1140 2323 1183 postulare

1338 1187 1588 1221 obedientiam.
1648 1186 1859 1221 Retineatur
1882 1187 1990 1231 igitur
2014 1189 2116 1229 fides,
2149 1191 2242 1235 quod
2269 1201 2323 1223 rc-

1310 1258 1312 1266 ,
1338 1238 1511 1282 cipiamur
1532 1237 1569 1270 in
1592 1237 1756 1279 gratiam,
1785 1238 1889 1272 etiam
1907 1251 1985 1272 cum
2004 1246 2120 1273 manet
2137 1240 2326 1277 calamitas.

1311 1314 1313 1321 ,
1338 1287 1385 1322 Et
1408 1295 1526 1321 tamen
1550 1287 1702 1330 postulat
1718 1286 1830 1326 Deus,
1858 1301 1930 1321 non
1954 1289 2068 1323 solum
2087 1290 2324 1324 obedientiam

1339 1339 1375 1371 in
1395 1337 1665 1375 afflictionibus,
1693 1338 1750 1370 sed
1771 1339 1873 1371 etiam
1893 1339 2173 1381 invocationem,
2200 1348 2232 1375 et
2250 1341 2326 1374 vult

1312 1396 1314 1412 ³
1340 1388 1500 1430 mitigare
1516 1394 1574 1420 aut
1590 1387 1712 1420 tollere
1728 1399 1923 1429 aerumnas,
1951 1389 2039 1424 sicut
2055 1390 2256 1425 dulcissime
2272 1392 2327 1424 in-

1313 1457 1314 1469 t
1340 1439 1417 1481 quit
1435 1436 1611 1472 Psal.77.:
1640 1436 1718 1470 Non
1738 1440 1896 1473 accendit
1915 1447 2022 1472 totam
2041 1441 2128 1473 iram
2148 1453 2245 1476 suam
2265 1449 2328 1477 etc.

1342 1488 1427 1522 Vult
1459 1489 1552 1521 enim
1586 1488 1716 1520 servari
1747 1495 1779 1521 et
1811 1489 1846 1521 in
1872 1487 1933 1522 hac
1960 1490 2028 1523 vita
2053 1502 2154 1524 suum
2183 1492 2326 1537 aliquod

1341 1551 1477 1582 agmen,
1534 1537 1619 1572 Vult
1647 1549 1719 1570 esse
1749 1539 1886 1583 aliquos
1916 1540 2128 1581 incolumes,
2162 1548 2199 1575 ut
2232 1555 2329 1576 com-

1342 1589 1459 1622 munis
1491 1589 1582 1622 vitae
1609 1588 1745 1621 labores
1771 1589 1987 1629 sustineant,
2023 1591 2099 1625 vult
2126 1592 2328 1627 conservari

1342 1639 1455 1672 studia
1476 1639 1657 1672 doctrinae
1675 1638 1879 1682 Evangelii,
1906 1640 2068 1683 politias‚
2095 1643 2330 1685 oeconomias,

1342 1696 1485 1734 propter
1507 1689 1797 1733 propagationem
1813 1687 2013 1733 Evangelii.
2066 1690 2227 1738 Denique
2251 1694 2328 1729 vult

1315 1758 1317 1760 ·
1343 1747 1374 1774 et
1400 1740 1436 1773 in
1461 1739 1678 1783 mitigatione
1702 1751 1894 1783 poenarum
1920 1748 1953 1775 et
1978 1742 2216 1777 calamitatum
2239 1744 2327 1778 cele.-

1343 1791 1450 1825 brari.

1447 1865 1530 1899 ldeo
1561 1876 1697 1908 semper
1722 1865 1758 1898 in
1784 1866 2006 1900 invocatione
2030 1875 2146 1911 petere
2168 1877 2199 1904 et
2225 1881 2327 1913 expe-

1344 1926 1434 1951 ctare
1450 1918 1555 1949 debes
1572 1916 1740 1948 auxilium
1754 1943 1762 1955 ‚
1791 1924 1822 1950 et
1842 1918 2094 1960 mitigationem
2112 1921 2330 1962 calamitatis,

1344 1967 1476 2001 etiamsi
1504 1978 1574 1999 non
1599 1966 1715 1998 statim
1743 1967 1900 2005 tollitur.
1933 1975 1969 2001 ut
1995 1969 2118 2003 clamat
2145 1969 2325 2005 ieremias:

1344 2018 1490 2061 Corripe
1508 2029 1562 2049 me
1580 2014 1748 2056 Domine,
1777 2026 2005 2051 veruntamen
2025 2020 2060 2052 in
2077 2020 2226 2058 iudicio.
2255 2033 2326 2055 non

1345 2070 1380 2102 in
1406 2069 1524 2102 surore
1549 2075 1628 2106 tuo.
1656 2079 1699 2099 ne
1723 2068 1764 2100 ad
1785 2067 1937 2101 nibilum
1956 2071 2092 2112 redigas
2110 2083 2174 2104 me.
2228 2070 2272 2105 Et
2291 2073 2327 2106 in

1344 2120 1486 2153 l'salm.:
1508 2117 1689 2160 Castigans
1705 2119 1883 2161 castigavit
1900 2120 2150 2161 meDominus,
2174 2129 2203 2155 et
2221 2123 2327 2158 morti

1345 2183 1415 2203 non
1436 2169 1580 2202 tradidit
1601 2180 1665 2200 me.
1724 2168 1824 2202 ltem:
1851 2169 1929 2202 Non
1948 2171 2096 2210 moriar,
2123 2173 2181 2205 scd
2203 2173 2328 2215 vivam,

1344 2229 1375 2255 et
1401 2219 1626 2253 annunciabo
1650 2231 1753 2262 opera
1780 2219 1938 2254 Domini.
2000 2221 2081 2255 ldeo
2106 2223 2227 2257 liberat
2253 2223 2327 2257 Do-

1344 2273 1480 2310 minus,
1524 2277 1562 2304 ut
1592 2278 1708 2314 postea
1741 2277 1840 2305 testes
1873 2271 2000 2310 simus,
2038 2275 2131 2317 quod
2166 2274 2327 2308 exaudiat

1345 2323 1438 2357 Dens
1451 2349 1458 2361 ,
1487 2328 1518 2355 et
1537 2332 1616 2353 vere
1635 2321 1683 2353 sic
1701 2321 1782 2354 velit
1799 2322 1884 2358 coli.
1913 2328 1943 2354 et
1959 2323 2132 2356 discamus
2149 2336 2186 2357 ac
2204 2325 2327 2359 docea-

1343 2385 1420 2406 mus
1443 2373 1529 2405 alios
1554 2372 1598 2404 de
1620 2371 1858 2409 invocatione,
1885 2378 1922 2404 ut
1943 2371 2019 2405 Psal
2049 2373 2126 2408 58.;
2156 2373 2222 2408 lste
2239 2388 2325 2420 pati-

1343 2436 1404 2469 per
1422 2422 1583 2457 clamavit
1603 2423 1645 2454 ad
1666 2423 1879 2460 Dominum,
1907 2429 1938 2455 et
1956 2421 2131 2457 Dominus
2149 2426 2324 2460 exaudivit

1342 2487 1432 2508 eum.
1489 2472 1562 2506 lmo
1583 2470 1671 2505 lianc
1690 2473 1798 2518 ipsam
1819 2473 1864 2503 oli
1882 2485 2019 2506 causam
2034 2476 2151 2508 omnia
2168 2477 2324 2520 exempla

1312 2555 1313 2566 ,
1342 2525 1610 2560 miraculorum,
1639 2523 1719 2554 inde
1736 2535 1845 2567 usquc
1859 2524 1902 2555 ali
1921 2524 2020 2557 initio
2040 2527 2214 2568 proposita
2231 2534 2324 2568 sunt,

1341 2584 1375 2610 ut
1401 2577 1574 2608 discamus
1599 2573 1854 2606 invocationem
1877 2586 1947 2607 oon
1966 2587 2038 2607 csse
2055 2576 2200 2611 irritam.
2253 2577 2322 2610 Sed

1340 2627 1489 2660 maxima
1509 2635 1587 2670 pars
1606 2621 1789 2657 hominnm
1802 2649 1809 2662 ,
1839 2625 1998 2669 quamvis
2016 2633 2158 2670 propter
2175 2639 2323 2662 consue-
