2409 2915
279 109 349 143 179

279 193 370 240 quit:
399 191 511 226 Filius
533 189 593 234 qui
618 195 664 221 est
690 188 726 220 in
745 187 826 221 sinu
845 188 972 232 patris,
1000 187 1073 231 ipse
1099 187 1267 220 revelavit

279 245 392 278 nobis.
446 241 513 274 Hic
531 240 642 273 Filius
665 239 802 272 locutus
828 246 878 272 est
903 250 980 271 cum
1000 238 1178 282 patribus,
1205 240 1267 270 de-

279 296 331 328 dit
360 292 626 336 promissiones,
661 290 812 322 servavit
833 287 952 330 Nobe,
981 287 1183 329 Abraham,
1211 288 1267 321 lo-

280 343 384 388 sepb,
423 341 562 375 Moisen
594 347 751 385 ereptum
783 352 821 373 ex
847 341 972 384 undis,
1007 340 1109 373 assuit
1136 340 1265 383 populo

280 408 360 427 cum
386 394 618 426 educerentur
633 403 672 424 ex
689 391 868 436 Aegypto,
897 390 985 424 sicut
1002 391 1119 435 inquit
1138 390 1266 423 Paulus

279 448 322 478 de
354 443 544 478 comitante
574 449 689 486 petra,
730 441 941 487 gubernavit
972 453 1098 475 manus
1134 439 1266 480 losuae,

280 495 480 535 Gedeonis,
506 492 653 526 Davidis
678 500 798 525 contra
824 492 1018 525 diabolum.
1072 491 1190 534 Quare
1215 491 1264 524 si-

278 554 336 580 em
361 558 440 579 eum
464 545 698 587 agnoscebant
717 550 928 584 venturum,
955 550 1001 576 ιω
1020 554 1083 575 ¹¹⁰⁵
1100 553 1264 585 ‘'gnosca‘
1291 564 1293 601 ἓ,
1317 559 1490 600 Ecclesia,
1516 568 1549 594 et
1573 562 1666 605 quod
1687 560 1729 592 sit
1748 559 1960 600 vivificator,
1989 561 2154 593 liberator
2173 567 2205 593 et
2223 560 2307 592 illu-

279 609 357 630 mus
376 593 571 629 exhibitum
584 620 592 634 ‚
621 601 653 626 et
672 595 875 626 invocemus
893 600 931 626 ut
950 605 1013 625 nos
1030 594 1190 632 adiuvet,
1218 593 1265 624 si·
1292 607 1293 612 ¹

278 655 335 681 cut
354 649 396 680 de
417 658 456 678 eo
478 643 653 677 lohannes
669 644 915 678 concionatur:
945 643 1058 677 Filius
1076 643 1139 676 Dei
1159 644 1264 682 venit,

277 706 316 732 ut
334 700 488 730 destruat
505 706 608 739 opera
629 695 782 735 diaboli,
810 693 903 737 Ergo
921 696 1123 727 invocemus
1136 694 1263 728 Filium

278 748 361 788 Dei,
391 754 429 780 ut
453 746 617 780 defendat
636 744 827 779 Ecclesiam
854 757 951 779 suam
977 753 1097 778 contra
1117 745 1265 786 Turcas‚

279 807 311 833 et
336 798 424 831 alios
447 795 576 832 hostes.
619 788 743 835 ⁵1tem,
778 804 815 829 ut
840 803 936 839 regat
961 803 1093 829 mentes
1117 803 1267 835 nostras,
1292 813 1294 834 t

276 857 309 883 et
335 849 522 882 sanctificet
542 846 678 891 Spiritu
701 855 836 887 sancto,
861 848 949 880 sicut
973 847 1105 891 inquit:
1138 845 1265 878 Venie-

278 912 355 933 mus
374 901 416 932 ad
433 911 532 939 eum,
561 905 593 931 et
611 899 829 969 mansiogtem
848 898 1025 931 faciemus.
1054 897 1239 942 Sequitur:

329 983 378 1018 In
397 983 476 1030 ipso
494 983 568 1016 vila
585 988 673 1016 erat.

384 1051 421 1085 ld
451 1058 518 1089 est,
554 1050 611 1084 hic
634 1047 741 1098 λόγος
766 1058 815 1084 est
843 1050 1058 1090 vivificator,
1094 1061 1166 1081 non
1190 1055 1264 1082 tan-

279 1111 353 1138 tum
380 1104 467 1136 dans
494 1102 688 1135 naturalem
717 1101 822 1134 vitam
847 1109 878 1135 et
905 1109 1037 1134 motum
1056 1101 1179 1140 rebus,
1207 1101 1264 1132 sed

277 1155 380 1188 etiam
414 1153 638 1197 peculiariter
660 1151 853 1186 Ecclesiam
884 1153 1037 1185 liberans
1060 1152 1103 1184 ab
1127 1158 1265 1183 aeterna

276 1212 405 1238 morte:
435 1204 576 1236 interim
603 1203 696 1236 enim
720 1203 890 1245 significat
909 1215 944 1237 se
960 1203 1057 1248 loqui
1076 1203 1118 1235 de
1137 1202 1266 1234 libera-

277 1256 435 1289 tionibus
455 1254 491 1286 in
508 1252 676 1289 Ecclesia.
732 1253 835 1287 Iacob
853 1257 1020 1287 adversus
1036 1255 1178 1287 fratrem
1195 1265 1266 1285 ser-

277 1314 377 1341 vatus
404 1312 472 1345 est,
500 1304 633 1339 Moises
659 1317 698 1338 ex
725 1305 832 1338 undis
857 1312 1006 1349 ereptus.
1063 1304 1111 1337 lta
1137 1303 1264 1336 servati

276 1365 309 1391 et
334 1357 500 1390 vivificati
524 1363 606 1390 sunt
631 1363 663 1390 et
687 1356 812 1389 caeteri
832 1356 942 1389 sancti
961 1368 1020 1400 per
1037 1354 1169 1388 Filium
1188 1353 1267 1395 Dei,

276 1420 338 1452 per
354 1419 458 1453 quem
477 1414 510 1440 et
526 1407 570 1440 ab
587 1413 726 1441 aeterna
745 1413 856 1440 morte
873 1407 1013 1440 liberati
1031 1414 1123 1440 sunt.

327 1491 380 1526 Et
399 1491 473 1525 vila
489 1496 566 1525 erat
585 1489 654 1525 lua:
669 1488 873 1528 hominum.

377 1558 445 1592 Hic
474 1559 548 1603 ipse
577 1559 772 1593 vivificator
804 1566 836 1592 et
863 1571 999 1602 semper
1021 1560 1065 1592 ab
1089 1559 1192 1592 initio
1217 1564 1266 1590 est

278 1611 499 1645 illuminator
513 1609 708 1650 Ecclesiae,
736 1610 825 1643 sicut
843 1617 943 1643 antea
961 1610 1093 1644 dictum
1113 1617 1177 1642 est:
1207 1608 1265 1641 Fi-

276 1663 345 1695 lius
372 1661 434 1706 qui
457 1668 507 1694 est
532 1660 568 1692 in
593 1661 672 1692 sinu
698 1660 824 1703 patris,
859 1661 933 1704 ipse
955 1661 1125 1694 revelavit
1150 1660 1265 1702 nobis,

277 1720 310 1747 et
325 1720 443 1757 postea
459 1723 537 1745 cum
553 1711 726 1755 apparuit,
749 1710 1138 1745 illuminatEcclesiam.
1170 1710 1264 1743 ldem

278 1764 372 1797 enim
390 1763 535 1795 verbum
553 1769 584 1795 et
602 1762 759 1806 patribus
775 1768 807 1795 et
822 1763 924 1795 nobis
941 1763 1107 1805 impertit,
1130 1768 1162 1795 et
1175 1768 1267 1794 creat

278 1813 344 1848 boc
376 1814 482 1846 verbo
510 1813 623 1847 lucem
649 1825 796 1851 novam,
831 1813 865 1845 id
891 1820 959 1853 est,
993 1814 1146 1850 firmam,
1185 1813 1264 1845 illu-

279 1873 383 1899 strem
406 1871 438 1897 et
463 1864 635 1897 vivificam
663 1864 826 1896 noticiam
845 1863 908 1896 Dei
938 1864 973 1896 in
1000 1865 1176 1897 mentibus
1191 1875 1265 1895 cre-

279 1915 458 1953 dentium,
486 1915 573 1947 sient
599 1914 682 1946 alibi
709 1914 856 1947 dicitur:
886 1913 980 1947 Haec
1003 1921 1052 1947 est
1070 1915 1139 1946 vita
1156 1921 1265 1946 aeter·
1292 1946 1295 1958 ἰ

280 1979 344 2005 na,
371 1973 409 1999 ut.
435 1973 623 2008 agnoscant
651 1973 682 1998 te
699 1963 811 1997 Deum
839 1977 983 2005 verum,
1011 1973 1043 1998 et
1071 1977 1174 2010 quem
1200 1964 1265 1996 mi-

281 2017 353 2050 sisti
377 2016 486 2049 lesum
505 2014 696 2049 Christum.

384 2066 477 2100 llaec
501 2074 551 2100 est
575 2066 722 2112 simplex
746 2067 788 2099 de
813 2067 888 2100 luce
911 2066 1102 2100 sententia:
1132 2066 1190 2098 alii
1211 2063 1266 2098 liic

283 2121 324 2152 de
356 2119 431 2151 luce
463 2118 635 2161 corporali
660 2117 851 2161 disputant.
912 2118 1125 2162 Quanquam
1151 2124 1266 2149 autem

282 2182 403 2203 verum
430 2176 497 2209 est,
525 2177 556 2202 et
581 2169 798 2211 corporalem
824 2169 934 2202 lucem
960 2181 1021 2213 per
1045 2181 1124 2200 eum
1144 2168 1266 2200 eondi-

283 2229 352 2253 tam
384 2232 473 2257 esse,
512 2227 547 2253 ut
581 2226 714 2252 caetera
747 2232 909 2264 corpora,
946 2227 1060 2253 tamen
1087 2217 1143 2252 hic
1171 2219 1266 2262 loqui

285 2269 478 2304 iohannem
498 2271 681 2313 praecipue.
700 2271 742 2303 de
761 2271 826 2304 alia
847 2272 938 2310 lnce,
966 2278 1119 2315 quaeest
1139 2270 1267 2303 noticia
1293 2285 1296 2309 ς

285 2322 478 2355 voluntatis
493 2321 566 2360 Dei,
594 2329 623 2353 et
644 2322 794 2354 incoatio
812 2323 901 2355 vitae
920 2329 1092 2359 aeternae,
1120 2333 1267 2366 sequen-

286 2374 332 2406 tia
357 2373 461 2406 verba
489 2372 665 2411 indicant,
695 2385 773 2405 cum
800 2374 945 2406 dicitur:
975 2372 1016 2405 lit
1037 2373 1198 2406 tenebrae
1217 2372 1268 2403 ln-

286 2437 358 2457 cem
385 2437 456 2456 non
480 2421 834 2467 comprehenderunt.

287 2483 343 2508 tur
363 2473 514 2508 Ecclesia
542 2486 620 2506 vera
639 2474 682 2506 al»
701 2474 817 2517 impiis
836 2488 906 2507 non
928 2475 1197 2517 agnoscentibus
1217 2474 1270 2506 ln-

288 2538 381 2561 rem‚
409 2526 538 2558 scilieet
565 2525 694 2558 Filium
720 2524 802 2563 Dei,
831 2539 892 2558 nee
920 2524 1128 2559 lialwntilms
1154 2537 1269 2557 veram

292 2576 353 2609 Dei
389 2577 564 2611 noticiam.
628 2576 685 2609 list
717 2583 832 2609 antem
862 2577 1048 2616 diligenter
1080 2579 1271 2609 observan-

290 2629 394 2663 dum,
424 2629 515 2671 qnod
542 2635 652 2660 totum
678 2640 786 2668 genus
811 2626 1023 2665 humanum,
1053 2636 1148 2661 vorat
1175 2635 1271 2661 tene-

292 2679 389 2717 bras,
427 2686 562 2722 praeter
592 2679 669 2711 illos
702 2679 814 2718 solos,
848 2680 882 2711 in
915 2680 1044 2724 quilms
1071 2687 1118 2713 est
1144 2678 1271 2712 noticia

890 2423 955 2457 llic
981 2424 1073 2456 enim
1101 2423 1267 2455 discerni·
1295 2445 1297 2452 1

875 100 999 135 PHIL.
1027 98 1145 138 MEL.
1171 100 1381 137 SCRIPTA
1409 100 1708 137 EXEGETICA.

1292 238 1295 256 Ι

1291 267 1294 305 ῐ

1291 311 1294 339 τ

1319 186 1402 220 Filii
1424 186 1508 229 Dei,
1541 200 1602 222 seu
1629 188 1666 221 in
1689 188 1818 234 quibus
1840 199 1939 221 suam
1963 188 2075 222 lucem
2098 200 2160 232 per
2185 187 2308 220 Evan-

1318 239 1446 281 gelium
1465 240 1634 273 accendit.

1418 305 1536 339 Habes
1555 307 1662 349 igitur
1679 307 1828 350 primam
1845 307 2043 340 doctrinam
2061 305 2099 338 in
2115 303 2182 339 lioc
2199 313 2306 346 textu,

1318 358 1360 390 de
1377 355 1470 390 Filio
1487 356 1572 397 Dei,
1600 359 1694 402 qnod
1718 357 1760 389 sit
1786 369 1933 400 persona
1959 357 2074 400 genita
2100 357 2144 390 ab
2162 364 2305 390 aeterno

1320 414 1415 451 patre
1443 409 1485 441 de
1518 408 1592 441 eius
1626 408 1820 441 substantia
1855 416 1887 442 et
1919 416 2119 448 coaeterna,
2154 414 2185 440 et
2211 408 2306 452 quod

1291 489 1293 493 ,
1320 470 1391 491 non
1406 458 1449 491 sit
1466 459 1600 493 ociosa:
1631 460 1688 491 sed
1705 460 1798 502 quod
1818 471 1878 502 per
1894 470 1968 491 eam
1985 471 2038 492 res
2056 461 2168 491 lionae
2185 469 2306 491 omnes

1292 532 1293 537 ,
1318 509 1479 543 conditae
1502 510 1590 549 sint,
1624 517 1656 543 et
1681 509 1788 542 sactae
1813 509 1994 542 mirandae
2020 510 2244 542 liberationes
2268 509 2306 542 in

1291 615 1293 630 ⁴

1291 676 1293 687 t

1292 699 1293 713 t

1320 611 1473 643 minator
1488 609 1675 644 Ecclesiae.
1733 610 1891 653 Sequens
1916 611 2038 644 concio
2061 611 2235 644 describet
2252 622 2306 644 as-

1318 661 1528 695 sumtionem
1549 660 1722 695 humanae
1743 668 1896 695 naturae.

1423 745 1549 779 luserit
1563 753 1677 779 autem
1694 747 1789 790 prius
1803 746 2044 779 testimoninm
2056 743 2226 779 lobannis
2237 744 2306 778 Ba-

1321 798 1462 842 ptistae,
1490 805 1521 830 et
1537 797 1664 831 diserte
1681 799 1783 836 dicit,
1815 795 2007 830 loliannem
2019 795 2210 840 Baptistam
2228 797 2309 829 lon-

1320 861 1359 891 ge
1377 849 1466 881 infra
1480 848 1642 881 Messian)
1661 861 1750 888 esse,
1779 848 1939 881 videlicet
1957 848 2159 881 ministrum
2175 846 2308 880 doctri-

1293 927 1295 941 ?
1322 912 1405 938 nae,
1443 911 1505 931 nec
1539 910 1610 931 esse
1641 899 1891 932 vivificatorem
1926 905 1985 931 aut
2018 899 2309 938 illuminatorem,

1320 963 1408 995 quae
1425 949 1566 994 proprie
1582 949 1886 993 competuntFilio
1896 948 1960 983 Dei
1973 977 1981 990 ‚
2009 950 2137 982 efficaci
2155 950 2192 982 in
2207 960 2308 980 men-

1321 1002 1414 1034 tibus
1432 1000 1581 1040 nostris,
1610 1007 1641 1033 et
1658 1001 1754 1032 danti
1771 1000 1942 1043 Spiritum
1960 1007 2130 1035 sanctum.
2183 999 2307 1033 Postea

1320 1053 1478 1097 sequitur
1502 1051 1662 1095 repetitio
1689 1053 1731 1083 de
1755 1049 1847 1083 Filio
1872 1050 1956 1085 Dei:
1988 1049 2034 1083 In
2061 1051 2195 1084 mundo
2221 1057 2306 1091 erat,

1321 1111 1351 1137 et
1377 1103 1530 1135 mundns
1549 1114 1610 1145 per
1628 1102 1740 1145 ipsum
1760 1103 1869 1135 sactus
1889 1108 1949 1136 est.
2002 1101 2069 1135 Hic
2085 1114 2164 1135 cum
2182 1102 2308 1146 loqua-

1322 1161 1378 1187 tur
1406 1155 1448 1186 de
1471 1150 1613 1187 Christo
1642 1153 1701 1197 qni
1729 1153 1910 1196 apparuit,
1946 1153 2130 1186 manifeste
2155 1153 2308 1186 ostendit

1321 1205 1356 1237 in
1375 1217 1414 1237 eo
1431 1211 1593 1238 naturam
1610 1204 1767 1236 dix-inam
1786 1215 1877 1243 esse,
1905 1203 1986 1248 quia
2004 1203 2103 1236 dicit:
2132 1199 2308 1235 It11mdus

1318 1267 1381 1301 per
1413 1267 1490 1288 eum
1513 1254 1645 1302 sactus
1678 1258 1740 1289 est.
1794 1253 1874 1287 Non
1907 1261 1980 1287 erat
2009 1261 2124 1287 autem
2155 1255 2310 1288 mundus

1319 1308 1482 1340 conditus
1499 1318 1560 1349 per
1581 1304 1770 1339 humanam
1789 1312 1963 1340 naturam.

1422 1374 1528 1417 Quod
1562 1374 1665 1407 dicit:
1709 1371 1910 1406 Illuminat
1945 1384 2084 1405 omnem
2115 1369 2310 1414 hominem,

1320 1426 1490 1468 siguificat
1531 1425 1684 1468 primum
1722 1437 1784 1467 per
1820 1425 1934 1468 ipsum
1967 1425 2114 1457 revelari
2150 1425 2310 1465 verbum,

1321 1478 1415 1522 qnod
1442 1477 1483 1509 ad
1510 1487 1632 1508 omnes
1658 1475 1821 1518 pertinet.
1876 1476 1944 1508 Seu
1971 1475 2149 1509 illuminat
2166 1487 2308 1508 omnem

1321 1525 1521 1565 hominem,
1558 1526 1687 1559 scilicet
1726 1526 1785 1570 qni
1817 1526 2058 1563 illuminatur,
2094 1526 2185 1559 sicut
2217 1526 2308 1558 infra

1321 1579 1452 1623 inquit:
1481 1577 1534 1611 De
1551 1577 1773 1621 plenitudine
1792 1577 1866 1609 eius
1884 1588 2006 1609 omnes
2022 1576 2230 1620 accepimus,

1423 1643 1485 1678 Est
1515 1644 1618 1677 etiam
1644 1644 1772 1676 inserta
1798 1644 1969 1677 sententia
1995 1644 2038 1676 de
2055 1643 2309 1687 appellatione:

1321 1697 1501 1741 quomodo
1527 1706 1786 1740 consequamur
1814 1694 1920 1727 vitam
1947 1701 1980 1727 et
2007 1694 2139 1735 lucem,
2179 1694 2311 1728 scilicet

1320 1748 1396 1780 fide.

1371 1829 1488 1865 Dedit
1514 1830 1563 1864 eis
1588 1833 1800 1876 poteslalem
1813 1826 1924 1873 filios
1942 1826 2136 1873 Deifieri,
2165 1828 2308 1863 creden-

1423 1881 1520 1915 tibus
1537 1881 1573 1913 in
1591 1893 1719 1913 nomen
1738 1881 1824 1916 eius.

1423 1948 1468 1982 Et
1485 1949 1601 1987 addit,
1628 1949 1928 1991 regenerationem
1948 1955 2122 1989 nostram,
2150 1961 2220 1983 non
2238 1962 2310 1983 esse

1321 2001 1514 2040 carnalem,
1552 2000 1640 2032 sicut
1680 1998 1932 2042 Anabaptistae
1970 2000 2227 2042 imaginantur.
2269 2014 2308 2035 ex

1321 2053 1448 2086 sanctis
1466 2051 1558 2084 nasci
1577 2051 1665 2083 filios
1682 2051 1756 2083 sine
1776 2057 1935 2094 peccato,
1964 2050 2046 2095 quia
2071 2051 2171 2083 dicit:

1371 2117 1458 2154 ,Non
1477 2130 1522 2151 ex
1538 2116 1799 2163 sanguinibus.

1428 2204 1464 2238 ld
1485 2212 1532 2238 est
1546 2232 1554 2244 ‚
1583 2204 1669 2237 sumt
1688 2204 1748 2237 tilii
1771 2216 1841 2236 non
1863 2204 1994 2237 carnali
2012 2205 2247 2246 generatione.

1374 2287 1500 2338 Neque
1517 2302 1561 2322 m·
1579 2307 1586 2321 ι
1600 2288 1763 2323 olunlale’
1780 2289 1914 2327 (arnis,
1943 2294 2007 2323 aul
2027 2287 2211 2323 voluntate
2229 2290 2308 2324 ciri.

1429 2367 1465 2401 ld
1482 2375 1542 2405 est,
1569 2380 1640 2400 non
1660 2367 1848 2410 adoptione
1866 2364 2017 2399 bumana
2035 2367 2086 2399 vel
2106 2367 2224 2409 legali,
2246 2380 2310 2402 nec

1325 2419 1481 2453 lmmano
1506 2420 1622 2452 studio
1648 2431 1706 2451 seu
1732 2418 1938 2451 imitatione.
2011 2416 2167 2461 Respicit
2193 2427 2307 2452 autem

1327 2469 1501 2504 lohannes
1526 2471 1567 2502 ad
1596 2469 1764 2513 populum
1790 2469 1891 2509 legis,
1919 2469 2119 2508 significans
2139 2471 2309 2513 populum

1326 2523 1388 2555 Du?
1415 2535 1486 2554 esse
1511 2534 1581 2553 nnn
1608 2527 1742 2553 tantum
1768 2532 1883 2551 semen
1907 2517 2094 2560 Abrabae,
2122 2533 2234 2565 neque
2261 2521 2309 2553 le-

1325 2575 1416 2615 gales
1442 2574 1549 2609 lilios,
1578 2570 1642 2604 boe
1666 2578 1732 2608 est,
1762 2571 1984 2603 tircinneisos
2007 2584 2044 2603 ex
2063 2573 2244 2613 gentibus,
2274 2573 2307 2605 id

1325 2633 1390 2661 est,
1428 2625 1573 2656 insertos
1612 2623 1754 2665 politiae
1788 2621 1980 2658 &lusan-ao,
2012 2623 2086 2655 sore
2127 2623 2310 2665 populum,

1325 2678 1382 2708 sed
1410 2674 1613 2719 simpliciter
1640 2671 1828 2706 Est-tesiam
1856 2672 1916 2705 llei
1942 2685 2034 2711 esse,
2061 2686 2183 2706 omncs
2210 2686 2311 2707 rena-

2225 95 2319 138 ‘180‘

2396 751 2409 773 a:
2397 608 2409 741 -2--0-
2395 530 2409 598 Κι-ν“.
