2409 2915
67 87 139 125 361
614 85 695 123 ΧΠ.
748 83 1142 123 ANNOTATIONES
1169 86 1222 122 lN
1249 86 1548 124 EVANGELIA.
2016 90 2090 126 562

458 170 515 209 De>
534 169 659 195 tertio.

167 222 353 258 Discamus
383 235 456 256 non
485 222 561 255 sine
593 222 776 266 vigilantia
802 229 837 257 et
863 225 1051 258 certamine

34 271 37 313 ἒ
64 274 211 309 retineri
242 274 360 307 fidem.
428 270 668 316 oppugnatur
696 273 789 307 enim
820 274 1051 318 opinionibus

64 325 232 364 rationis,
259 323 408 357 naturali
426 322 593 365 caligine,
621 329 654 357 et
670 324 890 358 dubitatione
906 326 948 358 de
963 325 1050 367 Deo,

32 371 35 418 ξ
64 375 269 409 infirmitate
290 373 423 412 carnis,
451 380 484 407 et
508 373 646 407 insidiis
670 374 822 413 diaboli,
849 375 937 410 sicut
954 376 1049 409 defe-

32 425 34 428 ’
65 433 188 460 cerunt
206 423 308 457 multi
329 423 445 466 magni
467 423 532 456 viri
554 423 591 456 in
609 424 882 469 tentationibus,
910 433 949 460 ut
963 425 1048 460 Saul

30 493 33 503 ι
64 483 98 511 et
121 475 193 510 alii.
245 472 418 512 Econtra,
445 472 560 507 David
582 481 753 509 sustentat
775 487 810 508 se
830 476 917 517 fide,
944 477 1047 510 etiam

63 537 142 560 cum
162 524 304 569 pellitur
321 524 359 557 in
375 524 536 563 exilium,
564 531 596 558 et
612 526 776 559 omnibus
795 526 958 560 fluctibus
975 539 1048 560 ma-

62 575 234 609 ximarum
260 586 508 608 aerumnarum
534 575 707 609 obruitur.
760 576 829 610 Sed
848 578 948 621 pauci
967 583 1049 611 sunt

61 626 166 667 tales,
200 631 239 659 ut
269 623 352 658 haec
376 623 523 658 historia
548 625 652 658 etiam
676 627 841 661 ostendit.
910 627 1046 661 Novem

61 674 263 710 habueruut
296 675 396 709 initia
431 675 533 715 fidei,
576 682 610 710 et
640 676 804 711 auferunt
837 678 1046 711 heneficium

61 726 264 771 corporale,
291 726 379 760 sicut
395 725 479 760 Saul
494 725 597 760 initio
615 725 711 771 pius,
740 726 863 761 babuit
879 728 1047 771 gloriosas

47 777 244 817 .victorias,
269 777 328 810 sed
352 783 468 821 postea
491 776 594 809 fidem
619 777 801 818 amittunt,
831 779 1048 813 obliviscun-

60 827 211 866 turDei,
239 824 633 870 negliguntChristum‚
660 829 798 872 obrepit
815 829 937 873 opinio
953 831 1045 875 quod

60 878 105 912 sit
122 877 308 912 fortuitum
327 877 534 911 beneficium
546 904 555 919 ,
584 884 617 912 et
633 880 766 913 accedit
783 880 991 923 negligentia
1010 881 1046 913 in

59 928 138 962 aliis
167 929 290 969 rebus,
323 928 460 961 facilius
492 929 736 974 obtemperant
768 930 878 963 animi
901 931 991 964 ebrii
1014 939 1048 965 et

16 985 23 1011 '·
60 978 191 1013 incauti
211 978 326 1023 pravis
343 979 607 1022 cupiditatibus,

163 1029 230 1064 Sed
241 1028 484 1063 Samaritanus
499 1031 628 1065 retinet
644 1031 761 1072 fidem,
780 1044 854 1066 non
870 1032 955 1066 sinit
972 1044 1046 1065 eam

60 1079 127 1114 sihi
152 1079 266 1114 excuti
288 1092 349 1123 per
371 1081 571 1121 diabolum,
597 1088 656 1115 aut
675 1083 848 1116 carnalem
866 1083 1048 1126 negligen-

59 1130 162 1171 tiam,
205 1130 283 1164 ideo
323 1132 500 1175 praedicat
530 1132 604 1165 eius
632 1131 755 1170 fidem,
799 1139 832 1166 et
863 1134 1047 1173 confirmat

15 1202 19 1224 4
58 1179 240 1222 Christus,
267 1181 448 1226 inquiens:
477 1181 580 1215 Fides
604 1187 662 1215 tua
682 1183 815 1216 salvum
837 1189 869 1216 te
885 1183 982 1222 fecit,
1010 1184 1044 1216 id

10 1247 11 1251 ¹
59 1238 129 1270 est,
172 1243 299 1275 corpus
330 1232 484 1271 curavit,
527 1239 560 1266 et
591 1232 739 1265 salvavit
770 1233 942 1271 animam,
986 1233 1045 1267 alii

57 1282 184 1315 amissa
208 1281 276 1314 fide
301 1293 372 1314 non
398 1279 530 1315 habent
554 1281 714 1315 salutem.
766 1281 823 1315 Tu
848 1294 950 1325 perge
971 1296 1046 1316 cre-

57 1333 158 1372 dere,
185 1337 217 1364 et
234 1331 344 1365 retine
361 1331 464 1364 fidem
477 1358 486 1372 ,
514 1331 559 1365 ita
578 1332 645 1364 eris
661 1332 787 1367 salvus.
843 1332 964 1377 Itaque
981 1332 1045 1366 Sa—

56 1381 222 1415 maritani
245 1381 539 1426 perseverantiam
557 1381 753 1422 imitemur,
781 1389 813 1416 et
828 1382 932 1416 simul
951 1383 1045 1426 cogi-

56 1440 187 1473 temus,
221 1443 295 1465 non
326 1432 470 1466 retineri
504 1432 607 1465 fidem
631 1432 706 1465 siue
732 1432 988 1467 tentationibus
1011 1440 1044 1468 et

56 1482 318 1518 certaminibus,
369 1482 441 1516 Iam
463 1483 612 1527 quisque
629 1483 754 1526 cogitet
771 1484 863 1527 apud
881 1495 972 1526 sese,
998 1496 1044 1518 an

4 1527 5 1530 ¹
56 1533 100 1567 sit
124 1533 251 1566 similis
267 1532 509 1573 Samaritano,
535 1545 581 1566 an
605 1545 678 1567 non
700 1540 778 1578 post
802 1535 969 1568 beneficia
987 1547 1043 1568 ac-

57 1591 174 1628 cepta,
207 1584 319 1617 factus
343 1583 387 1616 sit
411 1584 656 1628 negligentior.
723 1583 793 1618 Sed
818 1581 910 1618 hanc
933 1585 1044 1629 negli-

56 1634 209 1678 gentiam
228 1635 466 1668 emendemus.

448 1734 494 1759 De
524 1735 660 1765 quarto.

155 1784 234 1819 Hoc
249 1785 384 1820 dictum
399 1786 487 1820 solet
504 1787 547 1819 ad
563 1785 815 1820 consessionem
832 1785 1045 1831 detorqueri,

56 1838 115 1872 sed
139 1848 220 1870 vera
239 1843 273 1870 et
289 1837 408 1870 dextra
427 1836 593 1880 allegoria
611 1843 673 1870 est.
727 1836 774 1871 Ut
791 1837 893 1877 alibi,
921 1837 969 1871 ita
986 1835 1043 1870 hic

55 1899 195 1934 quoque
212 1887 360 1921 remittit
376 1884 537 1921 Christus
555 1898 635 1920 suos
652 1887 694 1919 ad
713 1886 969 1928 ministerium,
995 1888 1042 1920 si-

55 1945 114 1972 cut
138 1938 218 1971 illos
245 1938 430 1971 mundatos
448 1937 589 1971 volebat
606 1937 730 1971 audire
747 1946 870 1971 vocent
884 1938 1041 1971 ministe-

54 1989 99 2023 rii
121 1988 295 2022 divinitus
316 1987 487 2029 instituti,
521 1987 569 2022 ita
592 1987 668 2021 vult
691 1999 756 2021 nos
777 1989 900 2022 audire
920 2000 1040 2022 vocem

53 2037 258 2081 Evangelii,
291 2045 475 2072 sonantem
506 2038 543 2072 in
566 2038 762 2072 ministerio
788 2038 961 2073 divinitus
985 2039 1040 2072 in-

55 2089 190 2123 stituto.
256 2088 361 2122 Tunc
396 2090 593 2122 sacerdotes
626 2089 802 2123 debebant
834 2100 906 2123 esse
937 2096 1040 2124 testes

54 2137 212 2179 Christi,
245 2138 327 2183 quia
352 2138 405 2171 lex
428 2146 461 2173 et
485 2136 682 2184 Prophetae
704 2140 748 2172 de
769 2137 911 2173 Christo
936 2146 1040 2173 testa-

0 2191 1 2217 ῑ
54 2192 195 2224 bantur.
248 2188 298 2222 Ita
322 2199 459 2233 semper
474 2189 577 2222 fidem
594 2189 666 2232 regi
684 2195 717 2223 et
735 2190 934 2223 confirmari
953 2190 1039 2230 vult,

54 2253 127 2274 non
153 2239 237 2273 solis
261 2239 412 2272 externis
436 2239 618 2272 eventibus
642 2246 702 2273 aut
724 2240 852 2283 signis,
883 2242 940 2273 sed
965 2240 1038 2284 ipsa

53 2289 240 2334 Evangelii
272 2302 357 2323 voce
383 2296 416 2323 et
443 2289 650 2323 ministerio.
704 2289 927 2333 Intelligatur
956 2302 1037 2333 ergo

54 2341 226 2381 ostensio,
253 2347 328 2374 tum
353 2341 396 2373 de
419 2339 661 2380 absolutione,
688 2347 760 2373 tum
782 2340 817 2372 in
834 2341 1037 2373 universum

54 2393 97 2425 de
120 2403 205 2425 voce
221 2390 403 2433 Evangelii
425 2397 563 2434 regente
580 2391 694 2424 fidem.
748 2389 844 2423 Haec
862 2397 956 2424 tanta
974 2403 1038 2432 res,

53 2442 215 2475 videlicet
258 2443 301 2474 de
342 2442 597 2484 gubernatione
635 2441 714 2473 fidei
758 2448 790 2474 et
829 2441 1037 2482 ministerio,

53 2493 268 2535 significatur
294 2489 351 2525 liic
375 2504 393 2524 a
412 2490 566 2527 Christo.
621 2484 752 2534 Quare·
768 2492 863 2524 locus
889 2504 961 2524 non
987 2499 1037 2525 est

54 2543 314 2587 detorquendus
345 2543 387 2575 ad
417 2542 693 2586 superstitiosam
726 2543 1036 2583 enumerationem,

55 2605 141 2637 quae
159 2593 311 2627 offundit
329 2593 475 2626 nebulas
490 2593 672 2628 doctrinae
689 2593 780 2628 fidel.

1227 197 1445 239 Dominica
1474 198 1574 239 XV.
1604 203 1699 252 post
1730 199 1965 241 'l'1·initat1s.

1353 279 1585 323 Evangelium
1608 279 1780 316 Matthaei
1800 283 1835 318 6.

1153 351 1272 389 Nemo
1297 357 1411 401 potest
1442 350 1582 386 duobus
1617 350 1777 387 dominis
1810 355 1951 391 sem-ire.
2014 354 2085 389 Aut

1204 404 1298 439 enim
1324 416 1435 437 unum
1461 401 1545 439 odio
1572 399 1739 443 habebit,
1767 410 1796 438 et
1821 405 1976 439 alterum
1997 405 2086 439 dili-

1201 460 1278 501 get,
1310 460 1374 489 aut
1408 454 1475 488 uni
1497 451 1731 496 adhaerebit,
1766 459 1796 488 et
1821 454 1977 489 alterum
2004 469 2087 490 con-

1203 510 1342 542 temnet.
1395 504 1484 539 lVon
1499 503 1650 552 potestis
1666 504 1749 539 Deo
1763 505 1894 539 servire
1910 511 1939 539 et
1951 505 2084 539 Mam-

1203 568 1345 593 monae.
1397 554 1487 590 Ideo
1519 554 1598 590 dico
1631 555 1748 596 cobis,
1783 568 1826 590 ne
1847 556 1983 591 soliciti
2003 557 2087 590 sitis

1203 607 1352 641 animae
1377 612 1532 646 vestrae,
1559 605 1651 654 quid
1674 605 1920 647 manducetis,
1948 611 1979 640 et
1997 605 2090 654 quid

1203 657 1357 698 bibatis,
1387 670 1497 706 neque
1519 657 1662 704 corpori
1685 662 1815 698 vestro,
1841 655 1935 705 quid
1950 655 2087 691 indua-

1205 709 1308 745 mini.
1367 707 1502 744 Nonne
1525 708 1654 741 anima
1674 707 1761 755 plus
1787 712 1836 742 est
1860 720 1971 755 quam
1995 719 2088 749 esca,

1203 765 1233 795 et
1250 772 1378 806 corpus
1394 758 1481 807 plus
1501 771 1611 807 quam
1630 758 1902 792 vestimentum?
1952 755 2088 806 Respi-

1203 813 1268 846 cite
1291 809 1462 844 volatilia
1480 809 1586 850 coeli,
1614 809 1702 856 quia
1719 821 1791 842 non
1806 814 1948 850 serunt,
1976 820 2087 857 neque

1204 866 1360 903 metunt,
1402 872 1512 909 neque
1544 865 1768 905 congregant
1801 859 1839 892 in
1873 857 2024 898 horrea,
2057 864 2087 893 ct

1198 918 1304 961 pater
1339 917 1449 946 vester
1478 909 1638 945 coelestis
1665 910 1784 956 pascit
1810 908 1895 945 illa.
1955 907 2088 944 Nonne

1203 976 1262 998 cos
1279 962 1394 997 multo
1407 961 1528 1010 pluris
1546 961 1631 995 estis
1653 960 1761 995 illis?

1151 1024 1246 1073 Quis
1270 1029 1390 1059 autem
1415 1028 1569 1058 vestrum
1590 1022 1776 1063 solicitus,
1801 1026 1917 1070 potest
1934 1020 2089 1056 adiicere

1201 1074 1257 1110 ad
1272 1079 1463 1110 staturam.
1481 1087 1588 1108 suam
1609 1073 1766 1108 cubitum
1786 1086 1896 1107 unum
1909 1073 1926 1104 P
1976 1071 2029 1106 Et
2045 1070 2088 1106 de

1204 1126 1422 1161 vestimentis
1451 1124 1543 1172 quid
1572 1124 1711 1159 soliciti
1741 1124 1852 1158 estis?
1910 1120 2088 1158 Conside-

1204 1182 1281 1211 rate
1314 1176 1400 1210 lilia
1431 1175 1535 1221 agri,
1570 1173 1751 1223 quomodo
1776 1179 1946 1210 crescunt.
1997 1172 2086 1209 Non

1203 1227 1378 1262 laborant
1409 1237 1519 1273 neque
1549 1231 1645 1260 nent.
1695 1223 1793 1259 Dico
1825 1230 1944 1260 autem
1976 1224 2086 1265 robis,

1202 1275 1303 1325 quod
1337 1289 1398 1311 nec
1430 1275 1611 1310 Salomon
1649 1275 1687 1309 in
1725 1276 1827 1309 omni
1855 1275 1981 1321 gloria
2017 1287 2087 1309 sua

1198 1332 1384 1375 coopertus
1422 1331 1489 1368 est,
1534 1327 1627 1360 sicut
1658 1339 1770 1360 unum
1801 1337 1846 1360 ea:
1882 1326 1976 1360 istis.
2043 1324 2089 1359 Si

1199 1383 1320 1413 aulem
1343 1377 1500 1426 foenum
1530 1376 1635 1423 agri,
1676 1374 1777 1424 quod
1805 1374 1913 1409 hodie
1946 1380 2014 1418 est,
2055 1381 2085 1409 et

1200 1441 1282 1464 cras
1305 1429 1343 1463 in
1368 1427 1555 1463 clibanum
1574 1427 1751 1467 mittitur,
1778 1426 1885 1460 Deus
1902 1427 1954 1460 sic
1973 1425 2087 1471 vestit,

1198 1493 1272 1514 non
1289 1479 1405 1514 multo
1424 1479 1547 1525 magis
1564 1491 1643 1520 vos,
1669 1476 1832 1512 modicae
1845 1475 1966 1522 fidei?

1147 1545 1276 1583 Nolite
1301 1559 1386 1594 ergo
1407 1545 1545 1581 soliciti
1567 1557 1640 1580 esse
1658 1543 1832 1584 dicentes,
1858 1543 1965 1591 Quid
1978 1556 2085 1578 man-

1201 1596 1438 1636 ducabimus,
1479 1601 1545 1630 aut
1577 1594 1672 1643 quid
1700 1595 1880 1636 bibemus,
1915 1599 1981 1628 aul
2015 1608 2085 1642 quo

1201 1647 1427 1695 operiemur?
1477 1645 1578 1680 Haec
1606 1645 1700 1679 enim
1730 1645 1855 1679 omnia
1878 1650 2002 1690 gentes
2026 1645 2085 1678 in-

1199 1698 1363 1747 quirunt.
1410 1696 1488 1731 Scit
1519 1697 1612 1730 enim
1641 1701 1747 1742 pater
1780 1700 1890 1729 vester
1914 1694 2086 1737 coelestis,

1198 1749 1287 1798 quia
1311 1746 1371 1782 lzis
1396 1747 1565 1781 omnibus
1585 1744 1771 1792 indigetis.
1823 1743 1997 1792 Quaerite
2015 1758 2084 1781 au-

1199 1805 1267 1834 tem
1282 1798 1442 1847 primum
1458 1810 1607 1844 regnum
1626 1795 1721 1837 Dei,
1748 1801 1780 1830 et
1796 1796 1979 1830 iusticiam
1998 1797 2084 1838 eius,

1198 1855 1229 1884 et
1245 1847 1334 1884 haec
1350 1848 1474 1883 omnia
1492 1845 1713 1882 adiicientur
1724 1846 1834 1882 cobis.
1861 1844 1990 1881 Nolite
2001 1859 2085 1893 ergo

1197 1900 1335 1935 soliciti
1357 1911 1429 1933 esse
1455 1899 1494 1932 in
1516 1898 1729 1934 crastinum.
1780 1897 1973 1933 Crastinus
1989 1898 2083 1932 enim

1199 1949 1275 1985 dies
1304 1949 1471 1985 solicitus
1504 1949 1571 1984 erit
1595 1947 1672 1984 sibi
1696 1947 1779 1995 ipsi.
1831 1946 1981 1996 Sufficit
2010 1947 2085 1983 diei

1197 2000 1362 2050 adflictio
1377 2013 1459 2035 sua.

1146 2067 1288 2116 Septem
1305 2075 1387 2103 sunt
1406 2068 1583 2113 praecipui
1600 2068 1680 2102 loci.

1247 2136 1274 2170 1.
1326 2133 1570 2180 Reprehensio
1587 2134 1803 2168 diffidentiae
1822 2131 2009 2168 humanae,

1247 2186 1290 2222 Π.
1343 2185 1512 2221 Doctrina
1530 2186 1573 2219 de
1592 2185 1827 2230 providentia.

1246 2236 1311 2272 111.
1364 2236 1593 2280 Praeceptum
1615 2247 1685 2280 quo
1703 2235 1829 2268 ordine
1846 2235 1937 2268 bona
1957 2242 2078 2279 peten-

1299 2290 1362 2328 da,
1390 2294 1421 2320 et
1441 2287 1638 2331 quaerenda
1656 2285 1737 2318 sint.

1247 2337 1329 2374 llll.
1373 2338 1513 2380 Duplex
1536 2337 1745 2376 solicitudo,
1772 2336 1838 2369 alia
1857 2347 1894 2368 ex
1914 2335 2076 2368 diffiden-

1299 2389 1364 2430 tia,
1410 2389 1477 2421 alia
1508 2400 1547 2420 ex
1571 2388 1754 2420 obeundae
1778 2386 1970 2420 vocationis
1992 2386 2075 2418 ‹lili-

1298 2439 1428 2484 gentia.

1245 2490 1287 2525 V.
1341 2489 1478 2523 Sufficit
1494 2489 1562 2521 diei
1581 2488 1722 2521 afflictio
1739 2499 1810 2520 sua.
1860 2485 1933 2519 Cur
1952 2499 2074 2531 quam-

1294 2541 1379 2574 libet
1399 2540 1490 2572 ‹lit-m
1512 2547 1606 2573 vocat
1625 2539 1860 2570 afflictionem.

1243 2591 1305 2627 ΥΙ.
1358 2591 1583 2634 Praeceptum
1620 2588 1933 2631 sapientissimumx
1969 2595 2006 2621 ut
2038 2589 2073 2620 in

1294 2641 1486 2686 praeseutia
1511 2647 1602 2673 recte
1626 2639 1812 2679 faciamus,
1847 2650 1908 2671 uec
1935 2646 2076 2683 propter
