2409 2915
298 108 314 141 1
321 104 369 141 59

695 186 832 240 Caput
863 186 916 227 11.

398 281 445 316 Ut
463 281 498 313 in
518 279 633 324 primo
652 278 764 322 capite
781 277 953 320 generalis
971 278 1112 323 querela
1138 278 1282 312 recitata

298 338 366 370 est,
395 331 488 376 quod
509 329 618 362 multa
644 329 731 363 fiant
754 335 876 362 contra
894 329 1051 371 regulam
1065 353 1074 367 ,
1101 341 1189 374 quae
1207 335 1282 362 tur-

298 384 383 416 bant
400 380 636 414 assensionem
652 380 696 413 de
721 379 961 424 providentia:
989 379 1036 412 ita
1063 379 1100 412 in
1127 380 1281 412 secundo

297 432 410 476 capite
444 431 644 476 specialiter
676 436 859 464 enumerat
885 430 995 463 multa
1022 429 1114 463 vitae
1143 441 1282 473 genera,

296 490 329 516 et
355 482 499 516 tandem
523 482 562 514 in
585 481 688 515 tertio
705 481 816 524 capite
834 480 932 513 addit
953 481 1210 524 spectaculum,
1246 481 1282 512 in

296 545 367 578 quo
387 540 437 567 est
452 532 602 566 maxima
621 531 803 573 confusio,
831 531 925 574 quod
946 530 1074 563 similis
1088 531 1132 564 sit
1157 530 1283 564 interi-

296 590 352 617 tus
369 581 554 617 hominum
571 589 604 615 et
621 593 795 625 pecorum.
825 579 874 613 lta
893 581 988 624 prius
999 581 1103 615 dixit:
1133 581 1282 626 Sapien-
1306 586 1307 589 ’

296 641 347 667 tes
366 641 399 667 et
415 633 622 678 insipientes
638 631 802 664 similiter
819 632 907 664 mori
926 638 989 664 etc.

894 99 1019 138 PHIL.
1047 98 1163 136 MEL.
1187 99 1397 137 SCRIPTA
1423 97 1720 137 EXEGETICA.

2246 102 2318 138 160

1304 193 1308 215 ’,
1333 187 1539 230 μιμητικῶς
1559 197 1620 220 seu
1649 185 1828 220 recitative
1850 191 2185 219 commemorantem
2212 196 2318 229 argn-

1333 243 1471 277 menta,
1495 249 1583 283 quae
1600 237 1745 271 turbant
1760 236 1996 270 assensionem
2015 237 2058 269 de
2082 236 2316 280 providentia,

1333 298 1407 320 non
1430 287 1498 320 iam
1532 286 1691 332 loquitur
1720 287 1764 321 de
1795 287 1927 321 indicio
1960 293 2141 327 secuturo,
2181 287 2224 320 de
2247 299 2318 332 quo

1333 344 1453 381 postea
1470 338 1566 374 dicit.
1621 337 1706 372 Fuit
1723 338 1895 371 excellens
1918 338 2089 382 sapientia
2109 335 2320 376 Palamedis,

1333 386 1586 429 Theramenis,
1619 387 1794 428 Socratis,
1826 387 2004 433 Pompeii,
2044 388 2146 432 lulii,
2175 386 2318 422 Cicero-

1333 439 1407 478 nis,
1433 445 1598 473 ettamen
1617 436 1747 472 habent
1772 439 1920 482 tragicos
1943 440 2072 478 exitus,
2100 439 2189 472 sicut
2213 438 2319 472 multi

1334 489 1464 534 quibus
1491 489 1642 523 stulticia
1665 489 1731 523 fuit
1757 489 1874 524 exitio.
1937 489 2065 524 Fuerat
2086 489 2222 523 cautior
2246 489 2316 523 De-

1334 540 1454 572 mades
1477 552 1579 585 quam
1606 537 1877 580 Demosthenes,
1913 547 1946 574 et
1971 548 2085 574 tamen
2114 541 2319 573 interfectus

1334 597 1402 630 est,
1429 603 1507 624 cum
1537 591 1679 636 quidem
1703 591 1739 623 in
1761 597 1947 634 conspectu
1973 591 2048 624 eius
2072 591 2225 634 primum
2251 590 2316 623 filii

1334 649 1446 675 essent
1474 642 1666 681 interfecti,
1693 642 1780 674 sicut
1799 641 1942 673 dicitur:
1973 640 2099 675 Vetula
2117 641 2239 685 vulpes
2263 641 2320 673 vix

399 683 439 716 In
466 681 521 716 his
546 683 650 715 dictis
680 682 830 715 sciamus
854 681 1080 715 Salomonem
1108 683 1207 726 loqui
1240 670 1308 714 deI
1335 692 1490 740 capitur,
1516 693 1573 726 sed
1591 693 1727 737 capim„
1744 699 1871 724 tamen·

297 733 519 778 spectaculis,
555 744 643 778 quae
675 733 863 767 incurrunt
902 733 937 765 in
963 733 1084 766 oculos
1117 740 1308 778 tanquam,

1763 740 1795 769 1¹*
1802 743 1814 769 i
1822 751 1842 769 n
1853 742 1894 769 is.
