2409 2915
105 91 186 143 Δ5ορ

109 177 215 212 struit
238 177 385 212 insidias
409 175 560 212 veritati.
611 172 770 209 Conatur
793 186 884 208 nova
907 173 1095 220 sophistica

84 265 92 272 ,
109 229 260 262 obruere
286 226 540 271 Evangelium,
574 231 607 258 et
638 226 792 258 mundus
823 225 1016 260 delectatur
1041 225 1096 260 his

109 278 305 312 mendaciis
328 285 362 312 et
387 276 601 321 praestigiis,
629 275 711 320 quia
735 287 798 308 nec
817 275 987 319 Spiritum
1011 289 1094 310 san-

111 336 203 363 ctum
230 329 346 369 novit,
372 338 486 371 neque
508 324 700 359 Christum.
753 324 823 359 Sed
848 326 915 369 pii,
944 328 1005 371 qui
1029 340 1094 360 no-

109 385 194 413 runt
209 376 408 417 Christum,
436 383 468 410 et
491 382 613 420 petunt
640 375 801 419 spiritum
819 376 993 418 veritatis,
1020 384 1093 412 toto

109 436 249 474 pectore
265 429 494 461 adversentur
510 426 639 459 talibus
659 427 873 470 imposturis,
925 425 1021 461 Deus
1040 434 1093 461 ta-

109 492 190 513 men
207 477 357 512 servabit
372 475 582 517 Ecclesiam,
609 477 758 520 depellet
775 476 927 518 Turcas,
953 485 1093 522 propter

109 528 317 565 Ecclesiam,
358 539 430 561 non
469 534 612 571 propter
651 527 778 570 impios
811 534 844 561 et
878 527 1092 564 idololatras.

108 579 204 613 Haec
218 578 373 611 breviter
389 575 456 610 hoc
474 578 530 610 die
548 579 723 610 monenda
741 584 834 617 sunt,
861 584 900 611 ut
917 575 999 611 haec
1016 591 1091 611 mo-

107 629 181 662 nita
196 625 328 662 Christi
345 628 516 672 accipiant
532 628 599 672 pii,
627 635 658 662 et
674 639 744 661 una
762 627 962 661 invocemus
978 627 1090 662 Deum

107 685 249 723 propter
279 677 432 723 Filium,
465 685 497 711 et
527 685 684 722 petamus
715 677 887 721 Spiritum
919 686 1091 719 sanctum,

106 729 195 763 sicut
217 729 394 773 promisit:
422 728 525 762 Pater
551 741 647 762 meus
671 729 828 762 coelestis
853 729 951 762 dabit
976 729 1089 774 Spiri-

95 785 181 825 tum
196 785 354 814 sanctum
371 779 582 825 petentibus.

437 921 595 964 Concio
625 923 752 976 Petri,

486 1002 657 1037 Actorum
676 1005 709 1037 2.

158 1076 273 1112 Stans
305 1081 425 1111 autem
454 1073 582 1111 Petrus
613 1089 690 1110 cum
724 1075 906 1118 undecim,
940 1075 1089 1110 elevavit

209 1140 323 1161 vocem
353 1140 477 1167 suam,
514 1131 544 1160 el
571 1126 710 1160 locutus
736 1133 785 1161 est
810 1128 878 1161 eis:
917 1126 1006 1162 Viri
1026 1130 1088 1161 Iu-

209 1176 311 1220 daei,
339 1183 368 1211 et
386 1177 451 1224 qui
466 1175 648 1210 habitatis
664 1176 898 1211 Ilierusalem
917 1177 1087 1219 universi,

208 1225 276 1261 hoc
308 1227 407 1261 cobis
436 1233 557 1261 notum
586 1228 653 1267 sit,
688 1232 718 1261 et
746 1227 899 1261 auribus
919 1228 1087 1274 percipite

209 1278 314 1311 verba
336 1289 427 1313 mea.
479 1275 566 1311 IVon
592 1277 684 1310 enim
707 1277 798 1311 sicut
817 1290 876 1311 ros
895 1277 1087 1311 existima-

209 1328 256 1361 tis
281 1325 325 1360 hi
346 1326 438 1360 ebrii
460 1332 563 1367 sunt,
591 1337 667 1358 cum
691 1326 738 1358 sil
762 1325 855 1358 hora
880 1326 954 1358 diei
969 1328 1086 1361 tertia.

206 1375 283 1411 Sed
301 1374 369 1410 hoc
391 1381 460 1415 est,
487 1373 585 1423 quod
609 1373 743 1408 dictum
767 1380 816 1408 est
840 1387 904 1422 per
924 1373 1086 1423 Prophe-

206 1433 283 1461 lam
294 1425 393 1461 Ioe’l:
423 1426 475 1459 Et
493 1427 558 1459 erit
575 1426 613 1458 in
631 1425 838 1459 novissimis
857 1424 1000 1466 diebus,
1030 1425 1083 1460 di-

207 1478 252 1512 cit
264 1477 465 1515 Dominus,
494 1473 705 1524 Effundam
725 1474 765 1509 de
781 1476 914 1522 spiritu
932 1489 1007 1511 meo
1023 1490 1086 1510 su-

207 1540 271 1575 per
295 1539 432 1560 omnem
453 1539 608 1562 carnem.
663 1525 716 1559 Et
731 1524 1088 1573 prophetabuntstlii

208 1577 316 1612 vestri
341 1582 372 1611 et
402 1575 512 1622 filiae
543 1581 698 1618 vestrae,
741 1581 771 1610 el
808 1577 950 1611 iuvenes
982 1578 1089 1611 vestri

209 1627 362 1662 visiones
385 1626 574 1666 videbunt,
603 1631 632 1660 et
648 1627 802 1661 seniores
822 1629 929 1661 vestri
942 1628 1086 1661 somnia

208 1677 456 1713 somniabunt.
512 1676 564 1710 Et
583 1676 725 1724 quidem
741 1689 846 1724 super
859 1691 977 1712 servos
993 1690 1087 1711 meos

209 1734 238 1763 et
267 1727 432 1762 ancillas
456 1739 555 1761 meas
581 1728 619 1760 in
645 1726 770 1760 diebus
793 1726 871 1761 illis
898 1726 1086 1778 effundam

208 1777 250 1813 de
272 1779 404 1825 spiritu
429 1791 524 1819 meo,
559 1782 588 1811 et
611 1775 901 1824 prophetabunt,
937 1784 966 1812 et
993 1778 1088 1812 dubo

205 1828 380 1878 prodigia
401 1830 439 1862 in
458 1827 553 1862 coelo
567 1841 731 1869 sursum,
758 1833 788 1861 et
807 1829 916 1874 signa
935 1829 973 1863 in
991 1834 1086 1863 terra

209 1879 396 1919 deorsum,
424 1879 642 1925 sanguinem
660 1884 689 1912 et
709 1879 844 1924 ignem,
872 1886 902 1913 et
923 1893 1086 1928 vaporem
1112 1909 1114 1914 ,

203 1931 316 1978 sumi.
360 1929 430 1964 Sol
443 1934 660 1964 concertetur
675 1933 711 1963 in
729 1929 904 1970 tenebras,
934 1929 1087 1964 etLurm
1112 1937 1115 1947 ¹

209 1982 246 2015 in
271 1981 508 2027 sanguinem,
543 1985 738 2028 antequam
764 1981 881 2014 ueniat
907 1980 982 2014 dies
1007 1981 1088 2014 Do-

209 2031 303 2064 mini
340 2044 497 2077 mugnus
536 2036 565 2065 et
602 2030 835 2078 manifestus,
914 2030 966 2064 El
1006 2032 1088 2064 erit.-

210 2079 343 2115 Omnis
373 2082 576 2129 quicunque
606 2082 821 2115 invocaverit
857 2094 983 2116 nomen
1006 2081 1088 2116 Do-

210 2131 320 2173 mini,
346 2131 473 2165 salvus
494 2132 572 2167 erit.

165 2181 253 2218 Viri
282 2180 499 2219 Israeliten,
534 2180 658 2215 audite
691 2182 795 2215 uerba
827 2180 932 2221 llaec,
966 2181 1088 2217 Iesum

210 2231 450 2267 ‚Nazarenum
482 2232 595 2265 virum
629 2232 871 2279 approbatum
897 2246 920 2266 a
944 2232 1028 2266 Deo
1052 2234 1089 2266 in

213 2283 331 2324 vobis,
373 2282 584 2323 virtutihus⁷
625 2287 654 2315 et
687 2281 871 2328 prodigiis
902 2289 932 2316 et
960 2284 1090 2329 signis,

213 2345 306 2382 quae
324 2333 416 2381 serit
436 2332 542 2366 Deus
562 2345 624 2379 per
648 2331 754 2365 illum
782 2334 820 2365 in
838 2332 956 2367 medio
974 2335 1089 2373 vestri,
1114 2366 1116 2371 ,

210 2385 303 2419 sicut
319 2383 434 2424 scitis,
461 2381 556 2417 hunc
574 2380 737 2426 definitio
753 2382 915 2422 consilio,
942 2389 972 2417 et
983 2397 1090 2430 prae-

212 2435 330 2469 sentia
346 2433 424 2468 Dei
444 2432 620 2468 traditum
642 2445 706 2480 per
726 2446 857 2467 manus
881 2434 1089 2481 iniquorum

212 2483 406 2534 affigentes
431 2484 672 2518 interemistis.

212 2536 316 2576 tacit,
343 2534 474 2569 solutis
491 2533 680 2569 doloribus
697 2535 850 2582 inferni,
872 2535 979 2569 iuxta
993 2534 1094 2583 quod

214 2585 438 2632 impossibile
462 2590 538 2619 erat
564 2586 676 2619 teneri
697 2585 804 2619 illum
829 2584 876 2618 ab
901 2597 949 2621 eo,

208 2635 278 2687 yid
297 2637 390 2671 enim
413 2633 499 2681 dicit
519 2637 557 2670 in
575 2647 668 2671 euni:
696 2633 938 2671 Proridebam
956 2635 1089 2672 Domi-

658 89 735 126 ΧΠ.
778 86 1180 127 »ΑΝΝΟΤΑΤΙΟΝΕὸ
1209 88 1585 129 lN-EVANGELIA.

1110 1064 1118 1467 'i
1239 1232 1478 1278 promissione
1496 1231 1658 1279 Spiritus
1677 1233 1795 1267 suncti
1808 1236 1950 1279 accepta
1970 1245 1992 1264 a
2009 1235 2125 1278 patre,

728 2483 842 2531 Quem
858 2482 961 2518 Deus
975 2486 1091 2519 susci·
1115 2495 1117 2499 ·

1003 2585 1091 2620 Da-
1115 2618 1117 2630 ,

2054 94 2128 131 506

1251 187 1336 208 num
1362 176 1400 210 in
1423 181 1608 224 conspectu
1632 189 1708 212 meo
1729 189 1884 225 semper,
1911 177 2086 225 quoniam
2108 191 2130 214 α

1251 223 1392 260 dextris
1417 232 1466 260 est
1493 225 1602 266 mihi,
1631 240 1672 261 ne
1695 240 1927 265 commovear.
1980 226 2133 275 Propter

1248 272 1315 308 hoc
1344 275 1520 309 laetatum
1554 282 1604 310 est
1635 290 1693 311 cor
1723 291 1858 321 meum,
1891 284 1921 312 et
1952 278 2132 312 exulta-it

1251 323 1383 371 lingua
1408 339 1506 367 mea,
1535 327 1682 373 insuper
1697 333 1726 361 et
1746 341 1829 363 caro
1845 341 1923 362 mea
1942 330 2131 377 requiescet

1254 375 1292 408 in
1315 389 1386 422 spe.
1434 376 1621 423 Quoniam
1638 389 1709 410 non
1727 377 1949 426 derelinques
1965 381 2131 412 unimam

1253 439 1368 459 meam
1393 427 1428 460 in
1453 427 1619 475 inferno,
1648 439 1709 461 nec
1725 426 1832 462 dabis
1847 435 2012 463 sunctum
2030 435 2129 463 tuum

1250 475 1364 510 videre
1397 478 1668 524 corruptionem.
1732 476 1855 513 tVotus
1879 480 2006 526 fecisti
2035 478 2131 512 mihi

1249 529 1327 560 tius
1350 528 1460 568 vitae,
1488 527 1640 575 replebis
1657 540 1710 562 me
1727 527 1952 562 iucunditate
1970 541 2045 563 cum
2058 530 2129 577 su-

1247 578 1295 610 cie
1312 582 1388 613 lua.

1200 626 1288 662 Vin·
1302 628 1469 676 fratres,
1499 628 1605 662 liceat
1624 628 1799 664 audenter
1816 627 1929 663 dicere
1943 627 1996 662 ad
2012 641 2071 662 tos
2088 628 2128 662 (la

1244 676 1462 725 patriarcha
1486 678 1635 721 Dae-id,
1669 681 1843 727 quoniam
1878 684 1907 713 et
1935 678 2127 727 defunctus

1248 734 1316 770 est,
1353 734 1383 762 et
1409 728 1571 777 sepultus
1595 735 1664 771 est,
1697 736 1727 764 et
1750 729 1953 777 sepulcrum
1979 730 2054 763 eius
2078 735 2128 763 est

1247 777 1352 825 apud
1371 793 1436 814 nos
1454 792 1564 827 usque
1581 780 1619 814 in
1638 778 1855 814 hodiernum
1875 779 1979 815 diem.
2034 777 2127 813 Pro-

1244 827 1354 876 pheta
1371 831 1486 876 igilur
1503 843 1580 864 cum
1597 835 1704 871 esset,
1733 835 1762 864 et
1778 831 1899 871 sciret,
1927 830 2014 878 quia
2033 830 2127 863 iure-

1247 879 1406 914 iurando
1430 881 1585 915 iurasset
1605 879 1666 914 illi
1683 879 1805 922 Deus,
1832 879 1872 913 de
1883 880 2014 928 fructu
2032 879 2126 913 lum-

1247 930 1372 963 borum
1395 931 1469 963 eius
1492 929 1610 964 sedere
1632 942 1740 978 super
1761 929 1877 964 sedem
1901 932 1994 969 eius,
2020 942 2127 976 prae-

1246 979 1368 1013 ·idens
1394 980 1534 1014 locutus
1557 986 1607 1014 est
1630 979 1671 1013 de
1695 981 1950 1014 resurrectione
1970 976 2127 1023 Christi,

1246 1029 1347 1077 quod
1366 1043 1475 1078 neque
1493 1030 1682 1064 derelictus
1698 1035 1748 1064 est
1765 1031 1803 1064 in
1821 1031 1968 1078 inferno
1980 1059 1988 1072 ‚
2017 1043 2127 1077 neque

1247 1093 1331 1114 curo
1349 1081 1423 1114 eius
1443 1080 1531 1115 cidit
1550 1082 1822 1128 corruptionem.
1875 1080 1985 1114 Hunc
2002 1079 2126 1114 Iesum

1247 1131 1615 1171 resusct'tm·1'tDeus,
1651 1132 1751 1165 cuius
1782 1144 1902 1165 omnes
1933 1136 2035 1164 testes
2064 1144 2126 1164 su-

1243 1194 1334 1217 mus.
1391 1180 1559 1216 Dextera
1593 1182 1708 1226 igitur
1738 1181 1814 1215 Dei
1843 1180 2052 1219 exultatus,
2095 1186 2125 1213 cl

1240 1279 1370 1364 effuldit
1407 1280 1473 1316 hoc
1507 1281 1660 1328 donum,
1709 1280 1808 1330 quod
1841 1295 1900 1316 vos
1935 1280 2061 1315 videtis
2094 1286 2123 1313 el

1243 1345 1292 1364 uu
1323 1332 1395 1368 itis.

1242 1405 1375 1440 Concio
1405 1407 1502 1442 Petri
1533 1415 1605 1443 tota
1638 1410 1793 1444 continet
1825 1413 1895 1442 tres
1923 1408 2125 1453 praecipuas

1111 1471 1113 1496 1
1141 1463 1264 1501 partes.

1240 1507 1360 1541 Prima
1384 1515 1433 1543 est
1457 1509 1591 1542 dictum
1617 1508 1739 1548 Ioelis,
1765 1510 1950 1543 continens
1974 1508 2125 1552 promis-

1139 1557 1273 1590 sionem
1301 1558 1456 1602 Spiritus
1485 1560 1615 1600 sancti,
1648 1566 1681 1593 et
1708 1560 1830 1592 salutis
1857 1566 2014 1592 aeternae
2041 1570 2125 1602 pro—

1140 1608 1252 1651 priam
1281 1609 1366 1641 novi
1392 1608 1619 1643 Testamenti.
1680 1609 1839 1642 Primum
1865 1609 1972 1653 igitur
1994 1608 2125 1642 descri-

1141 1659 1274 1691 buntur
1290 1659 1454 1692 beneficia
1473 1659 1555 1691 novi
1573 1658 1800 1692 Testamenti.

1242 1716 1402 1750 Secunda
1429 1728 1506 1760 pars
1523 1724 1590 1757 est,
1619 1716 1752 1751 Concio
1770 1718 1813 1750 de.
1830 1723 1941 1750 morte
1959 1724 1990 1750 et
2008 1728 2124 1749 resur-

1112 1784 1114 1793 =
1141 1767 1294 1799 rectione
1311 1766 1481 1807 Messiae,
1509 1767 1567 1812 qui
1587 1774 1635 1800 est
1654 1779 1754 1800 causa
1772 1768 2021 1800 beneficiorum
2040 1767 2124 1799 novi

1112 1814 1114 1862 ξ
1141 1817 1369 1851 Testamenti.
1416 1816 1549 1860 Estque
1566 1815 1623 1850 hic
1639 1818 1735 1851 locus
1751 1818 2000 1858 testimonium,
2029 1818 2124 1861 quod

1112 1867 1114 1890 '³
1142 1865 1198 1900 hic
1217 1867 1311 1900 lesus
1328 1868 1373 1901 sit
1389 1867 1556 1907 Messias,
1584 1868 1664 1912 quia
1684 1868 1872 1901 resurrexit
1888 1880 1905 1901 a
1921 1868 2080 1901 mortuis.

1242 1926 1360 1959 Tertia
1377 1939 1474 1970 pars,
1502 1927 1545 1958 de
1561 1927 1817 1970 applicatione,
1846 1927 2025 1971 quomodo
2041 1924 2124 1959 baec

1141 1976 1305 2009 beneficia
1340 1977 1422 2008 novi
1453 1975 1689 2014 Testamenti,
1735 1983 1829 2020 parta
1866 1988 1926 2019 per
1958 1976 2124 2009 'Messium

1113 2038 1414 2070 {consequamun
1448 2026 1624 2059 videlicet:
1660 2025 1762 2069 Agite
1787 2027 2058 2070 poenitentiam,
2092 2034 2125 2059 et

1141 2077 1336 2119 baptizetur
1354 2077 1596 2121 unusquisque
1616 2077 1650 2109 in
1671 2078 1813 2110 nomine
1831 2075 1981 2117 Christi,
2008 2078 2049 2109 ad
2071 2089 2124 2109 re-

1113 2086 1116 2174 i
1141 2127 1344 2159 missionem
1370 2133 1608 2171 peccatorum,
1636 2134 1669 2161 et
1691 2128 1835 2171 accipite
1857 2128 1988 2160 donum
2010 2126 2124 2170 Spiri-

1142 2185 1197 2211 tus
1218 2177 1338 2210 sancti.

1243 2233 1363 2277 Longa
1395 2234 1518 2267 concio
1551 2241 1616 2273 est,
1650 2242 1681 2268 et
1714 2233 2002 2277 locupletissima,
2035 2246 2123 2279 quae

1114 2288 1116 2325 !
1142 2296 1213 2317 non
1241 2291 1353 2327 potest
1378 2285 1496 2328 paucis
1521 2292 1593 2318 tota
1619 2284 1786 2317 enarrari.
1837 2283 1983 2317 Prodest
2007 2292 2123 2317 autem

1114 2335 1116 2338 ’
1143 2335 1225 2368 tales
1244 2335 1338 2368 locos
1353 2346 1452 2377 saepe
1469 2335 1628 2368 meditari
1648 2336 1689 2367 ad
1708 2334 1868 2367 alendam
1887 2335 2122 2377 cognitionem

1141 2385 1390 2419 beneficiorum
1410 2383 1561 2423 Christi,
1589 2393 1621 2418 et
1645 2385 1919 2418 confirmandam
1939 2386 2039 2416 fidem
2055 2411 2063 2423 ‚
2091 2392 2122 2417 et

1141 2437 1183 2469 ad
1215 2436 1430 2469 excitandam
1463 2435 1651 2477 gratiarum
1683 2435 1874 2474 actionem,
1907 2441 1939 2467 et
1962 2434 2123 2467 dilectio-

1142 2499 1221 2520 nem
1240 2498 1316 2530 erga
1337 2485 1460 2519 Deum.
1515 2484 1596 2518 ldeo
1614 2486 1765 2530 primum
1783 2485 1935 2517 breviter
1953 2485 1994 2517 de
2010 2485 2122 2528 prima

1142 2544 1238 2581 parte
1263 2536 1441 2570 concionis
1460 2534 1552 2569 Petri
1574 2537 1749 2574 dicamus,
1779 2534 1958 2574 videlicet,
1987 2536 2028 2567 de
2044 2546 2124 2575 gra-

1142 2587 1187 2621 tia
1218 2587 1304 2620 novi
1336 2586 1569 2626 Testamenti,
1611 2594 1643 2621 et
1674 2587 1717 2620 de
1751 2585 1942 2618 donatione
1971 2584 2124 2629 Spiritus

1114 2632 1118 2684 l
1141 2638 1261 2673 sancti.
