<?xml version="1.0" encoding="UTF-8"?>
<!DOCTYPE html PUBLIC "-//W3C//DTD XHTML 1.0 Transitional//EN"
    "http://www.w3.org/TR/xhtml1/DTD/xhtml1-transitional.dtd">
<html xmlns="http://www.w3.org/1999/xhtml" xml:lang="en" lang="en">
 <head>
  <title>
</title>
<meta http-equiv="Content-Type" content="text/html;charset=utf-8" />
  <meta name='ocr-system' content='tesseract 3.04.00' />
  <meta name='ocr-capabilities' content='ocr_page ocr_carea ocr_par ocr_line ocrx_word'/>
</head>
<body>
  <div class='ocr_page' id='page_1' title='image "./operaquaesupersu14melauoft/operaquaesupersu14melauoft_0397.png"; bbox 0 0 2409 2915; ppageno 0'>
   <div class='ocr_carea' id='block_1_1' title="bbox 2 2176 187 2213">
    <p class='ocr_par' dir='ltr' id='par_1_1' title="bbox 2 2176 187 2213">
     <span class='ocr_line' id='line_1_1' title="bbox 2 2176 187 2213; baseline -0.016 -4"><span class='ocrx_word' id='word_1_1' title='bbox 2 2200 8 2204; x_wconf 92' lang='lat'>-</span> <span class='ocrx_word' id='word_1_2' title='bbox 57 2176 170 2209; x_wconf 87' lang='lat' dir='ltr'><strong>fertur</strong></span> <span class='ocrx_word' id='word_1_3' title='bbox 178 2199 187 2213; x_wconf 90' lang='lat'><strong>,</strong></span> 
     </span>
    </p>
   </div>
   <div class='ocr_carea' id='block_1_2' title="bbox 77 132 402 169">
    <p class='ocr_par' dir='ltr' id='par_1_2' title="bbox 77 132 402 169">
     <span class='ocr_line' id='line_1_2' title="bbox 77 132 402 169; baseline 0.003 -2"><span class='ocrx_word' id='word_1_4' title='bbox 77 133 151 168; x_wconf 83' lang='lat'><strong>⁷77</strong></span> <span class='ocrx_word' id='word_1_5' title='bbox 322 132 402 169; x_wconf 81' lang='lat' dir='ltr'>XII.</span> 
     </span>
    </p>
   </div>
   <div class='ocr_carea' id='block_1_3' title="bbox 66 216 1059 1014">
    <p class='ocr_par' dir='ltr' id='par_1_3' title="bbox 66 216 1059 1014">
     <span class='ocr_line' id='line_1_3' title="bbox 74 216 1059 264; baseline -0.002 -11"><span class='ocrx_word' id='word_1_6' title='bbox 74 218 252 264; x_wconf 88' lang='lat' dir='ltr'><strong>templeris</strong></span> <span class='ocrx_word' id='word_1_7' title='bbox 266 225 299 252; x_wconf 91' lang='lat' dir='ltr'><strong>te</strong></span> <span class='ocrx_word' id='word_1_8' title='bbox 315 218 448 262; x_wconf 90' lang='lat' dir='ltr'><strong>ipsum,</strong></span> <span class='ocrx_word' id='word_1_9' title='bbox 475 218 571 251; x_wconf 82' lang='lat' dir='ltr'><strong>velut</strong></span> <span class='ocrx_word' id='word_1_10' title='bbox 586 217 622 249; x_wconf 92' lang='lat' dir='ltr'><strong>in</strong></span> <span class='ocrx_word' id='word_1_11' title='bbox 632 216 810 251; x_wconf 87' lang='lat' dir='ltr'><strong>Socratico</strong></span> <span class='ocrx_word' id='word_1_12' title='bbox 828 218 988 261; x_wconf 90' lang='lat' dir='ltr'><strong>speculo,</strong></span> <span class='ocrx_word' id='word_1_13' title='bbox 1016 224 1059 258; x_wconf 89' lang='lat' dir='ltr'><strong>et,</strong></span> 
     </span>
     <span class='ocr_line' id='line_1_4' title="bbox 75 268 1057 315; baseline -0.001 -12"><span class='ocrx_word' id='word_1_14' title='bbox 75 276 114 304; x_wconf 89' lang='lat' dir='ltr'><strong>ut</strong></span> <span class='ocrx_word' id='word_1_15' title='bbox 139 270 245 313; x_wconf 87' lang='lat' dir='ltr'><strong>vulgo</strong></span> <span class='ocrx_word' id='word_1_16' title='bbox 270 269 469 315; x_wconf 88' lang='lat' dir='ltr'><strong>loquimur,</strong></span> <span class='ocrx_word' id='word_1_17' title='bbox 511 269 548 300; x_wconf 90' lang='lat' dir='ltr'><strong>in</strong></span> <span class='ocrx_word' id='word_1_18' title='bbox 579 274 684 301; x_wconf 89' lang='lat' dir='ltr'><strong>temet</strong></span> <span class='ocrx_word' id='word_1_19' title='bbox 715 268 830 311; x_wconf 87' lang='lat' dir='ltr'><strong>ipsum</strong></span> <span class='ocrx_word' id='word_1_20' title='bbox 857 269 1057 309; x_wconf 80' lang='lat' dir='ltr'><strong>descendas,</strong></span> 
     </span>
     <span class='ocr_line' id='line_1_5' title="bbox 75 317 1058 364; baseline -0.002 -10"><span class='ocrx_word' id='word_1_21' title='bbox 75 332 136 354; x_wconf 87' lang='lat' dir='ltr'><strong>seu</strong></span> <span class='ocrx_word' id='word_1_22' title='bbox 152 321 190 353; x_wconf 85' lang='lat' dir='ltr'><strong>in</strong></span> <span class='ocrx_word' id='word_1_23' title='bbox 207 328 305 354; x_wconf 90' lang='lat' dir='ltr'><strong>tuum</strong></span> <span class='ocrx_word' id='word_1_24' title='bbox 322 319 431 364; x_wconf 88' lang='lat' dir='ltr'><strong>ipsius</strong></span> <span class='ocrx_word' id='word_1_25' title='bbox 452 319 569 352; x_wconf 89' lang='lat' dir='ltr'><strong>sinum</strong></span> <span class='ocrx_word' id='word_1_26' title='bbox 587 319 748 363; x_wconf 77' lang='lat' dir='ltr'><strong>inspuas:</strong></span> <span class='ocrx_word' id='word_1_27' title='bbox 788 317 870 352; x_wconf 90' lang='lat' dir='ltr'><strong>hinc</strong></span> <span class='ocrx_word' id='word_1_28' title='bbox 895 327 928 352; x_wconf 88' lang='lat' dir='ltr'><strong>et</strong></span> <span class='ocrx_word' id='word_1_29' title='bbox 952 320 1058 364; x_wconf 90' lang='lat' dir='ltr'><strong>quid—</strong></span> 
     </span>
     <span class='ocr_line' id='line_1_6' title="bbox 74 367 1056 416; baseline -0.001 -12"><span class='ocrx_word' id='word_1_30' title='bbox 74 383 157 404; x_wconf 88' lang='lat' dir='ltr'><strong>nam</strong></span> <span class='ocrx_word' id='word_1_31' title='bbox 178 372 221 404; x_wconf 90' lang='lat' dir='ltr'><strong>sit</strong></span> <span class='ocrx_word' id='word_1_32' title='bbox 238 369 450 416; x_wconf 83' lang='lat' dir='ltr'><strong>hypocrisiS,</strong></span> <span class='ocrx_word' id='word_1_33' title='bbox 485 377 518 403; x_wconf 85' lang='lat' dir='ltr'><strong>et</strong></span> <span class='ocrx_word' id='word_1_34' title='bbox 543 376 638 403; x_wconf 88' lang='lat' dir='ltr'><strong>tuam</strong></span> <span class='ocrx_word' id='word_1_35' title='bbox 666 367 755 402; x_wconf 89' lang='lat' dir='ltr'><strong>hanc</strong></span> <span class='ocrx_word' id='word_1_36' title='bbox 780 381 852 403; x_wconf 90' lang='lat' dir='ltr'><strong>esse</strong></span> <span class='ocrx_word' id='word_1_37' title='bbox 876 371 1056 414; x_wconf 77' lang='lat' dir='ltr'>propriam</span> 
     </span>
     <span class='ocr_line' id='line_1_7' title="bbox 75 420 1057 464; baseline 0 -10"><span class='ocrx_word' id='word_1_38' title='bbox 75 423 240 456; x_wconf 86' lang='lat' dir='ltr'><strong>virtutem</strong></span> <span class='ocrx_word' id='word_1_39' title='bbox 264 431 460 464; x_wconf 80' lang='lat' dir='ltr'>cognosces,</span> <span class='ocrx_word' id='word_1_40' title='bbox 522 420 701 464; x_wconf 81' lang='lat' dir='ltr'>Scriptum</span> <span class='ocrx_word' id='word_1_41' title='bbox 724 427 773 454; x_wconf 90' lang='lat' dir='ltr'><strong>est</strong></span> <span class='ocrx_word' id='word_1_42' title='bbox 799 421 893 453; x_wconf 92' lang='lat' dir='ltr'><strong>enim</strong></span> <span class='ocrx_word' id='word_1_43' title='bbox 917 421 1057 454; x_wconf 84' lang='lat' dir='ltr'>Psalmo</span> 
     </span>
     <span class='ocr_line' id='line_1_8' title="bbox 78 468 1057 517; baseline 0 -12"><span class='ocrx_word' id='word_1_44' title='bbox 78 473 179 510; x_wconf 81' lang='lat'><strong>116.:</strong></span> <span class='ocrx_word' id='word_1_45' title='bbox 223 469 352 505; x_wconf 90' lang='lat' dir='ltr'><strong>Omnis</strong></span> <span class='ocrx_word' id='word_1_46' title='bbox 375 468 482 504; x_wconf 89' lang='lat' dir='ltr'><strong>homo</strong></span> <span class='ocrx_word' id='word_1_47' title='bbox 506 477 556 505; x_wconf 89' lang='lat' dir='ltr'><strong>est</strong></span> <span class='ocrx_word' id='word_1_48' title='bbox 581 472 749 508; x_wconf 83' lang='lat' dir='ltr'><strong>mendax,</strong></span> <span class='ocrx_word' id='word_1_49' title='bbox 785 472 820 504; x_wconf 94' lang='lat' dir='ltr'><strong>id</strong></span> <span class='ocrx_word' id='word_1_50' title='bbox 845 478 912 513; x_wconf 91' lang='lat' dir='ltr'><strong>est,</strong></span> <span class='ocrx_word' id='word_1_51' title='bbox 943 469 1057 517; x_wconf 84' lang='lat' dir='ltr'>hypo-</span> 
     </span>
     <span class='ocr_line' id='line_1_9' title="bbox 75 521 1055 564; baseline -0.002 -7"><span class='ocrx_word' id='word_1_52' title='bbox 75 524 179 564; x_wconf 80' lang='lat' dir='ltr'><strong>etita,</strong></span> <span class='ocrx_word' id='word_1_53' title='bbox 206 522 356 562; x_wconf 86' lang='lat' dir='ltr'><strong>scilicet,</strong></span> <span class='ocrx_word' id='word_1_54' title='bbox 388 533 460 554; x_wconf 91' lang='lat' dir='ltr'><strong>non</strong></span> <span class='ocrx_word' id='word_1_55' title='bbox 480 534 560 555; x_wconf 88' lang='lat' dir='ltr'><strong>vere</strong></span> <span class='ocrx_word' id='word_1_56' title='bbox 585 522 714 556; x_wconf 87' lang='lat' dir='ltr'><strong>timens</strong></span> <span class='ocrx_word' id='word_1_57' title='bbox 729 521 862 563; x_wconf 91' lang='lat' dir='ltr'><strong>Deum,</strong></span> <span class='ocrx_word' id='word_1_58' title='bbox 898 533 958 556; x_wconf 90' lang='lat' dir='ltr'><strong>seu</strong></span> <span class='ocrx_word' id='word_1_59' title='bbox 983 535 1055 556; x_wconf 90' lang='lat' dir='ltr'><strong>non</strong></span> 
     </span>
     <span class='ocr_line' id='line_1_10' title="bbox 74 571 1055 613; baseline -0.002 -5"><span class='ocrx_word' id='word_1_60' title='bbox 74 575 156 608; x_wconf 85' lang='lat' dir='ltr'><strong>satis</strong></span> <span class='ocrx_word' id='word_1_61' title='bbox 172 580 330 606; x_wconf 86' lang='lat' dir='ltr'><strong>metuens</strong></span> <span class='ocrx_word' id='word_1_62' title='bbox 346 573 434 605; x_wconf 88' lang='lat' dir='ltr'><strong>iram</strong></span> <span class='ocrx_word' id='word_1_63' title='bbox 455 571 521 606; x_wconf 88' lang='lat' dir='ltr'><strong>Dei</strong></span> <span class='ocrx_word' id='word_1_64' title='bbox 540 584 604 605; x_wconf 86' lang='lat' dir='ltr'><strong>nec</strong></span> <span class='ocrx_word' id='word_1_65' title='bbox 630 574 757 606; x_wconf 90' lang='lat' dir='ltr'><strong>ardeus</strong></span> <span class='ocrx_word' id='word_1_66' title='bbox 780 573 866 613; x_wconf 92' lang='lat' dir='ltr'><strong>fide,</strong></span> <span class='ocrx_word' id='word_1_67' title='bbox 902 586 962 607; x_wconf 88' lang='lat' dir='ltr'><strong>seu</strong></span> <span class='ocrx_word' id='word_1_68' title='bbox 984 586 1055 607; x_wconf 91' lang='lat' dir='ltr'><strong>non</strong></span> 
     </span>
     <span class='ocr_line' id='line_1_11' title="bbox 73 623 1054 662; baseline -0.001 -4"><span class='ocrx_word' id='word_1_69' title='bbox 73 624 155 658; x_wconf 88' lang='lat' dir='ltr'><strong>satis</strong></span> <span class='ocrx_word' id='word_1_70' title='bbox 171 623 349 657; x_wconf 85' lang='lat' dir='ltr'><strong>confidens</strong></span> <span class='ocrx_word' id='word_1_71' title='bbox 367 623 647 662; x_wconf 80' lang='lat' dir='ltr'>misericordiae,</span> <span class='ocrx_word' id='word_1_72' title='bbox 675 625 763 658; x_wconf 83' lang='lat' dir='ltr'><strong>sicut</strong></span> <span class='ocrx_word' id='word_1_73' title='bbox 784 625 944 659; x_wconf 80' lang='lat' dir='ltr'><strong>debebat.</strong></span> <span class='ocrx_word' id='word_1_74' title='bbox 985 623 1054 657; x_wconf 90' lang='lat' dir='ltr'><strong>Ve-</strong></span> 
     </span>
     <span class='ocr_line' id='line_1_12' title="bbox 72 671 1055 720; baseline -0.001 -11"><span class='ocrx_word' id='word_1_75' title='bbox 72 687 150 709; x_wconf 84' lang='lat' dir='ltr'><strong>rum</strong></span> <span class='ocrx_word' id='word_1_76' title='bbox 172 671 239 707; x_wconf 89' lang='lat' dir='ltr'><strong>hoc</strong></span> <span class='ocrx_word' id='word_1_77' title='bbox 262 673 340 707; x_wconf 86' lang='lat' dir='ltr'><strong>loco</strong></span> <span class='ocrx_word' id='word_1_78' title='bbox 361 675 503 718; x_wconf 82' lang='lat' dir='ltr'>proprie</span> <span class='ocrx_word' id='word_1_79' title='bbox 526 675 708 720; x_wconf 90' lang='lat' dir='ltr'><strong>quaeritur</strong></span> <span class='ocrx_word' id='word_1_80' title='bbox 732 675 775 708; x_wconf 87' lang='lat' dir='ltr'><strong>de</strong></span> <span class='ocrx_word' id='word_1_81' title='bbox 791 676 1055 709; x_wconf 75' lang='lat' dir='ltr'><strong>contumacibus</strong></span> 
     </span>
     <span class='ocr_line' id='line_1_13' title="bbox 72 722 1054 770; baseline 0 -12"><span class='ocrx_word' id='word_1_82' title='bbox 72 733 107 760; x_wconf 86' lang='lat' dir='ltr'><strong>et</strong></span> <span class='ocrx_word' id='word_1_83' title='bbox 121 725 360 770; x_wconf 83' lang='lat' dir='ltr'><strong>pertinacibus</strong></span> <span class='ocrx_word' id='word_1_84' title='bbox 376 722 588 769; x_wconf 80' lang='lat' dir='ltr'><strong>hypocritis,</strong></span> <span class='ocrx_word' id='word_1_85' title='bbox 617 726 676 770; x_wconf 90' lang='lat' dir='ltr'><strong>qui</strong></span> <span class='ocrx_word' id='word_1_86' title='bbox 697 737 760 759; x_wconf 91' lang='lat' dir='ltr'><strong>nec</strong></span> <span class='ocrx_word' id='word_1_87' title='bbox 777 727 819 759; x_wconf 87' lang='lat' dir='ltr'><strong>ad</strong></span> <span class='ocrx_word' id='word_1_88' title='bbox 839 727 1054 769; x_wconf 77' lang='lat' dir='ltr'><strong>agnitionem</strong></span> 
     </span>
     <span class='ocr_line' id='line_1_14' title="bbox 71 774 1054 818; baseline -0.001 -8"><span class='ocrx_word' id='word_1_89' title='bbox 71 776 125 810; x_wconf 91' lang='lat' dir='ltr'><strong>sui</strong></span> <span class='ocrx_word' id='word_1_90' title='bbox 145 775 288 816; x_wconf 89' lang='lat' dir='ltr'><strong>deduci,</strong></span> <span class='ocrx_word' id='word_1_91' title='bbox 315 788 379 809; x_wconf 88' lang='lat' dir='ltr'><strong>nec</strong></span> <span class='ocrx_word' id='word_1_92' title='bbox 404 777 446 809; x_wconf 90' lang='lat' dir='ltr'><strong>ad</strong></span> <span class='ocrx_word' id='word_1_93' title='bbox 463 775 577 810; x_wconf 90' lang='lat' dir='ltr'><strong>Deum</strong></span> <span class='ocrx_word' id='word_1_94' title='bbox 602 777 776 817; x_wconf 84' lang='lat' dir='ltr'><strong>converti,</strong></span> <span class='ocrx_word' id='word_1_95' title='bbox 804 774 870 810; x_wconf 85' lang='lat' dir='ltr'><strong>hoc</strong></span> <span class='ocrx_word' id='word_1_96' title='bbox 893 784 964 818; x_wconf 88' lang='lat' dir='ltr'><strong>est,</strong></span> <span class='ocrx_word' id='word_1_97' title='bbox 992 789 1054 810; x_wconf 90' lang='lat' dir='ltr'><strong>nec</strong></span> 
     </span>
     <span class='ocr_line' id='line_1_15' title="bbox 68 826 1054 871; baseline -0.001 -10"><span class='ocrx_word' id='word_1_98' title='bbox 68 827 267 861; x_wconf 86' lang='lat' dir='ltr'><strong>rudimenta</strong></span> <span class='ocrx_word' id='word_1_99' title='bbox 286 826 542 871; x_wconf 77' lang='lat' dir='ltr'><strong>poenitentiae,</strong></span> <span class='ocrx_word' id='word_1_100' title='bbox 571 840 636 861; x_wconf 90' lang='lat' dir='ltr'><strong>nec</strong></span> <span class='ocrx_word' id='word_1_101' title='bbox 650 840 751 861; x_wconf 86' lang='lat' dir='ltr'><strong>verae</strong></span> <span class='ocrx_word' id='word_1_102' title='bbox 766 828 847 861; x_wconf 91' lang='lat' dir='ltr'><strong>fidei</strong></span> <span class='ocrx_word' id='word_1_103' title='bbox 873 828 973 861; x_wconf 88' lang='lat' dir='ltr'><strong>initia</strong></span> <span class='ocrx_word' id='word_1_104' title='bbox 996 840 1054 861; x_wconf 82' lang='lat' dir='ltr'><strong>ex-</strong></span> 
     </span>
     <span class='ocr_line' id='line_1_16' title="bbox 69 876 1054 924; baseline 0 -13"><span class='ocrx_word' id='word_1_105' title='bbox 69 878 179 923; x_wconf 88' lang='lat' dir='ltr'><strong>periri</strong></span> <span class='ocrx_word' id='word_1_106' title='bbox 203 884 263 911; x_wconf 89' lang='lat' dir='ltr'><strong>aut</strong></span> <span class='ocrx_word' id='word_1_107' title='bbox 289 879 472 921; x_wconf 82' lang='lat' dir='ltr'><strong>degustare</strong></span> <span class='ocrx_word' id='word_1_108' title='bbox 487 879 625 912; x_wconf 83' lang='lat' dir='ltr'><strong>volunt.</strong></span> <span class='ocrx_word' id='word_1_109' title='bbox 679 878 731 912; x_wconf 93' lang='lat' dir='ltr'><strong>De</strong></span> <span class='ocrx_word' id='word_1_110' title='bbox 749 877 814 912; x_wconf 91' lang='lat' dir='ltr'><strong>hoc</strong></span> <span class='ocrx_word' id='word_1_111' title='bbox 839 890 966 922; x_wconf 78' lang='lat' dir='ltr'><strong>genere</strong></span> <span class='ocrx_word' id='word_1_112' title='bbox 990 876 1054 924; x_wconf 86' lang='lat' dir='ltr'><strong>hy-</strong></span> 
     </span>
     <span class='ocr_line' id='line_1_17' title="bbox 67 926 1053 974; baseline -0.002 -11"><span class='ocrx_word' id='word_1_113' title='bbox 67 929 281 974; x_wconf 86' lang='lat' dir='ltr'><strong>pocritarum</strong></span> <span class='ocrx_word' id='word_1_114' title='bbox 299 940 371 962; x_wconf 91' lang='lat' dir='ltr'><strong>non</strong></span> <span class='ocrx_word' id='word_1_115' title='bbox 390 926 481 962; x_wconf 89' lang='lat' dir='ltr'><strong>nihil</strong></span> <span class='ocrx_word' id='word_1_116' title='bbox 498 930 600 963; x_wconf 90' lang='lat' dir='ltr'><strong>nobis</strong></span> <span class='ocrx_word' id='word_1_117' title='bbox 617 929 674 963; x_wconf 92' lang='lat' dir='ltr'><strong>hic</strong></span> <span class='ocrx_word' id='word_1_118' title='bbox 693 930 886 963; x_wconf 83' lang='lat' dir='ltr'><strong>necessario</strong></span> <span class='ocrx_word' id='word_1_119' title='bbox 910 930 975 963; x_wconf 83' lang='lat' dir='ltr'><strong>erit</strong></span> <span class='ocrx_word' id='word_1_120' title='bbox 999 930 1053 962; x_wconf 91' lang='lat' dir='ltr'><strong>di-</strong></span> 
     </span>
     <span class='ocr_line' id='line_1_18' title="bbox 66 981 228 1014; baseline -0.006 -1"><span class='ocrx_word' id='word_1_121' title='bbox 66 981 228 1014; x_wconf 89' lang='lat' dir='ltr'><strong>cendum.</strong></span> 
     </span>
    </p>
   </div>
   <div class='ocr_carea' id='block_1_4' title="bbox 57 1055 1054 2272">
    <p class='ocr_par' dir='ltr' id='par_1_4' title="bbox 57 1055 1054 2272">
     <span class='ocr_line' id='line_1_19' title="bbox 167 1055 1053 1091; baseline -0.001 -1"><span class='ocrx_word' id='word_1_122' title='bbox 167 1055 273 1090; x_wconf 78' lang='lat' dir='ltr'><strong>&#39;l&#39;ales</strong></span> <span class='ocrx_word' id='word_1_123' title='bbox 289 1058 383 1090; x_wconf 86' lang='lat' dir='ltr'><strong>enim</strong></span> <span class='ocrx_word' id='word_1_124' title='bbox 401 1057 476 1090; x_wconf 90' lang='lat' dir='ltr'><strong>sine</strong></span> <span class='ocrx_word' id='word_1_125' title='bbox 491 1057 562 1090; x_wconf 91' lang='lat' dir='ltr'><strong>ulla</strong></span> <span class='ocrx_word' id='word_1_126' title='bbox 579 1057 802 1091; x_wconf 81' lang='lat' dir='ltr'><strong>dubitatione</strong></span> <span class='ocrx_word' id='word_1_127' title='bbox 820 1064 902 1090; x_wconf 90' lang='lat' dir='ltr'><strong>sunt</strong></span> <span class='ocrx_word' id='word_1_128' title='bbox 917 1057 1053 1090; x_wconf 86' lang='lat' dir='ltr'><strong>reiecti:</strong></span> 
     </span>
     <span class='ocr_line' id='line_1_20' title="bbox 66 1106 1053 1153; baseline 0 -12"><span class='ocrx_word' id='word_1_129' title='bbox 66 1108 216 1153; x_wconf 87' lang='lat' dir='ltr'><strong>ideoque</strong></span> <span class='ocrx_word' id='word_1_130' title='bbox 240 1109 464 1141; x_wconf 90' lang='lat' dir='ltr'><strong>discernendi</strong></span> <span class='ocrx_word' id='word_1_131' title='bbox 497 1108 540 1141; x_wconf 90' lang='lat' dir='ltr'><strong>ab</strong></span> <span class='ocrx_word' id='word_1_132' title='bbox 567 1109 676 1141; x_wconf 90' lang='lat' dir='ltr'><strong>altero</strong></span> <span class='ocrx_word' id='word_1_133' title='bbox 703 1119 828 1150; x_wconf 82' lang='lat' dir='ltr'><strong>genere</strong></span> <span class='ocrx_word' id='word_1_134' title='bbox 852 1106 1053 1152; x_wconf 76' lang='lat' dir='ltr'><strong>hypocrita—</strong></span> 
     </span>
     <span class='ocr_line' id='line_1_21' title="bbox 66 1158 1054 1204; baseline -0.002 -11"><span class='ocrx_word' id='word_1_135' title='bbox 66 1171 158 1199; x_wconf 86' lang='lat' dir='ltr'><strong>rum,</strong></span> <span class='ocrx_word' id='word_1_136' title='bbox 186 1160 313 1192; x_wconf 91' lang='lat' dir='ltr'><strong>misero</strong></span> <span class='ocrx_word' id='word_1_137' title='bbox 333 1159 475 1204; x_wconf 91' lang='lat' dir='ltr'><strong>quidem</strong></span> <span class='ocrx_word' id='word_1_138' title='bbox 494 1159 567 1197; x_wconf 91' lang='lat' dir='ltr'><strong>illo,</strong></span> <span class='ocrx_word' id='word_1_139' title='bbox 593 1165 627 1192; x_wconf 88' lang='lat' dir='ltr'><strong>et</strong></span> <span class='ocrx_word' id='word_1_140' title='bbox 644 1158 830 1202; x_wconf 85' lang='lat' dir='ltr'><strong>multiplici</strong></span> <span class='ocrx_word' id='word_1_141' title='bbox 850 1158 1054 1192; x_wconf 87' lang='lat' dir='ltr'><strong>infirmitate</strong></span> 
     </span>
     <span class='ocr_line' id='line_1_22' title="bbox 67 1209 1052 1249; baseline -0.002 -5"><span class='ocrx_word' id='word_1_142' title='bbox 67 1222 107 1244; x_wconf 89' lang='lat' dir='ltr'><strong>ac</strong></span> <span class='ocrx_word' id='word_1_143' title='bbox 128 1209 353 1243; x_wconf 85' lang='lat' dir='ltr'><strong>immunditie</strong></span> <span class='ocrx_word' id='word_1_144' title='bbox 370 1209 540 1249; x_wconf 85' lang='lat' dir='ltr'><strong>deformi,</strong></span> <span class='ocrx_word' id='word_1_145' title='bbox 568 1217 798 1242; x_wconf 72' lang='lat' dir='ltr'><strong>veruntamen</strong></span> <span class='ocrx_word' id='word_1_146' title='bbox 815 1209 923 1241; x_wconf 90' lang='lat' dir='ltr'><strong>docili</strong></span> <span class='ocrx_word' id='word_1_147' title='bbox 943 1216 974 1242; x_wconf 91' lang='lat' dir='ltr'><strong>et</strong></span> <span class='ocrx_word' id='word_1_148' title='bbox 998 1221 1052 1242; x_wconf 88' lang='lat' dir='ltr'><strong>sa-</strong></span> 
     </span>
     <span class='ocr_line' id='line_1_23' title="bbox 66 1259 1052 1304; baseline -0.002 -10"><span class='ocrx_word' id='word_1_149' title='bbox 66 1260 198 1301; x_wconf 87' lang='lat' dir='ltr'><strong>nabili,</strong></span> <span class='ocrx_word' id='word_1_150' title='bbox 225 1260 471 1304; x_wconf 85' lang='lat' dir='ltr'><strong>incipientium</strong></span> <span class='ocrx_word' id='word_1_151' title='bbox 490 1260 621 1293; x_wconf 90' lang='lat' dir='ltr'><strong>scilicet</strong></span> <span class='ocrx_word' id='word_1_152' title='bbox 640 1259 676 1291; x_wconf 89' lang='lat' dir='ltr'><strong>in</strong></span> <span class='ocrx_word' id='word_1_153' title='bbox 693 1259 872 1301; x_wconf 85' lang='lat' dir='ltr'><strong>agnitione</strong></span> <span class='ocrx_word' id='word_1_154' title='bbox 892 1260 1052 1292; x_wconf 88' lang='lat' dir='ltr'><strong>imbecil-</strong></span> 
     </span>
     <span class='ocr_line' id='line_1_24' title="bbox 66 1310 1050 1357; baseline -0.002 -13"><span class='ocrx_word' id='word_1_155' title='bbox 66 1312 174 1345; x_wconf 86' lang='lat' dir='ltr'><strong>litatis</strong></span> <span class='ocrx_word' id='word_1_156' title='bbox 201 1310 364 1357; x_wconf 92' lang='lat' dir='ltr'><strong>propriae</strong></span> <span class='ocrx_word' id='word_1_157' title='bbox 388 1310 461 1343; x_wconf 91' lang='lat' dir='ltr'><strong>Deo</strong></span> <span class='ocrx_word' id='word_1_158' title='bbox 486 1320 558 1342; x_wconf 85' lang='lat' dir='ltr'><strong>sese</strong></span> <span class='ocrx_word' id='word_1_159' title='bbox 583 1310 774 1348; x_wconf 89' lang='lat' dir='ltr'><strong>subiicere,</strong></span> <span class='ocrx_word' id='word_1_160' title='bbox 811 1316 843 1342; x_wconf 91' lang='lat' dir='ltr'><strong>et</strong></span> <span class='ocrx_word' id='word_1_161' title='bbox 866 1311 910 1341; x_wconf 81' lang='lat' dir='ltr'><strong>ad</strong></span> <span class='ocrx_word' id='word_1_162' title='bbox 937 1310 1050 1353; x_wconf 90' lang='lat' dir='ltr'><strong>ipsum</strong></span> 
     </span>
     <span class='ocr_line' id='line_1_25' title="bbox 65 1358 1050 1404; baseline -0.004 -8"><span class='ocrx_word' id='word_1_163' title='bbox 65 1362 234 1396; x_wconf 89' lang='lat' dir='ltr'><strong>converti.</strong></span> <span class='ocrx_word' id='word_1_164' title='bbox 276 1359 365 1393; x_wconf 86' lang='lat' dir='ltr'><strong>Nam</strong></span> <span class='ocrx_word' id='word_1_165' title='bbox 384 1360 596 1403; x_wconf 81' lang='lat' dir='ltr'><strong>pertinaces,</strong></span> <span class='ocrx_word' id='word_1_166' title='bbox 624 1366 728 1404; x_wconf 89' lang='lat' dir='ltr'><strong>atque</strong></span> <span class='ocrx_word' id='word_1_167' title='bbox 745 1366 968 1392; x_wconf 88' lang='lat' dir='ltr'><strong>contumaces</strong></span> <span class='ocrx_word' id='word_1_168' title='bbox 984 1358 1050 1404; x_wconf 80' lang='lat' dir='ltr'><strong>hy-</strong></span> 
     </span>
     <span class='ocr_line' id='line_1_26' title="bbox 63 1407 1050 1459; baseline -0.003 -13"><span class='ocrx_word' id='word_1_169' title='bbox 63 1412 235 1457; x_wconf 85' lang='lat' dir='ltr'><strong>pocritae,</strong></span> <span class='ocrx_word' id='word_1_170' title='bbox 262 1410 508 1452; x_wconf 86' lang='lat' dir='ltr'><strong>intelligantur</strong></span> <span class='ocrx_word' id='word_1_171' title='bbox 522 1407 684 1459; x_wconf 83' lang='lat' dir='ltr'><strong>homines</strong></span> <span class='ocrx_word' id='word_1_172' title='bbox 706 1409 825 1452; x_wconf 87' lang='lat' dir='ltr'><strong>magni</strong></span> <span class='ocrx_word' id='word_1_173' title='bbox 849 1421 887 1442; x_wconf 90' lang='lat' dir='ltr'><strong>ac</strong></span> <span class='ocrx_word' id='word_1_174' title='bbox 911 1411 1050 1457; x_wconf 85' lang='lat' dir='ltr'><strong>sapien-</strong></span> 
     </span>
     <span class='ocr_line' id='line_1_27' title="bbox 63 1459 1051 1507; baseline -0.003 -10"><span class='ocrx_word' id='word_1_175' title='bbox 63 1471 132 1504; x_wconf 81' lang='lat' dir='ltr'><strong>teS,</strong></span> <span class='ocrx_word' id='word_1_176' title='bbox 171 1462 233 1507; x_wconf 90' lang='lat' dir='ltr'><strong>qui</strong></span> <span class='ocrx_word' id='word_1_177' title='bbox 256 1461 397 1495; x_wconf 90' lang='lat' dir='ltr'><strong>sibimet</strong></span> <span class='ocrx_word' id='word_1_178' title='bbox 414 1461 499 1504; x_wconf 90' lang='lat' dir='ltr'><strong>ipsis</strong></span> <span class='ocrx_word' id='word_1_179' title='bbox 517 1459 1051 1503; x_wconf 77' lang='lat' dir='ltr'><strong>comminiscunturreligiones,</strong></span> 
     </span>
     <span class='ocr_line' id='line_1_28' title="bbox 62 1511 1049 1556; baseline -0.003 -8"><span class='ocrx_word' id='word_1_180' title='bbox 62 1513 293 1551; x_wconf 82' lang='lat' dir='ltr'><strong>sanctitatem,</strong></span> <span class='ocrx_word' id='word_1_181' title='bbox 321 1511 445 1552; x_wconf 85' lang='lat' dir='ltr'><strong>cultus,</strong></span> <span class='ocrx_word' id='word_1_182' title='bbox 470 1512 553 1556; x_wconf 91' lang='lat' dir='ltr'><strong>quia</strong></span> <span class='ocrx_word' id='word_1_183' title='bbox 569 1518 705 1545; x_wconf 87' lang='lat' dir='ltr'><strong>tument</strong></span> <span class='ocrx_word' id='word_1_184' title='bbox 724 1512 950 1555; x_wconf 84' lang='lat' dir='ltr'><strong>persuasione</strong></span> <span class='ocrx_word' id='word_1_185' title='bbox 967 1525 1049 1556; x_wconf 91' lang='lat' dir='ltr'><strong>pro-</strong></span> 
     </span>
     <span class='ocr_line' id='line_1_29' title="bbox 62 1563 1050 1610; baseline -0.002 -12"><span class='ocrx_word' id='word_1_186' title='bbox 62 1566 158 1610; x_wconf 90' lang='lat' dir='ltr'><strong>priae</strong></span> <span class='ocrx_word' id='word_1_187' title='bbox 186 1563 398 1608; x_wconf 85' lang='lat' dir='ltr'><strong>sapientiae,</strong></span> <span class='ocrx_word' id='word_1_188' title='bbox 424 1574 463 1595; x_wconf 86' lang='lat' dir='ltr'><strong>ac</strong></span> <span class='ocrx_word' id='word_1_189' title='bbox 487 1563 659 1603; x_wconf 89' lang='lat' dir='ltr'><strong>iustitiae,</strong></span> <span class='ocrx_word' id='word_1_190' title='bbox 686 1575 838 1607; x_wconf 88' lang='lat' dir='ltr'><strong>quarum</strong></span> <span class='ocrx_word' id='word_1_191' title='bbox 863 1571 1050 1608; x_wconf 89' lang='lat' dir='ltr'><strong>utramque</strong></span> 
     </span>
     <span class='ocr_line' id='line_1_30' title="bbox 62 1613 1048 1660; baseline -0.003 -11"><span class='ocrx_word' id='word_1_192' title='bbox 62 1616 129 1650; x_wconf 92' lang='lat' dir='ltr'><strong>sibi</strong></span> <span class='ocrx_word' id='word_1_193' title='bbox 155 1615 290 1660; x_wconf 81' lang='lat' dir='ltr'><strong>prolixe</strong></span> <span class='ocrx_word' id='word_1_194' title='bbox 307 1614 488 1654; x_wconf 86' lang='lat' dir='ltr'><strong>tribuunt,</strong></span> <span class='ocrx_word' id='word_1_195' title='bbox 521 1613 593 1646; x_wconf 92' lang='lat' dir='ltr'><strong>imo</strong></span> <span class='ocrx_word' id='word_1_196' title='bbox 618 1625 701 1657; x_wconf 84' lang='lat' dir='ltr'><strong>prae</strong></span> <span class='ocrx_word' id='word_1_197' title='bbox 724 1624 759 1645; x_wconf 90' lang='lat' dir='ltr'><strong>se</strong></span> <span class='ocrx_word' id='word_1_198' title='bbox 787 1614 906 1647; x_wconf 87' lang='lat' dir='ltr'><strong>ferunt</strong></span> <span class='ocrx_word' id='word_1_199' title='bbox 929 1615 1048 1647; x_wconf 89' lang='lat' dir='ltr'><strong>multi-</strong></span> 
     </span>
     <span class='ocr_line' id='line_1_31' title="bbox 61 1662 1048 1712; baseline -0.004 -12"><span class='ocrx_word' id='word_1_200' title='bbox 61 1668 141 1712; x_wconf 82' lang='lat' dir='ltr'><strong>plex</strong></span> <span class='ocrx_word' id='word_1_201' title='bbox 158 1667 264 1700; x_wconf 89' lang='lat' dir='ltr'><strong>decus</strong></span> <span class='ocrx_word' id='word_1_202' title='bbox 281 1665 475 1704; x_wconf 89' lang='lat' dir='ltr'><strong>virtutum,</strong></span> <span class='ocrx_word' id='word_1_203' title='bbox 503 1671 536 1697; x_wconf 88' lang='lat' dir='ltr'><strong>et</strong></span> <span class='ocrx_word' id='word_1_204' title='bbox 559 1662 784 1697; x_wconf 84' lang='lat' dir='ltr'><strong>honestarum</strong></span> <span class='ocrx_word' id='word_1_205' title='bbox 809 1664 987 1696; x_wconf 89' lang='lat' dir='ltr'><strong>actionum</strong></span> <span class='ocrx_word' id='word_1_206' title='bbox 1012 1665 1048 1696; x_wconf 90' lang='lat' dir='ltr'><strong>in</strong></span> 
     </span>
     <span class='ocr_line' id='line_1_32' title="bbox 61 1712 1048 1758; baseline -0.006 -6"><span class='ocrx_word' id='word_1_207' title='bbox 61 1718 234 1752; x_wconf 77' lang='lat' dir='ltr'><strong>exteriore</strong></span> <span class='ocrx_word' id='word_1_208' title='bbox 251 1716 340 1749; x_wconf 89' lang='lat' dir='ltr'><strong>vita:</strong></span> <span class='ocrx_word' id='word_1_209' title='bbox 369 1715 428 1747; x_wconf 91' lang='lat' dir='ltr'><strong>sed</strong></span> <span class='ocrx_word' id='word_1_210' title='bbox 444 1714 585 1747; x_wconf 85' lang='lat' dir='ltr'><strong>interim</strong></span> <span class='ocrx_word' id='word_1_211' title='bbox 605 1726 665 1747; x_wconf 90' lang='lat' dir='ltr'><strong>cor</strong></span> <span class='ocrx_word' id='word_1_212' title='bbox 679 1721 737 1747; x_wconf 92' lang='lat' dir='ltr'><strong>aut</strong></span> <span class='ocrx_word' id='word_1_213' title='bbox 756 1720 805 1747; x_wconf 91' lang='lat' dir='ltr'><strong>est</strong></span> <span class='ocrx_word' id='word_1_214' title='bbox 820 1712 1048 1758; x_wconf 88' lang='lat' dir='ltr'><strong>Epicureum,</strong></span> 
     </span>
     <span class='ocr_line' id='line_1_33' title="bbox 60 1763 1049 1817; baseline -0.003 -16"><span class='ocrx_word' id='word_1_215' title='bbox 60 1769 205 1817; x_wconf 88' lang='lat' dir='ltr'><strong>plenum</strong></span> <span class='ocrx_word' id='word_1_216' title='bbox 222 1766 406 1800; x_wconf 85' lang='lat' dir='ltr'><strong>securitate</strong></span> <span class='ocrx_word' id='word_1_217' title='bbox 423 1765 555 1797; x_wconf 87' lang='lat' dir='ltr'><strong>carnali</strong></span> <span class='ocrx_word' id='word_1_218' title='bbox 572 1771 605 1797; x_wconf 90' lang='lat' dir='ltr'><strong>et</strong></span> <span class='ocrx_word' id='word_1_219' title='bbox 621 1771 798 1797; x_wconf 86' lang='lat' dir='ltr'><strong>contemtu</strong></span> <span class='ocrx_word' id='word_1_220' title='bbox 816 1763 900 1803; x_wconf 87' lang='lat' dir='ltr'><strong>Dei,</strong></span> <span class='ocrx_word' id='word_1_221' title='bbox 929 1765 1049 1809; x_wconf 82' lang='lat' dir='ltr'><strong>quales</strong></span> 
     </span>
     <span class='ocr_line' id='line_1_34' title="bbox 59 1813 1048 1864; baseline -0.004 -12"><span class='ocrx_word' id='word_1_222' title='bbox 59 1818 264 1864; x_wconf 87' lang='lat' dir='ltr'><strong>hypocritae</strong></span> <span class='ocrx_word' id='word_1_223' title='bbox 279 1817 423 1850; x_wconf 86' lang='lat' dir='ltr'><strong>suerunt</strong></span> <span class='ocrx_word' id='word_1_224' title='bbox 440 1813 531 1848; x_wconf 89' lang='lat' dir='ltr'><strong>Cain</strong></span> <span class='ocrx_word' id='word_1_225' title='bbox 548 1821 579 1848; x_wconf 92' lang='lat' dir='ltr'><strong>et</strong></span> <span class='ocrx_word' id='word_1_226' title='bbox 597 1813 720 1857; x_wconf 85' lang='lat' dir='ltr'><strong>Iudas,</strong></span> <span class='ocrx_word' id='word_1_227' title='bbox 745 1815 826 1848; x_wconf 91' lang='lat' dir='ltr'><strong>item</strong></span> <span class='ocrx_word' id='word_1_228' title='bbox 844 1816 965 1859; x_wconf 87' lang='lat' dir='ltr'><strong>quales</strong></span> <span class='ocrx_word' id='word_1_229' title='bbox 982 1813 1048 1849; x_wconf 89' lang='lat' dir='ltr'><strong>hoc</strong></span> 
     </span>
     <span class='ocr_line' id='line_1_35' title="bbox 59 1863 1047 1913; baseline -0.003 -11"><span class='ocrx_word' id='word_1_230' title='bbox 59 1877 217 1913; x_wconf 90' lang='lat' dir='ltr'><strong>tempore</strong></span> <span class='ocrx_word' id='word_1_231' title='bbox 234 1873 316 1900; x_wconf 93' lang='lat' dir='ltr'><strong>sunt</strong></span> <span class='ocrx_word' id='word_1_232' title='bbox 334 1865 428 1909; x_wconf 88' lang='lat' dir='ltr'><strong>Papa</strong></span> <span class='ocrx_word' id='word_1_233' title='bbox 442 1863 646 1905; x_wconf 87' lang='lat' dir='ltr'><strong>Romanus,</strong></span> <span class='ocrx_word' id='word_1_234' title='bbox 680 1872 712 1899; x_wconf 87' lang='lat' dir='ltr'><strong>et</strong></span> <span class='ocrx_word' id='word_1_235' title='bbox 730 1865 890 1910; x_wconf 89' lang='lat' dir='ltr'><strong>plerique</strong></span> <span class='ocrx_word' id='word_1_236' title='bbox 908 1878 947 1899; x_wconf 87' lang='lat' dir='ltr'><strong>ex</strong></span> <span class='ocrx_word' id='word_1_237' title='bbox 964 1865 1047 1899; x_wconf 89' lang='lat' dir='ltr'><strong>Col-</strong></span> 
     </span>
     <span class='ocr_line' id='line_1_36' title="bbox 59 1916 1045 1964; baseline -0.005 -10"><span class='ocrx_word' id='word_1_238' title='bbox 59 1919 151 1964; x_wconf 88' lang='lat' dir='ltr'><strong>legio</strong></span> <span class='ocrx_word' id='word_1_239' title='bbox 174 1917 436 1952; x_wconf 90' lang='lat' dir='ltr'><strong>Cardinalium:</strong></span> <span class='ocrx_word' id='word_1_240' title='bbox 478 1922 539 1949; x_wconf 88' lang='lat' dir='ltr'><strong>aut</strong></span> <span class='ocrx_word' id='word_1_241' title='bbox 563 1927 768 1959; x_wconf 89' lang='lat' dir='ltr'><strong>oppressum</strong></span> <span class='ocrx_word' id='word_1_242' title='bbox 792 1916 958 1949; x_wconf 82' lang='lat' dir='ltr'><strong>fluctibus</strong></span> <span class='ocrx_word' id='word_1_243' title='bbox 981 1918 1045 1949; x_wconf 90' lang='lat' dir='ltr'><strong>du-</strong></span> 
     </span>
     <span class='ocr_line' id='line_1_37' title="bbox 59 1966 1046 2011; baseline -0.005 -6"><span class='ocrx_word' id='word_1_244' title='bbox 59 1970 275 2005; x_wconf 90' lang='lat' dir='ltr'><strong>bitationum</strong></span> <span class='ocrx_word' id='word_1_245' title='bbox 298 1969 342 2001; x_wconf 90' lang='lat' dir='ltr'><strong>de</strong></span> <span class='ocrx_word' id='word_1_246' title='bbox 357 1967 448 2007; x_wconf 86' lang='lat' dir='ltr'><strong>Deo,</strong></span> <span class='ocrx_word' id='word_1_247' title='bbox 483 1974 522 2001; x_wconf 88' lang='lat' dir='ltr'><strong>ut</strong></span> <span class='ocrx_word' id='word_1_248' title='bbox 545 1967 583 1999; x_wconf 90' lang='lat' dir='ltr'><strong>in</strong></span> <span class='ocrx_word' id='word_1_249' title='bbox 599 1966 705 2000; x_wconf 87' lang='lat' dir='ltr'><strong>Saule</strong></span> <span class='ocrx_word' id='word_1_250' title='bbox 728 1973 851 2000; x_wconf 92' lang='lat' dir='ltr'><strong>ruente</strong></span> <span class='ocrx_word' id='word_1_251' title='bbox 875 1968 912 2000; x_wconf 90' lang='lat' dir='ltr'><strong>in</strong></span> <span class='ocrx_word' id='word_1_252' title='bbox 936 1968 1046 2011; x_wconf 86' lang='lat' dir='ltr'><strong>impa-</strong></span> 
     </span>
     <span class='ocr_line' id='line_1_38' title="bbox 57 2016 1047 2063; baseline -0.005 -7"><span class='ocrx_word' id='word_1_253' title='bbox 57 2021 217 2057; x_wconf 87' lang='lat' dir='ltr'><strong>tientiam</strong></span> <span class='ocrx_word' id='word_1_254' title='bbox 242 2026 275 2053; x_wconf 88' lang='lat' dir='ltr'><strong>et</strong></span> <span class='ocrx_word' id='word_1_255' title='bbox 292 2017 589 2061; x_wconf 76' lang='lat' dir='ltr'><strong>desperationem:</strong></span> <span class='ocrx_word' id='word_1_256' title='bbox 619 2019 772 2062; x_wconf 86' lang='lat' dir='ltr'><strong>denique</strong></span> <span class='ocrx_word' id='word_1_257' title='bbox 797 2030 856 2050; x_wconf 94' lang='lat' dir='ltr'><strong>cor</strong></span> <span class='ocrx_word' id='word_1_258' title='bbox 881 2016 1047 2063; x_wconf 79' lang='lat' dir='ltr'><strong>hypocri-</strong></span> 
     </span>
     <span class='ocr_line' id='line_1_39' title="bbox 59 2068 1047 2112; baseline -0.005 -5"><span class='ocrx_word' id='word_1_259' title='bbox 59 2074 168 2108; x_wconf 88' lang='lat' dir='ltr'><strong>ticum</strong></span> <span class='ocrx_word' id='word_1_260' title='bbox 190 2069 437 2104; x_wconf 85' lang='lat' dir='ltr'><strong>universaliter</strong></span> <span class='ocrx_word' id='word_1_261' title='bbox 454 2068 599 2102; x_wconf 85' lang='lat' dir='ltr'><strong>effertur</strong></span> <span class='ocrx_word' id='word_1_262' title='bbox 614 2069 740 2102; x_wconf 87' lang='lat' dir='ltr'><strong>fiducia</strong></span> <span class='ocrx_word' id='word_1_263' title='bbox 758 2069 831 2109; x_wconf 89' lang='lat' dir='ltr'><strong>sui,</strong></span> <span class='ocrx_word' id='word_1_264' title='bbox 861 2081 925 2102; x_wconf 92' lang='lat' dir='ltr'><strong>nec</strong></span> <span class='ocrx_word' id='word_1_265' title='bbox 944 2081 1047 2112; x_wconf 85' lang='lat' dir='ltr'><strong>expa-</strong></span> 
     </span>
     <span class='ocr_line' id='line_1_40' title="bbox 58 2119 1049 2163; baseline -0.005 -6"><span class='ocrx_word' id='word_1_266' title='bbox 58 2123 167 2157; x_wconf 88' lang='lat' dir='ltr'><strong>vescit</strong></span> <span class='ocrx_word' id='word_1_267' title='bbox 183 2133 299 2155; x_wconf 84' lang='lat' dir='ltr'><strong>coram</strong></span> <span class='ocrx_word' id='word_1_268' title='bbox 315 2120 410 2160; x_wconf 85' lang='lat' dir='ltr'><strong>Deo,</strong></span> <span class='ocrx_word' id='word_1_269' title='bbox 437 2120 550 2153; x_wconf 91' lang='lat' dir='ltr'><strong>donec</strong></span> <span class='ocrx_word' id='word_1_270' title='bbox 569 2119 747 2163; x_wconf 81' lang='lat' dir='ltr'><strong>castigatio</strong></span> <span class='ocrx_word' id='word_1_271' title='bbox 765 2131 824 2153; x_wconf 89' lang='lat' dir='ltr'><strong>seu</strong></span> <span class='ocrx_word' id='word_1_272' title='bbox 844 2132 955 2163; x_wconf 87' lang='lat' dir='ltr'><strong>poena</strong></span> <span class='ocrx_word' id='word_1_273' title='bbox 979 2121 1049 2153; x_wconf 89' lang='lat' dir='ltr'><strong>dis-</strong></span> 
     </span>
     <span class='ocr_line' id='line_1_41' title="bbox 235 2170 1048 2215; baseline -0.002 -10"><span class='ocrx_word' id='word_1_274' title='bbox 235 2179 267 2205; x_wconf 89' lang='lat' dir='ltr'><strong>et</strong></span> <span class='ocrx_word' id='word_1_275' title='bbox 303 2177 491 2215; x_wconf 82' lang='lat' dir='ltr'><strong>antequam</strong></span> <span class='ocrx_word' id='word_1_276' title='bbox 526 2170 785 2204; x_wconf 80' lang='lat' dir='ltr'><strong>calamitatibus</strong></span> <span class='ocrx_word' id='word_1_277' title='bbox 823 2170 1048 2214; x_wconf 89' lang='lat' dir='ltr'><strong>opprimitur,</strong></span> 
     </span>
     <span class='ocr_line' id='line_1_42' title="bbox 58 2218 1048 2272; baseline -0.006 -13"><span class='ocrx_word' id='word_1_278' title='bbox 58 2223 357 2272; x_wconf 89' lang='lat' dir='ltr'><strong>quemadmodum</strong></span> <span class='ocrx_word' id='word_1_279' title='bbox 375 2218 605 2265; x_wconf 89' lang='lat' dir='ltr'><strong>Achitopheli</strong></span> <span class='ocrx_word' id='word_1_280' title='bbox 625 2227 657 2254; x_wconf 89' lang='lat' dir='ltr'><strong>et</strong></span> <span class='ocrx_word' id='word_1_281' title='bbox 673 2220 868 2254; x_wconf 91' lang='lat' dir='ltr'><strong>Absolonis</strong></span> <span class='ocrx_word' id='word_1_282' title='bbox 891 2222 1048 2265; x_wconf 80' lang='lat' dir='ltr'><strong>exempla</strong></span> 
     </span>
    </p>
   </div>
   <div class='ocr_carea' id='block_1_5' title="bbox 58 2282 245 2311">
    <p class='ocr_par' dir='ltr' id='par_1_5' title="bbox 58 2282 245 2311">
     <span class='ocr_line' id='line_1_43' title="bbox 58 2282 245 2311; baseline -0.021 0"><span class='ocrx_word' id='word_1_283' title='bbox 58 2282 245 2311; x_wconf 87' lang='lat' dir='ltr'><strong>testantur.</strong></span> 
     </span>
    </p>
   </div>
   <div class='ocr_carea' id='block_1_6' title="bbox 18 2345 1050 2747">
    <p class='ocr_par' dir='ltr' id='par_1_6' title="bbox 18 2345 1050 2747">
     <span class='ocr_line' id='line_1_44' title="bbox 159 2345 1047 2391; baseline -0.003 -9"><span class='ocrx_word' id='word_1_284' title='bbox 159 2347 214 2383; x_wconf 81' lang='lat' dir='ltr'><strong>Ex</strong></span> <span class='ocrx_word' id='word_1_285' title='bbox 231 2347 287 2381; x_wconf 91' lang='lat' dir='ltr'><strong>his</strong></span> <span class='ocrx_word' id='word_1_286' title='bbox 303 2347 411 2390; x_wconf 87' lang='lat' dir='ltr'><strong>igitur</strong></span> <span class='ocrx_word' id='word_1_287' title='bbox 430 2353 463 2379; x_wconf 90' lang='lat' dir='ltr'><strong>et</strong></span> <span class='ocrx_word' id='word_1_288' title='bbox 478 2345 656 2379; x_wconf 87' lang='lat' dir='ltr'><strong>similibus</strong></span> <span class='ocrx_word' id='word_1_289' title='bbox 675 2345 843 2388; x_wconf 86' lang='lat' dir='ltr'><strong>exemplis</strong></span> <span class='ocrx_word' id='word_1_290' title='bbox 860 2352 964 2391; x_wconf 85' lang='lat' dir='ltr'><strong>atque</strong></span> <span class='ocrx_word' id='word_1_291' title='bbox 987 2347 1047 2379; x_wconf 94' lang='lat' dir='ltr'><strong>de-</strong></span> 
     </span>
     <span class='ocr_line' id='line_1_45' title="bbox 18 2395 1046 2445; baseline -0.008 -9"><span class='ocrx_word' id='word_1_292' title='bbox 18 2436 22 2439; x_wconf 35' lang='lat'><strong>,</strong></span> <span class='ocrx_word' id='word_1_293' title='bbox 59 2400 312 2445; x_wconf 85' lang='lat' dir='ltr'><strong>scriptionibus</strong></span> <span class='ocrx_word' id='word_1_294' title='bbox 327 2397 472 2442; x_wconf 86' lang='lat' dir='ltr'><strong>potestis</strong></span> <span class='ocrx_word' id='word_1_295' title='bbox 488 2396 608 2441; x_wconf 88' lang='lat' dir='ltr'><strong>aliquo</strong></span> <span class='ocrx_word' id='word_1_296' title='bbox 625 2396 731 2429; x_wconf 90' lang='lat' dir='ltr'><strong>modo</strong></span> <span class='ocrx_word' id='word_1_297' title='bbox 751 2395 965 2439; x_wconf 86' lang='lat' dir='ltr'><strong>intelligere,</strong></span> <span class='ocrx_word' id='word_1_298' title='bbox 994 2398 1046 2430; x_wconf 87' lang='lat' dir='ltr'><strong>vel</strong></span> 
     </span>
     <span class='ocr_line' id='line_1_46' title="bbox 60 2446 1049 2492; baseline -0.006 -5"><span class='ocrx_word' id='word_1_299' title='bbox 60 2453 182 2487; x_wconf 89' lang='lat' dir='ltr'><strong>saltem</strong></span> <span class='ocrx_word' id='word_1_300' title='bbox 205 2449 458 2492; x_wconf 84' lang='lat' dir='ltr'><strong>imaginatione</strong></span> <span class='ocrx_word' id='word_1_301' title='bbox 484 2447 686 2490; x_wconf 85' lang='lat' dir='ltr'><strong>concipere,</strong></span> <span class='ocrx_word' id='word_1_302' title='bbox 713 2446 858 2491; x_wconf 89' lang='lat' dir='ltr'><strong>quinam</strong></span> <span class='ocrx_word' id='word_1_303' title='bbox 886 2447 1049 2481; x_wconf 88' lang='lat' dir='ltr'><strong>dicantur</strong></span> 
     </span>
     <span class='ocr_line' id='line_1_47' title="bbox 60 2496 1047 2548; baseline -0.006 -11"><span class='ocrx_word' id='word_1_304' title='bbox 60 2502 244 2548; x_wconf 85' lang='lat' dir='ltr'><strong>praefracti</strong></span> <span class='ocrx_word' id='word_1_305' title='bbox 261 2507 294 2534; x_wconf 88' lang='lat' dir='ltr'><strong>et</strong></span> <span class='ocrx_word' id='word_1_306' title='bbox 311 2500 506 2544; x_wconf 88' lang='lat' dir='ltr'><strong>pertinaces</strong></span> <span class='ocrx_word' id='word_1_307' title='bbox 523 2496 744 2543; x_wconf 87' lang='lat' dir='ltr'><strong>hypocritae:</strong></span> <span class='ocrx_word' id='word_1_308' title='bbox 787 2509 937 2542; x_wconf 90' lang='lat' dir='ltr'><strong>quorum</strong></span> <span class='ocrx_word' id='word_1_309' title='bbox 958 2496 1047 2542; x_wconf 84' lang='lat' dir='ltr'><strong>proh</strong></span> 
     </span>
     <span class='ocr_line' id='line_1_48' title="bbox 60 2547 1047 2595; baseline -0.006 -6"><span class='ocrx_word' id='word_1_310' title='bbox 60 2555 162 2589; x_wconf 89' lang='lat' dir='ltr'><strong>dolor</strong></span> <span class='ocrx_word' id='word_1_311' title='bbox 179 2553 216 2586; x_wconf 89' lang='lat' dir='ltr'><strong>in</strong></span> <span class='ocrx_word' id='word_1_312' title='bbox 235 2563 360 2595; x_wconf 80' lang='lat' dir='ltr'><strong>genere</strong></span> <span class='ocrx_word' id='word_1_313' title='bbox 378 2547 536 2583; x_wconf 88' lang='lat' dir='ltr'><strong>humano</strong></span> <span class='ocrx_word' id='word_1_314' title='bbox 553 2561 690 2594; x_wconf 86' lang='lat' dir='ltr'><strong>semper</strong></span> <span class='ocrx_word' id='word_1_315' title='bbox 706 2555 757 2582; x_wconf 91' lang='lat' dir='ltr'><strong>est</strong></span> <span class='ocrx_word' id='word_1_316' title='bbox 774 2548 898 2591; x_wconf 90' lang='lat' dir='ltr'><strong>ingens</strong></span> <span class='ocrx_word' id='word_1_317' title='bbox 915 2556 948 2583; x_wconf 87' lang='lat' dir='ltr'><strong>et</strong></span> <span class='ocrx_word' id='word_1_318' title='bbox 964 2547 1047 2583; x_wconf 91' lang='lat' dir='ltr'><strong>hor-</strong></span> 
     </span>
     <span class='ocr_line' id='line_1_49' title="bbox 59 2599 1050 2644; baseline -0.004 -6"><span class='ocrx_word' id='word_1_319' title='bbox 59 2605 174 2639; x_wconf 88' lang='lat' dir='ltr'><strong>ribilis</strong></span> <span class='ocrx_word' id='word_1_320' title='bbox 188 2603 397 2641; x_wconf 88' lang='lat' dir='ltr'><strong>multitudo,</strong></span> <span class='ocrx_word' id='word_1_321' title='bbox 425 2601 530 2634; x_wconf 89' lang='lat' dir='ltr'><strong>etiam</strong></span> <span class='ocrx_word' id='word_1_322' title='bbox 550 2600 643 2634; x_wconf 90' lang='lat' dir='ltr'><strong>inter</strong></span> <span class='ocrx_word' id='word_1_323' title='bbox 660 2610 718 2633; x_wconf 91' lang='lat' dir='ltr'><strong>eos</strong></span> <span class='ocrx_word' id='word_1_324' title='bbox 737 2599 798 2644; x_wconf 91' lang='lat' dir='ltr'><strong>qui</strong></span> <span class='ocrx_word' id='word_1_325' title='bbox 816 2600 1050 2634; x_wconf 85' lang='lat' dir='ltr'><strong>nominantur</strong></span> 
     </span>
     <span class='ocr_line' id='line_1_50' title="bbox 56 2650 1048 2697; baseline -0.004 -8"><span class='ocrx_word' id='word_1_326' title='bbox 56 2653 230 2694; x_wconf 86' lang='lat' dir='ltr'><strong>Ecclesia,</strong></span> <span class='ocrx_word' id='word_1_327' title='bbox 262 2661 295 2687; x_wconf 87' lang='lat' dir='ltr'><strong>et</strong></span> <span class='ocrx_word' id='word_1_328' title='bbox 314 2652 465 2697; x_wconf 86' lang='lat' dir='ltr'><strong>populus</strong></span> <span class='ocrx_word' id='word_1_329' title='bbox 481 2650 567 2692; x_wconf 92' lang='lat' dir='ltr'><strong>Dei,</strong></span> <span class='ocrx_word' id='word_1_330' title='bbox 592 2652 653 2685; x_wconf 91' lang='lat' dir='ltr'><strong>ubi</strong></span> <span class='ocrx_word' id='word_1_331' title='bbox 673 2657 774 2684; x_wconf 84' lang='lat' dir='ltr'><strong>sonat</strong></span> <span class='ocrx_word' id='word_1_332' title='bbox 791 2662 870 2683; x_wconf 86' lang='lat' dir='ltr'><strong>vera</strong></span> <span class='ocrx_word' id='word_1_333' title='bbox 889 2651 1048 2686; x_wconf 90' lang='lat' dir='ltr'><strong>doctrina</strong></span> 
     </span>
     <span class='ocr_line' id='line_1_51' title="bbox 59 2701 963 2747; baseline -0.003 -8"><span class='ocrx_word' id='word_1_334' title='bbox 59 2706 148 2740; x_wconf 86' lang='lat' dir='ltr'><strong>sicut</strong></span> <span class='ocrx_word' id='word_1_335' title='bbox 161 2702 290 2739; x_wconf 87' lang='lat' dir='ltr'><strong>Mattb.</strong></span> <span class='ocrx_word' id='word_1_336' title='bbox 312 2706 368 2739; x_wconf 83' lang='lat'><strong>13.</strong></span> <span class='ocrx_word' id='word_1_337' title='bbox 389 2702 553 2747; x_wconf 86' lang='lat' dir='ltr'><strong>parabola</strong></span> <span class='ocrx_word' id='word_1_338' title='bbox 571 2703 614 2736; x_wconf 91' lang='lat' dir='ltr'><strong>de</strong></span> <span class='ocrx_word' id='word_1_339' title='bbox 631 2702 763 2735; x_wconf 90' lang='lat' dir='ltr'><strong>semine</strong></span> <span class='ocrx_word' id='word_1_340' title='bbox 781 2701 963 2744; x_wconf 87' lang='lat' dir='ltr'><strong>significat.</strong></span> 
     </span>
    </p>
   </div>
   <div class='ocr_carea' id='block_1_7' title="bbox 465 128 1854 171">
    <p class='ocr_par' dir='ltr' id='par_1_7' title="bbox 465 128 1854 171">
     <span class='ocr_line' id='line_1_52' title="bbox 465 128 1854 171; baseline 0.001 -4"><span class='ocrx_word' id='word_1_341' title='bbox 465 129 858 167; x_wconf 84' lang='lat' dir='ltr'><strong>ANNOTATIONES</strong></span> <span class='ocrx_word' id='word_1_342' title='bbox 884 128 951 166; x_wconf 88' lang='lat' dir='ltr'><strong>ET</strong></span> <span class='ocrx_word' id='word_1_343' title='bbox 978 129 1260 167; x_wconf 83' lang='lat' dir='ltr'>CONCIONES</span> <span class='ocrx_word' id='word_1_344' title='bbox 1289 132 1337 167; x_wconf 89' lang='lat' dir='ltr'><strong>IN</strong></span> <span class='ocrx_word' id='word_1_345' title='bbox 1364 132 1545 170; x_wconf 84' lang='lat' dir='ltr'><strong>EVANG.</strong></span> <span class='ocrx_word' id='word_1_346' title='bbox 1575 134 1854 171; x_wconf 78' lang='lat' dir='ltr'><strong>MATTHAEt.</strong></span> 
     </span>
    </p>
   </div>
   <div class='ocr_carea' id='block_1_8' title="bbox 2026 136 2101 173">
    <p class='ocr_par' dir='ltr' id='par_1_8' title="bbox 2026 136 2101 173">
     <span class='ocr_line' id='line_1_53' title="bbox 2026 136 2101 173; baseline 0.027 -3"><span class='ocrx_word' id='word_1_347' title='bbox 2026 136 2101 173; x_wconf 86' lang='lat'><strong>778</strong></span> 
     </span>
    </p>
   </div>
   <div class='ocr_carea' id='block_1_9' title="bbox 1107 215 2100 862">
    <p class='ocr_par' dir='ltr' id='par_1_9' title="bbox 1107 215 2100 862">
     <span class='ocr_line' id='line_1_54' title="bbox 1213 215 2100 265; baseline 0.006 -15"><span class='ocrx_word' id='word_1_348' title='bbox 1213 215 1244 250; x_wconf 87' lang='lat' dir='ltr'>E</span> <span class='ocrx_word' id='word_1_349' title='bbox 1266 218 1410 261; x_wconf 86' lang='lat' dir='ltr'><strong>regione</strong></span> <span class='ocrx_word' id='word_1_350' title='bbox 1434 217 1596 254; x_wconf 87' lang='lat' dir='ltr'><strong>homines</strong></span> <span class='ocrx_word' id='word_1_351' title='bbox 1613 233 1693 254; x_wconf 82' lang='lat' dir='ltr'><strong>vere</strong></span> <span class='ocrx_word' id='word_1_352' title='bbox 1711 222 1780 265; x_wconf 84' lang='lat' dir='ltr'><strong>pii,</strong></span> <span class='ocrx_word' id='word_1_353' title='bbox 1807 232 1889 255; x_wconf 82' lang='lat' dir='ltr'><strong>vere</strong></span> <span class='ocrx_word' id='word_1_354' title='bbox 1907 222 2100 263; x_wconf 81' lang='lat' dir='ltr'><strong>credentes,</strong></span> 
     </span>
     <span class='ocr_line' id='line_1_55' title="bbox 1110 269 2097 316; baseline 0.006 -16"><span class='ocrx_word' id='word_1_355' title='bbox 1110 279 1191 301; x_wconf 90' lang='lat' dir='ltr'><strong>vere</strong></span> <span class='ocrx_word' id='word_1_356' title='bbox 1209 269 1321 302; x_wconf 88' lang='lat' dir='ltr'><strong>renati</strong></span> <span class='ocrx_word' id='word_1_357' title='bbox 1342 277 1441 310; x_wconf 89' lang='lat' dir='ltr'><strong>sunt,</strong></span> <span class='ocrx_word' id='word_1_358' title='bbox 1469 271 1506 303; x_wconf 90' lang='lat' dir='ltr'><strong>in</strong></span> <span class='ocrx_word' id='word_1_359' title='bbox 1524 271 1652 316; x_wconf 90' lang='lat' dir='ltr'><strong>quibus</strong></span> <span class='ocrx_word' id='word_1_360' title='bbox 1671 279 1704 306; x_wconf 87' lang='lat' dir='ltr'><strong>et</strong></span> <span class='ocrx_word' id='word_1_361' title='bbox 1720 273 1824 306; x_wconf 89' lang='lat' dir='ltr'><strong>initia</strong></span> <span class='ocrx_word' id='word_1_362' title='bbox 1841 279 1922 306; x_wconf 90' lang='lat' dir='ltr'><strong>sunt</strong></span> <span class='ocrx_word' id='word_1_363' title='bbox 1939 284 2041 306; x_wconf 84' lang='lat' dir='ltr'><strong>verae</strong></span> <span class='ocrx_word' id='word_1_364' title='bbox 2057 285 2097 307; x_wconf 90' lang='lat' dir='ltr'><strong>ac</strong></span> 
     </span>
     <span class='ocr_line' id='line_1_56' title="bbox 1110 319 2095 364; baseline 0.006 -13"><span class='ocrx_word' id='word_1_365' title='bbox 1110 319 1220 352; x_wconf 85' lang='lat' dir='ltr'><strong>seriae</strong></span> <span class='ocrx_word' id='word_1_366' title='bbox 1256 320 1494 362; x_wconf 88' lang='lat' dir='ltr'><strong>poenitentiae</strong></span> <span class='ocrx_word' id='word_1_367' title='bbox 1533 333 1594 355; x_wconf 87' lang='lat' dir='ltr'><strong>seu</strong></span> <span class='ocrx_word' id='word_1_368' title='bbox 1625 323 1866 357; x_wconf 76' lang='lat' dir='ltr'><strong>conversionis</strong></span> <span class='ocrx_word' id='word_1_369' title='bbox 1895 324 1938 357; x_wconf 88' lang='lat' dir='ltr'><strong>ad</strong></span> <span class='ocrx_word' id='word_1_370' title='bbox 1968 322 2095 364; x_wconf 90' lang='lat' dir='ltr'><strong>Deum,</strong></span> 
     </span>
     <span class='ocr_line' id='line_1_57' title="bbox 1110 364 2094 419; baseline 0.006 -18"><span class='ocrx_word' id='word_1_371' title='bbox 1110 369 1316 403; x_wconf 87' lang='lat' dir='ltr'><strong>coniunctae</strong></span> <span class='ocrx_word' id='word_1_372' title='bbox 1339 383 1418 404; x_wconf 84' lang='lat' dir='ltr'><strong>cum</strong></span> <span class='ocrx_word' id='word_1_373' title='bbox 1442 372 1533 404; x_wconf 88' lang='lat' dir='ltr'><strong>veris</strong></span> <span class='ocrx_word' id='word_1_374' title='bbox 1558 364 1668 404; x_wconf 92' lang='lat' dir='ltr'><strong>animi</strong></span> <span class='ocrx_word' id='word_1_375' title='bbox 1694 375 1881 416; x_wconf 88' lang='lat' dir='ltr'><strong>pavoribus</strong></span> <span class='ocrx_word' id='word_1_376' title='bbox 1900 381 2003 419; x_wconf 90' lang='lat' dir='ltr'><strong>atque</strong></span> <span class='ocrx_word' id='word_1_377' title='bbox 2024 381 2094 407; x_wconf 89' lang='lat' dir='ltr'><strong>ter-</strong></span> 
     </span>
     <span class='ocr_line' id='line_1_58' title="bbox 1109 419 2094 467; baseline 0.004 -14"><span class='ocrx_word' id='word_1_378' title='bbox 1109 421 1249 454; x_wconf 90' lang='lat' dir='ltr'><strong>roribus</strong></span> <span class='ocrx_word' id='word_1_379' title='bbox 1265 419 1369 466; x_wconf 92' lang='lat' dir='ltr'><strong>(quos</strong></span> <span class='ocrx_word' id='word_1_380' title='bbox 1385 433 1505 455; x_wconf 89' lang='lat' dir='ltr'><strong>revera</strong></span> <span class='ocrx_word' id='word_1_381' title='bbox 1523 423 1681 456; x_wconf 87' lang='lat' dir='ltr'><strong>sentiunt</strong></span> <span class='ocrx_word' id='word_1_382' title='bbox 1697 435 1735 456; x_wconf 93' lang='lat' dir='ltr'><strong>ac</strong></span> <span class='ocrx_word' id='word_1_383' title='bbox 1750 425 1978 467; x_wconf 88' lang='lat' dir='ltr'><strong>experiuntur</strong></span> <span class='ocrx_word' id='word_1_384' title='bbox 1994 436 2094 458; x_wconf 81' lang='lat' dir='ltr'><strong>men-</strong></span> 
     </span>
     <span class='ocr_line' id='line_1_59' title="bbox 1109 472 2093 519; baseline 0.004 -15"><span class='ocrx_word' id='word_1_385' title='bbox 1109 477 1179 509; x_wconf 88' lang='lat' dir='ltr'><strong>tes,</strong></span> <span class='ocrx_word' id='word_1_386' title='bbox 1214 472 1357 516; x_wconf 90' lang='lat' dir='ltr'><strong>quando</strong></span> <span class='ocrx_word' id='word_1_387' title='bbox 1382 474 1644 507; x_wconf 81' lang='lat' dir='ltr'><strong>considerantes</strong></span> <span class='ocrx_word' id='word_1_388' title='bbox 1669 474 1756 506; x_wconf 87' lang='lat' dir='ltr'><strong>iram</strong></span> <span class='ocrx_word' id='word_1_389' title='bbox 1780 474 1845 507; x_wconf 90' lang='lat' dir='ltr'><strong>Dei</strong></span> <span class='ocrx_word' id='word_1_390' title='bbox 1873 487 1952 508; x_wconf 77' lang='lat' dir='ltr'><strong>vere</strong></span> <span class='ocrx_word' id='word_1_391' title='bbox 1975 476 2093 519; x_wconf 86' lang='lat' dir='ltr'><strong>depri-</strong></span> 
     </span>
     <span class='ocr_line' id='line_1_60' title="bbox 1108 522 2094 565; baseline 0.005 -11"><span class='ocrx_word' id='word_1_392' title='bbox 1108 529 1274 563; x_wconf 86' lang='lat' dir='ltr'><strong>muntur,</strong></span> <span class='ocrx_word' id='word_1_393' title='bbox 1307 523 1541 565; x_wconf 87' lang='lat' dir='ltr'><strong>abiiciuntur,</strong></span> <span class='ocrx_word' id='word_1_394' title='bbox 1568 522 1805 558; x_wconf 85' lang='lat' dir='ltr'><strong>humiliantur</strong></span> <span class='ocrx_word' id='word_1_395' title='bbox 1831 537 1970 558; x_wconf 81' lang='lat' dir='ltr'><strong>excussa</strong></span> <span class='ocrx_word' id='word_1_396' title='bbox 1994 538 2094 559; x_wconf 91' lang='lat' dir='ltr'><strong>secu-</strong></span> 
     </span>
     <span class='ocr_line' id='line_1_61' title="bbox 1109 571 2094 622; baseline 0.003 -17"><span class='ocrx_word' id='word_1_397' title='bbox 1109 571 1227 619; x_wconf 90' lang='lat' dir='ltr'><strong>ritate)</strong></span> <span class='ocrx_word' id='word_1_398' title='bbox 1254 579 1286 606; x_wconf 91' lang='lat' dir='ltr'><strong>et</strong></span> <span class='ocrx_word' id='word_1_399' title='bbox 1310 574 1410 607; x_wconf 90' lang='lat' dir='ltr'><strong>initia</strong></span> <span class='ocrx_word' id='word_1_400' title='bbox 1435 587 1537 608; x_wconf 80' lang='lat' dir='ltr'><strong>verae</strong></span> <span class='ocrx_word' id='word_1_401' title='bbox 1561 575 1834 614; x_wconf 85' lang='lat' dir='ltr'><strong>consolationis,</strong></span> <span class='ocrx_word' id='word_1_402' title='bbox 1861 587 1929 620; x_wconf 90' lang='lat' dir='ltr'><strong>qua</strong></span> <span class='ocrx_word' id='word_1_403' title='bbox 1950 588 2013 622; x_wconf 88' lang='lat' dir='ltr'><strong>per</strong></span> <span class='ocrx_word' id='word_1_404' title='bbox 2031 589 2094 609; x_wconf 82' lang='lat' dir='ltr'><strong>vo-</strong></span> 
     </span>
     <span class='ocr_line' id='line_1_62' title="bbox 1109 622 2094 669; baseline 0.004 -14"><span class='ocrx_word' id='word_1_405' title='bbox 1109 636 1181 656; x_wconf 87' lang='lat' dir='ltr'><strong>cem</strong></span> <span class='ocrx_word' id='word_1_406' title='bbox 1212 622 1398 666; x_wconf 84' lang='lat' dir='ltr'><strong>Evangelii</strong></span> <span class='ocrx_word' id='word_1_407' title='bbox 1425 632 1685 666; x_wconf 87' lang='lat' dir='ltr'><strong>sustentantur,</strong></span> <span class='ocrx_word' id='word_1_408' title='bbox 1719 627 1905 669; x_wconf 88' lang='lat' dir='ltr'><strong>eriguntur</strong></span> <span class='ocrx_word' id='word_1_409' title='bbox 1934 639 1972 659; x_wconf 84' lang='lat' dir='ltr'><strong>ac</strong></span> <span class='ocrx_word' id='word_1_410' title='bbox 2004 627 2094 659; x_wconf 79' lang='lat' dir='ltr'><strong>vivi-</strong></span> 
     </span>
     <span class='ocr_line' id='line_1_63' title="bbox 1108 674 2095 721; baseline 0.004 -15"><span class='ocrx_word' id='word_1_411' title='bbox 1108 674 1256 708; x_wconf 87' lang='lat' dir='ltr'><strong>ficantur</strong></span> <span class='ocrx_word' id='word_1_412' title='bbox 1287 676 1393 708; x_wconf 83' lang='lat' dir='ltr'><strong>corda</strong></span> <span class='ocrx_word' id='word_1_413' title='bbox 1417 676 1628 720; x_wconf 88' lang='lat' dir='ltr'><strong>trepidantia</strong></span> <span class='ocrx_word' id='word_1_414' title='bbox 1654 685 1685 710; x_wconf 89' lang='lat' dir='ltr'><strong>et</strong></span> <span class='ocrx_word' id='word_1_415' title='bbox 1710 677 1894 710; x_wconf 91' lang='lat' dir='ltr'><strong>doloribus</strong></span> <span class='ocrx_word' id='word_1_416' title='bbox 1919 689 2095 721; x_wconf 87' lang='lat' dir='ltr'><strong>oppressa,</strong></span> 
     </span>
     <span class='ocr_line' id='line_1_64' title="bbox 1108 726 2093 772; baseline 0.002 -14"><span class='ocrx_word' id='word_1_417' title='bbox 1108 732 1145 759; x_wconf 90' lang='lat' dir='ltr'><strong>ut</strong></span> <span class='ocrx_word' id='word_1_418' title='bbox 1160 737 1282 759; x_wconf 89' lang='lat' dir='ltr'><strong>rursus</strong></span> <span class='ocrx_word' id='word_1_419' title='bbox 1300 727 1521 771; x_wconf 88' lang='lat' dir='ltr'><strong>acquiescant</strong></span> <span class='ocrx_word' id='word_1_420' title='bbox 1539 728 1575 759; x_wconf 94' lang='lat' dir='ltr'><strong>in</strong></span> <span class='ocrx_word' id='word_1_421' title='bbox 1593 726 1668 760; x_wconf 77' lang='lat' dir='ltr'><strong>Deo</strong></span> <span class='ocrx_word' id='word_1_422' title='bbox 1686 735 1829 772; x_wconf 87' lang='lat' dir='ltr'><strong>propter</strong></span> <span class='ocrx_word' id='word_1_423' title='bbox 1844 727 2093 766; x_wconf 86' lang='lat' dir='ltr'><strong>Mediatorem,</strong></span> 
     </span>
     <span class='ocr_line' id='line_1_65' title="bbox 1107 774 2094 823; baseline 0.004 -15"><span class='ocrx_word' id='word_1_424' title='bbox 1107 782 1140 809; x_wconf 89' lang='lat' dir='ltr'><strong>et</strong></span> <span class='ocrx_word' id='word_1_425' title='bbox 1170 774 1235 810; x_wconf 91' lang='lat' dir='ltr'><strong>hac</strong></span> <span class='ocrx_word' id='word_1_426' title='bbox 1263 777 1330 809; x_wconf 87' lang='lat' dir='ltr'><strong>fide</strong></span> <span class='ocrx_word' id='word_1_427' title='bbox 1365 775 1536 812; x_wconf 85' lang='lat' dir='ltr'><strong>incho&#39;e&#39;nt</strong></span> <span class='ocrx_word' id='word_1_428' title='bbox 1559 779 1797 811; x_wconf 83' lang='lat' dir='ltr'><strong>obedientiam</strong></span> <span class='ocrx_word' id='word_1_429' title='bbox 1825 785 1976 823; x_wconf 61' lang='lat' dir='ltr'><strong>etspem</strong></span> <span class='ocrx_word' id='word_1_430' title='bbox 2001 780 2094 813; x_wconf 86' lang='lat' dir='ltr'><strong>vitae</strong></span> 
     </span>
     <span class='ocr_line' id='line_1_66' title="bbox 1107 834 1278 862; baseline 0.018 -3"><span class='ocrx_word' id='word_1_431' title='bbox 1107 834 1278 862; x_wconf 76' lang='lat' dir='ltr'><strong>aeternae.</strong></span> 
     </span>
    </p>
   </div>
   <div class='ocr_carea' id='block_1_10' title="bbox 1103 894 2095 1495">
    <p class='ocr_par' dir='ltr' id='par_1_10' title="bbox 1103 894 2095 1495">
     <span class='ocr_line' id='line_1_67' title="bbox 1210 894 2094 940; baseline 0.001 -12"><span class='ocrx_word' id='word_1_432' title='bbox 1210 894 1315 938; x_wconf 88' lang='lat' dir='ltr'><strong>Quod</strong></span> <span class='ocrx_word' id='word_1_433' title='bbox 1340 901 1454 928; x_wconf 90' lang='lat' dir='ltr'><strong>autem</strong></span> <span class='ocrx_word' id='word_1_434' title='bbox 1479 896 1611 939; x_wconf 87' lang='lat' dir='ltr'><strong>singuli</strong></span> <span class='ocrx_word' id='word_1_435' title='bbox 1628 896 1688 940; x_wconf 93' lang='lat' dir='ltr'><strong>qui</strong></span> <span class='ocrx_word' id='word_1_436' title='bbox 1707 896 1936 940; x_wconf 82' lang='lat' dir='ltr'><strong>experiuntur</strong></span> <span class='ocrx_word' id='word_1_437' title='bbox 1955 894 2018 929; x_wconf 90' lang='lat' dir='ltr'><strong>hos</strong></span> <span class='ocrx_word' id='word_1_438' title='bbox 2035 908 2094 929; x_wconf 80' lang='lat' dir='ltr'><strong>ve—</strong></span> 
     </span>
     <span class='ocr_line' id='line_1_68' title="bbox 1108 946 2095 992; baseline 0.002 -14"><span class='ocrx_word' id='word_1_439' title='bbox 1108 957 1164 979; x_wconf 86' lang='lat' dir='ltr'><strong>ros</strong></span> <span class='ocrx_word' id='word_1_440' title='bbox 1187 946 1424 990; x_wconf 85' lang='lat' dir='ltr'><strong>poenitentiae</strong></span> <span class='ocrx_word' id='word_1_441' title='bbox 1443 954 1547 992; x_wconf 88' lang='lat' dir='ltr'><strong>atque</strong></span> <span class='ocrx_word' id='word_1_442' title='bbox 1564 947 1643 979; x_wconf 84' lang='lat' dir='ltr'><strong>fidei</strong></span> <span class='ocrx_word' id='word_1_443' title='bbox 1660 954 1797 986; x_wconf 88' lang='lat' dir='ltr'><strong>motus,</strong></span> <span class='ocrx_word' id='word_1_444' title='bbox 1824 958 1905 980; x_wconf 88' lang='lat' dir='ltr'><strong>vere</strong></span> <span class='ocrx_word' id='word_1_445' title='bbox 1923 948 2095 990; x_wconf 85' lang='lat' dir='ltr'><strong>placeant,</strong></span> 
     </span>
     <span class='ocr_line' id='line_1_69' title="bbox 1108 997 2095 1042; baseline 0.001 -13"><span class='ocrx_word' id='word_1_446' title='bbox 1108 1004 1142 1030; x_wconf 88' lang='lat' dir='ltr'><strong>et</strong></span> <span class='ocrx_word' id='word_1_447' title='bbox 1166 997 1235 1030; x_wconf 92' lang='lat' dir='ltr'><strong>sint</strong></span> <span class='ocrx_word' id='word_1_448' title='bbox 1261 1009 1340 1029; x_wconf 90' lang='lat' dir='ltr'><strong>vere</strong></span> <span class='ocrx_word' id='word_1_449' title='bbox 1365 997 1429 1029; x_wconf 88' lang='lat' dir='ltr'><strong>filii</strong></span> <span class='ocrx_word' id='word_1_450' title='bbox 1454 997 1540 1037; x_wconf 90' lang='lat' dir='ltr'><strong>Dei,</strong></span> <span class='ocrx_word' id='word_1_451' title='bbox 1567 998 1799 1042; x_wconf 85' lang='lat' dir='ltr'><strong>comprobant</strong></span> <span class='ocrx_word' id='word_1_452' title='bbox 1821 1005 1856 1031; x_wconf 84' lang='lat' dir='ltr'><strong>et</strong></span> <span class='ocrx_word' id='word_1_453' title='bbox 1879 998 2095 1031; x_wconf 88' lang='lat' dir='ltr'><strong>convincunt</strong></span> 
     </span>
     <span class='ocr_line' id='line_1_70' title="bbox 1107 1045 2093 1094; baseline 0.002 -14"><span class='ocrx_word' id='word_1_454' title='bbox 1107 1045 1192 1080; x_wconf 83' lang='lat' dir='ltr'><strong>haec</strong></span> <span class='ocrx_word' id='word_1_455' title='bbox 1222 1048 1436 1081; x_wconf 76' lang='lat' dir='ltr'><strong>testimonia.</strong></span> <span class='ocrx_word' id='word_1_456' title='bbox 1502 1047 1626 1082; x_wconf 86' lang='lat' dir='ltr'><strong>Esaiae</strong></span> <span class='ocrx_word' id='word_1_457' title='bbox 1651 1049 1793 1082; x_wconf 89' lang='lat' dir='ltr'><strong>ultimo:</strong></span> <span class='ocrx_word' id='word_1_458' title='bbox 1828 1049 1884 1082; x_wconf 87' lang='lat' dir='ltr'><strong>Ad</strong></span> <span class='ocrx_word' id='word_1_459' title='bbox 1911 1061 2015 1094; x_wconf 88' lang='lat' dir='ltr'><strong>quem</strong></span> <span class='ocrx_word' id='word_1_460' title='bbox 2038 1061 2093 1082; x_wconf 89' lang='lat' dir='ltr'><strong>re-</strong></span> 
     </span>
     <span class='ocr_line' id='line_1_71' title="bbox 1107 1098 2091 1144; baseline 0.002 -14"><span class='ocrx_word' id='word_1_461' title='bbox 1107 1098 1270 1141; x_wconf 76' lang='lat' dir='ltr'><strong>spiciant,</strong></span> <span class='ocrx_word' id='word_1_462' title='bbox 1305 1099 1373 1130; x_wconf 89' lang='lat' dir='ltr'><strong>nisi</strong></span> <span class='ocrx_word' id='word_1_463' title='bbox 1408 1099 1450 1131; x_wconf 90' lang='lat' dir='ltr'><strong>ad</strong></span> <span class='ocrx_word' id='word_1_464' title='bbox 1482 1099 1649 1132; x_wconf 90' lang='lat' dir='ltr'><strong>miserum</strong></span> <span class='ocrx_word' id='word_1_465' title='bbox 1682 1106 1713 1132; x_wconf 91' lang='lat' dir='ltr'><strong>et</strong></span> <span class='ocrx_word' id='word_1_466' title='bbox 1739 1100 1928 1133; x_wconf 87' lang='lat' dir='ltr'><strong>contritum</strong></span> <span class='ocrx_word' id='word_1_467' title='bbox 1954 1100 2091 1144; x_wconf 86' lang='lat' dir='ltr'><strong>spiritu,</strong></span> 
     </span>
     <span class='ocr_line' id='line_1_72' title="bbox 1107 1149 2092 1185; baseline 0.003 -5"><span class='ocrx_word' id='word_1_468' title='bbox 1107 1155 1139 1181; x_wconf 85' lang='lat' dir='ltr'><strong>et</strong></span> <span class='ocrx_word' id='word_1_469' title='bbox 1164 1155 1372 1181; x_wconf 88' lang='lat' dir='ltr'><strong>trementem</strong></span> <span class='ocrx_word' id='word_1_470' title='bbox 1396 1161 1575 1182; x_wconf 89' lang='lat' dir='ltr'><strong>sermones</strong></span> <span class='ocrx_word' id='word_1_471' title='bbox 1594 1161 1700 1183; x_wconf 86' lang='lat' dir='ltr'><strong>meos.</strong></span> <span class='ocrx_word' id='word_1_472' title='bbox 1754 1149 1839 1183; x_wconf 87' lang='lat' dir='ltr'><strong>Item</strong></span> <span class='ocrx_word' id='word_1_473' title='bbox 1856 1149 1995 1183; x_wconf 90' lang='lat' dir='ltr'><strong>Psalmo</strong></span> <span class='ocrx_word' id='word_1_474' title='bbox 2015 1149 2092 1185; x_wconf 82' lang='lat'><strong>34.:</strong></span> 
     </span>
     <span class='ocr_line' id='line_1_73' title="bbox 1106 1198 2093 1245; baseline 0.002 -13"><span class='ocrx_word' id='word_1_475' title='bbox 1106 1199 1220 1243; x_wconf 88' lang='lat' dir='ltr'><strong>Prope</strong></span> <span class='ocrx_word' id='word_1_476' title='bbox 1244 1206 1295 1232; x_wconf 90' lang='lat' dir='ltr'><strong>est</strong></span> <span class='ocrx_word' id='word_1_477' title='bbox 1310 1198 1486 1232; x_wconf 90' lang='lat' dir='ltr'><strong>Dominus</strong></span> <span class='ocrx_word' id='word_1_478' title='bbox 1508 1198 1563 1232; x_wconf 91' lang='lat' dir='ltr'><strong>his</strong></span> <span class='ocrx_word' id='word_1_479' title='bbox 1588 1201 1647 1245; x_wconf 88' lang='lat' dir='ltr'><strong>qui</strong></span> <span class='ocrx_word' id='word_1_480' title='bbox 1675 1201 1843 1234; x_wconf 90' lang='lat' dir='ltr'><strong>tribulato</strong></span> <span class='ocrx_word' id='word_1_481' title='bbox 1870 1207 1954 1234; x_wconf 91' lang='lat' dir='ltr'><strong>sunt</strong></span> <span class='ocrx_word' id='word_1_482' title='bbox 1977 1203 2093 1239; x_wconf 88' lang='lat' dir='ltr'><strong>corde,</strong></span> 
     </span>
     <span class='ocr_line' id='line_1_74' title="bbox 1105 1250 2092 1293; baseline 0.001 -10"><span class='ocrx_word' id='word_1_483' title='bbox 1105 1257 1137 1283; x_wconf 90' lang='lat' dir='ltr'><strong>et</strong></span> <span class='ocrx_word' id='word_1_484' title='bbox 1168 1250 1337 1283; x_wconf 89' lang='lat' dir='ltr'><strong>contritos</strong></span> <span class='ocrx_word' id='word_1_485' title='bbox 1371 1251 1497 1293; x_wconf 88' lang='lat' dir='ltr'><strong>spiritu</strong></span> <span class='ocrx_word' id='word_1_486' title='bbox 1530 1251 1689 1286; x_wconf 86' lang='lat' dir='ltr'><strong>salvabit.</strong></span> <span class='ocrx_word' id='word_1_487' title='bbox 1744 1250 1831 1285; x_wconf 88' lang='lat' dir='ltr'><strong>Item</strong></span> <span class='ocrx_word' id='word_1_488' title='bbox 1855 1250 1996 1285; x_wconf 88' lang='lat' dir='ltr'><strong>Psalmo</strong></span> <span class='ocrx_word' id='word_1_489' title='bbox 2013 1251 2092 1285; x_wconf 88' lang='lat'><strong>51.:</strong></span> 
     </span>
     <span class='ocr_line' id='line_1_75' title="bbox 1105 1299 2093 1344; baseline 0.003 -12"><span class='ocrx_word' id='word_1_490' title='bbox 1105 1300 1323 1333; x_wconf 76' lang='lat' dir='ltr'><strong>Sacrificium</strong></span> <span class='ocrx_word' id='word_1_491' title='bbox 1349 1299 1426 1333; x_wconf 90' lang='lat' dir='ltr'><strong>Deo</strong></span> <span class='ocrx_word' id='word_1_492' title='bbox 1454 1301 1598 1344; x_wconf 88' lang='lat' dir='ltr'><strong>spiritus</strong></span> <span class='ocrx_word' id='word_1_493' title='bbox 1622 1302 1791 1340; x_wconf 80' lang='lat' dir='ltr'><strong>afflictus,</strong></span> <span class='ocrx_word' id='word_1_494' title='bbox 1819 1314 1879 1336; x_wconf 93' lang='lat' dir='ltr'><strong>cor</strong></span> <span class='ocrx_word' id='word_1_495' title='bbox 1903 1303 2093 1336; x_wconf 82' lang='lat' dir='ltr'><strong>contritum</strong></span> 
     </span>
     <span class='ocr_line' id='line_1_76' title="bbox 1104 1348 2091 1396; baseline 0.002 -13"><span class='ocrx_word' id='word_1_496' title='bbox 1104 1358 1135 1383; x_wconf 92' lang='lat' dir='ltr'><strong>et</strong></span> <span class='ocrx_word' id='word_1_497' title='bbox 1162 1348 1387 1384; x_wconf 87' lang='lat' dir='ltr'><strong>humiliatum</strong></span> <span class='ocrx_word' id='word_1_498' title='bbox 1410 1350 1505 1384; x_wconf 90' lang='lat' dir='ltr'><strong>Deus</strong></span> <span class='ocrx_word' id='word_1_499' title='bbox 1528 1364 1601 1385; x_wconf 91' lang='lat' dir='ltr'><strong>non</strong></span> <span class='ocrx_word' id='word_1_500' title='bbox 1628 1353 1805 1396; x_wconf 87' lang='lat' dir='ltr'><strong>despiciet.</strong></span> <span class='ocrx_word' id='word_1_501' title='bbox 1865 1351 1990 1385; x_wconf 82' lang='lat' dir='ltr'><strong>Esaiae</strong></span> <span class='ocrx_word' id='word_1_502' title='bbox 2016 1353 2091 1388; x_wconf 63' lang='lat'><strong>42:</strong></span> 
     </span>
     <span class='ocr_line' id='line_1_77' title="bbox 1103 1400 2093 1446; baseline 0.003 -13"><span class='ocrx_word' id='word_1_503' title='bbox 1103 1400 1286 1434; x_wconf 89' lang='lat' dir='ltr'><strong>Calamum</strong></span> <span class='ocrx_word' id='word_1_504' title='bbox 1314 1408 1515 1446; x_wconf 85' lang='lat' dir='ltr'><strong>quassatum</strong></span> <span class='ocrx_word' id='word_1_505' title='bbox 1542 1414 1616 1435; x_wconf 91' lang='lat' dir='ltr'><strong>non</strong></span> <span class='ocrx_word' id='word_1_506' title='bbox 1643 1403 1859 1445; x_wconf 86' lang='lat' dir='ltr'><strong>confringet,</strong></span> <span class='ocrx_word' id='word_1_507' title='bbox 1896 1404 2009 1436; x_wconf 90' lang='lat' dir='ltr'><strong>linum</strong></span> <span class='ocrx_word' id='word_1_508' title='bbox 2037 1404 2093 1436; x_wconf 79' lang='lat' dir='ltr'><strong>su-</strong></span> 
     </span>
     <span class='ocr_line' id='line_1_78' title="bbox 1104 1452 1557 1495; baseline 0.004 -11"><span class='ocrx_word' id='word_1_509' title='bbox 1104 1452 1239 1494; x_wconf 87' lang='lat' dir='ltr'><strong>migans</strong></span> <span class='ocrx_word' id='word_1_510' title='bbox 1258 1464 1331 1485; x_wconf 91' lang='lat' dir='ltr'><strong>non</strong></span> <span class='ocrx_word' id='word_1_511' title='bbox 1353 1453 1557 1495; x_wconf 79' lang='lat' dir='ltr'><strong>exstinguet.</strong></span> 
     </span>
    </p>
   </div>
   <div class='ocr_carea' id='block_1_11' title="bbox 1101 1518 2092 1957">
    <p class='ocr_par' dir='ltr' id='par_1_11' title="bbox 1101 1518 2092 1957">
     <span class='ocr_line' id='line_1_79' title="bbox 1204 1518 2091 1564; baseline 0.001 -12"><span class='ocrx_word' id='word_1_512' title='bbox 1204 1518 1300 1552; x_wconf 90' lang='lat' dir='ltr'><strong>Haec</strong></span> <span class='ocrx_word' id='word_1_513' title='bbox 1327 1520 1437 1560; x_wconf 87' lang='lat' dir='ltr'><strong>dicta,</strong></span> <span class='ocrx_word' id='word_1_514' title='bbox 1468 1531 1611 1563; x_wconf 89' lang='lat' dir='ltr'><strong>prorsus</strong></span> <span class='ocrx_word' id='word_1_515' title='bbox 1642 1520 1826 1564; x_wconf 89' lang='lat' dir='ltr'><strong>perspicua</strong></span> <span class='ocrx_word' id='word_1_516' title='bbox 1851 1526 1883 1553; x_wconf 89' lang='lat' dir='ltr'><strong>et</strong></span> <span class='ocrx_word' id='word_1_517' title='bbox 1908 1520 2091 1564; x_wconf 88' lang='lat' dir='ltr'><strong>explicata,</strong></span> 
     </span>
     <span class='ocr_line' id='line_1_80' title="bbox 1102 1568 2092 1615; baseline 0 -12"><span class='ocrx_word' id='word_1_518' title='bbox 1102 1577 1302 1604; x_wconf 88' lang='lat' dir='ltr'><strong>monstrant</strong></span> <span class='ocrx_word' id='word_1_519' title='bbox 1334 1570 1524 1603; x_wconf 89' lang='lat' dir='ltr'><strong>discrimen</strong></span> <span class='ocrx_word' id='word_1_520' title='bbox 1550 1572 1644 1604; x_wconf 91' lang='lat' dir='ltr'><strong>inter</strong></span> <span class='ocrx_word' id='word_1_521' title='bbox 1666 1571 1757 1604; x_wconf 89' lang='lat' dir='ltr'><strong>filios</strong></span> <span class='ocrx_word' id='word_1_522' title='bbox 1780 1570 1846 1603; x_wconf 88' lang='lat' dir='ltr'><strong>Dei</strong></span> <span class='ocrx_word' id='word_1_523' title='bbox 1871 1577 1903 1604; x_wconf 90' lang='lat' dir='ltr'><strong>et</strong></span> <span class='ocrx_word' id='word_1_524' title='bbox 1926 1568 2092 1615; x_wconf 89' lang='lat' dir='ltr'><strong>hypocri-</strong></span> 
     </span>
     <span class='ocr_line' id='line_1_81' title="bbox 1102 1619 2092 1665; baseline 0 -11"><span class='ocrx_word' id='word_1_525' title='bbox 1102 1628 1165 1655; x_wconf 80' lang='lat' dir='ltr'><strong>tas,</strong></span> <span class='ocrx_word' id='word_1_526' title='bbox 1217 1619 1428 1665; x_wconf 89' lang='lat' dir='ltr'><strong>Ubicunque</strong></span> <span class='ocrx_word' id='word_1_527' title='bbox 1458 1628 1508 1654; x_wconf 84' lang='lat' dir='ltr'><strong>est</strong></span> <span class='ocrx_word' id='word_1_528' title='bbox 1538 1633 1599 1654; x_wconf 90' lang='lat' dir='ltr'><strong>cor</strong></span> <span class='ocrx_word' id='word_1_529' title='bbox 1631 1621 1773 1661; x_wconf 89' lang='lat' dir='ltr'><strong>dolens,</strong></span> <span class='ocrx_word' id='word_1_530' title='bbox 1806 1628 1838 1654; x_wconf 88' lang='lat' dir='ltr'><strong>et</strong></span> <span class='ocrx_word' id='word_1_531' title='bbox 1863 1632 2092 1664; x_wconf 80' lang='lat' dir='ltr'><strong>expavescens</strong></span> 
     </span>
     <span class='ocr_line' id='line_1_82' title="bbox 1103 1670 2090 1716; baseline 0 -12"><span class='ocrx_word' id='word_1_532' title='bbox 1103 1671 1313 1713; x_wconf 87' lang='lat' dir='ltr'><strong>cogitatione</strong></span> <span class='ocrx_word' id='word_1_533' title='bbox 1342 1671 1413 1703; x_wconf 85' lang='lat' dir='ltr'><strong>irae</strong></span> <span class='ocrx_word' id='word_1_534' title='bbox 1438 1670 1521 1711; x_wconf 89' lang='lat' dir='ltr'><strong>Dei,</strong></span> <span class='ocrx_word' id='word_1_535' title='bbox 1556 1672 1650 1716; x_wconf 89' lang='lat' dir='ltr'><strong>quod</strong></span> <span class='ocrx_word' id='word_1_536' title='bbox 1676 1678 1791 1704; x_wconf 89' lang='lat' dir='ltr'><strong>tamen</strong></span> <span class='ocrx_word' id='word_1_537' title='bbox 1816 1672 2022 1714; x_wconf 81' lang='lat' dir='ltr'><strong>confugiens</strong></span> <span class='ocrx_word' id='word_1_538' title='bbox 2048 1673 2090 1705; x_wconf 85' lang='lat' dir='ltr'><strong>ad</strong></span> 
     </span>
     <span class='ocr_line' id='line_1_83' title="bbox 1102 1720 2091 1764; baseline 0.001 -9"><span class='ocrx_word' id='word_1_539' title='bbox 1102 1722 1217 1756; x_wconf 92' lang='lat' dir='ltr'><strong>Deum</strong></span> <span class='ocrx_word' id='word_1_540' title='bbox 1241 1733 1362 1754; x_wconf 84' lang='lat' dir='ltr'><strong>rursus</strong></span> <span class='ocrx_word' id='word_1_541' title='bbox 1388 1721 1534 1764; x_wconf 87' lang='lat' dir='ltr'><strong>erigitur</strong></span> <span class='ocrx_word' id='word_1_542' title='bbox 1557 1721 1795 1755; x_wconf 88' lang='lat' dir='ltr'><strong>consolatione</strong></span> <span class='ocrx_word' id='word_1_543' title='bbox 1817 1720 2024 1764; x_wconf 85' lang='lat' dir='ltr'><strong>Evangelii,</strong></span> <span class='ocrx_word' id='word_1_544' title='bbox 2059 1729 2091 1756; x_wconf 90' lang='lat' dir='ltr'><strong>et</strong></span> 
     </span>
     <span class='ocr_line' id='line_1_84' title="bbox 1103 1770 2092 1816; baseline 0.001 -12"><span class='ocrx_word' id='word_1_545' title='bbox 1103 1772 1291 1816; x_wconf 87' lang='lat' dir='ltr'><strong>acquiescit</strong></span> <span class='ocrx_word' id='word_1_546' title='bbox 1316 1772 1358 1805; x_wconf 85' lang='lat' dir='ltr'><strong>in&#39;</strong></span> <span class='ocrx_word' id='word_1_547' title='bbox 1371 1773 1550 1815; x_wconf 86' lang='lat' dir='ltr'><strong>agnitione</strong></span> <span class='ocrx_word' id='word_1_548' title='bbox 1568 1770 1719 1805; x_wconf 86' lang='lat' dir='ltr'><strong>Christi:</strong></span> <span class='ocrx_word' id='word_1_549' title='bbox 1748 1773 1799 1805; x_wconf 91' lang='lat' dir='ltr'><strong>ibi</strong></span> <span class='ocrx_word' id='word_1_550' title='bbox 1815 1779 1896 1805; x_wconf 89' lang='lat' dir='ltr'><strong>sunt</strong></span> <span class='ocrx_word' id='word_1_551' title='bbox 1914 1773 2014 1806; x_wconf 90' lang='lat' dir='ltr'><strong>initia</strong></span> <span class='ocrx_word' id='word_1_552' title='bbox 2033 1785 2092 1805; x_wconf 76' lang='lat' dir='ltr'><strong>ve-</strong></span> 
     </span>
     <span class='ocr_line' id='line_1_85' title="bbox 1102 1822 2092 1865; baseline 0.002 -10"><span class='ocrx_word' id='word_1_553' title='bbox 1102 1835 1159 1855; x_wconf 84' lang='lat' dir='ltr'><strong>rae</strong></span> <span class='ocrx_word' id='word_1_554' title='bbox 1184 1823 1417 1865; x_wconf 87' lang='lat' dir='ltr'><strong>poenitentiae</strong></span> <span class='ocrx_word' id='word_1_555' title='bbox 1444 1835 1503 1856; x_wconf 88' lang='lat' dir='ltr'><strong>seu</strong></span> <span class='ocrx_word' id='word_1_556' title='bbox 1528 1823 1768 1856; x_wconf 84' lang='lat' dir='ltr'><strong>conversionis</strong></span> <span class='ocrx_word' id='word_1_557' title='bbox 1792 1824 1833 1855; x_wconf 88' lang='lat' dir='ltr'><strong>ad</strong></span> <span class='ocrx_word' id='word_1_558' title='bbox 1859 1822 1994 1864; x_wconf 90' lang='lat' dir='ltr'><strong>Deum,</strong></span> <span class='ocrx_word' id='word_1_559' title='bbox 2028 1836 2092 1857; x_wconf 87' lang='lat' dir='ltr'><strong>nec</strong></span> 
     </span>
     <span class='ocr_line' id='line_1_86' title="bbox 1102 1871 2091 1918; baseline 0.002 -13"><span class='ocrx_word' id='word_1_560' title='bbox 1102 1874 1139 1905; x_wconf 92' lang='lat' dir='ltr'><strong>in</strong></span> <span class='ocrx_word' id='word_1_561' title='bbox 1162 1873 1292 1906; x_wconf 88' lang='lat' dir='ltr'><strong>talibus</strong></span> <span class='ocrx_word' id='word_1_562' title='bbox 1315 1880 1363 1906; x_wconf 88' lang='lat' dir='ltr'><strong>est</strong></span> <span class='ocrx_word' id='word_1_563' title='bbox 1388 1871 1584 1918; x_wconf 85' lang='lat' dir='ltr'><strong>hypocrisis</strong></span> <span class='ocrx_word' id='word_1_564' title='bbox 1602 1873 1709 1916; x_wconf 89' lang='lat' dir='ltr'><strong>impia</strong></span> <span class='ocrx_word' id='word_1_565' title='bbox 1729 1880 1761 1906; x_wconf 90' lang='lat' dir='ltr'><strong>et</strong></span> <span class='ocrx_word' id='word_1_566' title='bbox 1778 1873 1948 1907; x_wconf 87' lang='lat' dir='ltr'><strong>divinitus</strong></span> <span class='ocrx_word' id='word_1_567' title='bbox 1966 1874 2091 1908; x_wconf 87' lang='lat' dir='ltr'><strong>reiecta</strong></span> 
     </span>
     <span class='ocr_line' id='line_1_87' title="bbox 1101 1924 1424 1957; baseline 0.003 -1"><span class='ocrx_word' id='word_1_568' title='bbox 1101 1935 1161 1956; x_wconf 89' lang='lat' dir='ltr'><strong>seu</strong></span> <span class='ocrx_word' id='word_1_569' title='bbox 1180 1924 1424 1957; x_wconf 88' lang='lat' dir='ltr'><strong>condemnata.</strong></span> 
     </span>
    </p>
   </div>
   <div class='ocr_carea' id='block_1_12' title="bbox 1100 1989 2092 2746">
    <p class='ocr_par' dir='ltr' id='par_1_12' title="bbox 1100 1989 2092 2746">
     <span class='ocr_line' id='line_1_88' title="bbox 1204 1989 2091 2033; baseline 0.001 -9"><span class='ocrx_word' id='word_1_570' title='bbox 1204 1989 1386 2024; x_wconf 88' lang='lat' dir='ltr'><strong>Caeterum</strong></span> <span class='ocrx_word' id='word_1_571' title='bbox 1418 1991 1571 2024; x_wconf 89' lang='lat' dir='ltr'><strong>secundo</strong></span> <span class='ocrx_word' id='word_1_572' title='bbox 1602 1991 1679 2024; x_wconf 91' lang='lat' dir='ltr'><strong>loco</strong></span> <span class='ocrx_word' id='word_1_573' title='bbox 1710 2003 1810 2024; x_wconf 89' lang='lat' dir='ltr'><strong>causa</strong></span> <span class='ocrx_word' id='word_1_574' title='bbox 1838 1992 2091 2033; x_wconf 84' lang='lat' dir='ltr'><strong>consideretur,</strong></span> 
     </span>
     <span class='ocr_line' id='line_1_89' title="bbox 1101 2038 2090 2086; baseline 0.003 -12"><span class='ocrx_word' id='word_1_575' title='bbox 1101 2053 1208 2086; x_wconf 88' lang='lat' dir='ltr'><strong>quare</strong></span> <span class='ocrx_word' id='word_1_576' title='bbox 1231 2039 1407 2074; x_wconf 90' lang='lat' dir='ltr'><strong>Dominus</strong></span> <span class='ocrx_word' id='word_1_577' title='bbox 1434 2038 1509 2082; x_wconf 84' lang='lat' dir='ltr'><strong>hic,</strong></span> <span class='ocrx_word' id='word_1_578' title='bbox 1543 2053 1604 2085; x_wconf 86' lang='lat' dir='ltr'><strong>per</strong></span> <span class='ocrx_word' id='word_1_579' title='bbox 1629 2039 1838 2083; x_wconf 87' lang='lat' dir='ltr'><strong>antithesin,</strong></span> <span class='ocrx_word' id='word_1_580' title='bbox 1874 2043 2090 2077; x_wconf 87' lang='lat' dir='ltr'><strong>mentionem</strong></span> 
     </span>
     <span class='ocr_line' id='line_1_90' title="bbox 1101 2091 2092 2138; baseline 0.003 -14"><span class='ocrx_word' id='word_1_581' title='bbox 1101 2092 1203 2125; x_wconf 83' lang='lat' dir='ltr'><strong>faciat</strong></span> <span class='ocrx_word' id='word_1_582' title='bbox 1224 2092 1413 2136; x_wconf 78' lang='lat' dir='ltr'><strong>utriusque</strong></span> <span class='ocrx_word' id='word_1_583' title='bbox 1438 2099 1574 2133; x_wconf 89' lang='lat' dir='ltr'><strong>coetus,</strong></span> <span class='ocrx_word' id='word_1_584' title='bbox 1609 2093 1740 2126; x_wconf 88' lang='lat' dir='ltr'><strong>scilicet</strong></span> <span class='ocrx_word' id='word_1_585' title='bbox 1768 2091 2032 2138; x_wconf 78' lang='lat' dir='ltr'><strong>hypocritarum</strong></span> <span class='ocrx_word' id='word_1_586' title='bbox 2057 2101 2092 2127; x_wconf 86' lang='lat' dir='ltr'><strong>et</strong></span> 
     </span>
     <span class='ocr_line' id='line_1_91' title="bbox 1102 2141 2090 2188; baseline 0.002 -13"><span class='ocrx_word' id='word_1_587' title='bbox 1102 2154 1182 2175; x_wconf 90' lang='lat' dir='ltr'><strong>vere</strong></span> <span class='ocrx_word' id='word_1_588' title='bbox 1206 2143 1436 2188; x_wconf 75' lang='lat' dir='ltr'><strong>credentium.</strong></span> <span class='ocrx_word' id='word_1_589' title='bbox 1489 2141 1540 2176; x_wconf 85' lang='lat' dir='ltr'><strong>Ac</strong></span> <span class='ocrx_word' id='word_1_590' title='bbox 1556 2144 1653 2187; x_wconf 85' lang='lat' dir='ltr'><strong>prior</strong></span> <span class='ocrx_word' id='word_1_591' title='bbox 1668 2143 1810 2188; x_wconf 87' lang='lat' dir='ltr'><strong>quidem</strong></span> <span class='ocrx_word' id='word_1_592' title='bbox 1831 2155 1931 2177; x_wconf 89' lang='lat' dir='ltr'><strong>causa</strong></span> <span class='ocrx_word' id='word_1_593' title='bbox 1948 2144 2090 2177; x_wconf 90' lang='lat' dir='ltr'><strong>concio-</strong></span> 
     </span>
     <span class='ocr_line' id='line_1_92' title="bbox 1102 2190 2089 2238; baseline 0.003 -13"><span class='ocrx_word' id='word_1_594' title='bbox 1102 2193 1157 2226; x_wconf 90' lang='lat' dir='ltr'><strong>nis</strong></span> <span class='ocrx_word' id='word_1_595' title='bbox 1183 2190 1290 2226; x_wconf 87' lang='lat' dir='ltr'><strong>huius</strong></span> <span class='ocrx_word' id='word_1_596' title='bbox 1314 2200 1382 2234; x_wconf 88' lang='lat' dir='ltr'><strong>est,</strong></span> <span class='ocrx_word' id='word_1_597' title='bbox 1417 2200 1457 2227; x_wconf 88' lang='lat' dir='ltr'><strong>nt</strong></span> <span class='ocrx_word' id='word_1_598' title='bbox 1479 2191 1547 2227; x_wconf 92' lang='lat' dir='ltr'><strong>hoc</strong></span> <span class='ocrx_word' id='word_1_599' title='bbox 1570 2195 1684 2238; x_wconf 89' lang='lat' dir='ltr'><strong>ipsum</strong></span> <span class='ocrx_word' id='word_1_600' title='bbox 1709 2194 1897 2227; x_wconf 88' lang='lat' dir='ltr'><strong>discrimen</strong></span> <span class='ocrx_word' id='word_1_601' title='bbox 1920 2194 2026 2228; x_wconf 91' lang='lat' dir='ltr'><strong>nobis</strong></span> <span class='ocrx_word' id='word_1_602' title='bbox 2053 2195 2089 2227; x_wconf 95' lang='lat' dir='ltr'><strong>in</strong></span> 
     </span>
     <span class='ocr_line' id='line_1_93' title="bbox 1101 2242 2089 2290; baseline 0.001 -13"><span class='ocrx_word' id='word_1_603' title='bbox 1101 2251 1289 2288; x_wconf 90' lang='lat' dir='ltr'><strong>conspectu</strong></span> <span class='ocrx_word' id='word_1_604' title='bbox 1312 2256 1351 2277; x_wconf 88' lang='lat' dir='ltr'><strong>ac</strong></span> <span class='ocrx_word' id='word_1_605' title='bbox 1366 2245 1589 2278; x_wconf 80' lang='lat' dir='ltr'><strong>familiariter</strong></span> <span class='ocrx_word' id='word_1_606' title='bbox 1605 2251 1728 2278; x_wconf 90' lang='lat' dir='ltr'><strong>notum</strong></span> <span class='ocrx_word' id='word_1_607' title='bbox 1747 2244 1810 2284; x_wconf 89' lang='lat' dir='ltr'><strong>sit,</strong></span> <span class='ocrx_word' id='word_1_608' title='bbox 1837 2256 1901 2277; x_wconf 91' lang='lat' dir='ltr'><strong>nec</strong></span> <span class='ocrx_word' id='word_1_609' title='bbox 1918 2245 1956 2277; x_wconf 91' lang='lat' dir='ltr'><strong>in</strong></span> <span class='ocrx_word' id='word_1_610' title='bbox 1976 2242 2089 2290; x_wconf 84' lang='lat' dir='ltr'><strong>hypo-</strong></span> 
     </span>
     <span class='ocr_line' id='line_1_94' title="bbox 1102 2295 2090 2339; baseline 0 -11"><span class='ocrx_word' id='word_1_611' title='bbox 1102 2295 1180 2328; x_wconf 85' lang='lat' dir='ltr'><strong>crisi</strong></span> <span class='ocrx_word' id='word_1_612' title='bbox 1207 2307 1487 2339; x_wconf 88' lang='lat' dir='ltr'><strong>perseveremus,</strong></span> <span class='ocrx_word' id='word_1_613' title='bbox 1521 2302 1554 2329; x_wconf 87' lang='lat' dir='ltr'><strong>et</strong></span> <span class='ocrx_word' id='word_1_614' title='bbox 1580 2296 1677 2328; x_wconf 89' lang='lat' dir='ltr'><strong>velut</strong></span> <span class='ocrx_word' id='word_1_615' title='bbox 1702 2295 1865 2338; x_wconf 89' lang='lat' dir='ltr'><strong>impliciti</strong></span> <span class='ocrx_word' id='word_1_616' title='bbox 1890 2296 2090 2330; x_wconf 84' lang='lat' dir='ltr'><strong>constricti-</strong></span> 
     </span>
     <span class='ocr_line' id='line_1_95' title="bbox 1101 2344 2090 2391; baseline 0 -12"><span class='ocrx_word' id='word_1_617' title='bbox 1101 2357 1168 2391; x_wconf 89' lang='lat' dir='ltr'><strong>que</strong></span> <span class='ocrx_word' id='word_1_618' title='bbox 1199 2346 1430 2380; x_wconf 90' lang='lat' dir='ltr'><strong>detineamur.</strong></span> <span class='ocrx_word' id='word_1_619' title='bbox 1499 2345 1666 2391; x_wconf 91' lang='lat' dir='ltr'><strong>Requirit</strong></span> <span class='ocrx_word' id='word_1_620' title='bbox 1695 2345 1789 2378; x_wconf 90' lang='lat' dir='ltr'><strong>enim</strong></span> <span class='ocrx_word' id='word_1_621' title='bbox 1812 2344 1907 2379; x_wconf 90' lang='lat' dir='ltr'><strong>Deus</strong></span> <span class='ocrx_word' id='word_1_622' title='bbox 1937 2348 2090 2380; x_wconf 88' lang='lat' dir='ltr'><strong>cultores</strong></span> 
     </span>
     <span class='ocr_line' id='line_1_96' title="bbox 1102 2396 2089 2442; baseline 0.002 -13"><span class='ocrx_word' id='word_1_623' title='bbox 1102 2404 1204 2442; x_wconf 90' lang='lat' dir='ltr'><strong>atque</strong></span> <span class='ocrx_word' id='word_1_624' title='bbox 1227 2397 1427 2437; x_wconf 89' lang='lat' dir='ltr'><strong>ministros,</strong></span> <span class='ocrx_word' id='word_1_625' title='bbox 1455 2409 1537 2429; x_wconf 81' lang='lat' dir='ltr'><strong>vero</strong></span> <span class='ocrx_word' id='word_1_626' title='bbox 1560 2403 1658 2429; x_wconf 89' lang='lat' dir='ltr'><strong>motu</strong></span> <span class='ocrx_word' id='word_1_627' title='bbox 1681 2396 1796 2429; x_wconf 89' lang='lat' dir='ltr'><strong>cordis</strong></span> <span class='ocrx_word' id='word_1_628' title='bbox 1821 2404 2010 2441; x_wconf 89' lang='lat' dir='ltr'><strong>spontanea</strong></span> <span class='ocrx_word' id='word_1_629' title='bbox 2028 2409 2089 2431; x_wconf 89' lang='lat' dir='ltr'><strong>seu</strong></span> 
     </span>
     <span class='ocr_line' id='line_1_97' title="bbox 1102 2446 2088 2493; baseline 0.001 -13"><span class='ocrx_word' id='word_1_630' title='bbox 1102 2448 1296 2491; x_wconf 85' lang='lat' dir='ltr'><strong>spiritualia</strong></span> <span class='ocrx_word' id='word_1_631' title='bbox 1320 2448 1432 2481; x_wconf 87' lang='lat' dir='ltr'><strong>officia</strong></span> <span class='ocrx_word' id='word_1_632' title='bbox 1460 2454 1690 2491; x_wconf 84' lang='lat' dir='ltr'><strong>praestantes,</strong></span> <span class='ocrx_word' id='word_1_633' title='bbox 1719 2459 1790 2480; x_wconf 90' lang='lat' dir='ltr'><strong>non</strong></span> <span class='ocrx_word' id='word_1_634' title='bbox 1816 2448 1950 2481; x_wconf 77' lang='lat' dir='ltr'><strong>fucatos</strong></span> <span class='ocrx_word' id='word_1_635' title='bbox 1974 2446 2088 2493; x_wconf 87' lang='lat' dir='ltr'><strong>hypo-</strong></span> 
     </span>
     <span class='ocr_line' id='line_1_98' title="bbox 1101 2495 2091 2542; baseline 0 -10"><span class='ocrx_word' id='word_1_636' title='bbox 1101 2499 1223 2539; x_wconf 90' lang='lat' dir='ltr'><strong>critas,</strong></span> <span class='ocrx_word' id='word_1_637' title='bbox 1249 2506 1289 2533; x_wconf 90' lang='lat' dir='ltr'><strong>ut</strong></span> <span class='ocrx_word' id='word_1_638' title='bbox 1303 2497 1412 2539; x_wconf 86' lang='lat' dir='ltr'><strong>Cain,</strong></span> <span class='ocrx_word' id='word_1_639' title='bbox 1437 2498 1597 2539; x_wconf 89' lang='lat' dir='ltr'><strong>Saulem,</strong></span> <span class='ocrx_word' id='word_1_640' title='bbox 1624 2495 1850 2542; x_wconf 85' lang='lat' dir='ltr'><strong>Achitophel‚</strong></span> <span class='ocrx_word' id='word_1_641' title='bbox 1878 2506 1911 2532; x_wconf 90' lang='lat' dir='ltr'><strong>et</strong></span> <span class='ocrx_word' id='word_1_642' title='bbox 1927 2499 1963 2531; x_wconf 90' lang='lat' dir='ltr'><strong>id</strong></span> <span class='ocrx_word' id='word_1_643' title='bbox 1981 2510 2091 2542; x_wconf 89' lang='lat' dir='ltr'><strong>genus</strong></span> 
     </span>
     <span class='ocr_line' id='line_1_99' title="bbox 1102 2549 2089 2594; baseline 0.001 -13"><span class='ocrx_word' id='word_1_644' title='bbox 1102 2549 1320 2594; x_wconf 87' lang='lat' dir='ltr'><strong>viperarum,</strong></span> <span class='ocrx_word' id='word_1_645' title='bbox 1356 2550 1449 2594; x_wconf 88' lang='lat' dir='ltr'><strong>quod</strong></span> <span class='ocrx_word' id='word_1_646' title='bbox 1474 2549 1559 2582; x_wconf 86' lang='lat' dir='ltr'><strong>soris</strong></span> <span class='ocrx_word' id='word_1_647' title='bbox 1584 2549 1746 2592; x_wconf 85' lang='lat' dir='ltr'><strong>glabrum</strong></span> <span class='ocrx_word' id='word_1_648' title='bbox 1771 2549 1913 2582; x_wconf 83' lang='lat' dir='ltr'><strong>videtur</strong></span> <span class='ocrx_word' id='word_1_649' title='bbox 1937 2561 1977 2582; x_wconf 89' lang='lat' dir='ltr'><strong>ac</strong></span> <span class='ocrx_word' id='word_1_650' title='bbox 2003 2549 2089 2583; x_wconf 90' lang='lat' dir='ltr'><strong>niti-</strong></span> 
     </span>
     <span class='ocr_line' id='line_1_100' title="bbox 1101 2600 2090 2645; baseline 0 -12"><span class='ocrx_word' id='word_1_651' title='bbox 1101 2601 1205 2639; x_wconf 89' lang='lat' dir='ltr'><strong>dum,</strong></span> <span class='ocrx_word' id='word_1_652' title='bbox 1232 2602 1291 2634; x_wconf 85' lang='lat' dir='ltr'><strong>sed</strong></span> <span class='ocrx_word' id='word_1_653' title='bbox 1312 2601 1407 2633; x_wconf 89' lang='lat' dir='ltr'><strong>intus</strong></span> <span class='ocrx_word' id='word_1_654' title='bbox 1424 2600 1567 2644; x_wconf 90' lang='lat' dir='ltr'><strong>plenum</strong></span> <span class='ocrx_word' id='word_1_655' title='bbox 1586 2607 1635 2633; x_wconf 89' lang='lat' dir='ltr'><strong>est</strong></span> <span class='ocrx_word' id='word_1_656' title='bbox 1652 2600 1821 2633; x_wconf 90' lang='lat' dir='ltr'><strong>teterrimi</strong></span> <span class='ocrx_word' id='word_1_657' title='bbox 1842 2601 1988 2642; x_wconf 89' lang='lat' dir='ltr'><strong>veneni,</strong></span> <span class='ocrx_word' id='word_1_658' title='bbox 2017 2601 2090 2645; x_wconf 86' lang='lat' dir='ltr'><strong>ple-</strong></span> 
     </span>
     <span class='ocr_line' id='line_1_101' title="bbox 1100 2649 2090 2696; baseline -0.001 -11"><span class='ocrx_word' id='word_1_659' title='bbox 1100 2663 1186 2685; x_wconf 89' lang='lat' dir='ltr'><strong>num</strong></span> <span class='ocrx_word' id='word_1_660' title='bbox 1211 2651 1445 2688; x_wconf 87' lang='lat' dir='ltr'><strong>diffidentiae,</strong></span> <span class='ocrx_word' id='word_1_661' title='bbox 1474 2663 1512 2684; x_wconf 87' lang='lat' dir='ltr'><strong>ac</strong></span> <span class='ocrx_word' id='word_1_662' title='bbox 1534 2651 1797 2684; x_wconf 84' lang='lat' dir='ltr'><strong>dubitationum</strong></span> <span class='ocrx_word' id='word_1_663' title='bbox 1824 2651 1867 2684; x_wconf 87' lang='lat' dir='ltr'><strong>de</strong></span> <span class='ocrx_word' id='word_1_664' title='bbox 1891 2649 1986 2690; x_wconf 88' lang='lat' dir='ltr'><strong>Deo,</strong></span> <span class='ocrx_word' id='word_1_665' title='bbox 2012 2652 2090 2696; x_wconf 89' lang='lat' dir='ltr'><strong>ple-</strong></span> 
     </span>
     <span class='ocr_line' id='line_1_102' title="bbox 1100 2700 2088 2746; baseline -0.001 -10"><span class='ocrx_word' id='word_1_666' title='bbox 1100 2714 1185 2736; x_wconf 83' lang='lat' dir='ltr'><strong>num</strong></span> <span class='ocrx_word' id='word_1_667' title='bbox 1211 2709 1408 2736; x_wconf 88' lang='lat' dir='ltr'><strong>contemtus</strong></span> <span class='ocrx_word' id='word_1_668' title='bbox 1432 2701 1519 2743; x_wconf 91' lang='lat' dir='ltr'><strong>Dei,</strong></span> <span class='ocrx_word' id='word_1_669' title='bbox 1555 2708 1613 2735; x_wconf 89' lang='lat' dir='ltr'><strong>aut</strong></span> <span class='ocrx_word' id='word_1_670' title='bbox 1637 2709 1727 2737; x_wconf 90' lang='lat' dir='ltr'><strong>certe</strong></span> <span class='ocrx_word' id='word_1_671' title='bbox 1751 2702 1894 2746; x_wconf 88' lang='lat' dir='ltr'><strong>plenum</strong></span> <span class='ocrx_word' id='word_1_672' title='bbox 1921 2700 2088 2736; x_wconf 85' lang='lat' dir='ltr'><strong>horribili</strong></span> 
     </span>
    </p>
   </div>
  </div>
 </body>
</html>
