2409 2915
266 98 339 132 645

273 182 390 215 venies
413 181 448 211 in
470 188 617 220 regnum
647 183 765 217 tuum,
800 176 842 209 de
872 176 1016 210 sublimi
1040 177 1252 211 concionans

275 234 344 266 edit
370 231 540 262 illustrem
566 227 839 266 confessionem,
882 234 915 260 et
938 228 1091 261 ostendit
1113 239 1176 262 suo
1200 235 1252 262 te-

273 280 456 319 stiinoni0,
497 277 590 311 ltunc
615 278 751 319 Iesum,
792 277 853 323 qui
888 290 983 311 nunc
1013 285 1062 312 est
1088 279 1251 323 supplicii

857 90 982 128 PHlL.
1009 89 1125 128 MEL.
1154 91 1363 128 SCRIPTA
1392 92 1691 131 EXEGETICA.

2207 101 2284 138 644

1305 180 1518 217 constituisti
1555 195 1619 227 pro
1656 184 1759 217 nobis
1799 184 2075 228 propitiatorem.
2142 188 2281 232 Ingens,

1276 245 1281 275 Ξ
1305 242 1407 264 verus
1431 239 1464 267 et
1491 235 1618 268 ardens
1640 246 1739 268 amor
1769 241 1819 268 est
1850 241 2033 279 parentum
2065 247 2144 281 erga
2172 247 2284 279 natos,

1305 288 1487 325 propterea
1515 296 1597 317 vero
1620 285 1729 318 animi
1755 292 1853 319 motu
1883 286 1926 319 ad
1951 292 1984 319 te
2008 293 2141 330 patrem
2163 300 2284 322 aman-

272 332 402 371 socius‚
430 341 508 362 vere
526 328 692 362 Messiam
716 340 810 370 esse,
842 329 1076 363 remittentem
1102 336 1252 373 peccata,
1277 351 1279 375 ς
1304 332 1476 366 tissimum
1509 335 1692 379 confugio,
1731 348 1834 381 quern
1870 336 1996 370 fiducia
2026 338 2186 381 patefacti
2219 339 2284 372 filii

272 391 304 418 et
318 389 477 416 autorem
497 387 600 425 atque
613 380 881 414 instauratorem
900 379 991 413 vitae
1006 386 1176 413 aeternae.

371 432 571 472 Praeterea,
620 430 907 464 commemoratio
940 437 1031 464 certa
1063 431 1251 465 verborum

272 483 300 515 si
327 483 385 516 fiat
409 483 565 527 publice,

271 533 353 567 facit
371 545 408 567 ac
424 532 561 573 erudit,
591 539 624 566 et
647 531 806 576 exemplo
831 531 975 571 invitat,
1002 533 1126 566 excitat
1149 539 1252 576 atque
1276 558 1279 568 .

270 584 454 618 coufirmat
466 611 473 624 ,
501 595 580 616 cum
598 595 724 626 pueros
741 589 773 616 et
791 583 1047 624 adotescentes‚
1073 590 1147 616 tum
1164 583 1251 616 alios

268 635 472 678 grandiores
490 641 588 667 natu.

371 684 466 718 Haec
490 684 610 716 omnia
633 683 723 717 bene
753 683 975 717 considerare
996 683 1252 727 diligenterque

270 736 469 770 meminisse
487 734 641 774 debetis,
662 741 701 768 ut
719 734 952 768 assuefaciatis
976 746 1038 767 vos
1061 735 1103 767 ad
1126 733 1252 766 recita-

271 787 401 820 tionem
426 785 638 830 precationis
660 783 884 826 Dominicae‚
916 784 1077 830 Symboli
1097 782 1253 828 Aposto-

270 838 348 877 lici,
377 844 410 871 et
431 836 652 870 Psalmorum
682 836 833 869 libenter
856 847 895 868 ac
919 836 1141 880 frequenter,
1177 841 1250 867 turn

270 888 452 933 privatim,
491 894 565 921 tum
596 886 737 930 publice
769 887 1008 920 exercendam.
1059 884 1148 918 Nam
1173 885 1252 929 piae

269 945 402 972 mentes
418 938 657 982 experientur,
685 935 797 969 Deum
818 948 881 980 per
896 933 988 968 hanc
1009 935 1252 969 recitationem

267 989 451 1023 efficaciter
468 988 551 1032 ipsis
567 987 842 1021 consolationem
861 994 966 1031 atque
988 986 1100 1020 lucem
1124 997 1252 1030 suppe—

267 1041 462 1074 ditaturum
488 1050 581 1078 esse,
624 1050 688 1070 nec
711 1037 846 1070 irritam
878 1037 954 1070 fore
979 1036 1252 1078 invocationem,

267 1103 329 1124 nec
352 1091 521 1124 clamores
545 1089 710 1132 inutiles,
741 1089 801 1121 sed
826 1088 990 1122 salutaria
1015 1100 1105 1133 quae
1128 1094 1252 1131 petunt

267 1142 513 1185 impetraturos
533 1151 618 1173 esse.

367 1191 470 1225 Nunc
493 1192 535 1224 ad
556 1191 629 1235 ipsa
653 1189 759 1223 verba
784 1189 955 1223 orationis
968 1188 1176 1223 Dominicae
1195 1202 1251 1223 ac-

263 1243 359 1278 cedo.

469 1320 579 1357 Pater
596 1327 716 1356 noster
732 1322 797 1370 qui
809 1333 844 1356 es
864 1321 903 1355 in
921 1321 1039 1358 coelis.

363 1391 438 1425 Hac
460 1398 557 1435 parte
580 1390 722 1423 recitata
738 1390 893 1433 primum
919 1389 1074 1423 detineat
1093 1390 1249 1423 animum

263 1452 364 1477 tuum
383 1442 585 1475 dulcissima
599 1441 709 1484 patris
730 1440 931 1484 appellatio.
963 1438 1175 1474 Consideres
1198 1448 1251 1475 at-

263 1501 374 1534 tente,
401 1504 504 1538 quem
528 1490 643 1525 Deum
667 1502 767 1524 voces
783 1489 940 1531 Patrem,
968 1498 1000 1526 et
1026 1503 1088 1524 cur
1114 1492 1161 1525 ita
1184 1504 1251 1525 no—

262 1545 384 1578 mines.
415 1542 466 1576 Ac
481 1543 569 1575 scias
584 1539 648 1575 hac
664 1548 697 1575 te
714 1541 995 1585 compellatione,
1015 1540 1118 1575 Pater
1133 1550 1251 1576 noster

261 1595 321 1640 qui
338 1606 372 1627 es
389 1594 426 1626 in
444 1593 568 1631 coelis,
595 1592 728 1637 alloqui
748 1598 856 1625 totam
873 1592 1105 1627 divinitatem.
1146 1591 1251 1626 Pater

261 1645 354 1680 enim
379 1642 445 1677 hoc
468 1643 546 1677 loco
570 1649 620 1677 est
639 1642 808 1676 essentiae
832 1654 980 1682 nomen,
1015 1655 1087 1676 non
1113 1650 1248 1676 tantum

260 1697 365 1731 unius
381 1705 561 1740 personae.
614 1691 677 1727 Est
697 1693 804 1736 igitur
826 1693 1038 1727 vocabulum
1063 1706 1250 1728 commune

261 1748 322 1782 toti
340 1745 536 1785 divinitati,
563 1756 623 1778 seu
640 1745 786 1788 ponitur
801 1744 1050 1783 essentialiter,
1078 1757 1150 1777 non
1170 1757 1249 1789 per-

260 1798 443 1837 sonaliter,
470 1796 705 1840 complectens
722 1793 883 1834 Patrem,
910 1794 1060 1836 Filium,
1085 1802 1117 1828 et
1134 1795 1248 1840 Spiri-

260 1857 333 1883 tum
351 1854 520 1882 sanctum.

361 1899 498 1932 Deinde
521 1907 659 1929 necesse
683 1903 732 1929 est
759 1903 791 1929 te
815 1895 920 1928 simul
945 1896 1097 1938 cogitare
1127 1904 1159 1930 et
1193 1897 1248 1929 in-

1275 377 1279 481 l

262 1951 352 1985 tueri
379 1955 496 1982 mente
522 1946 770 1991 patefactiones
797 1945 955 1986 divinas,
985 1954 1022 1980 ut
1048 1947 1178 1980 directa
1203 1948 1248 1980 sit
1272 1984 1273 1989 ¹

261 2053 366 2086 misso
392 2051 463 2083 filio
487 2048 643 2082 Domino
669 2054 789 2080 nostro
817 2045 892 2080 lesu
917 2046 1056 2081 Christo
1081 2049 1246 2082 crucifixo

261 2112 291 2137 et
310 2102 524 2136 resuscitato.

262 2154 368 2188 tionis
387 2152 577 2195 cogitetur:

362 2202 622 2246 Omnipotens,
657 2207 813 2240 aeterne,
848 2211 928 2232 vere
966 2206 997 2232 et
1038 2201 1117 2233 vive
1145 2200 1248 2239 Deus,

260 2264 398 2289 aeterne
430 2253 532 2287 Pater
557 2250 702 2285 Domini
736 2250 847 2284 nostri
876 2249 950 2283 lesu
975 2248 1128 2288 Christi,
1163 2264 1247 2283 con-

261 2307 355 2340 ditor
373 2305 458 2339 coc-ti
485 2311 516 2337 ct
543 2310 676 2343 terrae,
717 2314 786 2335 uua
809 2313 888 2335 cum
911 2300 984 2333 filio
1008 2309 1066 2334 tuo
1093 2301 1246 2334 Domino

264 2364 383 2391 nostro
413 2355 488 2389 lesu
512 2351 673 2393 sliristo,
705 2360 737 2387 et
768 2365 846 2386 cum
873 2351 1009 2396 Spiritu
1042 2360 1179 2388 sancto,
1217 2361 1248 2386 tt·

263 2408 404 2452 supplex
423 2407 602 2450 alloquor,
630 2418 692 2437 nro
719 2411 751 2438 et
776 2405 922 2441 invoco,
949 2403 990 2436 ad
1017 2410 1048 2436 te
1073 2405 1248 2445 confugio,

265 2468 357 2491 tumn
379 2457 654 2490 inisericordiam
675 2463 704 2488 et
725 2468 826 2499 opem
855 2455 946 2487 veris
970 2455 1156 2497 gentitibus
1183 2456 1244 2486 iin-

266 2512 383 2554 ploro,
412 2507 536 2541 exaudi
555 2520 628 2546 me,
658 2507 749 2539 iuxta
768 2505 1017 2550 promissiones
1043 2513 1138 2544 tuos,
1167 2518 1247 2550 pro-

1304 390 1396 416 certo
1430 389 1566 424 statuo,
1606 386 1767 420 miranda
1799 393 1831 420 et
1861 394 2004 431 paterna
2042 388 2286 424 benevolentia

1304 431 1391 466 mihi
1409 433 1445 466 in
1462 435 1627 468 omnibus
1643 437 1807 479 periculis
1824 438 2092 482 opitulaturum,
2118 445 2151 472 et
2167 439 2288 473 divina

606 482 741 515 utiliter
765 487 797 514 et
822 480 1026 514 testimonio
1048 493 1251 515 commone·
1276 487 1279 511 ί
1304 484 1544 518 consolatione
1583 485 1775 520 leniturum
1812 500 1884 522 esse
1913 488 2125 523 calamitates
2161 497 2195 524 et
2229 501 2287 523 ae-

1304 546 1460 568 rumnaS·

1407 593 1488 627 Tali
1517 595 1634 640 aliqua
1667 607 1728 629 seu
1759 589 1888 637 forma,
1926 609 1986 631 seu
2018 599 2231 642 cogitatione
2254 605 2288 633 te

1304 645 1605 686 commonefacias,
1630 658 1668 679 ac
1685 645 1788 679 fidem
1805 648 1970 681 accendas
1986 656 2020 683 et
2038 650 2175 689 excites,
2199 661 2288 695 quo-

1305 694 1368 728 ties
1387 696 1510 729 recitas
1524 694 1610 730 haec
1627 697 1748 730 verba:
1777 696 1881 730 Pater
1895 705 2023 733 noster.

1635 792 1713 841 Qui
1727 806 1762 828 es
1782 794 1820 828 in
1839 794 1957 832 coelis.

1405 867 1592 912 Sequitur:
1624 868 1696 911 Qui
1720 881 1755 903 es
1778 869 1815 902 in
1830 870 1954 911 coelis,
1982 867 2050 904 hoe
2070 878 2138 913 est,
2165 873 2225 918 qui
2253 885 2288 906 es

1305 919 1548 962 omnipotens,
1591 919 1804 963 opitulator,
1855 928 1886 954 et
1919 932 1999 954 vere
2036 922 2117 955 ades
2144 924 2288 968 ubique.

1305 969 1394 1002 Nam
1413 981 1485 1002 esse
1505 969 1541 1001 in
1560 970 1683 1010 coelis,
1710 983 1788 1004 cum
1806 972 1849 1004 de
1865 970 1958 1010 Deo,
1987 983 2046 1005 seu
2070 972 2207 1007 infinita
2223 986 2287 1007 na-

1306 1027 1383 1053 tura
1416 1020 1614 1065 loquimur,
1654 1033 1726 1054 non
1760 1022 1930 1065 significat
1959 1034 2129 1067 occupare
2160 1031 2289 1058 certam

1305 1072 1482 1116 quandam
1509 1071 1594 1103 coeli
1625 1079 1780 1115 partem,
1813 1080 1846 1106 et
1871 1073 1907 1105 in
1931 1072 2018 1106 solio
2039 1074 2160 1107 sedere
2185 1085 2290 1119 supra

1305 1122 1431 1162 solem,
1471 1129 1530 1154 aut
1560 1133 1664 1165 supra
1697 1120 1880 1166 sphaeram
1915 1123 2093 1157 stellarum
2125 1124 2289 1158 fixarum:

1305 1174 1364 1205 sed
1381 1178 1430 1205 est
1448 1172 1642 1205 substantia
1660 1173 1826 1206 omnibns
1842 1173 1926 1207 locis
1937 1180 1970 1208 et
1979 1174 2146 1207 creaturis
2159 1176 2291 1216 adesse,

1304 1236 1343 1256 ac
1376 1223 1507 1267 ubique
1542 1229 1758 1266 praesentem
1792 1230 1825 1257 et
1858 1224 2030 1257 efficacem
2063 1236 2154 1266 esse,
2202 1225 2291 1259 sicut

1305 1280 1420 1307 textus
1448 1273 1599 1307 affirmat
1627 1272 1793 1307 Ieremiae
1817 1275 1878 1308 25.
1921 1272 2069 1308 Coelum
2101 1282 2135 1310 et
2163 1282 2291 1309 terram

1305 1336 1366 1367 ego
1389 1324 1529 1367 impleo.

1405 1381 1470 1415 Est
1503 1382 1610 1425 igitur
1640 1380 1724 1416 haec
1764 1383 1974 1416 asseveratio
2010 1383 2047 1416 in
2078 1385 2290 1427 precatione,

1305 1433 1474 1477 quaedam
1493 1433 1665 1465 consessio
1683 1434 1726 1466 de
1742 1433 1935 1467 universali
1953 1434 2148 1476 praesentia
2176 1442 2210 1469 et
2232 1435 2289 1468 in-

1304 1484 1402 1517 finita
1426 1483 1582 1527 potentia
1607 1482 1694 1522 Dei,
1727 1485 1822 1528 qnod
1848 1496 1928 1516 vere
1954 1484 2017 1518 tibi
2044 1485 2153 1525 adsit,
2178 1492 2210 1519 te
2234 1498 2290 1519 re-

1303 1534 1426 1577 spiciat
1449 1541 1480 1567 et
1506 1534 1686 1577 exaudiat,
1723 1535 1839 1567 videat
1875 1543 1908 1568 et
1941 1534 2070 1569 iudicet
2104 1541 2221 1570 motus
2251 1548 2289 1570 ac

1303 1585 1451 1628 gemitus
1473 1584 1525 1618 tui
1552 1584 1686 1627 cordis,
1714 1586 1880 1629 quodque
1907 1591 2002 1618 tanta
2027 1585 2072 1618 sit
2093 1586 2202 1630 ipsius
2228 1598 2291 1630 po—

1303 1635 1432 1678 tentia,
1459 1642 1497 1668 ut
1514 1642 1608 1668 certo
1626 1635 1690 1668 tibi
1707 1635 1814 1678 possit
1832 1635 2017 1679 opitulari:
2055 1642 2088 1669 et
2104 1637 2198 1682 quod
2217 1649 2290 1672 non

1302 1687 1426 1719 adores
1443 1686 1591 1728 ligneam
1614 1693 1672 1719 ant
1687 1686 1861 1729 lapideam
1878 1692 2046 1724 statuam,
2072 1698 2135 1721 nec
2156 1687 2289 1722 idolum

1302 1748 1445 1769 aureum
1463 1737 1515 1768 vel
1534 1743 1748 1779 argenteum,
1765 1737 1822 1769 sed
1843 1737 2000 1773 unicum,
2019 1748 2153 1778 verum,
2179 1746 2291 1773 aeter-

1302 1800 1410 1827 num,
1451 1787 1750 1830 omnipotentem,
1791 1787 1931 1823 vivum,
1975 1787 2186 1831 sapientem,
2227 1789 2290 1823 bo·

1303 1850 1406 1879 num,
1437 1838 1649 1877 beneficum,
1683 1848 1859 1875 veracem,
1895 1844 2046 1878 castum,
2080 1838 2210 1872 iustum
2236 1846 2289 1873 at-

1301 1901 1368 1933 que
1394 1889 1656 1921 misericordem
1679 1885 1812 1925 Deum,
1851 1887 1911 1932 qni
1942 1899 1977 1920 se
2009 1899 2071 1931 per
2092 1887 2288 1923 Dominum

1300 1947 1460 1973 nostrum
1473 1938 1585 1972 lesum
1596 1936 1776 1972 Christum
1788 1938 2050 1972 resuscitatione
2059 1946 2292 1979 mortuorum,

262 2001 437 2034 invocatio
462 2000 503 2031 ad
526 1996 619 2031 hunc
637 2009 758 2030 verum
778 1994 911 2036 Deum,
937 1997 998 2041 qui
1024 2008 1059 2030 50
1086 1999 1245 2041 patefecit
1272 1997 1274 2030 ξ
1300 1997 1331 2022 ct
1351 1990 1428 2022 aliis
1452 1990 1630 2022 miraculis
1657 1989 1834 2033 patefecit,
1862 2001 1901 2021 ac
1925 2000 2003 2021 vere
2026 1989 2099 2023 vult
2122 1997 2154 2024 et
2178 1997 2290 2035 potest

1272 2054 1274 2058 ¹
1301 2040 1402 2073 uobis
1420 2053 1520 2083 opt-in
1543 2041 1643 2073 ferre.

578 2098 696 2142 Quare
723 2098 800 2131 talis
823 2098 939 2143 aliqua
966 2099 1078 2131 forma
1105 2099 1247 2132 invoca-
1272 2099 1273 2103 ’

1403 2098 1502 2131 lianc
1536 2098 1782 2140 cogitationem
1823 2099 1928 2131 ‹lt-bes
1967 2099 2094 2131 addere
2123 2098 2166 2131 ad
2206 2095 2291 2133 haee

1302 2150 1423 2182 verba:
1453 2150 1524 2191 Qui
1543 2161 1577 2182 es
1600 2150 1635 2181 in
1655 2149 1773 2184 coelis.
1819 2147 1858 2181 ln
1876 2160 1944 2193 qna
1959 2148 2166 2183 recitatione
2183 2149 2288 2184 simul

1300 2201 1537 2240 consideretis,
1555 2208 1684 2245 quanta
1698 2200 1844 2233 coecitas
1864 2207 1894 2233 et
1908 2199 2042 2232 insania
2052 2200 2107 2238 sit,
2125 2199 2289 2233 invocare

1300 2252 1465 2287 Satri-tos.
1493 2252 1553 2296 qui
1579 2264 1617 2284 ex
1639 2249 1702 2284 hac
1730 2251 1798 2284 vita
1823 2252 2055 2285 decesserunt.
2110 2249 2168 2284 lsti
2192 2251 2287 2284 enim

1300 2315 1362 2335 nec
1382 2302 1564 2336 intuentur
1585 2314 1645 2335 cor
1660 2309 1770 2339 tuum„
1786 2314 1847 2335 nec
1867 2309 1898 2333 te
1917 2307 2113 2344 praesentes
2129 2302 2289 2342 audiunt,

1300 2367 1362 2386 ιιι-ε
1392 2354 1524 2397 ubique
1554 2354 1693 2387 adsunt.
1763 2353 1831 2385 Sed
1867 2351 2041 2385 invocatio
2073 2351 2289 2396 compellans

1300 2411 1456 2437 nmrtnos
1474 2405 1620 2437 Sanctus
1639 2411 1706 2437 tutu
1726 2410 1773 2437 est
1793 2403 1941 2441 incerta,
1967 2403 2100 2441 inanis,
2125 2410 2158 2437 et
2177 2402 2288 2444 irrita,

1301 2468 1404 2500 quain
1428 2456 1454 2488 si
1475 2463 1511 2488 tn
1540 2453 1717 2487 liutwini-tn
1745 2466 1884 2498 prorsus
1910 2454 2085 2493 ignotum.
2121 2454 2287 2495 ignoran-

1303 2515 1390 2542 tent.
1426 2507 1624 2543 absente-n,
1665 2506 1836 2549 longeque
1867 2504 2103 2542 disiunctum,
2139 2504 2286 2537 ridicule

265 2569 338 2604 pter
370 2560 480 2593 lilium
509 2557 741 2591 ,Nlo-«tiatorem
773 2557 884 2590 lesum
911 2554 1107 2594 (flu-istum,
1145 2565 1180 2590 tn
1215 2569 1249 2589 es
1273 2546 1278 2580 Ῑ
1303 2558 1490 2600 corripi-lles
1523 2565 1553 2591 et
1579 2556 1769 2601 alloquaris
1796 2556 1831 2588 iu
1857 2555 2020 2589 cubicnto
2052 2562 2123 2589 tuo.
2178 2553 2286 2589 Verbi

267 2611 367 2643 Pater
386 2618 521 2646 nostr-r„
548 2608 611 2642 lioc
631 2617 698 2645 est.
727 2617 761 2641 tu
787 2609 838 2641 vis
864 2607 966 2641 nobis
991 2620 1062 2641 esse
1082 2609 1248 2652 placatus.
1274 2599 1278 2662 ἰ
1302 2621 1422 2646 rausa,
1449 2608 1475 2641 si
1501 2607 1612 2641 dicas:
1653 2605 1708 2640 Ali
1736 2607 1780 2639 ini
1801 2605 1952 2640 Domine
1971 2605 2091 2639 Pastor
2114 2603 2288 2640 Ecclesiae

265 2675 327 2694 nos
346 2675 390 2693 rm
405 2662 496 2704 iper«-
513 2669 542 2693 et
561 2661 724 2693 exaudire
743 2667 883 2703 propter
894 2659 1124 2698 filiumtuutn,
1145 2671 1247 2703 quem
1274 2666 1278 2689 ι
1304 2659 1512 2693 [niterensis
1530 2660 1607 2691 iuva
1631 2671 1705 2695 inv,
1732 2658 1784 2690 set
1811 2671 1870 2691 orn
1896 2670 1957 2702 pro
1980 2669 2044 2691 me.
2108 2654 2169 2689 lllt·
2191 2657 2286 2690 enim
