<?xml version="1.0" encoding="UTF-8"?>
<!DOCTYPE html PUBLIC "-//W3C//DTD XHTML 1.0 Transitional//EN"
    "http://www.w3.org/TR/xhtml1/DTD/xhtml1-transitional.dtd">
<html xmlns="http://www.w3.org/1999/xhtml" xml:lang="en" lang="en">
 <head>
  <title>
</title>
<meta http-equiv="Content-Type" content="text/html;charset=utf-8" />
  <meta name='ocr-system' content='tesseract 3.04.00' />
  <meta name='ocr-capabilities' content='ocr_page ocr_carea ocr_par ocr_line ocrx_word'/>
</head>
<body>
  <div class='ocr_page' id='page_1' title='image "./operaquaesupersu14melauoft/operaquaesupersu14melauoft_0049.png"; bbox 0 0 2409 2915; ppageno 0'>
   <div class='ocr_carea' id='block_1_1' title="bbox 0 0 30 2915">
    <p class='ocr_par' dir='ltr' id='par_1_1' title="bbox 0 0 30 2915">
     <span class='ocr_line' id='line_1_1' title="bbox 0 0 30 2915; baseline 0 0"><span class='ocrx_word' id='word_1_1' title='bbox 0 0 30 2915; x_wconf 95' lang='lat' dir='ltr'> </span> 
     </span>
    </p>
   </div>
   <div class='ocr_carea' id='block_1_2' title="bbox 118 119 164 153">
    <p class='ocr_par' dir='ltr' id='par_1_2' title="bbox 118 119 164 153">
     <span class='ocr_line' id='line_1_2' title="bbox 118 119 164 153; baseline 0 0"><span class='ocrx_word' id='word_1_2' title='bbox 118 119 164 153; x_wconf 79' lang='lat'>81</span> 
     </span>
    </p>
   </div>
   <div class='ocr_carea' id='block_1_3' title="bbox 115 202 1101 710">
    <p class='ocr_par' dir='ltr' id='par_1_3' title="bbox 119 202 1101 503">
     <span class='ocr_line' id='line_1_3' title="bbox 120 202 1100 239; baseline 0.001 -1"><span class='ocrx_word' id='word_1_3' title='bbox 120 214 245 238; x_wconf 90' lang='lat' dir='ltr'>causae</span> <span class='ocrx_word' id='word_1_4' title='bbox 261 203 502 238; x_wconf 81' lang='lat' dir='ltr'>calamitatum</span> <span class='ocrx_word' id='word_1_5' title='bbox 519 208 553 236; x_wconf 89' lang='lat' dir='ltr'>et</span> <span class='ocrx_word' id='word_1_6' title='bbox 568 202 723 236; x_wconf 88' lang='lat' dir='ltr'>remedia</span> <span class='ocrx_word' id='word_1_7' title='bbox 740 204 988 238; x_wconf 87' lang='lat' dir='ltr'>ostenduntur.</span> <span class='ocrx_word' id='word_1_8' title='bbox 1017 204 1100 239; x_wconf 88' lang='lat' dir='ltr'>Ideo</span> 
     </span>
     <span class='ocr_line' id='line_1_4' title="bbox 120 252 1100 291; baseline 0.001 -3"><span class='ocrx_word' id='word_1_9' title='bbox 120 261 155 289; x_wconf 89' lang='lat' dir='ltr'>et</span> <span class='ocrx_word' id='word_1_10' title='bbox 176 254 214 288; x_wconf 87' lang='lat' dir='ltr'>in</span> <span class='ocrx_word' id='word_1_11' title='bbox 240 252 307 288; x_wconf 89' lang='lat' dir='ltr'>hoc</span> <span class='ocrx_word' id='word_1_12' title='bbox 332 261 428 289; x_wconf 82' lang='lat' dir='ltr'>textu</span> <span class='ocrx_word' id='word_1_13' title='bbox 452 253 662 287; x_wconf 86' lang='lat' dir='ltr'><strong>deducimur</strong></span> <span class='ocrx_word' id='word_1_14' title='bbox 687 254 731 287; x_wconf 91' lang='lat' dir='ltr'>ad</span> <span class='ocrx_word' id='word_1_15' title='bbox 756 254 954 288; x_wconf 83' lang='lat' dir='ltr'>doctrinam</span> <span class='ocrx_word' id='word_1_16' title='bbox 987 267 1006 289; x_wconf 92' lang='lat' dir='ltr'>a</span> <span class='ocrx_word' id='word_1_17' title='bbox 1025 255 1100 291; x_wconf 91' lang='lat' dir='ltr'>Deo</span> 
     </span>
     <span class='ocr_line' id='line_1_5' title="bbox 120 303 1101 349; baseline 0 -9"><span class='ocrx_word' id='word_1_18' title='bbox 120 306 310 347; x_wconf 81' lang='lat' dir='ltr'>traditam,</span> <span class='ocrx_word' id='word_1_19' title='bbox 345 312 379 339; x_wconf 90' lang='lat' dir='ltr'>et</span> <span class='ocrx_word' id='word_1_20' title='bbox 409 303 643 349; x_wconf 88' lang='lat' dir='ltr'>praecipitur,</span> <span class='ocrx_word' id='word_1_21' title='bbox 677 310 717 338; x_wconf 91' lang='lat' dir='ltr'>ut</span> <span class='ocrx_word' id='word_1_22' title='bbox 750 316 825 338; x_wconf 92' lang='lat' dir='ltr'>eam</span> <span class='ocrx_word' id='word_1_23' title='bbox 856 306 1041 340; x_wconf 83' lang='lat' dir='ltr'>audiamus</span> <span class='ocrx_word' id='word_1_24' title='bbox 1067 313 1101 340; x_wconf 88' lang='lat' dir='ltr'>et</span> 
     </span>
     <span class='ocr_line' id='line_1_6' title="bbox 120 355 1100 401; baseline 0.001 -11"><span class='ocrx_word' id='word_1_25' title='bbox 120 357 392 401; x_wconf 81' lang='lat' dir='ltr'>amplectamur,</span> <span class='ocrx_word' id='word_1_26' title='bbox 434 366 642 388; x_wconf 83' lang='lat' dir='ltr'>moveamur</span> <span class='ocrx_word' id='word_1_27' title='bbox 672 355 1027 398; x_wconf 79' lang='lat' dir='ltr'>comminationibus,</span> <span class='ocrx_word' id='word_1_28' title='bbox 1067 364 1100 391; x_wconf 91' lang='lat' dir='ltr'>et</span> 
     </span>
     <span class='ocr_line' id='line_1_7' title="bbox 119 405 1099 447; baseline 0.002 -7"><span class='ocrx_word' id='word_1_29' title='bbox 119 407 357 441; x_wconf 86' lang='lat' dir='ltr'>adsentiamur</span> <span class='ocrx_word' id='word_1_30' title='bbox 379 405 703 447; x_wconf 80' lang='lat' dir='ltr'>consolationibus,</span> <span class='ocrx_word' id='word_1_31' title='bbox 738 418 803 440; x_wconf 91' lang='lat' dir='ltr'>nec</span> <span class='ocrx_word' id='word_1_32' title='bbox 827 407 998 441; x_wconf 89' lang='lat' dir='ltr'>addamus</span> <span class='ocrx_word' id='word_1_33' title='bbox 1022 420 1099 442; x_wconf 91' lang='lat' dir='ltr'>cor-</span> 
     </span>
     <span class='ocr_line' id='line_1_8' title="bbox 119 458 283 503; baseline -0.006 -11"><span class='ocrx_word' id='word_1_34' title='bbox 119 458 283 503; x_wconf 73' lang='lat' dir='ltr'>ruptelaS.</span> 
     </span>
    </p>

    <p class='ocr_par' dir='ltr' id='par_1_4' title="bbox 115 513 1098 710">
     <span class='ocr_line' id='line_1_9' title="bbox 217 513 1098 561; baseline 0.002 -13"><span class='ocrx_word' id='word_1_35' title='bbox 217 513 313 548; x_wconf 87' lang='lat' dir='ltr'>Haec</span> <span class='ocrx_word' id='word_1_36' title='bbox 329 517 492 549; x_wconf 89' lang='lat' dir='ltr'>mandata</span> <span class='ocrx_word' id='word_1_37' title='bbox 509 527 609 561; x_wconf 86' lang='lat' dir='ltr'>saepe</span> <span class='ocrx_word' id='word_1_38' title='bbox 631 517 777 561; x_wconf 90' lang='lat' dir='ltr'>repetita</span> <span class='ocrx_word' id='word_1_39' title='bbox 795 523 895 558; x_wconf 89' lang='lat' dir='ltr'>sunt,</span> <span class='ocrx_word' id='word_1_40' title='bbox 921 524 961 552; x_wconf 90' lang='lat' dir='ltr'>ut</span> <span class='ocrx_word' id='word_1_41' title='bbox 984 518 1021 550; x_wconf 93' lang='lat' dir='ltr'>in</span> <span class='ocrx_word' id='word_1_42' title='bbox 1044 515 1098 551; x_wconf 89' lang='lat' dir='ltr'>his</span> 
     </span>
     <span class='ocr_line' id='line_1_10' title="bbox 117 564 1098 609; baseline 0.001 -9"><span class='ocrx_word' id='word_1_43' title='bbox 117 565 234 601; x_wconf 84' lang='lat' dir='ltr'>dictis:</span> <span class='ocrx_word' id='word_1_44' title='bbox 262 564 331 599; x_wconf 89' lang='lat' dir='ltr'>Hie</span> <span class='ocrx_word' id='word_1_45' title='bbox 349 573 400 601; x_wconf 90' lang='lat' dir='ltr'>est</span> <span class='ocrx_word' id='word_1_46' title='bbox 419 566 532 600; x_wconf 88' lang='lat' dir='ltr'>Filius</span> <span class='ocrx_word' id='word_1_47' title='bbox 548 578 647 601; x_wconf 90' lang='lat' dir='ltr'>meus</span> <span class='ocrx_word' id='word_1_48' title='bbox 663 568 810 602; x_wconf 90' lang='lat' dir='ltr'>dilectus</span> <span class='ocrx_word' id='word_1_49' title='bbox 822 595 831 609; x_wconf 89' lang='lat'>‚</span> <span class='ocrx_word' id='word_1_50' title='bbox 859 564 956 601; x_wconf 83' lang='lat' dir='ltr'>hunc</span> <span class='ocrx_word' id='word_1_51' title='bbox 971 569 1098 602; x_wconf 89' lang='lat' dir='ltr'>audite.</span> 
     </span>
     <span class='ocr_line' id='line_1_11' title="bbox 116 615 1097 660; baseline 0.002 -10"><span class='ocrx_word' id='word_1_52' title='bbox 116 615 222 651; x_wconf 87' lang='lat' dir='ltr'>Item:</span> <span class='ocrx_word' id='word_1_53' title='bbox 248 615 322 660; x_wconf 86' lang='lat' dir='ltr'>Ego</span> <span class='ocrx_word' id='word_1_54' title='bbox 339 628 416 651; x_wconf 91' lang='lat' dir='ltr'>sum</span> <span class='ocrx_word' id='word_1_55' title='bbox 436 618 510 659; x_wconf 90' lang='lat' dir='ltr'>via,</span> <span class='ocrx_word' id='word_1_56' title='bbox 539 617 631 656; x_wconf 90' lang='lat' dir='ltr'>vita,</span> <span class='ocrx_word' id='word_1_57' title='bbox 649 625 682 652; x_wconf 92' lang='lat' dir='ltr'>et</span> <span class='ocrx_word' id='word_1_58' title='bbox 701 619 840 654; x_wconf 91' lang='lat' dir='ltr'>veritas.</span> <span class='ocrx_word' id='word_1_59' title='bbox 885 618 985 653; x_wconf 86' lang='lat' dir='ltr'>Item:</span> <span class='ocrx_word' id='word_1_60' title='bbox 1007 619 1097 653; x_wconf 90' lang='lat' dir='ltr'>San-</span> 
     </span>
     <span class='ocr_line' id='line_1_12' title="bbox 115 667 1095 710; baseline 0.003 -10"><span class='ocrx_word' id='word_1_61' title='bbox 115 667 225 701; x_wconf 89' lang='lat' dir='ltr'>ctifica</span> <span class='ocrx_word' id='word_1_62' title='bbox 256 679 316 701; x_wconf 85' lang='lat' dir='ltr'>eos</span> <span class='ocrx_word' id='word_1_63' title='bbox 341 668 379 701; x_wconf 92' lang='lat' dir='ltr'>in</span> <span class='ocrx_word' id='word_1_64' title='bbox 412 669 578 710; x_wconf 89' lang='lat' dir='ltr'>veritate,</span> <span class='ocrx_word' id='word_1_65' title='bbox 611 681 724 702; x_wconf 90' lang='lat' dir='ltr'>sermo</span> <span class='ocrx_word' id='word_1_66' title='bbox 759 676 842 703; x_wconf 90' lang='lat' dir='ltr'>tuus</span> <span class='ocrx_word' id='word_1_67' title='bbox 876 677 925 703; x_wconf 90' lang='lat' dir='ltr'>est</span> <span class='ocrx_word' id='word_1_68' title='bbox 956 670 1095 703; x_wconf 87' lang='lat' dir='ltr'>veritas.</span> 
     </span>
    </p>
   </div>
   <div class='ocr_carea' id='block_1_4' title="bbox 52 717 1095 764">
    <p class='ocr_par' dir='ltr' id='par_1_5' title="bbox 52 717 1095 764">
     <span class='ocr_line' id='line_1_13' title="bbox 52 717 1095 764; baseline 0.001 -13"><span class='ocrx_word' id='word_1_69' title='bbox 52 727 62 735; x_wconf 87' lang='grc'><em>·</em></span> <span class='ocrx_word' id='word_1_70' title='bbox 113 717 160 752; x_wconf 86' lang='lat' dir='ltr'>Et</span> <span class='ocrx_word' id='word_1_71' title='bbox 187 718 225 752; x_wconf 88' lang='lat' dir='ltr'>iu</span> <span class='ocrx_word' id='word_1_72' title='bbox 254 717 412 753; x_wconf 85' lang='lat' dir='ltr'>Psalmo:</span> <span class='ocrx_word' id='word_1_73' title='bbox 455 719 617 753; x_wconf 83' lang='lat' dir='ltr'>Lucerna</span> <span class='ocrx_word' id='word_1_74' title='bbox 651 720 802 764; x_wconf 89' lang='lat' dir='ltr'>pedibus</span> <span class='ocrx_word' id='word_1_75' title='bbox 833 721 920 754; x_wconf 92' lang='lat' dir='ltr'>meis</span> <span class='ocrx_word' id='word_1_76' title='bbox 949 722 1095 754; x_wconf 84' lang='lat' dir='ltr'>verbum</span> 
     </span>
    </p>
   </div>
   <div class='ocr_carea' id='block_1_5' title="bbox 111 767 1095 906">
    <p class='ocr_par' dir='ltr' id='par_1_6' title="bbox 111 767 1095 906">
     <span class='ocr_line' id='line_1_14' title="bbox 113 767 1095 814; baseline 0 -11"><span class='ocrx_word' id='word_1_77' title='bbox 113 775 226 803; x_wconf 87' lang='lat' dir='ltr'>tuum.</span> <span class='ocrx_word' id='word_1_78' title='bbox 278 767 327 803; x_wconf 89' lang='lat' dir='ltr'>Et</span> <span class='ocrx_word' id='word_1_79' title='bbox 342 770 435 814; x_wconf 88' lang='lat' dir='ltr'>apud</span> <span class='ocrx_word' id='word_1_80' title='bbox 452 767 610 804; x_wconf 86' lang='lat' dir='ltr'>Esaiam:</span> <span class='ocrx_word' id='word_1_81' title='bbox 639 768 696 804; x_wconf 92' lang='lat' dir='ltr'>Ad</span> <span class='ocrx_word' id='word_1_82' title='bbox 724 771 835 814; x_wconf 89' lang='lat' dir='ltr'>legem</span> <span class='ocrx_word' id='word_1_83' title='bbox 865 779 897 805; x_wconf 93' lang='lat' dir='ltr'>et</span> <span class='ocrx_word' id='word_1_84' title='bbox 925 772 969 804; x_wconf 94' lang='lat' dir='ltr'>ad</span> <span class='ocrx_word' id='word_1_85' title='bbox 997 771 1095 805; x_wconf 80' lang='lat' dir='ltr'>testi—</span> 
     </span>
     <span class='ocr_line' id='line_1_15' title="bbox 112 818 1095 868; baseline 0.002 -15"><span class='ocrx_word' id='word_1_86' title='bbox 112 819 286 856; x_wconf 88' lang='lat' dir='ltr'>monium.</span> <span class='ocrx_word' id='word_1_87' title='bbox 339 818 385 855; x_wconf 89' lang='lat' dir='ltr'>Et</span> <span class='ocrx_word' id='word_1_88' title='bbox 400 821 437 853; x_wconf 90' lang='lat' dir='ltr'>in</span> <span class='ocrx_word' id='word_1_89' title='bbox 455 820 635 855; x_wconf 84' lang='lat' dir='ltr'>Numeris:</span> <span class='ocrx_word' id='word_1_90' title='bbox 664 820 716 855; x_wconf 87' lang='lat' dir='ltr'>Ne</span> <span class='ocrx_word' id='word_1_91' title='bbox 739 822 895 868; x_wconf 88' lang='lat' dir='ltr'>sequaris</span> <span class='ocrx_word' id='word_1_92' title='bbox 912 822 1095 866; x_wconf 85' lang='lat' dir='ltr'>cogitatio-</span> 
     </span>
     <span class='ocr_line' id='line_1_16' title="bbox 111 877 281 906; baseline 0.012 -3"><span class='ocrx_word' id='word_1_93' title='bbox 111 882 172 904; x_wconf 86' lang='lat' dir='ltr'>nes</span> <span class='ocrx_word' id='word_1_94' title='bbox 194 877 281 906; x_wconf 86' lang='lat' dir='ltr'>tuas.</span> 
     </span>
    </p>
   </div>
   <div class='ocr_carea' id='block_1_6' title="bbox 108 927 1092 1633">
    <p class='ocr_par' dir='ltr' id='par_1_7' title="bbox 108 927 1092 1633">
     <span class='ocr_line' id='line_1_17' title="bbox 214 927 1092 978; baseline 0.001 -15"><span class='ocrx_word' id='word_1_95' title='bbox 214 928 266 963; x_wconf 90' lang='lat' dir='ltr'>lta</span> <span class='ocrx_word' id='word_1_96' title='bbox 285 928 353 964; x_wconf 86' lang='lat' dir='ltr'>hoc</span> <span class='ocrx_word' id='word_1_97' title='bbox 371 931 447 964; x_wconf 93' lang='lat' dir='ltr'>loco</span> <span class='ocrx_word' id='word_1_98' title='bbox 466 931 613 965; x_wconf 88' lang='lat' dir='ltr'>dicitur:</span> <span class='ocrx_word' id='word_1_99' title='bbox 645 927 780 965; x_wconf 83' lang='lat' dir='ltr'>Omnis</span> <span class='ocrx_word' id='word_1_100' title='bbox 797 943 914 965; x_wconf 82' lang='lat' dir='ltr'>sermo</span> <span class='ocrx_word' id='word_1_101' title='bbox 928 930 1006 964; x_wconf 76' lang='lat' dir='ltr'>Dei</span> <span class='ocrx_word' id='word_1_102' title='bbox 1023 943 1092 978; x_wconf 81' lang='lat' dir='ltr'>pu-</span> 
     </span>
     <span class='ocr_line' id='line_1_18' title="bbox 113 980 1092 1029; baseline 0.002 -15"><span class='ocrx_word' id='word_1_103' title='bbox 113 992 195 1019; x_wconf 82' lang='lat' dir='ltr'>rus,</span> <span class='ocrx_word' id='word_1_104' title='bbox 223 981 260 1014; x_wconf 94' lang='lat' dir='ltr'>id</span> <span class='ocrx_word' id='word_1_105' title='bbox 277 988 349 1022; x_wconf 90' lang='lat' dir='ltr'>est,</span> <span class='ocrx_word' id='word_1_106' title='bbox 377 982 452 1014; x_wconf 90' lang='lat' dir='ltr'>sine</span> <span class='ocrx_word' id='word_1_107' title='bbox 476 982 702 1026; x_wconf 85' lang='lat' dir='ltr'>corruptelis,</span> <span class='ocrx_word' id='word_1_108' title='bbox 733 981 785 1015; x_wconf 83' lang='lat' dir='ltr'>Et</span> <span class='ocrx_word' id='word_1_109' title='bbox 809 981 955 1029; x_wconf 78' lang='lat' dir='ltr'>clypeus</span> <span class='ocrx_word' id='word_1_110' title='bbox 980 980 1092 1027; x_wconf 84' lang='lat' dir='ltr'>confi-</span> 
     </span>
     <span class='ocr_line' id='line_1_19' title="bbox 112 1030 1092 1078; baseline 0.001 -12"><span class='ocrx_word' id='word_1_111' title='bbox 112 1030 274 1066; x_wconf 78' lang='lat' dir='ltr'>dentium</span> <span class='ocrx_word' id='word_1_112' title='bbox 293 1031 383 1078; x_wconf 85' lang='lat' dir='ltr'>ipsi,</span> <span class='ocrx_word' id='word_1_113' title='bbox 409 1032 446 1065; x_wconf 89' lang='lat' dir='ltr'>id</span> <span class='ocrx_word' id='word_1_114' title='bbox 464 1039 534 1073; x_wconf 84' lang='lat' dir='ltr'>est,</span> <span class='ocrx_word' id='word_1_115' title='bbox 560 1033 638 1066; x_wconf 88' lang='lat' dir='ltr'>ideo</span> <span class='ocrx_word' id='word_1_116' title='bbox 656 1031 751 1066; x_wconf 87' lang='lat' dir='ltr'>Deus</span> <span class='ocrx_word' id='word_1_117' title='bbox 767 1034 864 1068; x_wconf 87' lang='lat' dir='ltr'>misit</span> <span class='ocrx_word' id='word_1_118' title='bbox 881 1033 1011 1068; x_wconf 90' lang='lat' dir='ltr'>Filium</span> <span class='ocrx_word' id='word_1_119' title='bbox 1023 1061 1031 1074; x_wconf 88' lang='lat'>‚</span> <span class='ocrx_word' id='word_1_120' title='bbox 1059 1040 1092 1067; x_wconf 92' lang='lat' dir='ltr'>et</span> 
     </span>
     <span class='ocr_line' id='line_1_20' title="bbox 112 1083 1090 1127; baseline -0.001 -9"><span class='ocrx_word' id='word_1_121' title='bbox 112 1096 147 1118; x_wconf 90' lang='lat' dir='ltr'>se</span> <span class='ocrx_word' id='word_1_122' title='bbox 176 1083 337 1127; x_wconf 85' lang='lat' dir='ltr'>patefecit</span> <span class='ocrx_word' id='word_1_123' title='bbox 358 1094 420 1116; x_wconf 88' lang='lat' dir='ltr'>sua</span> <span class='ocrx_word' id='word_1_124' title='bbox 453 1096 537 1116; x_wconf 72' lang='lat' dir='ltr'>voce</span> <span class='ocrx_word' id='word_1_125' title='bbox 560 1084 729 1117; x_wconf 89' lang='lat' dir='ltr'>immensa</span> <span class='ocrx_word' id='word_1_126' title='bbox 756 1085 930 1125; x_wconf 88' lang='lat' dir='ltr'>bonitate,</span> <span class='ocrx_word' id='word_1_127' title='bbox 966 1091 1010 1117; x_wconf 89' lang='lat' dir='ltr'>ne</span> <span class='ocrx_word' id='word_1_128' title='bbox 1036 1096 1090 1117; x_wconf 92' lang='lat' dir='ltr'>er—</span> 
     </span>
     <span class='ocr_line' id='line_1_21' title="bbox 110 1131 1089 1178; baseline -0.001 -10"><span class='ocrx_word' id='word_1_129' title='bbox 110 1146 179 1174; x_wconf 86' lang='lat' dir='ltr'>res,</span> <span class='ocrx_word' id='word_1_130' title='bbox 207 1131 298 1166; x_wconf 89' lang='lat' dir='ltr'>hanc</span> <span class='ocrx_word' id='word_1_131' title='bbox 312 1133 396 1166; x_wconf 89' lang='lat' dir='ltr'>Filii</span> <span class='ocrx_word' id='word_1_132' title='bbox 414 1146 533 1166; x_wconf 82' lang='lat' dir='ltr'>vocem</span> <span class='ocrx_word' id='word_1_133' title='bbox 549 1134 672 1167; x_wconf 86' lang='lat' dir='ltr'>audias</span> <span class='ocrx_word' id='word_1_134' title='bbox 691 1141 724 1167; x_wconf 91' lang='lat' dir='ltr'>et</span> <span class='ocrx_word' id='word_1_135' title='bbox 741 1135 973 1178; x_wconf 87' lang='lat' dir='ltr'>amplectaris,</span> <span class='ocrx_word' id='word_1_136' title='bbox 993 1136 1089 1168; x_wconf 80' lang='lat' dir='ltr'>iuxta</span> 
     </span>
     <span class='ocr_line' id='line_1_22' title="bbox 112 1184 1090 1227; baseline 0 -9"><span class='ocrx_word' id='word_1_137' title='bbox 112 1184 202 1219; x_wconf 87' lang='lat' dir='ltr'>hanc</span> <span class='ocrx_word' id='word_1_138' title='bbox 226 1184 359 1218; x_wconf 88' lang='lat' dir='ltr'>iudices</span> <span class='ocrx_word' id='word_1_139' title='bbox 384 1185 426 1217; x_wconf 92' lang='lat' dir='ltr'>de</span> <span class='ocrx_word' id='word_1_140' title='bbox 453 1185 598 1218; x_wconf 86' lang='lat' dir='ltr'>essentia</span> <span class='ocrx_word' id='word_1_141' title='bbox 624 1192 655 1218; x_wconf 90' lang='lat' dir='ltr'>et</span> <span class='ocrx_word' id='word_1_142' title='bbox 672 1186 714 1217; x_wconf 91' lang='lat' dir='ltr'>de</span> <span class='ocrx_word' id='word_1_143' title='bbox 739 1186 918 1218; x_wconf 82' lang='lat' dir='ltr'>voluntate</span> <span class='ocrx_word' id='word_1_144' title='bbox 936 1186 1019 1227; x_wconf 88' lang='lat' dir='ltr'>Dei,</span> <span class='ocrx_word' id='word_1_145' title='bbox 1047 1186 1090 1218; x_wconf 90' lang='lat' dir='ltr'>de</span> 
     </span>
     <span class='ocr_line' id='line_1_23' title="bbox 111 1232 1088 1278; baseline -0.002 -8"><span class='ocrx_word' id='word_1_146' title='bbox 111 1236 203 1278; x_wconf 88' lang='lat' dir='ltr'>Lege</span> <span class='ocrx_word' id='word_1_147' title='bbox 220 1242 253 1268; x_wconf 90' lang='lat' dir='ltr'>et</span> <span class='ocrx_word' id='word_1_148' title='bbox 270 1235 313 1267; x_wconf 90' lang='lat' dir='ltr'>de</span> <span class='ocrx_word' id='word_1_149' title='bbox 329 1232 540 1276; x_wconf 86' lang='lat' dir='ltr'>Evangelio,</span> <span class='ocrx_word' id='word_1_150' title='bbox 568 1235 610 1267; x_wconf 91' lang='lat' dir='ltr'>de</span> <span class='ocrx_word' id='word_1_151' title='bbox 628 1235 677 1267; x_wconf 89' lang='lat' dir='ltr'>ira</span> <span class='ocrx_word' id='word_1_152' title='bbox 697 1241 728 1268; x_wconf 92' lang='lat' dir='ltr'>et</span> <span class='ocrx_word' id='word_1_153' title='bbox 746 1236 789 1268; x_wconf 91' lang='lat' dir='ltr'>de</span> <span class='ocrx_word' id='word_1_154' title='bbox 808 1236 927 1278; x_wconf 85' lang='lat' dir='ltr'>gratia.</span> <span class='ocrx_word' id='word_1_155' title='bbox 982 1234 1088 1268; x_wconf 86' lang='lat' dir='ltr'>Hunc</span> 
     </span>
     <span class='ocr_line' id='line_1_24' title="bbox 110 1284 1088 1328; baseline 0 -9"><span class='ocrx_word' id='word_1_156' title='bbox 110 1297 232 1319; x_wconf 87' lang='lat' dir='ltr'>verum</span> <span class='ocrx_word' id='word_1_157' title='bbox 251 1285 366 1318; x_wconf 90' lang='lat' dir='ltr'>Deum</span> <span class='ocrx_word' id='word_1_158' title='bbox 377 1311 386 1323; x_wconf 89' lang='lat'>,</span> <span class='ocrx_word' id='word_1_159' title='bbox 401 1284 463 1328; x_wconf 90' lang='lat' dir='ltr'>qui</span> <span class='ocrx_word' id='word_1_160' title='bbox 480 1295 514 1317; x_wconf 90' lang='lat' dir='ltr'>se</span> <span class='ocrx_word' id='word_1_161' title='bbox 529 1285 689 1328; x_wconf 84' lang='lat' dir='ltr'>patefecit</span> <span class='ocrx_word' id='word_1_162' title='bbox 705 1286 810 1319; x_wconf 91' lang='lat' dir='ltr'>misso</span> <span class='ocrx_word' id='word_1_163' title='bbox 825 1285 933 1325; x_wconf 87' lang='lat' dir='ltr'>Filio,</span> <span class='ocrx_word' id='word_1_164' title='bbox 950 1293 981 1320; x_wconf 91' lang='lat' dir='ltr'>et</span> <span class='ocrx_word' id='word_1_165' title='bbox 997 1287 1088 1320; x_wconf 87' lang='lat' dir='ltr'>edita</span> 
     </span>
     <span class='ocr_line' id='line_1_25' title="bbox 111 1333 1088 1381; baseline 0.001 -13"><span class='ocrx_word' id='word_1_166' title='bbox 111 1348 195 1370; x_wconf 92' lang='lat' dir='ltr'>voce</span> <span class='ocrx_word' id='word_1_167' title='bbox 212 1346 272 1368; x_wconf 92' lang='lat' dir='ltr'>sua</span> <span class='ocrx_word' id='word_1_168' title='bbox 287 1346 347 1378; x_wconf 88' lang='lat' dir='ltr'>per</span> <span class='ocrx_word' id='word_1_169' title='bbox 361 1333 493 1368; x_wconf 85' lang='lat' dir='ltr'>Filium</span> <span class='ocrx_word' id='word_1_170' title='bbox 510 1347 674 1378; x_wconf 85' lang='lat' dir='ltr'>agnoscas</span> <span class='ocrx_word' id='word_1_171' title='bbox 691 1343 723 1369; x_wconf 93' lang='lat' dir='ltr'>et</span> <span class='ocrx_word' id='word_1_172' title='bbox 740 1337 892 1377; x_wconf 86' lang='lat' dir='ltr'>invoces,</span> <span class='ocrx_word' id='word_1_173' title='bbox 910 1337 999 1370; x_wconf 88' lang='lat' dir='ltr'>sicut</span> <span class='ocrx_word' id='word_1_174' title='bbox 1016 1337 1088 1381; x_wconf 88' lang='lat' dir='ltr'>ipse</span> 
     </span>
     <span class='ocr_line' id='line_1_26' title="bbox 110 1384 1087 1433; baseline -0.002 -13"><span class='ocrx_word' id='word_1_175' title='bbox 110 1386 243 1433; x_wconf 89' lang='lat' dir='ltr'>inquit:</span> <span class='ocrx_word' id='word_1_176' title='bbox 268 1384 364 1419; x_wconf 89' lang='lat' dir='ltr'>Haec</span> <span class='ocrx_word' id='word_1_177' title='bbox 381 1392 431 1419; x_wconf 93' lang='lat' dir='ltr'>est</span> <span class='ocrx_word' id='word_1_178' title='bbox 447 1385 518 1419; x_wconf 88' lang='lat' dir='ltr'>vita</span> <span class='ocrx_word' id='word_1_179' title='bbox 537 1393 692 1424; x_wconf 87' lang='lat' dir='ltr'>aeterna,</span> <span class='ocrx_word' id='word_1_180' title='bbox 720 1394 760 1420; x_wconf 88' lang='lat' dir='ltr'>ut</span> <span class='ocrx_word' id='word_1_181' title='bbox 775 1394 965 1430; x_wconf 84' lang='lat' dir='ltr'>agnoscant</span> <span class='ocrx_word' id='word_1_182' title='bbox 983 1394 1014 1420; x_wconf 91' lang='lat' dir='ltr'>te</span> <span class='ocrx_word' id='word_1_183' title='bbox 1029 1399 1087 1419; x_wconf 75' lang='lat' dir='ltr'>ve-</span> 
     </span>
     <span class='ocr_line' id='line_1_27' title="bbox 109 1436 1088 1482; baseline -0.001 -11"><span class='ocrx_word' id='word_1_184' title='bbox 109 1450 187 1473; x_wconf 91' lang='lat' dir='ltr'>rum</span> <span class='ocrx_word' id='word_1_185' title='bbox 220 1437 358 1478; x_wconf 88' lang='lat' dir='ltr'>Deum,</span> <span class='ocrx_word' id='word_1_186' title='bbox 395 1443 428 1470; x_wconf 89' lang='lat' dir='ltr'>et</span> <span class='ocrx_word' id='word_1_187' title='bbox 451 1448 554 1482; x_wconf 91' lang='lat' dir='ltr'>quem</span> <span class='ocrx_word' id='word_1_188' title='bbox 588 1437 712 1470; x_wconf 89' lang='lat' dir='ltr'>misisti</span> <span class='ocrx_word' id='word_1_189' title='bbox 745 1437 856 1471; x_wconf 89' lang='lat' dir='ltr'>lesum</span> <span class='ocrx_word' id='word_1_190' title='bbox 883 1449 955 1471; x_wconf 89' lang='lat' dir='ltr'>esse</span> <span class='ocrx_word' id='word_1_191' title='bbox 982 1436 1088 1472; x_wconf 81' lang='lat' dir='ltr'>Chri-</span> 
     </span>
     <span class='ocr_line' id='line_1_28' title="bbox 109 1487 1088 1531; baseline -0.002 -8"><span class='ocrx_word' id='word_1_192' title='bbox 109 1496 213 1523; x_wconf 85' lang='lat' dir='ltr'>stum.</span> <span class='ocrx_word' id='word_1_193' title='bbox 269 1487 307 1522; x_wconf 87' lang='lat' dir='ltr'>Si</span> <span class='ocrx_word' id='word_1_194' title='bbox 330 1494 420 1520; x_wconf 88' lang='lat' dir='ltr'>recte</span> <span class='ocrx_word' id='word_1_195' title='bbox 443 1499 607 1531; x_wconf 87' lang='lat' dir='ltr'>agnosces</span> <span class='ocrx_word' id='word_1_196' title='bbox 631 1495 663 1521; x_wconf 95' lang='lat' dir='ltr'>et</span> <span class='ocrx_word' id='word_1_197' title='bbox 681 1489 861 1522; x_wconf 88' lang='lat' dir='ltr'>invocabis</span> <span class='ocrx_word' id='word_1_198' title='bbox 878 1489 990 1523; x_wconf 89' lang='lat' dir='ltr'>Deum</span> <span class='ocrx_word' id='word_1_199' title='bbox 1007 1501 1088 1522; x_wconf 87' lang='lat' dir='ltr'>sen-</span> 
     </span>
     <span class='ocr_line' id='line_1_29' title="bbox 108 1538 1087 1580; baseline -0.002 -6"><span class='ocrx_word' id='word_1_200' title='bbox 108 1541 173 1574; x_wconf 88' lang='lat' dir='ltr'>ties</span> <span class='ocrx_word' id='word_1_201' title='bbox 192 1551 270 1573; x_wconf 90' lang='lat' dir='ltr'>eum</span> <span class='ocrx_word' id='word_1_202' title='bbox 288 1539 459 1572; x_wconf 78' lang='lat' dir='ltr'>efficacem</span> <span class='ocrx_word' id='word_1_203' title='bbox 477 1551 567 1577; x_wconf 87' lang='lat' dir='ltr'>esse,</span> <span class='ocrx_word' id='word_1_204' title='bbox 595 1545 626 1572; x_wconf 92' lang='lat' dir='ltr'>et</span> <span class='ocrx_word' id='word_1_205' title='bbox 649 1539 697 1572; x_wconf 91' lang='lat' dir='ltr'>sic</span> <span class='ocrx_word' id='word_1_206' title='bbox 721 1540 808 1573; x_wconf 82' lang='lat' dir='ltr'>scias</span> <span class='ocrx_word' id='word_1_207' title='bbox 826 1547 1002 1580; x_wconf 76' lang='lat' dir='ltr'>aeternam</span> <span class='ocrx_word' id='word_1_208' title='bbox 1019 1538 1087 1573; x_wconf 91' lang='lat' dir='ltr'>Ec-</span> 
     </span>
     <span class='ocr_line' id='line_1_30' title="bbox 110 1589 710 1633; baseline -0.002 -9"><span class='ocrx_word' id='word_1_209' title='bbox 110 1590 248 1624; x_wconf 85' lang='lat' dir='ltr'>clesiam</span> <span class='ocrx_word' id='word_1_210' title='bbox 261 1617 269 1630; x_wconf 90' lang='lat'>,</span> <span class='ocrx_word' id='word_1_211' title='bbox 297 1597 328 1622; x_wconf 90' lang='lat' dir='ltr'>et</span> <span class='ocrx_word' id='word_1_212' title='bbox 347 1601 417 1622; x_wconf 90' lang='lat' dir='ltr'>non</span> <span class='ocrx_word' id='word_1_213' title='bbox 435 1589 553 1630; x_wconf 89' lang='lat' dir='ltr'>aliter,</span> <span class='ocrx_word' id='word_1_214' title='bbox 581 1590 710 1633; x_wconf 79' lang='lat' dir='ltr'>colligi.</span> 
     </span>
    </p>
   </div>
   <div class='ocr_carea' id='block_1_7' title="bbox 109 1647 1091 1997">
    <p class='ocr_par' dir='ltr' id='par_1_8' title="bbox 109 1647 1091 1997">
     <span class='ocr_line' id='line_1_31' title="bbox 212 1647 1089 1694; baseline -0.001 -12"><span class='ocrx_word' id='word_1_215' title='bbox 212 1647 259 1683; x_wconf 89' lang='lat' dir='ltr'>Et</span> <span class='ocrx_word' id='word_1_216' title='bbox 289 1649 434 1692; x_wconf 80' lang='lat' dir='ltr'>figuram</span> <span class='ocrx_word' id='word_1_217' title='bbox 466 1649 669 1689; x_wconf 87' lang='lat' dir='ltr'>considera,</span> <span class='ocrx_word' id='word_1_218' title='bbox 702 1651 796 1694; x_wconf 90' lang='lat' dir='ltr'>quod</span> <span class='ocrx_word' id='word_1_219' title='bbox 825 1650 957 1694; x_wconf 82' lang='lat' dir='ltr'>inquit:</span> <span class='ocrx_word' id='word_1_220' title='bbox 997 1648 1089 1682; x_wconf 84' lang='lat' dir='ltr'>Ver-</span> 
     </span>
     <span class='ocr_line' id='line_1_32' title="bbox 111 1695 1088 1745; baseline 0 -13"><span class='ocrx_word' id='word_1_221' title='bbox 111 1698 194 1732; x_wconf 84' lang='lat' dir='ltr'>bum</span> <span class='ocrx_word' id='word_1_222' title='bbox 221 1697 297 1732; x_wconf 75' lang='lat' dir='ltr'>Dei</span> <span class='ocrx_word' id='word_1_223' title='bbox 320 1697 482 1744; x_wconf 79' lang='lat' dir='ltr'>clypeum</span> <span class='ocrx_word' id='word_1_224' title='bbox 508 1709 580 1731; x_wconf 80' lang='lat' dir='ltr'>esse</span> <span class='ocrx_word' id='word_1_225' title='bbox 603 1695 663 1731; x_wconf 82' lang='lat' dir='ltr'>his</span> <span class='ocrx_word' id='word_1_226' title='bbox 687 1699 753 1745; x_wconf 83' lang='lat' dir='ltr'>qui</span> <span class='ocrx_word' id='word_1_227' title='bbox 784 1697 968 1743; x_wconf 80' lang='lat' dir='ltr'>confidunl</span> <span class='ocrx_word' id='word_1_228' title='bbox 996 1698 1088 1737; x_wconf 86' lang='lat' dir='ltr'>Deo,</span> 
     </span>
     <span class='ocr_line' id='line_1_33' title="bbox 112 1748 1088 1789; baseline 0 -7"><span class='ocrx_word' id='word_1_229' title='bbox 112 1751 207 1783; x_wconf 86' lang='lat' dir='ltr'>iuxta</span> <span class='ocrx_word' id='word_1_230' title='bbox 226 1750 388 1788; x_wconf 84' lang='lat' dir='ltr'>verbum,</span> <span class='ocrx_word' id='word_1_231' title='bbox 421 1749 510 1781; x_wconf 83' lang='lat' dir='ltr'>sicut</span> <span class='ocrx_word' id='word_1_232' title='bbox 528 1756 562 1781; x_wconf 92' lang='lat' dir='ltr'>et</span> <span class='ocrx_word' id='word_1_233' title='bbox 580 1748 710 1781; x_wconf 87' lang='lat' dir='ltr'>Paulus</span> <span class='ocrx_word' id='word_1_234' title='bbox 735 1750 914 1789; x_wconf 86' lang='lat' dir='ltr'>nominat,</span> <span class='ocrx_word' id='word_1_235' title='bbox 943 1750 1088 1783; x_wconf 89' lang='lat' dir='ltr'>Scutum</span> 
     </span>
     <span class='ocr_line' id='line_1_34' title="bbox 110 1797 1089 1844; baseline 0 -11"><span class='ocrx_word' id='word_1_236' title='bbox 110 1800 209 1840; x_wconf 88' lang='lat' dir='ltr'>fidei,</span> <span class='ocrx_word' id='word_1_237' title='bbox 234 1799 316 1844; x_wconf 87' lang='lat' dir='ltr'>quia</span> <span class='ocrx_word' id='word_1_238' title='bbox 339 1805 471 1831; x_wconf 87' lang='lat' dir='ltr'>certum</span> <span class='ocrx_word' id='word_1_239' title='bbox 499 1805 566 1837; x_wconf 85' lang='lat' dir='ltr'>est,</span> <span class='ocrx_word' id='word_1_240' title='bbox 593 1797 707 1832; x_wconf 89' lang='lat' dir='ltr'>Deum</span> <span class='ocrx_word' id='word_1_241' title='bbox 734 1799 782 1832; x_wconf 90' lang='lat' dir='ltr'>sic</span> <span class='ocrx_word' id='word_1_242' title='bbox 807 1801 978 1832; x_wconf 84' lang='lat' dir='ltr'>efficacem</span> <span class='ocrx_word' id='word_1_243' title='bbox 1007 1812 1089 1840; x_wconf 87' lang='lat' dir='ltr'>esse,</span> 
     </span>
     <span class='ocr_line' id='line_1_35' title="bbox 109 1847 1091 1885; baseline -0.002 -1"><span class='ocrx_word' id='word_1_244' title='bbox 109 1863 188 1885; x_wconf 88' lang='lat' dir='ltr'>cum</span> <span class='ocrx_word' id='word_1_245' title='bbox 219 1849 326 1883; x_wconf 84' lang='lat' dir='ltr'>verbo</span> <span class='ocrx_word' id='word_1_246' title='bbox 352 1847 419 1881; x_wconf 91' lang='lat' dir='ltr'>Dei</span> <span class='ocrx_word' id='word_1_247' title='bbox 452 1856 483 1882; x_wconf 90' lang='lat' dir='ltr'>et</span> <span class='ocrx_word' id='word_1_248' title='bbox 514 1848 736 1882; x_wconf 90' lang='lat' dir='ltr'>invocatione</span> <span class='ocrx_word' id='word_1_249' title='bbox 765 1862 829 1883; x_wconf 90' lang='lat' dir='ltr'>nos</span> <span class='ocrx_word' id='word_1_250' title='bbox 856 1857 1091 1883; x_wconf 80' lang='lat' dir='ltr'>sustentamus</span> 
     </span>
     <span class='ocr_line' id='line_1_36' title="bbox 109 1898 1089 1944; baseline -0.002 -9"><span class='ocrx_word' id='word_1_251' title='bbox 109 1900 217 1941; x_wconf 82' lang='lat' dir='ltr'>Fide,</span> <span class='ocrx_word' id='word_1_252' title='bbox 251 1908 290 1934; x_wconf 93' lang='lat' dir='ltr'>ut</span> <span class='ocrx_word' id='word_1_253' title='bbox 317 1898 448 1933; x_wconf 86' lang='lat' dir='ltr'>Paulus</span> <span class='ocrx_word' id='word_1_254' title='bbox 476 1899 607 1944; x_wconf 82' lang='lat' dir='ltr'>inquit:</span> <span class='ocrx_word' id='word_1_255' title='bbox 647 1898 694 1933; x_wconf 90' lang='lat' dir='ltr'>Ut</span> <span class='ocrx_word' id='word_1_256' title='bbox 729 1913 790 1944; x_wconf 90' lang='lat' dir='ltr'>per</span> <span class='ocrx_word' id='word_1_257' title='bbox 814 1901 1089 1934; x_wconf 85' lang='lat' dir='ltr'>consolationem</span> 
     </span>
     <span class='ocr_line' id='line_1_37' title="bbox 110 1949 1091 1997; baseline -0.003 -11"><span class='ocrx_word' id='word_1_258' title='bbox 110 1953 364 1997; x_wconf 88' lang='lat' dir='ltr'>scripturarum</span> <span class='ocrx_word' id='word_1_259' title='bbox 396 1962 491 1994; x_wconf 88' lang='lat' dir='ltr'>spem</span> <span class='ocrx_word' id='word_1_260' title='bbox 522 1949 723 1986; x_wconf 83' lang='lat' dir='ltr'>habeamus.</span> <span class='ocrx_word' id='word_1_261' title='bbox 784 1950 887 1984; x_wconf 87' lang='lat' dir='ltr'>Item:</span> <span class='ocrx_word' id='word_1_262' title='bbox 926 1950 1091 1994; x_wconf 76' lang='lat' dir='ltr'>Evange-</span> 
     </span>
    </p>
   </div>
   <div class='ocr_carea' id='block_1_8' title="bbox 110 1991 1120 2045">
    <p class='ocr_par' dir='ltr' id='par_1_9' title="bbox 110 1991 1120 2045">
     <span class='ocr_line' id='line_1_38' title="bbox 110 1991 1120 2045; baseline 0 -8"><span class='ocrx_word' id='word_1_263' title='bbox 110 2005 197 2038; x_wconf 91' lang='lat' dir='ltr'>lium</span> <span class='ocrx_word' id='word_1_264' title='bbox 216 2009 267 2037; x_wconf 89' lang='lat' dir='ltr'>est</span> <span class='ocrx_word' id='word_1_265' title='bbox 282 2002 436 2045; x_wconf 85' lang='lat' dir='ltr'>potentia</span> <span class='ocrx_word' id='word_1_266' title='bbox 455 1999 536 2039; x_wconf 80' lang='lat' dir='ltr'>Dei,</span> <span class='ocrx_word' id='word_1_267' title='bbox 565 2002 606 2034; x_wconf 90' lang='lat' dir='ltr'>ad</span> <span class='ocrx_word' id='word_1_268' title='bbox 633 2002 779 2035; x_wconf 88' lang='lat' dir='ltr'>salutem</span> <span class='ocrx_word' id='word_1_269' title='bbox 803 2003 900 2036; x_wconf 89' lang='lat' dir='ltr'>omni</span> <span class='ocrx_word' id='word_1_270' title='bbox 926 2003 1091 2037; x_wconf 78' lang='lat' dir='ltr'>credenti.</span> <span class='ocrx_word' id='word_1_271' title='bbox 1117 1991 1120 2039; x_wconf 73' lang='lat' dir='ltr'>l</span> 
     </span>
    </p>
   </div>
   <div class='ocr_carea' id='block_1_9' title="bbox 107 2052 1092 2154">
    <p class='ocr_par' dir='ltr' id='par_1_10' title="bbox 107 2052 1092 2154">
     <span class='ocr_line' id='line_1_39' title="bbox 107 2052 1092 2093; baseline -0.002 -5"><span class='ocrx_word' id='word_1_272' title='bbox 107 2054 248 2088; x_wconf 89' lang='lat' dir='ltr'>Psalmo</span> <span class='ocrx_word' id='word_1_273' title='bbox 270 2052 370 2088; x_wconf 61' lang='lat'>129:</span> <span class='ocrx_word' id='word_1_274' title='bbox 398 2052 572 2087; x_wconf 83' lang='lat' dir='ltr'>Sustinuit</span> <span class='ocrx_word' id='word_1_275' title='bbox 589 2053 705 2086; x_wconf 89' lang='lat' dir='ltr'>anima</span> <span class='ocrx_word' id='word_1_276' title='bbox 726 2065 800 2086; x_wconf 90' lang='lat' dir='ltr'>mea</span> <span class='ocrx_word' id='word_1_277' title='bbox 826 2054 862 2086; x_wconf 88' lang='lat' dir='ltr'>in</span> <span class='ocrx_word' id='word_1_278' title='bbox 883 2054 989 2086; x_wconf 86' lang='lat' dir='ltr'>verbo</span> <span class='ocrx_word' id='word_1_279' title='bbox 1007 2054 1092 2093; x_wconf 89' lang='lat' dir='ltr'>eius,</span> 
     </span>
     <span class='ocr_line' id='line_1_40' title="bbox 110 2102 655 2154; baseline -0.004 -14"><span class='ocrx_word' id='word_1_280' title='bbox 110 2105 272 2154; x_wconf 90' lang='lat' dir='ltr'>Speravit</span> <span class='ocrx_word' id='word_1_281' title='bbox 289 2105 405 2138; x_wconf 90' lang='lat' dir='ltr'>anima</span> <span class='ocrx_word' id='word_1_282' title='bbox 422 2115 496 2136; x_wconf 92' lang='lat' dir='ltr'>mea</span> <span class='ocrx_word' id='word_1_283' title='bbox 514 2104 550 2136; x_wconf 91' lang='lat' dir='ltr'>in</span> <span class='ocrx_word' id='word_1_284' title='bbox 568 2102 655 2138; x_wconf 87' lang='lat' dir='ltr'>Deo.</span> 
     </span>
    </p>
   </div>
   <div class='ocr_carea' id='block_1_10' title="bbox 109 2161 1094 2351">
    <p class='ocr_par' dir='ltr' id='par_1_11' title="bbox 109 2161 1094 2351">
     <span class='ocr_line' id='line_1_41' title="bbox 210 2161 1093 2205; baseline -0.003 -9"><span class='ocrx_word' id='word_1_285' title='bbox 210 2162 286 2196; x_wconf 86' lang='lat' dir='ltr'>Hae</span> <span class='ocrx_word' id='word_1_286' title='bbox 304 2163 526 2196; x_wconf 83' lang='lat' dir='ltr'>dulcissimae</span> <span class='ocrx_word' id='word_1_287' title='bbox 541 2161 734 2196; x_wconf 84' lang='lat' dir='ltr'>sententiae</span> <span class='ocrx_word' id='word_1_288' title='bbox 754 2163 987 2205; x_wconf 80' lang='lat' dir='ltr'>opponendae</span> <span class='ocrx_word' id='word_1_289' title='bbox 1013 2167 1093 2193; x_wconf 84' lang='lat' dir='ltr'>sunt</span> 
     </span>
     <span class='ocr_line' id='line_1_42' title="bbox 109 2210 1094 2257; baseline -0.005 -9"><span class='ocrx_word' id='word_1_290' title='bbox 109 2212 276 2249; x_wconf 83' lang='lat' dir='ltr'>Ethnicis</span> <span class='ocrx_word' id='word_1_291' title='bbox 292 2221 324 2247; x_wconf 90' lang='lat' dir='ltr'>et</span> <span class='ocrx_word' id='word_1_292' title='bbox 344 2214 421 2246; x_wconf 88' lang='lat' dir='ltr'>aliis</span> <span class='ocrx_word' id='word_1_293' title='bbox 439 2213 558 2257; x_wconf 87' lang='lat' dir='ltr'>impiis</span> <span class='ocrx_word' id='word_1_294' title='bbox 572 2212 804 2257; x_wconf 87' lang='lat' dir='ltr'>opinionibus</span> <span class='ocrx_word' id='word_1_295' title='bbox 817 2220 845 2245; x_wconf 89' lang='lat' dir='ltr'>et</span> <span class='ocrx_word' id='word_1_296' title='bbox 865 2210 1094 2255; x_wconf 80' lang='lat' dir='ltr'>blasphemiis</span> 
     </span>
     <span class='ocr_line' id='line_1_43' title="bbox 111 2263 1094 2310; baseline -0.005 -11"><span class='ocrx_word' id='word_1_297' title='bbox 111 2265 388 2310; x_wconf 73' lang='lat' dir='ltr'>Auabaptisticis</span> <span class='ocrx_word' id='word_1_298' title='bbox 413 2271 445 2297; x_wconf 90' lang='lat' dir='ltr'>et</span> <span class='ocrx_word' id='word_1_299' title='bbox 462 2263 780 2304; x_wconf 83' lang='lat' dir='ltr'>Stenckseldianis‚</span> <span class='ocrx_word' id='word_1_300' title='bbox 809 2276 898 2308; x_wconf 79' lang='lat' dir='ltr'>quae</span> <span class='ocrx_word' id='word_1_301' title='bbox 922 2263 1094 2296; x_wconf 84' lang='lat' dir='ltr'>abiiciunt</span> 
     </span>
     <span class='ocr_line' id='line_1_44' title="bbox 112 2314 643 2351; baseline -0.011 1"><span class='ocrx_word' id='word_1_302' title='bbox 112 2325 290 2351; x_wconf 82' lang='lat' dir='ltr'>externam</span> <span class='ocrx_word' id='word_1_303' title='bbox 308 2327 428 2348; x_wconf 84' lang='lat' dir='ltr'>vocem</span> <span class='ocrx_word' id='word_1_304' title='bbox 449 2314 643 2347; x_wconf 86' lang='lat' dir='ltr'>doctrinae.</span> 
     </span>
    </p>
   </div>
   <div class='ocr_carea' id='block_1_11' title="bbox 110 2381 1098 2776">
    <p class='ocr_par' dir='ltr' id='par_1_12' title="bbox 110 2381 1098 2735">
     <span class='ocr_line' id='line_1_45' title="bbox 214 2381 1094 2423; baseline -0.006 -5"><span class='ocrx_word' id='word_1_305' title='bbox 214 2384 461 2419; x_wconf 81' lang='lat' dir='ltr'>simulantem</span> <span class='ocrx_word' id='word_1_306' title='bbox 483 2381 539 2415; x_wconf 82' lang='lat' dir='ltr'>hic</span> <span class='ocrx_word' id='word_1_307' title='bbox 558 2383 599 2415; x_wconf 89' lang='lat' dir='ltr'>de</span> <span class='ocrx_word' id='word_1_308' title='bbox 619 2381 801 2414; x_wconf 82' lang='lat' dir='ltr'>retinenda</span> <span class='ocrx_word' id='word_1_309' title='bbox 830 2381 980 2423; x_wconf 86' lang='lat' dir='ltr'>puritate</span> <span class='ocrx_word' id='word_1_310' title='bbox 998 2381 1094 2413; x_wconf 89' lang='lat' dir='ltr'>verbi</span> 
     </span>
     <span class='ocr_line' id='line_1_46' title="bbox 110 2431 1096 2480; baseline -0.008 -9"><span class='ocrx_word' id='word_1_311' title='bbox 110 2437 223 2472; x_wconf 87' lang='lat' dir='ltr'>divini</span> <span class='ocrx_word' id='word_1_312' title='bbox 248 2435 474 2480; x_wconf 85' lang='lat' dir='ltr'>praecipitur.</span> <span class='ocrx_word' id='word_1_313' title='bbox 527 2431 574 2467; x_wconf 86' lang='lat' dir='ltr'>Et</span> <span class='ocrx_word' id='word_1_314' title='bbox 593 2432 726 2477; x_wconf 88' lang='lat' dir='ltr'>puritas</span> <span class='ocrx_word' id='word_1_315' title='bbox 749 2431 938 2476; x_wconf 71' lang='lat' dir='ltr'>dupliciter</span> <span class='ocrx_word' id='word_1_316' title='bbox 965 2431 1096 2464; x_wconf 87' lang='lat' dir='ltr'>intelli-</span> 
     </span>
     <span class='ocr_line' id='line_1_47' title="bbox 112 2482 1096 2533; baseline -0.007 -11"><span class='ocrx_word' id='word_1_317' title='bbox 112 2489 224 2533; x_wconf 86' lang='lat' dir='ltr'>genda</span> <span class='ocrx_word' id='word_1_318' title='bbox 251 2494 311 2520; x_wconf 87' lang='lat' dir='ltr'>est.</span> <span class='ocrx_word' id='word_1_319' title='bbox 368 2485 526 2519; x_wconf 82' lang='lat' dir='ltr'>Primum</span> <span class='ocrx_word' id='word_1_320' title='bbox 553 2485 595 2518; x_wconf 90' lang='lat' dir='ltr'>de</span> <span class='ocrx_word' id='word_1_321' title='bbox 620 2484 696 2527; x_wconf 91' lang='lat' dir='ltr'>ipso</span> <span class='ocrx_word' id='word_1_322' title='bbox 717 2483 823 2516; x_wconf 73' lang='lat' dir='ltr'>verbo</span> <span class='ocrx_word' id='word_1_323' title='bbox 844 2482 908 2515; x_wconf 87' lang='lat' dir='ltr'>Dei</span> <span class='ocrx_word' id='word_1_324' title='bbox 928 2490 1020 2516; x_wconf 88' lang='lat' dir='ltr'>recte</span> <span class='ocrx_word' id='word_1_325' title='bbox 1040 2483 1096 2515; x_wconf 86' lang='lat' dir='ltr'>in—</span> 
     </span>
     <span class='ocr_line' id='line_1_48' title="bbox 111 2532 1098 2579; baseline -0.007 -5"><span class='ocrx_word' id='word_1_326' title='bbox 111 2540 271 2579; x_wconf 88' lang='lat' dir='ltr'>tellecto,</span> <span class='ocrx_word' id='word_1_327' title='bbox 311 2538 386 2570; x_wconf 89' lang='lat' dir='ltr'>sine</span> <span class='ocrx_word' id='word_1_328' title='bbox 425 2535 739 2579; x_wconf 81' lang='lat' dir='ltr'>imaginationibus</span> <span class='ocrx_word' id='word_1_329' title='bbox 775 2533 988 2567; x_wconf 87' lang='lat' dir='ltr'>carnalibus.</span> <span class='ocrx_word' id='word_1_330' title='bbox 1051 2532 1098 2567; x_wconf 88' lang='lat' dir='ltr'>Ut</span> 
     </span>
     <span class='ocr_line' id='line_1_49' title="bbox 113 2582 1097 2631; baseline -0.009 -6"><span class='ocrx_word' id='word_1_331' title='bbox 113 2589 285 2626; x_wconf 90' lang='lat' dir='ltr'>Saducaei</span> <span class='ocrx_word' id='word_1_332' title='bbox 316 2587 516 2621; x_wconf 85' lang='lat' dir='ltr'>retinebant</span> <span class='ocrx_word' id='word_1_333' title='bbox 545 2587 688 2631; x_wconf 89' lang='lat' dir='ltr'>quidem</span> <span class='ocrx_word' id='word_1_334' title='bbox 720 2583 761 2619; x_wconf 88' lang='grc' dir='ltr'>τὸ</span> <span class='ocrx_word' id='word_1_335' title='bbox 785 2582 897 2630; x_wconf 74' lang='grc' dir='ltr'><em>ῥητὸν</em></span> <span class='ocrx_word' id='word_1_336' title='bbox 928 2585 964 2616; x_wconf 90' lang='lat' dir='ltr'>iu</span> <span class='ocrx_word' id='word_1_337' title='bbox 984 2583 1097 2623; x_wconf 88' lang='lat' dir='ltr'>Mose,</span> 
     </span>
     <span class='ocr_line' id='line_1_50' title="bbox 115 2635 1097 2686; baseline -0.008 -11"><span class='ocrx_word' id='word_1_338' title='bbox 115 2643 172 2675; x_wconf 88' lang='lat' dir='ltr'>sed</span> <span class='ocrx_word' id='word_1_339' title='bbox 192 2640 436 2683; x_wconf 84' lang='lat' dir='ltr'>intelligebant</span> <span class='ocrx_word' id='word_1_340' title='bbox 453 2637 705 2686; x_wconf 85' lang='lat' dir='ltr'>promissiones</span> <span class='ocrx_word' id='word_1_341' title='bbox 719 2643 855 2670; x_wconf 84' lang='lat' dir='ltr'>tantum</span> <span class='ocrx_word' id='word_1_342' title='bbox 873 2635 1004 2668; x_wconf 85' lang='lat' dir='ltr'>carnali</span> <span class='ocrx_word' id='word_1_343' title='bbox 1023 2648 1097 2668; x_wconf 86' lang='lat' dir='ltr'>mo-</span> 
     </span>
     <span class='ocr_line' id='line_1_51' title="bbox 115 2684 1096 2735; baseline -0.007 -9"><span class='ocrx_word' id='word_1_344' title='bbox 115 2695 160 2726; x_wconf 91' lang='lat' dir='ltr'>do</span> <span class='ocrx_word' id='word_1_345' title='bbox 187 2693 230 2725; x_wconf 91' lang='lat' dir='ltr'>de</span> <span class='ocrx_word' id='word_1_346' title='bbox 257 2690 432 2735; x_wconf 86' lang='lat' dir='ltr'>praesenti</span> <span class='ocrx_word' id='word_1_347' title='bbox 459 2689 540 2723; x_wconf 81' lang='lat' dir='ltr'>vita.</span> <span class='ocrx_word' id='word_1_348' title='bbox 603 2687 660 2722; x_wconf 84' lang='lat' dir='ltr'>Sic</span> <span class='ocrx_word' id='word_1_349' title='bbox 693 2684 864 2721; x_wconf 82' lang='lat' dir='ltr'>Mouacbi</span> <span class='ocrx_word' id='word_1_350' title='bbox 894 2686 1096 2729; x_wconf 84' lang='lat' dir='ltr'>intelligunt</span> 
     </span>
    </p>

    <p class='ocr_par' dir='ltr' id='par_1_13' title="bbox 169 2740 707 2776">
     <span class='ocr_line' id='line_1_52' title="bbox 169 2740 707 2776; baseline -0.013 0"><span class='ocrx_word' id='word_1_351' title='bbox 169 2745 343 2776; x_wconf 62' lang='lat' dir='ltr'>Mamm.</span> <span class='ocrx_word' id='word_1_352' title='bbox 375 2743 476 2774; x_wconf 70' lang='lat' dir='ltr'>Orrn.</span> <span class='ocrx_word' id='word_1_353' title='bbox 503 2742 584 2771; x_wconf 68' lang='lat' dir='ltr'>Vm„</span> <span class='ocrx_word' id='word_1_354' title='bbox 617 2740 707 2770; x_wconf 81' lang='lat' dir='ltr'>Xlll.</span> 
     </span>
    </p>
   </div>
   <div class='ocr_carea' id='block_1_12' title="bbox 536 116 1718 162">
    <p class='ocr_par' dir='ltr' id='par_1_14' title="bbox 536 116 1718 162">
     <span class='ocr_line' id='line_1_53' title="bbox 536 116 1718 162; baseline 0.008 -11"><span class='ocrx_word' id='word_1_355' title='bbox 536 118 580 152; x_wconf 87' lang='lat' dir='ltr'>X.</span> <span class='ocrx_word' id='word_1_356' title='bbox 637 116 939 153; x_wconf 86' lang='lat' dir='ltr'>EXPLICATIO</span> <span class='ocrx_word' id='word_1_357' title='bbox 974 118 1383 157; x_wconf 81' lang='lat' dir='ltr'>PROVERBIORUM</span> <span class='ocrx_word' id='word_1_358' title='bbox 1418 121 1718 162; x_wconf 86' lang='lat' dir='ltr'>SALOMONIS.</span> 
     </span>
    </p>
   </div>
   <div class='ocr_carea' id='block_1_13' title="bbox 1115 1873 1386 1919">
    <p class='ocr_par' dir='ltr' id='par_1_15' title="bbox 1115 1873 1386 1919">
     <span class='ocr_line' id='line_1_54' title="bbox 1115 1873 1386 1919; baseline 0 -13"><span class='ocrx_word' id='word_1_359' title='bbox 1115 1899 1118 1919; x_wconf 72' lang='grc'><em>,</em></span> <span class='ocrx_word' id='word_1_360' title='bbox 1144 1885 1290 1915; x_wconf 79' lang='lat' dir='ltr'>regnum</span> <span class='ocrx_word' id='word_1_361' title='bbox 1308 1873 1386 1906; x_wconf 88' lang='lat' dir='ltr'>Dei.</span> 
     </span>
    </p>
   </div>
   <div class='ocr_carea' id='block_1_14' title="bbox 1119 2235 1123 2333">
    <p class='ocr_par' dir='ltr' id='par_1_16' title="bbox 1119 2235 1123 2333">
     <span class='ocr_line' id='line_1_55' title="bbox 1119 2235 1123 2333; baseline 0 582"><span class='ocrx_word' id='word_1_362' title='bbox 1119 2235 1123 2333; x_wconf 95' lang='lat' dir='ltr'> </span> 
     </span>
    </p>
   </div>
   <div class='ocr_carea' id='block_1_15' title="bbox 1120 2410 1124 2572">
    <p class='ocr_par' dir='ltr' id='par_1_17' title="bbox 1120 2410 1124 2572">
     <span class='ocr_line' id='line_1_56' title="bbox 1120 2410 1124 2572; baseline 0 343"><span class='ocrx_word' id='word_1_363' title='bbox 1120 2410 1124 2572; x_wconf 95' lang='lat' dir='ltr'> </span> 
     </span>
    </p>
   </div>
   <div class='ocr_carea' id='block_1_16' title="bbox 1122 2573 2127 2675">
    <p class='ocr_par' dir='ltr' id='par_1_18' title="bbox 1122 2573 2127 2675">
     <span class='ocr_line' id='line_1_57' title="bbox 1122 2573 1609 2628; baseline 0.002 -11"><span class='ocrx_word' id='word_1_364' title='bbox 1122 2573 1123 2594; x_wconf 51' lang='lat'>¹</span> <span class='ocrx_word' id='word_1_365' title='bbox 1151 2584 1298 2618; x_wconf 86' lang='lat' dir='ltr'>Paulus:</span> <span class='ocrx_word' id='word_1_366' title='bbox 1326 2583 1471 2628; x_wconf 87' lang='lat' dir='ltr'>Propria</span> <span class='ocrx_word' id='word_1_367' title='bbox 1498 2585 1609 2619; x_wconf 84' lang='lat' dir='ltr'>facite.</span> 
     </span>
     <span class='ocr_line' id='line_1_58' title="bbox 1122 2635 2127 2675; baseline 0.005 -7"><span class='ocrx_word' id='word_1_368' title='bbox 1122 2638 1124 2671; x_wconf 62' lang='grc' dir='ltr'>ὲ</span> <span class='ocrx_word' id='word_1_369' title='bbox 1151 2635 1263 2669; x_wconf 80' lang='lat' dir='ltr'>dium-i</span> <span class='ocrx_word' id='word_1_370' title='bbox 1285 2641 1398 2675; x_wconf 80' lang='lat' dir='ltr'>statu,</span> <span class='ocrx_word' id='word_1_371' title='bbox 1425 2636 1514 2668; x_wconf 86' lang='lat' dir='ltr'>sicut</span> <span class='ocrx_word' id='word_1_372' title='bbox 1541 2643 1574 2669; x_wconf 88' lang='lat' dir='ltr'>et</span> <span class='ocrx_word' id='word_1_373' title='bbox 1600 2635 1684 2667; x_wconf 86' lang='lat' dir='ltr'>alibi</span> <span class='ocrx_word' id='word_1_374' title='bbox 1716 2636 1861 2669; x_wconf 85' lang='lat' dir='ltr'>dicitur:</span> <span class='ocrx_word' id='word_1_375' title='bbox 1899 2638 2127 2673; x_wconf 78' lang='lat' dir='ltr'>Abominatio</span> 
     </span>
    </p>
   </div>
   <div class='ocr_carea' id='block_1_17' title="bbox 2093 138 2140 172">
    <p class='ocr_par' dir='ltr' id='par_1_19' title="bbox 2093 138 2140 172">
     <span class='ocr_line' id='line_1_59' title="bbox 2093 138 2140 172; baseline -0.043 0"><span class='ocrx_word' id='word_1_376' title='bbox 2093 138 2140 172; x_wconf 77' lang='lat'>82</span> 
     </span>
    </p>
   </div>
   <div class='ocr_carea' id='block_1_18' title="bbox 1140 204 2135 1614">
    <p class='ocr_par' dir='ltr' id='par_1_20' title="bbox 1153 204 2135 292">
     <span class='ocr_line' id='line_1_60' title="bbox 1153 204 2135 254; baseline 0.018 -17"><span class='ocrx_word' id='word_1_377' title='bbox 1153 204 1281 248; x_wconf 86' lang='lat' dir='ltr'>Legem</span> <span class='ocrx_word' id='word_1_378' title='bbox 1299 207 1343 240; x_wconf 92' lang='lat' dir='ltr'>de</span> <span class='ocrx_word' id='word_1_379' title='bbox 1359 209 1510 242; x_wconf 87' lang='lat' dir='ltr'>externis</span> <span class='ocrx_word' id='word_1_380' title='bbox 1527 210 1704 254; x_wconf 85' lang='lat' dir='ltr'>operibus,</span> <span class='ocrx_word' id='word_1_381' title='bbox 1729 213 1832 247; x_wconf 87' lang='lat' dir='ltr'>fidem</span> <span class='ocrx_word' id='word_1_382' title='bbox 1850 222 1987 251; x_wconf 90' lang='lat' dir='ltr'>tantum</span> <span class='ocrx_word' id='word_1_383' title='bbox 2007 220 2050 253; x_wconf 91' lang='lat' dir='ltr'>de</span> <span class='ocrx_word' id='word_1_384' title='bbox 2070 233 2135 254; x_wconf 79' lang='lat' dir='ltr'>no-</span> 
     </span>
     <span class='ocr_line' id='line_1_61' title="bbox 1154 254 1502 292; baseline 0.011 -4"><span class='ocrx_word' id='word_1_385' title='bbox 1154 255 1236 290; x_wconf 89' lang='lat' dir='ltr'>ticia</span> <span class='ocrx_word' id='word_1_386' title='bbox 1253 254 1421 291; x_wconf 87' lang='lat' dir='ltr'>historiae</span> <span class='ocrx_word' id='word_1_387' title='bbox 1439 265 1502 292; x_wconf 86' lang='lat' dir='ltr'>etc.</span> 
     </span>
    </p>

    <p class='ocr_par' dir='ltr' id='par_1_21' title="bbox 1142 307 2131 1314">
     <span class='ocr_line' id='line_1_62' title="bbox 1254 307 2131 358; baseline 0.019 -19"><span class='ocrx_word' id='word_1_388' title='bbox 1254 307 1375 341; x_wconf 87' lang='lat' dir='ltr'>Altera</span> <span class='ocrx_word' id='word_1_389' title='bbox 1391 309 1525 352; x_wconf 89' lang='lat' dir='ltr'>puritas</span> <span class='ocrx_word' id='word_1_390' title='bbox 1540 317 1606 351; x_wconf 87' lang='lat' dir='ltr'>est,</span> <span class='ocrx_word' id='word_1_391' title='bbox 1634 324 1704 346; x_wconf 87' lang='lat' dir='ltr'>non</span> <span class='ocrx_word' id='word_1_392' title='bbox 1722 326 1880 358; x_wconf 82' lang='lat' dir='ltr'>expresse</span> <span class='ocrx_word' id='word_1_393' title='bbox 1903 320 2033 353; x_wconf 86' lang='lat' dir='ltr'>addere</span> <span class='ocrx_word' id='word_1_394' title='bbox 2052 333 2131 355; x_wconf 87' lang='lat' dir='ltr'>cor-</span> 
     </span>
     <span class='ocr_line' id='line_1_63' title="bbox 1152 358 2129 406; baseline 0.017 -16"><span class='ocrx_word' id='word_1_395' title='bbox 1152 358 1326 402; x_wconf 86' lang='lat' dir='ltr'>ruptelas,</span> <span class='ocrx_word' id='word_1_396' title='bbox 1351 365 1389 392; x_wconf 91' lang='lat' dir='ltr'>ut</span> <span class='ocrx_word' id='word_1_397' title='bbox 1414 359 1507 404; x_wconf 91' lang='lat' dir='ltr'>Papa</span> <span class='ocrx_word' id='word_1_398' title='bbox 1533 361 1670 396; x_wconf 89' lang='lat' dir='ltr'>addidit</span> <span class='ocrx_word' id='word_1_399' title='bbox 1705 365 1945 402; x_wconf 89' lang='lat' dir='ltr'>invocationes</span> <span class='ocrx_word' id='word_1_400' title='bbox 1970 379 2129 406; x_wconf 83' lang='lat' dir='ltr'>mortuo-</span> 
     </span>
     <span class='ocr_line' id='line_1_64' title="bbox 1152 410 2127 462; baseline 0.017 -21"><span class='ocrx_word' id='word_1_401' title='bbox 1152 420 1252 449; x_wconf 89' lang='lat' dir='ltr'>rum,</span> <span class='ocrx_word' id='word_1_402' title='bbox 1278 416 1461 454; x_wconf 89' lang='lat' dir='ltr'>quaestum</span> <span class='ocrx_word' id='word_1_403' title='bbox 1481 410 1691 453; x_wconf 87' lang='lat' dir='ltr'>Missarum,</span> <span class='ocrx_word' id='word_1_404' title='bbox 1727 415 1847 449; x_wconf 89' lang='lat' dir='ltr'>falsam</span> <span class='ocrx_word' id='word_1_405' title='bbox 1874 421 2127 462; x_wconf 85' lang='lat' dir='ltr'>adorationem,</span> 
     </span>
     <span class='ocr_line' id='line_1_65' title="bbox 1152 457 2127 512; baseline 0.01 -21"><span class='ocrx_word' id='word_1_406' title='bbox 1152 457 1432 503; x_wconf 86' lang='lat' dir='ltr'>prohibitionem</span> <span class='ocrx_word' id='word_1_407' title='bbox 1449 461 1623 506; x_wconf 87' lang='lat' dir='ltr'>coniugii,</span> <span class='ocrx_word' id='word_1_408' title='bbox 1649 470 1682 497; x_wconf 90' lang='lat' dir='ltr'>et</span> <span class='ocrx_word' id='word_1_409' title='bbox 1706 465 1792 498; x_wconf 83' lang='lat' dir='ltr'>alias</span> <span class='ocrx_word' id='word_1_410' title='bbox 1817 467 1942 512; x_wconf 89' lang='lat' dir='ltr'>impias</span> <span class='ocrx_word' id='word_1_411' title='bbox 1966 474 2127 507; x_wconf 86' lang='lat' dir='ltr'>traditio-</span> 
     </span>
     <span class='ocr_line' id='line_1_66' title="bbox 1150 509 2124 561; baseline 0.017 -20"><span class='ocrx_word' id='word_1_412' title='bbox 1150 521 1222 545; x_wconf 88' lang='lat' dir='ltr'>nes.</span> <span class='ocrx_word' id='word_1_413' title='bbox 1275 509 1329 544; x_wconf 92' lang='lat' dir='ltr'>De</span> <span class='ocrx_word' id='word_1_414' title='bbox 1352 518 1502 557; x_wconf 89' lang='lat' dir='ltr'>utraque</span> <span class='ocrx_word' id='word_1_415' title='bbox 1524 514 1675 556; x_wconf 88' lang='lat' dir='ltr'>puritate</span> <span class='ocrx_word' id='word_1_416' title='bbox 1698 515 1857 561; x_wconf 90' lang='lat' dir='ltr'>loquitur</span> <span class='ocrx_word' id='word_1_417' title='bbox 1874 518 2032 555; x_wconf 88' lang='lat' dir='ltr'>Psalmus</span> <span class='ocrx_word' id='word_1_418' title='bbox 2052 526 2124 559; x_wconf 66' lang='lat'>122</span> 
     </span>
     <span class='ocr_line' id='line_1_67' title="bbox 1149 559 2120 613; baseline 0.016 -21"><span class='ocrx_word' id='word_1_419' title='bbox 1149 559 1302 606; x_wconf 88' lang='lat' dir='ltr'>Eloquia</span> <span class='ocrx_word' id='word_1_420' title='bbox 1317 560 1463 595; x_wconf 90' lang='lat' dir='ltr'>Domini</span> <span class='ocrx_word' id='word_1_421' title='bbox 1478 563 1616 609; x_wconf 89' lang='lat' dir='ltr'>eloquia</span> <span class='ocrx_word' id='word_1_422' title='bbox 1634 576 1739 608; x_wconf 88' lang='lat' dir='ltr'>pura,</span> <span class='ocrx_word' id='word_1_423' title='bbox 1767 567 1856 602; x_wconf 89' lang='lat' dir='ltr'>sicut</span> <span class='ocrx_word' id='word_1_424' title='bbox 1875 581 2120 613; x_wconf 87' lang='lat' dir='ltr'>argumentum</span> 
     </span>
     <span class='ocr_line' id='line_1_68' title="bbox 1150 613 2122 666; baseline 0.015 -23"><span class='ocrx_word' id='word_1_425' title='bbox 1150 619 1336 655; x_wconf 89' lang='lat' dir='ltr'>purgatum</span> <span class='ocrx_word' id='word_1_426' title='bbox 1362 613 1400 646; x_wconf 90' lang='lat' dir='ltr'>in</span> <span class='ocrx_word' id='word_1_427' title='bbox 1418 625 1497 646; x_wconf 90' lang='lat' dir='ltr'>vase</span> <span class='ocrx_word' id='word_1_428' title='bbox 1513 621 1684 656; x_wconf 88' lang='lat' dir='ltr'>testaceo,</span> <span class='ocrx_word' id='word_1_429' title='bbox 1711 625 1895 661; x_wconf 87' lang='lat' dir='ltr'>purgatum</span> <span class='ocrx_word' id='word_1_430' title='bbox 1915 623 2059 666; x_wconf 89' lang='lat' dir='ltr'>septies,</span> <span class='ocrx_word' id='word_1_431' title='bbox 2088 626 2122 658; x_wconf 91' lang='lat' dir='ltr'>id</span> 
     </span>
     <span class='ocr_line' id='line_1_69' title="bbox 1150 663 2122 720; baseline 0.015 -26"><span class='ocrx_word' id='word_1_432' title='bbox 1150 669 1218 702; x_wconf 87' lang='lat' dir='ltr'>est,</span> <span class='ocrx_word' id='word_1_433' title='bbox 1246 663 1400 706; x_wconf 88' lang='lat' dir='ltr'>primum</span> <span class='ocrx_word' id='word_1_434' title='bbox 1418 671 1508 697; x_wconf 89' lang='lat' dir='ltr'>recte</span> <span class='ocrx_word' id='word_1_435' title='bbox 1527 665 1745 708; x_wconf 87' lang='lat' dir='ltr'>intelligatur</span> <span class='ocrx_word' id='word_1_436' title='bbox 1761 670 1905 703; x_wconf 69' lang='lat' dir='ltr'>verbum</span> <span class='ocrx_word' id='word_1_437' title='bbox 1915 671 1999 714; x_wconf 85' lang='lat' dir='ltr'>Dei,</span> <span class='ocrx_word' id='word_1_438' title='bbox 2027 678 2122 720; x_wconf 91' lang='lat' dir='ltr'>quod</span> 
     </span>
     <span class='ocr_line' id='line_1_70' title="bbox 1149 713 2120 763; baseline 0.013 -18"><span class='ocrx_word' id='word_1_439' title='bbox 1149 713 1296 747; x_wconf 90' lang='lat' dir='ltr'>discitur</span> <span class='ocrx_word' id='word_1_440' title='bbox 1321 714 1358 746; x_wconf 92' lang='lat' dir='ltr'>in</span> <span class='ocrx_word' id='word_1_441' title='bbox 1391 714 1481 746; x_wconf 86' lang='lat' dir='ltr'>veris</span> <span class='ocrx_word' id='word_1_442' title='bbox 1513 716 1686 750; x_wconf 89' lang='lat' dir='ltr'>exercitiis</span> <span class='ocrx_word' id='word_1_443' title='bbox 1722 719 1977 763; x_wconf 88' lang='lat' dir='ltr'>poenitentiae,</span> <span class='ocrx_word' id='word_1_444' title='bbox 2018 733 2051 759; x_wconf 90' lang='lat' dir='ltr'>et</span> <span class='ocrx_word' id='word_1_445' title='bbox 2085 727 2120 759; x_wconf 86' lang='lat' dir='ltr'>in</span> 
     </span>
     <span class='ocr_line' id='line_1_71' title="bbox 1148 765 2122 813; baseline 0.015 -18"><span class='ocrx_word' id='word_1_446' title='bbox 1148 775 1260 797; x_wconf 86' lang='lat' dir='ltr'>cruce.</span> <span class='ocrx_word' id='word_1_447' title='bbox 1317 765 1369 797; x_wconf 89' lang='lat' dir='ltr'>Ibi</span> <span class='ocrx_word' id='word_1_448' title='bbox 1397 765 1490 797; x_wconf 90' lang='lat' dir='ltr'>enim</span> <span class='ocrx_word' id='word_1_449' title='bbox 1517 773 1712 809; x_wconf 86' lang='lat' dir='ltr'>purgantur</span> <span class='ocrx_word' id='word_1_450' title='bbox 1736 776 1870 803; x_wconf 89' lang='lat' dir='ltr'>mentes</span> <span class='ocrx_word' id='word_1_451' title='bbox 1895 781 2049 813; x_wconf 90' lang='lat' dir='ltr'>nostrae,</span> <span class='ocrx_word' id='word_1_452' title='bbox 2084 785 2122 811; x_wconf 92' lang='lat' dir='ltr'>ut</span> 
     </span>
     <span class='ocr_line' id='line_1_72' title="bbox 1147 814 2121 861; baseline 0.015 -15"><span class='ocrx_word' id='word_1_453' title='bbox 1147 815 1293 848; x_wconf 85' lang='lat' dir='ltr'>verbum</span> <span class='ocrx_word' id='word_1_454' title='bbox 1316 814 1383 848; x_wconf 91' lang='lat' dir='ltr'>Dei</span> <span class='ocrx_word' id='word_1_455' title='bbox 1408 815 1606 859; x_wconf 85' lang='lat' dir='ltr'>intelligant</span> <span class='ocrx_word' id='word_1_456' title='bbox 1629 819 1782 861; x_wconf 87' lang='lat' dir='ltr'>primum</span> <span class='ocrx_word' id='word_1_457' title='bbox 1815 821 1890 854; x_wconf 86' lang='lat' dir='ltr'>sine</span> <span class='ocrx_word' id='word_1_458' title='bbox 1921 826 2121 861; x_wconf 88' lang='lat' dir='ltr'>carnalibus</span> 
     </span>
     <span class='ocr_line' id='line_1_73' title="bbox 1148 865 2119 915; baseline 0.015 -19"><span class='ocrx_word' id='word_1_459' title='bbox 1148 865 1478 908; x_wconf 86' lang='lat' dir='ltr'>imaginationibus,</span> <span class='ocrx_word' id='word_1_460' title='bbox 1511 873 1549 900; x_wconf 91' lang='lat' dir='ltr'>ut</span> <span class='ocrx_word' id='word_1_461' title='bbox 1574 879 1651 900; x_wconf 92' lang='lat' dir='ltr'>cum</span> <span class='ocrx_word' id='word_1_462' title='bbox 1671 867 1802 903; x_wconf 89' lang='lat' dir='ltr'>Paulus</span> <span class='ocrx_word' id='word_1_463' title='bbox 1823 873 1982 915; x_wconf 89' lang='lat' dir='ltr'>arguitur</span> <span class='ocrx_word' id='word_1_464' title='bbox 1999 876 2041 909; x_wconf 93' lang='lat' dir='ltr'>de</span> <span class='ocrx_word' id='word_1_465' title='bbox 2065 878 2119 910; x_wconf 82' lang='lat' dir='ltr'>in-</span> 
     </span>
     <span class='ocr_line' id='line_1_74' title="bbox 1146 916 2119 971; baseline 0.014 -23"><span class='ocrx_word' id='word_1_466' title='bbox 1146 916 1235 950; x_wconf 89' lang='lat' dir='ltr'>iusta</span> <span class='ocrx_word' id='word_1_467' title='bbox 1266 917 1429 957; x_wconf 87' lang='lat' dir='ltr'>saevitia,</span> <span class='ocrx_word' id='word_1_468' title='bbox 1463 918 1567 951; x_wconf 88' lang='lat' dir='ltr'>discit</span> <span class='ocrx_word' id='word_1_469' title='bbox 1589 916 1782 963; x_wconf 89' lang='lat' dir='ltr'>Prophetas</span> <span class='ocrx_word' id='word_1_470' title='bbox 1812 922 1911 967; x_wconf 90' lang='lat' dir='ltr'>loqui</span> <span class='ocrx_word' id='word_1_471' title='bbox 1942 926 1984 957; x_wconf 90' lang='lat' dir='ltr'>de</span> <span class='ocrx_word' id='word_1_472' title='bbox 2015 938 2119 971; x_wconf 83' lang='lat' dir='ltr'>regno</span> 
     </span>
     <span class='ocr_line' id='line_1_75' title="bbox 1145 965 2118 1022; baseline 0.012 -23"><span class='ocrx_word' id='word_1_473' title='bbox 1145 974 1288 1000; x_wconf 88' lang='lat' dir='ltr'>aeterno</span> <span class='ocrx_word' id='word_1_474' title='bbox 1314 965 1469 1008; x_wconf 84' lang='lat' dir='ltr'>Christi,</span> <span class='ocrx_word' id='word_1_475' title='bbox 1501 980 1574 1001; x_wconf 91' lang='lat' dir='ltr'>non</span> <span class='ocrx_word' id='word_1_476' title='bbox 1598 970 1641 1001; x_wconf 93' lang='lat' dir='ltr'>de</span> <span class='ocrx_word' id='word_1_477' title='bbox 1665 971 1819 1013; x_wconf 91' lang='lat' dir='ltr'>politico.</span> <span class='ocrx_word' id='word_1_478' title='bbox 1880 972 1962 1008; x_wconf 88' lang='lat' dir='ltr'>ldeo</span> <span class='ocrx_word' id='word_1_479' title='bbox 1988 977 2118 1022; x_wconf 91' lang='lat' dir='ltr'>inquit.</span> 
     </span>
     <span class='ocr_line' id='line_1_76' title="bbox 1144 1015 2118 1071; baseline 0.014 -22"><span class='ocrx_word' id='word_1_480' title='bbox 1144 1015 1300 1062; x_wconf 77' lang='grc' dir='ltr'><strong><em>ψυχικὸς</em></strong></span> <span class='ocrx_word' id='word_1_481' title='bbox 1316 1015 1421 1051; x_wconf 87' lang='lat' dir='ltr'>homo</span> <span class='ocrx_word' id='word_1_482' title='bbox 1445 1031 1519 1051; x_wconf 89' lang='lat' dir='ltr'>non</span> <span class='ocrx_word' id='word_1_483' title='bbox 1537 1020 1684 1064; x_wconf 86' lang='lat' dir='ltr'>percipit</span> <span class='ocrx_word' id='word_1_484' title='bbox 1702 1033 1739 1054; x_wconf 87' lang='lat' dir='ltr'>ea</span> <span class='ocrx_word' id='word_1_485' title='bbox 1756 1034 1843 1067; x_wconf 81' lang='lat' dir='ltr'>quae</span> <span class='ocrx_word' id='word_1_486' title='bbox 1857 1033 1938 1059; x_wconf 87' lang='lat' dir='ltr'>sunt</span> <span class='ocrx_word' id='word_1_487' title='bbox 1954 1026 2118 1071; x_wconf 83' lang='lat' dir='ltr'>Spiritus.</span> 
     </span>
     <span class='ocr_line' id='line_1_77' title="bbox 1144 1068 2120 1117; baseline 0.014 -17"><span class='ocrx_word' id='word_1_488' title='bbox 1144 1068 1308 1101; x_wconf 88' lang='lat' dir='ltr'>Secundo</span> <span class='ocrx_word' id='word_1_489' title='bbox 1326 1069 1415 1102; x_wconf 90' lang='lat' dir='ltr'>adsit</span> <span class='ocrx_word' id='word_1_490' title='bbox 1436 1070 1567 1113; x_wconf 84' lang='lat' dir='ltr'>puritas</span> <span class='ocrx_word' id='word_1_491' title='bbox 1586 1071 1683 1111; x_wconf 89' lang='lat' dir='ltr'>talis,</span> <span class='ocrx_word' id='word_1_492' title='bbox 1707 1084 1750 1105; x_wconf 93' lang='lat' dir='ltr'>ne</span> <span class='ocrx_word' id='word_1_493' title='bbox 1768 1084 1925 1117; x_wconf 87' lang='lat' dir='ltr'>expresse</span> <span class='ocrx_word' id='word_1_494' title='bbox 1943 1079 2120 1114; x_wconf 88' lang='lat' dir='ltr'>addantur</span> 
     </span>
     <span class='ocr_line' id='line_1_78' title="bbox 1144 1119 2119 1165; baseline 0.013 -14"><span class='ocrx_word' id='word_1_495' title='bbox 1144 1119 1350 1152; x_wconf 87' lang='lat' dir='ltr'>traditiones</span> <span class='ocrx_word' id='word_1_496' title='bbox 1374 1121 1416 1152; x_wconf 94' lang='lat' dir='ltr'>de</span> <span class='ocrx_word' id='word_1_497' title='bbox 1448 1121 1550 1153; x_wconf 90' lang='lat' dir='ltr'>novis</span> <span class='ocrx_word' id='word_1_498' title='bbox 1582 1122 1746 1157; x_wconf 89' lang='lat' dir='ltr'>cultibus.</span> <span class='ocrx_word' id='word_1_499' title='bbox 1815 1122 1950 1159; x_wconf 89' lang='lat' dir='ltr'>Harum</span> <span class='ocrx_word' id='word_1_500' title='bbox 1984 1131 2119 1165; x_wconf 83' lang='lat' dir='ltr'>vanitas</span> 
     </span>
     <span class='ocr_line' id='line_1_79' title="bbox 1143 1168 2119 1218; baseline 0.014 -17"><span class='ocrx_word' id='word_1_501' title='bbox 1143 1169 1247 1202; x_wconf 88' lang='lat' dir='ltr'>etiam</span> <span class='ocrx_word' id='word_1_502' title='bbox 1280 1168 1557 1214; x_wconf 82' lang='lat' dir='ltr'>deprehenditur</span> <span class='ocrx_word' id='word_1_503' title='bbox 1590 1172 1625 1204; x_wconf 94' lang='lat' dir='ltr'>in</span> <span class='ocrx_word' id='word_1_504' title='bbox 1657 1185 1738 1206; x_wconf 71' lang='lat' dir='ltr'>vera</span> <span class='ocrx_word' id='word_1_505' title='bbox 1775 1176 1991 1218; x_wconf 66' lang='lat' dir='ltr'>poenitentia</span> <span class='ocrx_word' id='word_1_506' title='bbox 2021 1188 2054 1214; x_wconf 88' lang='lat' dir='ltr'>et</span> <span class='ocrx_word' id='word_1_507' title='bbox 2082 1182 2119 1216; x_wconf 90' lang='lat' dir='ltr'>in</span> 
     </span>
     <span class='ocr_line' id='line_1_80' title="bbox 1142 1220 2116 1268; baseline 0.013 -16"><span class='ocrx_word' id='word_1_508' title='bbox 1142 1232 1260 1260; x_wconf 87' lang='lat' dir='ltr'>cruce,</span> <span class='ocrx_word' id='word_1_509' title='bbox 1287 1221 1376 1254; x_wconf 81' lang='lat' dir='ltr'>sicut</span> <span class='ocrx_word' id='word_1_510' title='bbox 1392 1220 1522 1255; x_wconf 88' lang='lat' dir='ltr'>Paulus</span> <span class='ocrx_word' id='word_1_511' title='bbox 1542 1223 1675 1267; x_wconf 88' lang='lat' dir='ltr'>inquit,</span> <span class='ocrx_word' id='word_1_512' title='bbox 1703 1223 1859 1268; x_wconf 89' lang='lat' dir='ltr'>Stipulas</span> <span class='ocrx_word' id='word_1_513' title='bbox 1876 1228 2116 1264; x_wconf 84' lang='lat' dir='ltr'>doctrinarum</span> 
     </span>
     <span class='ocr_line' id='line_1_81' title="bbox 1142 1282 1406 1314; baseline 0.004 -11"><span class='ocrx_word' id='word_1_514' title='bbox 1142 1282 1301 1304; x_wconf 77' lang='lat' dir='ltr'>consumi</span> <span class='ocrx_word' id='word_1_515' title='bbox 1320 1282 1406 1314; x_wconf 75' lang='lat' dir='ltr'>igni.</span> 
     </span>
    </p>

    <p class='ocr_par' dir='ltr' id='par_1_22' title="bbox 1140 1319 2122 1614">
     <span class='ocr_line' id='line_1_82' title="bbox 1243 1319 2120 1365; baseline 0.011 -10"><span class='ocrx_word' id='word_1_516' title='bbox 1243 1321 1293 1355; x_wconf 81' lang='lat' dir='ltr'>lta</span> <span class='ocrx_word' id='word_1_517' title='bbox 1317 1319 1480 1355; x_wconf 89' lang='lat' dir='ltr'>hocloco</span> <span class='ocrx_word' id='word_1_518' title='bbox 1508 1335 1587 1355; x_wconf 90' lang='lat' dir='ltr'>cum</span> <span class='ocrx_word' id='word_1_519' title='bbox 1614 1324 1715 1357; x_wconf 88' lang='lat' dir='ltr'>initio</span> <span class='ocrx_word' id='word_1_520' title='bbox 1741 1325 1842 1359; x_wconf 88' lang='lat' dir='ltr'>dicit:</span> <span class='ocrx_word' id='word_1_521' title='bbox 1871 1326 2026 1362; x_wconf 73' lang='lat' dir='ltr'>Verbum</span> <span class='ocrx_word' id='word_1_522' title='bbox 2052 1329 2120 1365; x_wconf 82' lang='lat' dir='ltr'>Dei</span> 
     </span>
     <span class='ocr_line' id='line_1_83' title="bbox 1141 1371 2119 1420; baseline 0.011 -16"><span class='ocrx_word' id='word_1_523' title='bbox 1141 1378 1328 1415; x_wconf 83' lang='lat' dir='ltr'>purgatum</span> <span class='ocrx_word' id='word_1_524' title='bbox 1344 1372 1563 1415; x_wconf 87' lang='lat' dir='ltr'>intelligatur</span> <span class='ocrx_word' id='word_1_525' title='bbox 1579 1371 1645 1406; x_wconf 92' lang='lat' dir='ltr'>hoc</span> <span class='ocrx_word' id='word_1_526' title='bbox 1666 1375 1708 1407; x_wconf 90' lang='lat' dir='ltr'>de</span> <span class='ocrx_word' id='word_1_527' title='bbox 1731 1375 1849 1418; x_wconf 90' lang='lat' dir='ltr'>priore</span> <span class='ocrx_word' id='word_1_528' title='bbox 1867 1379 2036 1420; x_wconf 84' lang='lat' dir='ltr'>puritate,</span> <span class='ocrx_word' id='word_1_529' title='bbox 2067 1383 2119 1414; x_wconf 85' lang='lat' dir='ltr'>vi-</span> 
     </span>
     <span class='ocr_line' id='line_1_84' title="bbox 1140 1421 2121 1470; baseline 0.011 -15"><span class='ocrx_word' id='word_1_530' title='bbox 1140 1423 1283 1465; x_wconf 89' lang='lat' dir='ltr'>delicet,</span> <span class='ocrx_word' id='word_1_531' title='bbox 1312 1428 1351 1455; x_wconf 82' lang='lat' dir='ltr'>ut</span> <span class='ocrx_word' id='word_1_532' title='bbox 1367 1421 1408 1457; x_wconf 83' lang='grc' dir='ltr'>τὸ</span> <span class='ocrx_word' id='word_1_533' title='bbox 1426 1421 1535 1468; x_wconf 78' lang='grc' dir='ltr'>ῥητὸν</span> <span class='ocrx_word' id='word_1_534' title='bbox 1552 1431 1642 1457; x_wconf 88' lang='lat' dir='ltr'>recte</span> <span class='ocrx_word' id='word_1_535' title='bbox 1660 1425 1895 1470; x_wconf 81' lang='lat' dir='ltr'>intelligatur,</span> <span class='ocrx_word' id='word_1_536' title='bbox 1923 1428 2044 1464; x_wconf 86' lang='lat' dir='ltr'>Postea</span> <span class='ocrx_word' id='word_1_537' title='bbox 2064 1445 2121 1465; x_wconf 84' lang='lat' dir='ltr'>ex-</span> 
     </span>
     <span class='ocr_line' id='line_1_85' title="bbox 1141 1470 2122 1526; baseline 0.012 -21"><span class='ocrx_word' id='word_1_538' title='bbox 1141 1485 1257 1517; x_wconf 85' lang='lat' dir='ltr'>presse</span> <span class='ocrx_word' id='word_1_539' title='bbox 1279 1470 1515 1517; x_wconf 85' lang='lat' dir='ltr'>prohibentur</span> <span class='ocrx_word' id='word_1_540' title='bbox 1531 1486 1641 1508; x_wconf 87' lang='lat' dir='ltr'>novae</span> <span class='ocrx_word' id='word_1_541' title='bbox 1663 1477 1887 1516; x_wconf 85' lang='lat' dir='ltr'>traditiones,</span> <span class='ocrx_word' id='word_1_542' title='bbox 1914 1481 2003 1515; x_wconf 86' lang='lat' dir='ltr'>sicut</span> <span class='ocrx_word' id='word_1_543' title='bbox 2021 1494 2122 1526; x_wconf 86' lang='lat' dir='ltr'>saepe</span> 
     </span>
     <span class='ocr_line' id='line_1_86' title="bbox 1140 1523 2120 1567; baseline 0.011 -10"><span class='ocrx_word' id='word_1_544' title='bbox 1140 1525 1226 1558; x_wconf 89' lang='lat' dir='ltr'>alibi</span> <span class='ocrx_word' id='word_1_545' title='bbox 1256 1524 1396 1558; x_wconf 84' lang='lat' dir='ltr'>dicitur.</span> <span class='ocrx_word' id='word_1_546' title='bbox 1448 1523 1494 1559; x_wconf 86' lang='lat' dir='ltr'>Et</span> <span class='ocrx_word' id='word_1_547' title='bbox 1519 1526 1601 1559; x_wconf 85' lang='lat' dir='ltr'>citat</span> <span class='ocrx_word' id='word_1_548' title='bbox 1623 1525 1798 1561; x_wconf 85' lang='lat' dir='ltr'>Dominus</span> <span class='ocrx_word' id='word_1_549' title='bbox 1821 1530 1954 1564; x_wconf 89' lang='lat' dir='ltr'>dictum</span> <span class='ocrx_word' id='word_1_550' title='bbox 1978 1530 2120 1567; x_wconf 79' lang='lat' dir='ltr'>Esaiae:</span> 
     </span>
     <span class='ocr_line' id='line_1_87' title="bbox 1141 1574 1909 1614; baseline 0.008 -6"><span class='ocrx_word' id='word_1_551' title='bbox 1141 1574 1286 1609; x_wconf 87' lang='lat' dir='ltr'>Frustra</span> <span class='ocrx_word' id='word_1_552' title='bbox 1307 1575 1427 1608; x_wconf 87' lang='lat' dir='ltr'>colunt</span> <span class='ocrx_word' id='word_1_553' title='bbox 1444 1588 1499 1609; x_wconf 86' lang='lat' dir='ltr'>me</span> <span class='ocrx_word' id='word_1_554' title='bbox 1516 1578 1691 1611; x_wconf 91' lang='lat' dir='ltr'>mandatis</span> <span class='ocrx_word' id='word_1_555' title='bbox 1711 1575 1909 1614; x_wconf 88' lang='lat' dir='ltr'>hominum.</span> 
     </span>
    </p>
   </div>
   <div class='ocr_carea' id='block_1_19' title="bbox 1191 1655 2123 1752">
    <p class='ocr_par' dir='ltr' id='par_1_23' title="bbox 1191 1655 2123 1752">
     <span class='ocr_line' id='line_1_88' title="bbox 1191 1655 2121 1702; baseline 0.011 -14"><span class='ocrx_word' id='word_1_556' title='bbox 1191 1655 1282 1689; x_wconf 83' lang='lat' dir='ltr'>Duo</span> <span class='ocrx_word' id='word_1_557' title='bbox 1299 1656 1411 1702; x_wconf 65' lang='lat' dir='ltr'>petivi</span> <span class='ocrx_word' id='word_1_558' title='bbox 1425 1670 1448 1689; x_wconf 81' lang='lat' dir='ltr'>a</span> <span class='ocrx_word' id='word_1_559' title='bbox 1468 1662 1511 1690; x_wconf 82' lang='lat' dir='ltr'>te.</span> <span class='ocrx_word' id='word_1_560' title='bbox 1564 1655 1703 1691; x_wconf 85' lang='lat' dir='ltr'>Procul</span> <span class='ocrx_word' id='word_1_561' title='bbox 1718 1671 1843 1692; x_wconf 74' lang='lat' dir='ltr'>amave</span> <span class='ocrx_word' id='word_1_562' title='bbox 1859 1674 1882 1693; x_wconf 81' lang='lat' dir='ltr'>a</span> <span class='ocrx_word' id='word_1_563' title='bbox 1898 1675 1952 1695; x_wconf 85' lang='lat' dir='ltr'>me</span> <span class='ocrx_word' id='word_1_564' title='bbox 1971 1664 2121 1698; x_wconf 82' lang='lat' dir='ltr'>menda-</span> 
     </span>
     <span class='ocr_line' id='line_1_89' title="bbox 1245 1704 2123 1752; baseline 0.015 -16"><span class='ocrx_word' id='word_1_565' title='bbox 1245 1706 1349 1739; x_wconf 80' lang='lat' dir='ltr'>cium.</span> <span class='ocrx_word' id='word_1_566' title='bbox 1379 1704 1555 1751; x_wconf 80' lang='lat' dir='ltr'>Inopiam</span> <span class='ocrx_word' id='word_1_567' title='bbox 1582 1711 1612 1739; x_wconf 74' lang='lat' dir='ltr'>et</span> <span class='ocrx_word' id='word_1_568' title='bbox 1629 1705 1780 1742; x_wconf 66' lang='lat' dir='ltr'>divitias</span> <span class='ocrx_word' id='word_1_569' title='bbox 1799 1722 1841 1742; x_wconf 79' lang='lat' dir='ltr'>ne</span> <span class='ocrx_word' id='word_1_570' title='bbox 1860 1709 2000 1746; x_wconf 80' lang='lat' dir='ltr'>dederis</span> <span class='ocrx_word' id='word_1_571' title='bbox 2019 1713 2123 1752; x_wconf 82' lang='lat' dir='ltr'>mihi.</span> 
     </span>
    </p>
   </div>
   <div class='ocr_carea' id='block_1_20' title="bbox 1143 1771 2125 2126">
    <p class='ocr_par' dir='ltr' id='par_1_24' title="bbox 1143 1771 2125 2126">
     <span class='ocr_line' id='line_1_90' title="bbox 1243 1771 2123 1816; baseline 0.015 -12"><span class='ocrx_word' id='word_1_572' title='bbox 1243 1771 1401 1805; x_wconf 90' lang='lat' dir='ltr'>Primum</span> <span class='ocrx_word' id='word_1_573' title='bbox 1436 1779 1469 1805; x_wconf 93' lang='lat' dir='ltr'>et</span> <span class='ocrx_word' id='word_1_574' title='bbox 1502 1784 1679 1806; x_wconf 91' lang='lat' dir='ltr'>summum</span> <span class='ocrx_word' id='word_1_575' title='bbox 1715 1775 1848 1808; x_wconf 89' lang='lat' dir='ltr'>bouum</span> <span class='ocrx_word' id='word_1_576' title='bbox 1880 1785 1929 1812; x_wconf 85' lang='lat' dir='ltr'>est</span> <span class='ocrx_word' id='word_1_577' title='bbox 1954 1792 2032 1814; x_wconf 90' lang='lat' dir='ltr'>vera</span> <span class='ocrx_word' id='word_1_578' title='bbox 2058 1781 2123 1816; x_wconf 90' lang='lat' dir='ltr'>Dei</span> 
     </span>
     <span class='ocr_line' id='line_1_91' title="bbox 1143 1821 2125 1875; baseline 0.012 -20"><span class='ocrx_word' id='word_1_579' title='bbox 1143 1823 1276 1866; x_wconf 85' lang='lat' dir='ltr'>agnitio</span> <span class='ocrx_word' id='word_1_580' title='bbox 1291 1850 1298 1862; x_wconf 95' lang='lat'>,</span> <span class='ocrx_word' id='word_1_581' title='bbox 1327 1823 1416 1855; x_wconf 92' lang='lat' dir='ltr'>sicut</span> <span class='ocrx_word' id='word_1_582' title='bbox 1433 1821 1608 1855; x_wconf 89' lang='lat' dir='ltr'>Dominus</span> <span class='ocrx_word' id='word_1_583' title='bbox 1632 1824 1763 1869; x_wconf 87' lang='lat' dir='ltr'>inquit:</span> <span class='ocrx_word' id='word_1_584' title='bbox 1791 1825 1949 1861; x_wconf 88' lang='lat' dir='ltr'>Primum</span> <span class='ocrx_word' id='word_1_585' title='bbox 1969 1834 2125 1875; x_wconf 83' lang='lat' dir='ltr'>quaerite</span> 
     </span>
     <span class='ocr_line' id='line_1_92' title="bbox 1440 1871 2124 1921; baseline 0.018 -16"><span class='ocrx_word' id='word_1_586' title='bbox 1440 1871 1486 1906; x_wconf 88' lang='lat' dir='ltr'>Et</span> <span class='ocrx_word' id='word_1_587' title='bbox 1503 1872 1672 1908; x_wconf 89' lang='lat' dir='ltr'>Salomon</span> <span class='ocrx_word' id='word_1_588' title='bbox 1690 1877 1727 1908; x_wconf 92' lang='lat' dir='ltr'>in</span> <span class='ocrx_word' id='word_1_589' title='bbox 1744 1887 1803 1909; x_wconf 89' lang='lat' dir='ltr'>sua</span> <span class='ocrx_word' id='word_1_590' title='bbox 1822 1879 1993 1921; x_wconf 87' lang='lat' dir='ltr'>petitione</span> <span class='ocrx_word' id='word_1_591' title='bbox 2014 1891 2124 1917; x_wconf 76' lang='lat' dir='ltr'>caete-</span> 
     </span>
     <span class='ocr_line' id='line_1_93' title="bbox 1143 1922 2124 1968; baseline 0.01 -11"><span class='ocrx_word' id='word_1_592' title='bbox 1143 1923 1190 1957; x_wconf 87' lang='lat' dir='ltr'>ris</span> <span class='ocrx_word' id='word_1_593' title='bbox 1209 1924 1311 1956; x_wconf 90' lang='lat' dir='ltr'>bonis</span> <span class='ocrx_word' id='word_1_594' title='bbox 1328 1923 1474 1957; x_wconf 86' lang='lat' dir='ltr'>antefert</span> <span class='ocrx_word' id='word_1_595' title='bbox 1494 1922 1723 1968; x_wconf 80' lang='lat' dir='ltr'>Sapientiam,</span> <span class='ocrx_word' id='word_1_596' title='bbox 1740 1927 1827 1961; x_wconf 89' lang='lat' dir='ltr'>sicut</span> <span class='ocrx_word' id='word_1_597' title='bbox 1845 1929 1948 1964; x_wconf 88' lang='lat' dir='ltr'>dicit:</span> <span class='ocrx_word' id='word_1_598' title='bbox 1979 1931 2124 1967; x_wconf 88' lang='lat' dir='ltr'>Initium</span> 
     </span>
     <span class='ocr_line' id='line_1_94' title="bbox 1144 1974 2124 2028; baseline 0.01 -20"><span class='ocrx_word' id='word_1_599' title='bbox 1144 1975 1334 2019; x_wconf 89' lang='lat' dir='ltr'>sapientiae</span> <span class='ocrx_word' id='word_1_600' title='bbox 1352 1975 1459 2007; x_wconf 88' lang='lat' dir='ltr'>timor</span> <span class='ocrx_word' id='word_1_601' title='bbox 1475 1974 1631 2008; x_wconf 84' lang='lat' dir='ltr'>Domini.</span> <span class='ocrx_word' id='word_1_602' title='bbox 1660 1976 1762 2009; x_wconf 91' lang='lat' dir='ltr'>Item:</span> <span class='ocrx_word' id='word_1_603' title='bbox 1790 1977 1869 2012; x_wconf 85' lang='lat' dir='ltr'>Non</span> <span class='ocrx_word' id='word_1_604' title='bbox 1891 1981 1926 2012; x_wconf 91' lang='lat' dir='ltr'>in</span> <span class='ocrx_word' id='word_1_605' title='bbox 1945 1984 2018 2015; x_wconf 89' lang='lat' dir='ltr'>solo</span> <span class='ocrx_word' id='word_1_606' title='bbox 2037 1997 2124 2028; x_wconf 88' lang='lat' dir='ltr'>pane</span> 
     </span>
     <span class='ocr_line' id='line_1_95' title="bbox 1145 2023 2124 2076; baseline 0.025 -32"><span class='ocrx_word' id='word_1_607' title='bbox 1145 2026 1232 2059; x_wconf 60' lang='lat' dir='ltr'>vivit</span> <span class='ocrx_word' id='word_1_608' title='bbox 1248 2023 1367 2061; x_wconf 71' lang='lat' dir='ltr'>homo,</span> <span class='ocrx_word' id='word_1_609' title='bbox 1419 2024 1558 2058; x_wconf 87' lang='lat' dir='ltr'>Deinde</span> <span class='ocrx_word' id='word_1_610' title='bbox 1583 2027 1806 2060; x_wconf 78' lang='lat' dir='ltr'>mediocritas</span> <span class='ocrx_word' id='word_1_611' title='bbox 1823 2030 1911 2063; x_wconf 81' lang='lat' dir='ltr'>vitae</span> <span class='ocrx_word' id='word_1_612' title='bbox 1934 2034 2042 2067; x_wconf 77' lang='lat' dir='ltr'>tutior</span> <span class='ocrx_word' id='word_1_613' title='bbox 2064 2044 2124 2076; x_wconf 81' lang='lat' dir='ltr'>est,</span> 
     </span>
     <span class='ocr_line' id='line_1_96' title="bbox 1146 2075 2125 2126; baseline 0.012 -19"><span class='ocrx_word' id='word_1_614' title='bbox 1146 2089 1248 2121; x_wconf 83' lang='lat' dir='ltr'>quam</span> <span class='ocrx_word' id='word_1_615' title='bbox 1275 2075 1453 2119; x_wconf 76' lang='lat' dir='ltr'>opulentia</span> <span class='ocrx_word' id='word_1_616' title='bbox 1477 2082 1537 2109; x_wconf 91' lang='lat' dir='ltr'>aut</span> <span class='ocrx_word' id='word_1_617' title='bbox 1562 2084 1700 2119; x_wconf 76' lang='lat' dir='ltr'>egestas.</span> <span class='ocrx_word' id='word_1_618' title='bbox 1757 2076 1897 2113; x_wconf 88' lang='lat' dir='ltr'>Ordine</span> <span class='ocrx_word' id='word_1_619' title='bbox 1928 2083 2035 2126; x_wconf 88' lang='lat' dir='ltr'>igitur</span> <span class='ocrx_word' id='word_1_620' title='bbox 2062 2084 2125 2119; x_wconf 77' lang='lat' dir='ltr'>hae</span> 
     </span>
    </p>
   </div>
   <div class='ocr_carea' id='block_1_21' title="bbox 1119 2124 2122 2181">
    <p class='ocr_par' dir='ltr' id='par_1_25' title="bbox 1119 2124 2122 2181">
     <span class='ocr_line' id='line_1_97' title="bbox 1119 2124 2122 2181; baseline 0.01 -22"><span class='ocrx_word' id='word_1_621' title='bbox 1119 2152 1121 2159; x_wconf 75' lang='grc'>,</span> <span class='ocrx_word' id='word_1_622' title='bbox 1146 2130 1236 2160; x_wconf 90' lang='lat' dir='ltr'>duae</span> <span class='ocrx_word' id='word_1_623' title='bbox 1263 2126 1450 2169; x_wconf 87' lang='lat' dir='ltr'>petitiones</span> <span class='ocrx_word' id='word_1_624' title='bbox 1474 2124 1530 2159; x_wconf 84' lang='lat' dir='ltr'>hic</span> <span class='ocrx_word' id='word_1_625' title='bbox 1556 2128 1768 2167; x_wconf 80' lang='lat' dir='ltr'>recitantur,</span> <span class='ocrx_word' id='word_1_626' title='bbox 1796 2143 1882 2174; x_wconf 82' lang='lat' dir='ltr'>quae</span> <span class='ocrx_word' id='word_1_627' title='bbox 1907 2135 2008 2167; x_wconf 81' lang='lat' dir='ltr'>nobis</span> <span class='ocrx_word' id='word_1_628' title='bbox 2035 2149 2122 2181; x_wconf 84' lang='lat' dir='ltr'>quo-</span> 
     </span>
    </p>
   </div>
   <div class='ocr_carea' id='block_1_22' title="bbox 1147 2177 2127 2623">
    <p class='ocr_par' dir='ltr' id='par_1_26' title="bbox 1147 2177 2125 2420">
     <span class='ocr_line' id='line_1_98' title="bbox 1147 2177 2122 2230; baseline 0.012 -22"><span class='ocrx_word' id='word_1_629' title='bbox 1147 2189 1213 2223; x_wconf 90' lang='lat' dir='ltr'>que</span> <span class='ocrx_word' id='word_1_630' title='bbox 1230 2177 1300 2210; x_wconf 89' lang='lat' dir='ltr'>sint</span> <span class='ocrx_word' id='word_1_631' title='bbox 1315 2177 1434 2209; x_wconf 88' lang='lat' dir='ltr'>lumen</span> <span class='ocrx_word' id='word_1_632' title='bbox 1457 2184 1490 2211; x_wconf 91' lang='lat' dir='ltr'>et</span> <span class='ocrx_word' id='word_1_633' title='bbox 1506 2179 1624 2221; x_wconf 85' lang='lat' dir='ltr'>regula</span> <span class='ocrx_word' id='word_1_634' title='bbox 1644 2179 1745 2213; x_wconf 81' lang='lat' dir='ltr'>vitae.</span> <span class='ocrx_word' id='word_1_635' title='bbox 1800 2180 1958 2216; x_wconf 85' lang='lat' dir='ltr'>Primum</span> <span class='ocrx_word' id='word_1_636' title='bbox 1976 2198 2122 2230; x_wconf 84' lang='lat' dir='ltr'>quaera-</span> 
     </span>
     <span class='ocr_line' id='line_1_99' title="bbox 1147 2226 2124 2271; baseline 0.011 -10"><span class='ocrx_word' id='word_1_637' title='bbox 1147 2240 1225 2262; x_wconf 89' lang='lat' dir='ltr'>mus</span> <span class='ocrx_word' id='word_1_638' title='bbox 1250 2239 1396 2269; x_wconf 79' lang='lat' dir='ltr'>regnum</span> <span class='ocrx_word' id='word_1_639' title='bbox 1423 2226 1507 2269; x_wconf 86' lang='lat' dir='ltr'>Dei,</span> <span class='ocrx_word' id='word_1_640' title='bbox 1535 2236 1567 2262; x_wconf 90' lang='lat' dir='ltr'>et</span> <span class='ocrx_word' id='word_1_641' title='bbox 1590 2229 1698 2262; x_wconf 88' lang='lat' dir='ltr'>simus</span> <span class='ocrx_word' id='word_1_642' title='bbox 1723 2243 1892 2265; x_wconf 79' lang='lat' dir='ltr'>memores</span> <span class='ocrx_word' id='word_1_643' title='bbox 1909 2235 2005 2269; x_wconf 89' lang='lat' dir='ltr'>dicti.</span> <span class='ocrx_word' id='word_1_644' title='bbox 2060 2237 2124 2271; x_wconf 90' lang='lat' dir='ltr'>Ti-</span> 
     </span>
     <span class='ocr_line' id='line_1_100' title="bbox 1147 2277 2124 2322; baseline 0.01 -11"><span class='ocrx_word' id='word_1_645' title='bbox 1147 2279 1256 2312; x_wconf 89' lang='lat' dir='ltr'>menti</span> <span class='ocrx_word' id='word_1_646' title='bbox 1282 2277 1477 2312; x_wconf 82' lang='lat' dir='ltr'>Dominum</span> <span class='ocrx_word' id='word_1_647' title='bbox 1504 2292 1577 2312; x_wconf 88' lang='lat' dir='ltr'>non</span> <span class='ocrx_word' id='word_1_648' title='bbox 1601 2282 1710 2314; x_wconf 89' lang='lat' dir='ltr'>deerit</span> <span class='ocrx_word' id='word_1_649' title='bbox 1736 2282 1846 2315; x_wconf 87' lang='lat' dir='ltr'>ullum</span> <span class='ocrx_word' id='word_1_650' title='bbox 1869 2284 2012 2319; x_wconf 87' lang='lat' dir='ltr'>bonum.</span> <span class='ocrx_word' id='word_1_651' title='bbox 2066 2288 2124 2322; x_wconf 89' lang='lat' dir='ltr'>Sic</span> 
     </span>
     <span class='ocr_line' id='line_1_101' title="bbox 1149 2329 2125 2377; baseline 0.009 -14"><span class='ocrx_word' id='word_1_652' title='bbox 1149 2331 1186 2363; x_wconf 91' lang='lat' dir='ltr'>in</span> <span class='ocrx_word' id='word_1_653' title='bbox 1204 2329 1377 2363; x_wconf 80' lang='lat' dir='ltr'>Parabola</span> <span class='ocrx_word' id='word_1_654' title='bbox 1394 2331 1592 2372; x_wconf 78' lang='lat' dir='ltr'>evangelica</span> <span class='ocrx_word' id='word_1_655' title='bbox 1612 2331 1775 2365; x_wconf 87' lang='lat' dir='ltr'>iubemur</span> <span class='ocrx_word' id='word_1_656' title='bbox 1791 2337 2012 2377; x_wconf 76' lang='lat' dir='ltr'>margaritam</span> <span class='ocrx_word' id='word_1_657' title='bbox 2033 2351 2125 2371; x_wconf 83' lang='lat' dir='ltr'>eme-</span> 
     </span>
     <span class='ocr_line' id='line_1_102' title="bbox 1148 2381 1696 2420; baseline 0.002 -6"><span class='ocrx_word' id='word_1_658' title='bbox 1148 2393 1203 2420; x_wconf 89' lang='lat' dir='ltr'>re,</span> <span class='ocrx_word' id='word_1_659' title='bbox 1232 2381 1384 2414; x_wconf 88' lang='lat' dir='ltr'>venditis</span> <span class='ocrx_word' id='word_1_660' title='bbox 1399 2381 1564 2414; x_wconf 89' lang='lat' dir='ltr'>omnibus</span> <span class='ocrx_word' id='word_1_661' title='bbox 1582 2382 1696 2415; x_wconf 86' lang='lat' dir='ltr'>honis.</span> 
     </span>
    </p>

    <p class='ocr_par' dir='ltr' id='par_1_27' title="bbox 1149 2431 2127 2623">
     <span class='ocr_line' id='line_1_103' title="bbox 1250 2431 2125 2477; baseline 0.009 -12"><span class='ocrx_word' id='word_1_662' title='bbox 1250 2431 1413 2465; x_wconf 89' lang='lat' dir='ltr'>Secundo</span> <span class='ocrx_word' id='word_1_663' title='bbox 1443 2432 1592 2466; x_wconf 89' lang='lat' dir='ltr'>sciamus</span> <span class='ocrx_word' id='word_1_664' title='bbox 1620 2433 1836 2468; x_wconf 85' lang='lat' dir='ltr'>voluntatem</span> <span class='ocrx_word' id='word_1_665' title='bbox 1867 2435 1930 2468; x_wconf 83' lang='lat' dir='ltr'>Dei</span> <span class='ocrx_word' id='word_1_666' title='bbox 1963 2448 2052 2477; x_wconf 73' lang='lat' dir='ltr'>osse,</span> <span class='ocrx_word' id='word_1_667' title='bbox 2088 2447 2125 2473; x_wconf 89' lang='lat' dir='ltr'>ut</span> 
     </span>
     <span class='ocr_line' id='line_1_104' title="bbox 1149 2482 2126 2526; baseline 0.006 -10"><span class='ocrx_word' id='word_1_668' title='bbox 1149 2482 1278 2526; x_wconf 89' lang='lat' dir='ltr'>singuli</span> <span class='ocrx_word' id='word_1_669' title='bbox 1303 2482 1397 2516; x_wconf 87' lang='lat' dir='ltr'>iuxta</span> <span class='ocrx_word' id='word_1_670' title='bbox 1425 2483 1645 2516; x_wconf 86' lang='lat' dir='ltr'>vocationem</span> <span class='ocrx_word' id='word_1_671' title='bbox 1669 2484 1836 2518; x_wconf 85' lang='lat' dir='ltr'>honestos</span> <span class='ocrx_word' id='word_1_672' title='bbox 1860 2487 1997 2519; x_wconf 73' lang='lat' dir='ltr'>labores</span> <span class='ocrx_word' id='word_1_673' title='bbox 2021 2490 2126 2522; x_wconf 78' lang='lat' dir='ltr'>sacia-</span> 
     </span>
     <span class='ocr_line' id='line_1_105' title="bbox 1149 2532 2127 2578; baseline 0.007 -12"><span class='ocrx_word' id='word_1_674' title='bbox 1149 2545 1245 2571; x_wconf 71' lang='lat' dir='ltr'>mus,</span> <span class='ocrx_word' id='word_1_675' title='bbox 1280 2534 1375 2566; x_wconf 90' lang='lat' dir='ltr'>unde</span> <span class='ocrx_word' id='word_1_676' title='bbox 1409 2534 1538 2567; x_wconf 83' lang='lat' dir='ltr'>victum</span> <span class='ocrx_word' id='word_1_677' title='bbox 1573 2532 1702 2568; x_wconf 86' lang='lat' dir='ltr'>habere</span> <span class='ocrx_word' id='word_1_678' title='bbox 1738 2536 1930 2578; x_wconf 84' lang='lat' dir='ltr'>possimus,</span> <span class='ocrx_word' id='word_1_679' title='bbox 1966 2546 2001 2572; x_wconf 89' lang='lat' dir='ltr'>ut</span> <span class='ocrx_word' id='word_1_680' title='bbox 2041 2541 2127 2574; x_wconf 82' lang='lat' dir='ltr'>dicit</span> 
     </span>
     <span class='ocr_line' id='line_1_106' title="bbox 1670 2583 2127 2623; baseline 0.011 -5"><span class='ocrx_word' id='word_1_681' title='bbox 1670 2583 1713 2618; x_wconf 83' lang='lat' dir='ltr'>Et</span> <span class='ocrx_word' id='word_1_682' title='bbox 1739 2587 1848 2618; x_wconf 84' lang='lat' dir='ltr'>simus</span> <span class='ocrx_word' id='word_1_683' title='bbox 1873 2590 2027 2622; x_wconf 77' lang='lat' dir='ltr'>conteuti</span> <span class='ocrx_word' id='word_1_684' title='bbox 2056 2604 2127 2623; x_wconf 77' lang='lat' dir='ltr'>me-</span> 
     </span>
    </p>
   </div>
   <div class='ocr_carea' id='block_1_23' title="bbox 1151 2686 2131 2729">
    <p class='ocr_par' dir='ltr' id='par_1_28' title="bbox 1151 2686 2131 2729">
     <span class='ocr_line' id='line_1_107' title="bbox 1151 2686 2131 2729; baseline 0.006 -10"><span class='ocrx_word' id='word_1_685' title='bbox 1151 2698 1270 2721; x_wconf 86' lang='lat' dir='ltr'>coram</span> <span class='ocrx_word' id='word_1_686' title='bbox 1295 2686 1372 2719; x_wconf 84' lang='lat' dir='ltr'>Deo</span> <span class='ocrx_word' id='word_1_687' title='bbox 1398 2686 1512 2719; x_wconf 87' lang='lat' dir='ltr'>omnis</span> <span class='ocrx_word' id='word_1_688' title='bbox 1532 2686 1702 2729; x_wconf 77' lang='lat' dir='ltr'>superbus</span> <span class='ocrx_word' id='word_1_689' title='bbox 1725 2689 1838 2722; x_wconf 79' lang='lat' dir='ltr'>corde.</span> <span class='ocrx_word' id='word_1_690' title='bbox 1893 2687 1937 2723; x_wconf 86' lang='lat' dir='ltr'>Et</span> <span class='ocrx_word' id='word_1_691' title='bbox 1957 2690 2131 2726; x_wconf 77' lang='lat' dir='ltr'>Siracides</span> 
     </span>
    </p>
   </div>
   <div class='ocr_carea' id='block_1_24' title="bbox 1588 2736 1610 2768">
    <p class='ocr_par' dir='ltr' id='par_1_29' title="bbox 1588 2736 1610 2768">
     <span class='ocr_line' id='line_1_108' title="bbox 1588 2736 1610 2768; baseline 0 0"><span class='ocrx_word' id='word_1_692' title='bbox 1588 2736 1610 2768; x_wconf 88' lang='lat'><strong>6</strong></span> 
     </span>
    </p>
   </div>
  </div>
 </body>
</html>
