2409 2915
297 86 370 121 347

300 172 436 216 aliquos
458 169 605 208 abusus,
643 171 787 210 propter
810 163 1050 197 infirmitatem
1079 160 1184 196 buius
1210 175 1287 196 cor-

300 229 422 265 ruptae
442 225 605 258 naturae,
636 228 741 261 quam
759 214 919 260 sequitur
939 213 1124 258 multiplex
1152 210 1287 252 ἀταξία

300 278 419 306 contra
436 269 554 303 omnia
575 274 768 313 praecepta.

651 351 710 376 De
745 350 939 381 quarto.

401 406 594 443 Promissio
611 405 730 438 addita
747 410 795 436 est
813 407 997 446 praecepto
1014 400 1056 433 de
1081 399 1172 433 veris
1198 399 1287 432 elee-

300 461 474 498 mosvnss,
512 465 550 491 ut
573 456 674 489 alibi:
708 454 815 494 Date,
848 458 883 485 et
905 451 1049 484 dabitur
1072 450 1183 485 vohis.
1235 448 1287 482 Ita

300 502 385 547 bics
412 510 531 544 Facite
562 507 661 540 vobis
689 504 820 538 amicos
844 503 887 536 de
913 501 1118 535 Mammona
1143 501 1287 538 iniusto,

299 572 336 599 ut
354 562 525 606 recipiant
541 570 602 591 vos
620 558 655 589 in
673 562 812 588 aeterna
828 553 1067 588 tabernacula.
1116 551 1183 584 Hic
1201 563 1286 583 con-

299 620 447 649 currunt
466 612 554 643 duae
571 607 803 653 quaestiones,
849 604 942 638 Num
959 604 1070 637 sancti
1087 601 1287 646 recipiunt?
1312 614 1314 618 ¹

300 674 329 699 et
365 675 450 696 num
473 666 617 705 propter
641 668 747 703 opera
771 662 890 689 nostra
917 654 1131 698 recipimur?
1163 651 1287 696 Expli-

299 716 388 750 catio
424 712 576 746 sacilima
610 716 659 743 est
687 708 764 752 piis.

823 706 923 740 Duae
946 701 1169 749 συνεκδοχαὶ
1193 711 1285 737 suut.
1312 735 1314 752 ἡ

298 765 419 802 Sancti
452 762 649 806 recipiunt,
682 760 717 792 id
753 764 820 799 est,
856 755 1020 790 Christus
1051 763 1084 789 et
1117 754 1287 787 Ecclesia.
1312 756 1315 810 J
1341 754 1523 792 iuvantur,
1557 762 1728 797 reguntur
1752 762 1784 788 et
1810 755 2050 788 defenduntur
2074 767 2090 787 a
2115 754 2200 788 Deo.
2255 755 2347 789 Nec·

904 76 1027 113 PHtL.
1057 75 1172 111 MEL.
1197 75 1406 112 SCRIPTA
1433 74 1730 113 EXEGET1CA.

2248 82 2323 118 548

1341 159 1553 206 prophetam
1570 162 1815 208 multipliciter
1830 162 2029 204 benedicit,
2051 164 2110 197 dat
2127 164 2323 200 incremen—

1340 218 1416 245 tum
1441 212 1541 252 fidei,
1581 214 1712 247 xictum
1738 213 1775 247 in
1802 220 1895 247 tanta
1921 214 2126 249 difficultate
2149 227 2324 256 annonae,

1340 262 1402 295 filii
1423 264 1550 297 mortui
1569 264 1884 298 resuscitationem.
1937 263 2100 309 Denique
2118 265 2244 299 mulier
2267 279 2322 311 so-

1341 313 1392 347 cia
1409 321 1459 348 est
1476 315 1672 353 bonorum,
1700 327 1789 360 quae
1806 314 1900 348 Deus
1915 316 2042 359 passim
2059 313 2234 349 Ecclesiae
2257 317 2323 349 im·

1341 365 1456 408 pertit.
1509 364 1568 399 Sic
1597 363 1845 408 Onesiphorus
1870 367 2039 408 recipiens
2060 365 2209 400 Paulum
2238 368 2324 400 reci-

1341 415 1438 459 pitur
1456 416 1494 448 in
1509 425 1649 449 aeterna
1678 416 1919 454 tabernacula,
1949 417 1982 449 id
2004 424 2070 457 est,
2097 418 2324 462 consequitur

1340 465 1554 508 agnitionem
1573 465 1776 507 Evangelii,
1813 474 1840 499 et
1871 468 1952 512 quia
1981 467 2074 500 iuvat
2094 467 2266 512 Paulum,
2293 476 2325 502 et

1339 516 1426 550 alios
1444 517 1536 561 pios,
1564 518 1715 550 vicissim
1733 531 1750 549 a
1768 516 1843 551 Deo
1861 518 2072 552 defenditur.

1443 600 1492 634 Ita
1509 613 1646 645 semper
1663 602 1722 647 qui
1750 601 1886 634 sincero
1912 603 2037 636 affectu
2062 603 2186 636 iuvant
2203 600 2326 636 Eccle-

1341 652 1428 693 sias,
1460 653 1734 697 recipiunturin
1758 659 1898 686 aeterna
1924 653 2168 693 tabernacula,
2204 653 2237 686 id
2264 662 2325 692 est,

1340 711 1604 748 consequuntur
1636 704 1850 746 agnitionem
1876 701 2075 747 Evangelii,
2117 712 2147 737 et
2174 698 2325 737 vicissim

297 816 459 852 Clu-istus
496 821 661 857 tanquam
691 810 869 843 redemtor
900 814 933 841 et
970 808 1121 840 donator
1154 805 1287 840 salutis.
1313 812 1315 855 Ι
1341 804 1488 837 dubium
1506 811 1555 838 est
1576 812 1717 850 propter
1732 805 1904 839 Ecclesias
1923 807 2052 838 servari
2080 805 2216 850 aliquas
2240 805 2327 839 civi-

298 866 453 903 Ecclesia
471 872 636 908 tanquam
653 861 768 897 testis,
804 859 986 892 celebrans
1011 858 1130 889 datum
1157 856 1286 888 benefi-

299 920 391 952 cium
412 929 473 961 por
496 914 590 948 bunc
615 913 857 949 liberatorem,
883 916 915 942 et
939 919 1044 951 agens
1068 908 1196 949 gratia's
1213 906 1286 939 Deo

297 966 549 1003 remuneranti.
607 963 654 997 Ut
676 960 839 995 Christus
862 959 984 1002 recipit
1000 957 1287 996 Constantinum,

298 1021 357 1066 qui
387 1017 544 1052 defendit
569 1012 782 1052 Ecclesiam,
814 1010 991 1054 recipiunt
1013 1016 1046 1060 et
1069 1009 1197 1049 sancti,
1234 1008 1286 1040 vi-

299 1072 426 1105 delicet
458 1067 679 1101 testificantes
710 1063 753 1094 de
784 1059 850 1094 bac
880 1060 1103 1100 defensione,
1147 1066 1287 1103 agentes

298 1122 373 1156 Deo
411 1119 556 1163 gratias,
598 1123 629 1148 et
664 1113 759 1159 quod
785 1112 984 1145 defenderit
1008 1110 1200 1144 Ecclesiam
1227 1122 1288 1154 per

297 1176 402 1206 istum
415 1196 424 1210 ,
442 1178 474 1203 et
492 1168 584 1213 quod
604 1165 758 1198 vicissim
774 1160 872 1197 hunc
887 1169 1028 1195 aeterna
1044 1162 1155 1205 gloria
1173 1168 1286 1196 ornet.

297 1223 470 1261 Econtra,
496 1217 658 1253 Christus
675 1216 820 1249 damnat
836 1213 1100 1247 Diocletianum
1126 1212 1285 1245 saevien-

297 1283 387 1315 tem,
429 1274 574 1305 damnat
607 1279 688 1301 eum
726 1272 760 1299 et
785 1265 942 1298 Ecclesia
978 1275 1040 1297 suo
1069 1263 1285 1304 testimonio,

298 1325 503 1370 praedicans
522 1322 651 1353 iustum
669 1317 839 1351 iudicium
858 1313 1003 1350 Christi.

402 1383 452 1416 lta
477 1380 737 1421 coniungentur
765 1388 831 1408 vox
852 1372 986 1408 Christi
1012 1379 1043 1405 et
1071 1385 1136 1405 vox
1164 1370 1286 1404 Eccle-

298 1437 388 1475 siae,
424 1433 504 1478 quia
523 1430 634 1473 gloria
653 1434 854 1461 sanctorum
874 1423 1112 1468 conspicietur
1136 1423 1180 1456 ab
1203 1423 1285 1455 uni-

297 1498 396 1520 versa
433 1482 607 1520 Ecclesia,
648 1487 680 1513 et
709 1490 788 1511 cum
815 1478 902 1510 sacta
931 1482 1132 1508 sanctorum
1158 1474 1194 1505 in
1222 1471 1287 1507 liae

297 1538 367 1571 x‘ita
396 1542 476 1569 sunt
501 1538 615 1575 spreta
642 1537 701 1563 aut
724 1530 909 1564 damnata,
945 1527 1148 1559 intueamur
1173 1532 1286 1558 totum

296 1589 384 1622 illud
409 1585 578 1619 iudicium
596 1580 744 1618 (finisti,
771 1579 1009 1621 Angelorum,
1042 1583 1074 1609 et
1099 1574 1288 1614 Ecclesiae,

297 1648 329 1673 et
347 1639 496 1672 sciamus
520 1636 553 1667 iu
581 1633 642 1664 illo
669 1630 799 1663 iudicio
823 1629 1030 1662 revelandas
1054 1638 1126 1659 esse
1150 1634 1288 1660 nostras

297 1691 516 1723 voluntates,
541 1693 570 1717 et
589 1685 746 1716 futurum
759 1705 767 1716 ,
786 1688 822 1713 ut
838 1686 929 1712 recte
946 1679 1033 1710 facta
1052 1685 1287 1710 aeteruavoce

295 1741 374 1781 Dei,
403 1737 554 1776 Christi,
584 1733 821 1777 Angelorum,
849 1737 881 1764 et
897 1729 1071 1764 Ecclesiae
1092 1729 1288 1773 probentur

297 1801 327 1826 vt
345 1792 578 1825 celebrentur.

1312 862 1316 924 ἱ

402 1848 513 1880 Venio
535 1847 575 1879 :ul
594 1843 782 1878 secundam
803 1837 1055 1884 συιέκὸυχὴν,
1076 1850 1119 1871 an
1139 1838 1286 1880 rccipin-
1312 1858 1313 1875 ÷

297 1915 376 1936 mur
393 1906 536 1945 propter
554 1903 671 1929 nostra
695 1904 812 1937 opera.
865 1891 989 1923 Brevis
1013 1897 1061 1922 cst
1093 1889 1287 1931 responsio,

297 1956 333 1987 in
358 1951 525 1985 omnibus
552 1944 783 1981 concionibus
807 1944 848 1975 tle
876 1941 978 1974 bonis
1008 1940 1193 1983 operibus,
1223 1952 1284 1971 nc-

297 2016 389 2038 cessc
414 2009 464 2035 est
500 1997 683 2041 complecti
718 1996 820 2027 iidem
852 1992 1110 2036 praelucentem
1146 1997 1178 2023 et
1212 2003 1284 2023 cre-

295 2058 451 2091 dentem,
469 2052 562 2096 quod
583 2048 665 2082 haec
681 2044 882 2079 obedientia
902 2044 1030 2087 placeat
1052 2050 1196 2086 propter
1213 2053 1285 2073 rne-

295 2108 486 2141 «tiatorem,
515 2103 609 2134 iuxta
628 2099 734 2131 illud:
764 2096 830 2129 l‘er
848 2106 952 2140 quem
976 2092 1148 2126 babemus
1172 2104 1283 2125 acces·
1312 2101 1313 2104 ’

297 2170 372 2192 sum
400 2157 440 2188 ml
467 2154 596 2186 Deum.
649 2149 788 2183 Deinde
814 2154 951 2178 aeterna
979 2144 1202 2177 tabernacula
1229 2144 1286 2177 in-

297 2209 500 2247 tellig-autur
526 2201 753 2237 tabernacula
781 2197 976 2234 Ecclesiae,
1011 2195 1045 2227 in
1071 2193 1134 2227 liar
1160 2195 1228 2228 vita
1254 2202 1285 2227 et

299 2244 482 2304 postliauc
504 2256 631 2291 xitam,
651 2259 679 2284 ct
701 2250 882 2283 latendum
905 2254 953 2280 cst
972 2243 1055 2278 baec
1073 2247 1184 2278 officia
1205 2258 1285 2278 sau-

298 2319 433 2345 ctorum
456 2306 579 2340 mereri
604 2302 758 2344 ingentia
784 2299 956 2345 praemia,
985 2297 1020 2329 in
1045 2295 1108 2329 bac
1133 2297 1223 2340 vita,
1253 2304 1285 2329 ct

299 2370 374 2407 post
395 2359 486 2392 lianc
506 2358 623 2389 xitam.
879 2402 886 2408 ·
998 2400 1005 2406 ἱ
1025 2400 1031 2406 .
1199 2399 1205 2405 .
1239 2399 1245 2405 ·

403 2413 596 2453 Sar-*ptana
630 2405 755 2438 mulin-r
778 2403 952 2445 excipi-wis
980 2399 1109 2436 lainam,
1140 2412 1285 2456 recipi-,¹-

299 2466 404 2497 lxatur
422 2463 464 2493 ab
482 2474 522 2491 ro
543 2460 576 2490 in
603 2465 741 2489 actoru·
770 2453 1015 2488 talu-t·n.‘=cul.i‚
1051 2451 1083 2483 isl
1110 2457 1177 2485 cst„
1215 2463 1285 2493 pm-

302 2529 395 2547 wuu»
417 2515 450 2544 iu
473 2509 664 2544 Ecclesiam
682 2508 831 2539 adducta
855 2513 900 2536 est
930 2515 1012 2535 xorv
1034 2509 1063 2535 vt
1091 2501 1286 2534 ministerio

302 2563 516 2609 proptu-tae,
541 2574 558 2593 a
577 2573 645 2605 quo
664 2557 784 2591 didicit
804 2555 1000 2588 doctrinam
1019 2555 1060 2586 ‹ts-
1086 2565 1166 2585 vcro
1191 2553 1285 2584 cultu

302 2617 375 2650 Dvi.
440 2614 573 2646 nvindo
610 2609 747 2643 mulieri
784 2606 939 2640 muta—nti
963 2613 992 2637 rt
1020 2604 1172 2649 pascenti
1200 2602 1284 2635 l’ru·

302 2667 460 2711 pbetmn,
482 2664 578 2698 Deus
595 2669 735 2707 propter
756 2657 845 2692 lianc
875 2658 1038 2702 pit-tatem
1053 2682 1060 2691 ,
1089 2663 1119 2689 rt
1145 2662 1287 2699 proptor

1340 861 1424 888 tates
1443 867 1503 888 seu
1521 855 1679 899 politias,
1707 857 1787 901 quia
1808 862 1946 900 oportet
1962 857 2103 902 aliquod
2129 869 2202 889 esse
2226 857 2326 902 quasi

1340 906 1575 938 diversorium
1599 904 1792 945 Ecclesiae,
1827 908 1914 939 sicut
1938 907 2055 952 inquit
2079 906 2218 941 Esaias:
2253 907 2327 942 Re-

1340 968 1397 999 ges
1414 963 1516 989 erunt
1532 957 1724 990 nutritores
1744 957 1813 997 tui,
1841 965 1871 991 et
1889 958 2030 1000 reginae
2049 959 2220 992 nutrices:
2260 958 2328 991 ibi-
2365 982 2370 987 .

1340 1019 1408 1052 que
1426 1005 1580 1050 hospites
1599 1008 1646 1051 pii
1665 1008 1832 1042 fruuntur
1848 1008 2011 1041 societate
2031 1010 2205 1042 bonorum
2225 1021 2328 1056 prae-

1340 1058 1492 1091 sentium
1511 1065 1544 1091 et
1561 1065 1798 1096 aeternorum,
1814 1058 2115 1102 sicutnavigantes
2126 1072 2203 1092 cum
2216 1059 2327 1093 Panlo

1340 1115 1545 1153 servantur,
1563 1116 1596 1142 et
1614 1109 1713 1142 navis
1731 1109 1902 1152 tantisper
1918 1118 2096 1152 servatur,
2117 1111 2229 1144 donec
2245 1111 2327 1143 fun-

1339 1166 1392 1192 cta
1411 1166 1459 1192 est
1477 1171 1540 1193 suo
1556 1160 1692 1200 officio,
1720 1167 1754 1193 et
1774 1172 1897 1192 verum
1922 1167 1994 1201 est,
2029 1161 2085 1204 pia
2113 1161 2226 1194 officia
2252 1174 2328 1194 me.-

1340 1210 1410 1243 reri
1428 1211 1581 1253 praemia
1598 1211 1633 1243 in
1651 1209 1714 1244 hac
1736 1211 1825 1249 vita,
1854 1217 1885 1243 et
1910 1217 1987 1254 post
2014 1209 2104 1245 hanc
2128 1211 2254 1250 vitam,
2282 1212 2330 1244 si-

1339 1267 1398 1294 cut
1415 1258 1578 1294 Christus
1595 1262 1729 1306 inquit:
1759 1260 1874 1294 Amen
1896 1262 1976 1294 dico
2001 1263 2120 1302 vobis,
2153 1274 2224 1296 non
2250 1274 2330 1307 per-

1339 1312 1398 1345 det
1416 1313 1610 1345 mercedem
1631 1323 1743 1345 suam.

1695 1412 1751 1436 De
1788 1413 1976 1443 quinto.

1443 1463 1550 1498 L‘tilis
1583 1465 1705 1507 regula
1722 1465 1756 1497 in
1786 1465 1854 1497 fine
1877 1465 1996 1498 addita
2021 1473 2083 1499 est.
2137 1465 2269 1500 Fidelis
2294 1468 2329 1500 in

1341 1527 1470 1559 parvo,
1497 1516 1562 1548 erit
1580 1515 1615 1547 in
1638 1527 1765 1558 magno
1791 1516 1913 1549 fidelis.
1968 1515 2044 1549 Hoc
2070 1517 2203 1551 dictum
2230 1525 2330 1551 utro-

1341 1578 1408 1609 que
1435 1567 1540 1599 modo
1568 1566 1786 1608 intelligatur
1812 1567 1855 1598 de
1886 1567 2006 1599 debito
2028 1575 2060 1600 et
2087 1569 2130 1601 ‹le
2155 1569 2331 1611 praemiis.

1339 1615 1509 1650 Debitum
1527 1624 1575 1650 est
1587 1644 1594 1657 ,
1613 1624 1652 1650 ut
1670 1618 1705 1649 in
1723 1617 1881 1664 qualibet
1899 1619 2102 1659 vocatione,
2125 1619 2198 1651 sive
2213 1631 2332 1664 parva,

1340 1668 1413 1700 sive
1429 1679 1556 1710 magna
1575 1679 1805 1709 agnoscamus
1821 1667 1977 1702 officinm
1995 1681 2068 1702 esse
2087 1670 2270 1709 divinum,
2297 1678 2330 1705 et

1341 1719 1376 1751 in
1394 1718 1522 1751 timore
1538 1725 1571 1751 et
1590 1719 1657 1751 fide
1674 1718 1973 1752 administremus.
2027 1719 2141 1753 David
2162 1721 2199 1753 in
2227 1733 2329 1754 voca-

1341 1770 1436 1803 tione
1471 1769 1595 1802 militis
1624 1770 1778 1812 agnoscit
1805 1769 1960 1802 officium
1985 1781 2057 1803 esse
2084 1771 2264 1813 «livinum,
2298 1780 2328 1805 et

1341 1826 1485 1865 propter
1502 1819 1616 1853 Deum
1637 1828 1727 1853 recte
1751 1820 1993 1853 administrat:
2023 1833 2105 1864 crgo
2125 1822 2236 1856 multo
2254 1835 2329 1856 ma-

1339 1873 1390 1915 gis
1421 1877 1538 1914 postea
1576 1871 1705 1914 regiam
1739 1871 1960 1904 vocationem
1989 1872 2152 1915 intelligit
2176 1873 2331 1907 officium

1339 1934 1412 1955 esse
1428 1921 1602 1954 divinum.

1441 2005 1510 2039 Sed
1536 2006 1691 2039 mundus
1717 2006 1855 2040 diverso
1880 2007 1985 2039 modo
2012 2006 2161 2046 iudicat,
2199 2008 2330 2041 leviora

1340 2057 1574 2101 negligentius
1599 2057 1689 2099 agit,
1732 2058 1819 2091 sicut
1843 2058 1948 2099 vulgo
1976 2057 2104 2090 milites
2136 2058 2333 2093 abutuntur

1340 2109 1466 2142 militia
1499 2109 1541 2141 ad
1577 2108 1796 2141 barbaricam
1831 2109 2026 2147 licentiam,
2062 2120 2139 2141 cum
2174 2110 2329 2155 requirat

1339 2158 1455 2200 Deus,
1471 2166 1509 2193 ut
1528 2171 1756 2201 agnoscamus
1773 2160 1817 2192 ab
1836 2160 1909 2203 ipsu
1928 2160 1997 2201 regi
2015 2167 2045 2192 et
2068 2159 2215 2193 iudicari
2233 2173 2329 2196 sum-

1340 2223 1413 2244 mas
1431 2218 1463 2244 et
1486 2210 1572 2243 imas
1590 2210 1801 2245 vocationes,
1854 2209 1949 2253 Ergo
1969 2211 2003 2243 in
2022 2208 2087 2244 boc
2108 2211 2202 2245 «licto
2230 2224 2328 2256 prae-

1339 2263 1486 2306 cipitur,
1514 2269 1549 2294 ut
1569 2261 1785 2295 voluntatem
1806 2260 1868 2295 Dei
1889 2262 2160 2297 consideremus.

1442 2346 1626 2386 Secundo,
1654 2347 1697 2379 de
1716 2347 1880 2389 praemiis
1904 2347 2007 2379 etiam
2035 2346 2252 2388 intelligatur
2274 2347 2327 2381 di-

1340 2406 1454 2431 ctum:
1486 2396 1640 2431 llabeuti
1664 2398 1823 2431 «labitur.
1853 2406 1882 2431 rt
1911 2410 1926 2429 a
1952 2410 2024 2429 nou
2050 2394 2203 2430 habente
2224 2399 2328 2432 etiam

1340 2451 1433 2494 quod
1455 2446 1555 2481 babet
1577 2450 1765 2483 aulen-tur.
1810 2449 1880 2490 Qui
1903 2451 1988 2480 brut·
2007 2449 2117 2481 utitur
2134 2449 2236 2481 «tonis
2253 2450 2329 2487 Dei,

1341 2500 1748 2536 uwrcturincrcuwnta,
1781 2509 1814 2532 ut
1847 2499 2192 2537 .t=1·„eustin11s‹tixit:
2231 2499 2327 2533 Dilr-

1340 2551 1408 2583 ctio
1427 2558 1578 2584 merctur
1599 2551 1853 2584 incrementum
1874 2551 2091 2586 dilectionis.
2120 2551 2279 2585 siut—ticet
2300 2553 2327 2584 si

1344 2610 1556 2636 vxi—rceatur.

2351 773 2375 828 ὃ
