2409 2915
276 74 349 109 907

388 157 507 200 Quare
523 152 627 192 dicit,
651 158 691 186 nt
707 161 855 194 granum
872 148 1029 194 sinapis?

386 207 524 241 Laudat
540 205 642 238 etiam
661 203 820 247 exiguam
840 200 962 241 fidem,
989 200 1049 233 sed
1066 206 1182 234 tamen
1199 211 1272 233 non

288 262 447 305 ignavam
460 284 469 297 ,
509 267 581 289 non
613 253 780 291 otiosam,
821 252 880 285 sed
913 250 1200 290 fructificantem,
1239 256 1272 284 et

287 322 420 347 acrem,
449 309 502 343 bet
518 304 630 350 id7atff
647 303 702 347 ist,
729 311 763 337 et
779 302 848 336 cito
866 312 1003 334 sursum
1023 302 1237 336 tendentem.

390 366 479 400 Nam
502 363 615 409 sinapi
638 362 818 397 celerrime
841 360 1044 399 fructificat,
1071 360 1129 394 die
1150 359 1274 405 quinto

289 425 473 465 postquam
496 422 608 449 satum
635 420 702 455 est,
735 411 886 456 erumpit
909 411 1036 450 caulis,
1064 418 1098 445 et
1119 410 1187 444 cito
1208 410 1276 443 late

289 470 462 504 funditur.

395 518 441 553 11.
496 515 582 551 Item
606 526 753 560 granum
772 518 822 546 est
836 523 915 546 acre
931 518 964 546 et
979 512 1145 553 mordax,
1169 522 1277 556 pene-

290 578 362 606 trat
378 577 410 604 et
428 574 562 611 purgat.

399 618 462 653 lll.
517 617 604 651 Item
621 613 802 648 celerrime
820 625 957 648 sursum
975 612 1100 647 tendit.

394 677 495 712 Talis
525 675 569 710 sit
592 675 698 714 fides,
732 684 935 718 quanquam
961 678 1013 705 est
1037 683 1143 716 parva
1166 670 1281 711 initio,

293 738 410 766 tamen
438 728 505 762 cito
532 725 734 765 fructificet,
756 731 789 757 et
813 724 956 769 quidem
980 723 1024 755 sit
1048 722 1157 761 acris,
1185 733 1281 754 mor-

294 783 375 815 deat
398 785 553 813 nostram
576 775 794 810 securitatem
819 781 853 808 et
876 774 943 808 alia
963 772 1066 810 vitia,
1094 780 1126 806 et
1146 779 1281 815 purget,

295 833 377 867 item
395 830 516 864 tendat
531 838 681 862 sursum.
735 824 859 859 incitet
876 835 940 857 nos
958 824 1002 856 ad
1021 822 1282 856 invocationem

294 890 329 918 et
345 882 385 916 ad
406 881 474 914 alia
491 880 584 913 bona
601 888 706 922 opera
724 875 801 910 Deo
819 874 1000 919 placentia.

399 939 440 973 ln
466 937 588 983 primis
612 942 726 968 autem
744 931 800 966 bic
818 932 1052 976 significatur,
1077 937 1116 965 ut
1132 930 1177 964 sit
1194 930 1284 964 acris

296 993 400 1029 fides,
435 996 467 1022 et
491 994 646 1021 nostram
671 983 892 1018 securitatem
916 989 949 1016 et
973 982 1167 1025 ignaviam,
1199 981 1283 1015 item

297 1043 400 1077 salsas
424 1039 610 1084 opiniones
635 1042 667 1068 et
688 1046 812 1079 pravas
838 1033 1045 1078 cupiditates
1066 1033 1225 1065 mordeat
1250 1038 1283 1064 et

298 1092 457 1137 expellat.
511 1086 674 1132 Apostoli
692 1093 776 1119 tunc
794 1084 868 1118 sine
887 1096 968 1118 cura
986 1090 1105 1124 erant,
1130 1083 1211 1128 quia
1230 1082 1285 1115 vi-

298 1145 431 1177 debant
456 1150 617 1183 magnam
644 1148 715 1170 esse
739 1135 886 1180 gloriam
909 1133 1076 1173 Domini,
1109 1140 1143 1168 et
1166 1145 1284 1177 spera-

298 1196 386 1228 bant
412 1191 572 1236 pulcrum
597 1199 765 1231 regnum,
792 1186 881 1219 sicut
904 1196 970 1219 nos
993 1185 1055 1218 diu
1080 1184 1193 1218 securi
1216 1184 1286 1217 fui-

299 1257 395 1284 mus,
422 1240 610 1275 habuimus
627 1250 743 1282 pacem
760 1244 793 1271 et
808 1236 931 1277 otium,
957 1242 990 1269 et
1006 1235 1138 1269 interea
1156 1235 1286 1268 suimus

299 1295 410 1338 magis
434 1291 570 1336 ignavi,
596 1288 748 1323 blanditi
771 1287 875 1321 nobis
897 1297 1035 1325 sumus,
1060 1286 1154 1331 quod
1179 1285 1288 1318 simus

302 1345 455 1379 Ecclesia
486 1341 570 1380 Dei,
617 1347 649 1374 et
687 1339 838 1372 viximus
874 1338 1012 1371 minore
1051 1335 1288 1369 solicitudine.

300 1396 458 1431 Multum
479 1393 582 1426 etiam
601 1389 700 1424 abusi
719 1400 839 1422 sumus
856 1387 1016 1421 doctrina
1034 1386 1217 1419 libertatis.

405 1451 501 1486 Haec
521 1449 607 1483 vitia
630 1448 729 1482 tollat
751 1458 846 1480 nunc
873 1445 910 1478 in
932 1444 1082 1479 miseriis
1099 1444 1202 1485 fides,
1229 1455 1289 1477 ex-

304 1505 412 1550 pellat
445 1501 684 1539 securitatem,
719 1504 751 1531 et
775 1497 934 1530 mordeat
957 1496 1082 1533 corda,
1117 1502 1155 1528 ut
1179 1494 1290 1538 magis

304 1563 533 1599 agnoscamus
564 1551 651 1583 iram
680 1547 746 1582 Dei
779 1553 900 1580 contra
928 1552 1087 1593 peccata,
1118 1552 1151 1578 et
1180 1545 1290 1587 magis

305 1607 510 1643 timeamus,
536 1601 645 1634 simus
664 1598 771 1642 magis
786 1597 913 1630 soliciti
930 1597 972 1629 de
989 1595 1169 1635 doctrina,
1197 1602 1228 1629 et
1246 1595 1290 1628 de

307 1654 561 1701 gubernatione
584 1649 714 1689 nostri,
749 1656 781 1682 et
807 1647 1072 1681 conservatione
1099 1646 1290 1686 doctrinae,

306 1709 350 1742 sit
368 1704 548 1740 ardentior
563 1700 759 1738 invocatio,
784 1700 905 1732 tendat
923 1708 1061 1731 sursum
1079 1694 1144 1730 hoc
1156 1697 1282 1741 sinapi.

409 1763 497 1797 licce
522 1761 625 1796 talem
651 1760 754 1792 iidem
777 1756 948 1802 postulat,
976 1767 1064 1801 quae
1088 1767 1290 1801 quanquam

307 1828 414 1863 parva
439 1821 506 1856 est,
542 1819 657 1846 tamen
685 1821 756 1843 non
781 1809 825 1842 sit
850 1808 974 1851 ignava
1001 1813 1034 1840 et
1054 1807 1176 1841 otiosa.
1247 1806 1292 1840 Et

309 1868 388 1903 talis
410 1866 493 1899 fides
516 1863 624 1896 multa
646 1862 808 1903 impetrat
827 1865 861 1892 et
874 1858 996 1897 efficit,
1023 1857 1111 1890 sicut
1129 1854 1185 1890 bic
1205 1857 1292 1890 dici-

307 1926 383 1953 tur:
409 1914 540 1950 Dicetis
556 1912 668 1945 monti
687 1908 783 1944 huic:
811 1907 1062 1942 Transferaris.

412 1975 508 2018 Quid
531 1971 615 2006 haec
629 1970 697 2004 sibi
715 1968 863 2002 volunt?
889 1966 1069 2011 Significat
1087 1979 1209 2011 magna
1227 1967 1294 2000 mi·

309 2016 448 2066 racula,
472 2035 561 2070 quae
583 2029 676 2056 certo
702 2020 790 2052 fiunt
812 2018 908 2052 omni
933 2025 1089 2062 tempore
1107 2017 1295 2058 Ecclesiae,

310 2080 396 2114 alias
420 2075 529 2118 magis
555 2073 640 2107 alias
663 2071 792 2104 minus.
848 2068 941 2102 Deus
969 2076 1111 2113 propter
1136 2069 1237 2103 fidem
1263 2075 1296 2103 et

312 2127 572 2164 invocationem
603 2121 728 2157 Esaiae
766 2119 910 2164 depellit
941 2117 1176 2156 Sennalierib.
1242 2118 1295 2153 lbi

311 2175 536 2216 Sennaberib
554 2180 627 2208 erat
643 2182 788 2215 magnus
806 2181 921 2203 mons.

415 2229 508 2263 Deus
528 2225 622 2259 dedi:
641 2235 758 2268 pacem
778 2222 915 2253 xivente
931 2217 1098 2255 Lnitwro.
1151 2219 1203 2254 lbi
1222 2221 1296 2255 eius

314 2283 381 2316 fide
411 2287 442 2313 et
475 2275 696 2311 invocatione
728 2273 870 2306 fuerunt
895 2271 1041 2315 repressi
1068 2278 1223 2313 montes,
1260 2272 1294 2305 id

313 2341 382 2370 est,
410 2329 608 2373 principum
628 2327 790 2370 impetus.

417 2380 518 2414 Nunc
550 2383 701 2410 crescant
726 2375 761 2407 in
787 2372 889 2406 nobis
913 2372 1018 2410 futes,
1053 2378 1085 2405 et
1112 2372 1298 2412 invocatio,

316 2441 355 2468 ut
372 2431 608 2476 reprimantur
626 2433 761 2459 montes
774 2451 782 2464 ‚
809 2424 868 2468 qui
886 2421 1061 2457 Ecclesiae
1078 2423 1297 2457 minitantur.

567 2511 759 2559 Quomodo
784 2508 904 2542 cresci!
916 2504 1014 2552 fides
1028 2506 1046 2538 Ρ

418 2583 525 2617 Addit
553 2579 716 2614 Christus
746 2579 789 2610 ‹le
814 2577 938 2614 modo,
971 2573 1148 2619 quomodo
1172 2582 1299 2609 crescat
1325 2592 1327 2602 .

315 2638 399 2670 fides
450 2634 597 2669 scilicet,
633 2629 766 2664 ieiunio
791 2635 822 2662 et
845 2627 1024 2666 oratioue,
1059 2625 1091 2658 id
1118 2630 1184 2662 est,
1209 2626 1297 2659 seria
1323 2642 1328 2670 ι

873 63 996 100 PHIL.
1024 60 1143 100 MEL.
1169 60 1380 100 SCRIPTA
1406 61 1707 103 EXEGETICA.

2229 70 2306 106 908

1323 149 1567 194 invocatione,
1593 165 1683 199 quae
1704 163 1777 187 non
1796 157 1909 198 potest
1925 152 2047 194 ardere
2061 153 2100 188 in
2117 155 2258 200 crapula
2274 163 2307 190 et

1323 202 1507 244 ebrietate,
1532 205 1591 238 sed
1609 211 1746 249 oportet
1761 215 1833 238 esse
1850 204 2114 249 temperantiam
2125 232 2135 246 ,
2157 213 2196 240 ut
2210 218 2309 242 mens

1323 252 1369 286 sit
1386 253 1540 295 intenta,
1567 261 1600 288 et
1613 255 1705 289 serio
1724 261 1830 300 petat.

1426 310 1480 345 De
1495 312 1557 345 tali
1573 313 1733 347 oratione
1748 319 1781 347 et
1796 312 1882 347 alibi
1900 311 2016 358 inquit
2031 310 2210 356 Christus,
2237 313 2312 348 Lu-

1326 373 1386 396 cae
1403 363 1479 397 11.:
1507 361 1651 405 Quanto
1665 363 1775 407 magis
1790 362 1894 397 Pater
1910 370 2024 397 vester
2039 364 2196 399 eoelestis
2213 365 2312 399 dabit

1327 412 1499 456 Spiritum
1517 419 1675 447 sanctum
1691 414 1892 458 petentibus
1903 416 1918 447 ?

1431 469 1554 506 Sciant
1577 477 1694 506 autem
1719 469 1900 512 homines,
1927 483 2028 517 saepe
2048 472 2212 518 impediri
2231 471 2314 518 Spi-

1328 521 1436 556 ritum
1458 528 1618 557 sanctum
1641 522 1902 567 voluptatibus,
1936 523 2103 557 ebrietate
2128 529 2160 556 et
2185 523 2314 558 intem-

1330 572 1487 617 perantia
1500 597 1510 611 ,
1538 573 1627 606 sicut
1646 579 1680 606 et
1695 570 1780 606 Ose.
1801 573 1857 609 13.
1872 573 2019 607 dicitur:
2048 573 2204 608 Saturati
2223 580 2316 614 sunt,

1331 630 1366 657 et
1389 623 1492 657 obliti
1516 630 1597 657 sunt
1621 623 1701 659 mei.

1332 674 1480 708 ebrietas
1495 675 1659 707 auferunt
1674 685 1745 708 cor.

1432 730 1514 766 Non
1552 732 1712 778 loquitur
1744 737 1858 766 textus
1890 731 1933 765 de
1966 731 2100 766 ieiunio
2130 731 2319 777 Papistico,

1332 782 1428 829 quod
1458 789 1509 816 est
1535 783 1639 817 luxus
1670 782 1805 827 potius,
1840 794 1946 827 quam
1973 783 2196 817 abstinentia.
2249 782 2320 818 Sed

1334 833 1494 879 loquitur
1515 834 1558 866 de
1579 845 1660 866 vera
1685 833 1929 876 temperantia.
1991 832 2172 868 interdum
2194 845 2320 879 preca-

1333 884 1441 918 tionis
1466 895 1567 917 causa
1590 883 1708 924 moinus
1732 883 1958 924 comedatur,
1989 890 2029 917 ut
2054 884 2165 928 possis
2187 885 2321 918 maiore

1333 934 1532 968 intentione
1557 934 1690 978 legere,
1720 933 1892 977 cogitare,
1927 940 1960 967 et
1984 941 2101 979 petere
2128 934 2321 969 necessaria

1334 997 1353 1020 a
1370 983 1459 1019 Deo.

1437 1034 1516 1069 Hoc
1542 1033 1747 1068 exercitium
1773 1034 1854 1067 fidei
1882 1034 2078 1078 intelligere
2093 1034 2170 1080 pios
2185 1047 2323 1070 necesse

1337 1092 1400 1121 est.
1452 1084 1501 1119 Et
1532 1085 1592 1130 qui
1624 1097 1697 1118 non
1724 1085 1946 1129 intelligunt,
1979 1097 2132 1119 crescere
2155 1086 2258 1119 fidem
2284 1087 2323 1120 in

1336 1149 1417 1171 vera
1435 1136 1679 1179 invocatione,
1704 1133 1796 1168 nihil
1814 1136 1856 1169 de
1874 1136 1941 1169 fide
1957 1136 2084 1171 sciunt.

1756 621 1862 657 ltem:
1889 622 2113 663 Fornicatio,
2142 625 2264 658 vinum
2283 631 2316 659 et

1376 1199 1379 1201 ’
1439 1193 1487 1230 Ut
1510 1201 1625 1229 autem
1650 1194 1694 1228 sit
1716 1195 1897 1228 ardentior
1918 1194 2114 1233 invocatio,
2148 1203 2324 1240 proponat

1339 1247 1406 1280 sibi
1429 1246 1577 1292 quisque
1600 1256 1659 1278 sua
1681 1251 1713 1279 et
1738 1245 1880 1290 publica
1903 1245 2013 1285 mala,
2042 1252 2074 1279 et
2094 1246 2219 1289 cogitet
2235 1246 2325 1281 velle

1339 1296 1453 1331 Deum
1483 1307 1518 1329 se
1549 1295 1727 1335 invocari,
1762 1302 1795 1329 et
1827 1296 1917 1328 velle
1948 1307 2014 1329 nos
2044 1296 2227 1336 exaudire,
2262 1309 2325 1331 nec

1339 1348 1444 1380 inane
1472 1357 1636 1379 murmur
1657 1357 1730 1378 esse
1753 1345 2033 1386 invocationem,
2064 1347 2122 1379 sed
2147 1348 2326 1381 verissime

1340 1398 1476 1442 placere
1490 1395 1578 1435 Deo,
1606 1402 1638 1428 et
1651 1395 1762 1429 Deum
1780 1403 1924 1439 propter
1940 1396 2197 1430 invocationem
2215 1398 2326 1432 multa

1340 1448 1499 1492 mitigare
1512 1473 1521 1488 ‚
1549 1453 1583 1480 et
1601 1453 1736 1480 montes
1754 1447 1954 1481 transferre.

1642 1547 1707 1580 De
1735 1544 2028 1582 didrachmo.

1394 1610 1447 1645 Et
1466 1623 1542 1645 cum
1559 1609 2002 1658 venissenlCaper-naum,
2028 1619 2251 1648 accesserunt
2266 1616 2331 1663 qui

1448 1660 1670 1696 didrachma
1695 1663 1922 1709 accipiebant
1943 1661 1998 1697 ad
2019 1661 2188 1706 Petrum,
2215 1669 2246 1699 el
2273 1663 2332 1700 di-

1447 1718 1600 1748 merunl:
1643 1711 1837 1759 Blagister
1877 1719 1987 1748 vester
2023 1726 2095 1749 non
2132 1715 2241 1751 solvit
2274 1715 2332 1751 di-

1447 1762 1627 1798 drachma
1647 1769 1709 1801 etc.

1577 1849 1604 1886 Ι.
1656 1848 1709 1884 De
1729 1849 1895 1883 servitute
1915 1847 2102 1885 Ecclesiae.

1449 1915 1568 1959 Imago
1606 1915 1859 1952 consideretur.
1925 1915 2020 1950 Deus
2051 1928 2189 1962 semper
2219 1930 2333 1958 servat

1346 1964 1557 2007 Ecclesiam,
1585 1968 1642 2000 sed
1670 1967 1815 2010 imperia
1841 1978 1941 2008 saepe
1954 1974 2075 2003 mutat.
2127 1969 2178 2002 Ac
2195 1982 2333 2007 necesse

1347 2024 1398 2051 est
1422 2019 1575 2057 discere,
1603 2018 1699 2051 aliud
1725 2028 1797 2051 esse
1813 2015 2027 2058 Ecclesiam,
2054 2019 2150 2052 aliud
2175 2020 2332 2066 imperia.

1347 2068 1446 2102 Sicut
1469 2080 1564 2102 minc
1588 2080 1711 2109 magna
1736 2079 1814 2112 pars
1837 2066 2012 2102 Ecclesiae
2039 2076 2089 2103 est
2113 2070 2179 2104 sub
2195 2070 2334 2114 Tui-cis,

1348 2131 1473 2161 magna
1508 2120 1574 2152 sub
1603 2119 1681 2152 aliis
1712 2118 1852 2161 regibus
1882 2126 1914 2153 et
1949 2119 2168 2165 principibus
2205 2122 2334 2169 impiis.

1349 2169 1484 2214 Exigua
1510 2181 1588 2214 pars
1611 2167 1715 2203 babet
1742 2169 1888 2213 imperia
1914 2169 2043 2208 libera.
2070 2178 2101 2205 et
2128 2176 2331 2215 praesertim

1349 2222 1438 2254 circa
1472 2221 1576 2254 finem
1608 2220 1732 2254 mundi
1757 2217 1912 2254 Ecclesia
1935 2222 2043 2264 magis
2068 2234 2230 2266 oppressa
2257 2227 2335 2268 erit,

1349 2284 1453 2316 quam
1476 2279 1576 2305 antea
1589 2299 1598 2311 ,
1625 2271 1714 2304 sicut
1731 2277 1811 2304 aute
1827 2272 2016 2304 adventum
2034 2269 2165 2306 Christi
2184 2277 2336 2320 populns

1351 2323 1512 2356 Iudaicus
1530 2323 1594 2356 suit
1610 2323 1696 2355 dura
1713 2322 1880 2355 servitute
1895 2334 2093 2367 oppressus„
2120 2324 2164 2358 ab
2182 2324 2335 2370 Herode,

1349 2380 1384 2408 et
1401 2374 1532 2407 deinde
1547 2386 1564 2406 a
1581 2372 1763 2407 Romanis.

1454 2422 1500 2457 Et
1525 2432 1639 2458 tamen
1661 2423 1695 2455 in
1716 2423 1788 2467 ipsa
1805 2422 1971 2457 serxitnte
1992 2423 2085 2458 Deus
2103 2422 2193 2461 lianc
2209 2430 2335 2464 mode—

1353 2475 1524 2508 rationem
1551 2472 1731 2507 adhibuit:
1761 2472 1907 2506 Politica
1932 2475 2142 2510 tenebantur
2162 2489 2180 2511 a
2203 2477 2336 2515 Roma-

1353 2525 1425 2564 nis,
1452 2533 1483 2559 et
1509 2524 1646 2558 ludaeis
1671 2524 1938 2569 relinquebatur
1963 2525 2052 2559 liber
2077 2538 2158 2560 usus
2181 2540 2338 2566 ceremo-

1353 2576 1492 2609 niarum
1516 2583 1548 2609 et
1568 2575 1759 2608 doctrinae.
1815 2574 1883 2608 Sed
1906 2582 2020 2610 tamen
2042 2578 2172 2623 templo
2192 2592 2337 2626 magnae

1355 2628 1539 2670 pensiones
1556 2632 1694 2671 ereptae
1711 2633 1821 2660 crant.
