2409 2915
7 122 11 134 ι
67 97 144 136 949
327 98 411 137 XII.
465 99 858 140 ANNOTATIONES
885 103 950 140 ET
978 102 1259 143 CONCIONES
1288 106 1338 144 IN
1362 106 1545 149 EVANG.
1573 113 1858 158 MATTHAEI.

68 190 187 219 tamen
207 191 327 231 postea
347 194 574 230 regnaturum
592 198 683 229 esse,
709 194 741 222 et
757 189 986 226 collecturum
1004 204 1061 226 ae-

67 241 205 269 ternam
236 234 443 271 Ecclesiam.
494 237 609 271 Multa
641 238 751 282 igitur
781 240 883 276 docet
911 254 975 277 nos
1002 240 1060 277 hic

8 305 11 312 ·
67 285 186 320 brevis
204 287 416 328 versiculus,
441 287 623 322 videlicet:

8 379 9 393 ζ
173 344 280 388 Quod
297 345 442 379 Messias
455 352 625 380 venturus
642 346 747 382 fuerit
764 355 796 382 et
812 360 997 394 passurus,
1023 357 1056 385 et

6 397 9 406 ¹
67 395 167 440 quod
194 396 270 443 ipsa
292 396 475 442 synagoga
499 396 544 430 sit
568 398 793 433 adversatura
819 399 988 442 Messiae,
1023 409 1055 436 et

66 446 163 490 quod
182 445 327 480 Messias
344 447 388 480 sit
404 447 545 481 futurus
562 447 693 491 victor,
718 456 751 484 et
767 450 1054 486 collecturusEc-

64 495 208 530 clesiam
223 509 264 531 ex
280 497 444 542 gentibus
462 504 496 532 et
513 496 665 535 ludaeis.

394 621 532 677 Caput
581 624 722 668 XXII.

113 700 248 738 Simile
270 709 321 738 est
341 716 490 751 regnum
508 705 686 741 coelorum
701 703 847 741 homini
863 707 960 754 regi,
987 708 1054 756 qni

156 753 250 802 fecit
267 756 419 803 nuptias
427 754 516 802 filio
531 770 614 796 suo,
642 761 704 793 etc.

163 828 299 866 Usitata
332 839 383 866 est
412 831 629 873 similitudo,
672 832 832 866 conferre
861 832 986 867 foedus
1014 840 1049 868 et

57 891 215 917 amorem
232 881 296 914 filii
314 882 384 916 Dei
403 894 482 926 erga
499 881 693 916 Ecclesiam
705 909 714 924 ‚
742 895 820 916 cum
838 883 983 927 nuptiis.

163 930 251 966 Item
261 930 445 977 Evangelii
461 933 760 978 praedicationem
774 945 852 967 cum
868 933 944 978 ipso
960 945 1046 968 con-

56 981 154 1017 vivio
172 982 337 1027 nuptiali.

159 1030 207 1067 Et
222 1033 251 1066 si
267 1031 352 1067 haec
370 1033 497 1068 misera
515 1039 640 1067 natura
656 1045 729 1068 non
745 1033 792 1067 ita
807 1045 913 1078 vagos
929 1041 961 1069 et
977 1035 1046 1069 im·

0 1081 1 1087 ¹
54 1094 165 1128 puros
186 1095 323 1118 amores
348 1082 509 1125 haberet,
542 1084 715 1118 illustrior
739 1082 824 1118 haec
846 1085 1042 1120 similitudo

56 1140 155 1168 esset.
207 1132 255 1168 Et
278 1132 363 1168 haec
381 1135 454 1180 ipsa
474 1135 669 1168 similitudo
687 1136 728 1168 ad
749 1133 881 1180 Ephes.
900 1134 934 1171 5.
953 1137 1043 1170 reci-

53 1190 150 1219 tatur
174 1191 207 1219 et
231 1185 269 1217 in
286 1184 415 1221 Psalm.
431 1184 507 1222 45.:
534 1183 719 1219 Eructavit
742 1198 802 1219 cor
826 1198 941 1220 meum
962 1199 1042 1220 ver-

53 1234 141 1268 bum
166 1235 320 1277 bonum,
346 1237 410 1270 ubi
433 1237 577 1270 dicitur:
602 1233 834 1280 Concupiscet
855 1249 915 1270 rex
936 1238 1041 1271 deco-

54 1295 129 1319 rem
155 1291 275 1327 tuum,
301 1286 384 1331 quia
409 1287 482 1332 ipse
504 1292 554 1320 est
577 1283 753 1320 Dominus
770 1286 867 1320 Deus
888 1294 988 1329 tuus,
1008 1295 1041 1323 et

53 1336 253 1370 adorabunt
267 1348 359 1371 eum.

153 1384 203 1419 Et
228 1383 285 1419 hic
307 1397 407 1419 amor
432 1385 496 1418 filii
522 1397 623 1431 saepe
649 1385 857 1429 cogitandus
880 1393 946 1421 est:
980 1385 1039 1421 Sic

51 1446 117 1469 nos
134 1436 265 1470 amavit
280 1436 318 1469 in
336 1436 451 1481 primo
469 1437 587 1480 lapsu,
614 1443 653 1470 ut
670 1442 758 1470 esset
773 1448 836 1480 pro
854 1437 958 1470 nobis
974 1438 1038 1471 de-

52 1492 226 1531 precator.
286 1485 345 1521 Sic
374 1498 438 1520 nos
470 1494 562 1521 amat
585 1487 767 1531 deincePS‚
799 1493 839 1521 ut
861 1487 905 1522 sit
927 1488 1038 1522 sactus

49 1536 192 1570 victima
214 1548 277 1581 pro
300 1537 421 1578 nobis,
447 1544 481 1571 et
503 1544 542 1571 ut
567 1548 702 1582 semper
720 1544 835 1579 curet,
862 1539 1039 1581 exaudiat,

48 1586 166 1627 iuvet,
191 1587 300 1621 salvet
318 1599 382 1621 nos
398 1587 513 1631 ipsum
531 1588 746 1623 invocantes.

1215 191 1309 228 Haec
1333 195 1487 230 breviter
1505 197 1597 233 dicta
1624 201 1695 238 sint
1719 206 1762 240 de
1784 205 1839 242 his
1857 211 2010 257 nuptiis,
2037 218 2099 250 sed

1111 241 1305 276 dolendum
1327 252 1397 289 est,
1426 249 1521 292 quod
1546 246 1636 286 hanc
1655 260 1785 290 tantam
1803 260 1996 297 bonitatem
2017 266 2086 300 Dei

1111 298 1144 325 et
1169 298 1300 326 tantam
1319 296 1600 339 magnitudinem
1615 306 1746 340 amoris
1762 319 1841 353 erga
1858 323 1922 347 nos
1941 325 2012 348 non
2035 294 2099 351 cu:

1109 350 1187 377 rant
1206 341 1380 381 homines.

1201 400 1287 458 .H.⁰⁰
1311 411 1429 438 narrat
1452 405 1521 439 iam
1547 409 1759 455 similitudo,
1783 416 1868 452 dicit
1892 429 2032 458 vocatos
2049 427 2094 460 ad

1107 462 1310 485 conv1v1um
1329 465 1401 487 non
1420 457 1559 499 venire,
1586 460 1656 494 imo
1674 463 1777 497 etiam
1796 469 1953 505 occidere
1970 475 2093 510 docto-

1106 513 1179 542 res,
1214 501 1407 547 Prophetas
1440 514 1472 540 et
1499 507 1705 552 Apostolos,
1741 516 1801 560 qui
1832 529 1958 557 vocant
1980 535 2091 567 genus

1106 549 1300 586 humanum
1337 556 1380 588 ad
1419 554 1485 591 hoc
1522 560 1736 600 convivium.
1803 565 1850 602 Et
1878 573 2091 611 nominatim

1105 603 1274 646 praedicit
1297 602 1353 637 hic
1372 604 1533 642 Christus
1551 607 1634 644 huic
1653 615 1786 658 populo
1805 616 2015 657 Iudaeorum
2033 627 2091 660 in-

1104 653 1257 710 teritum.
1310 654 1354 689 L‘t
1379 657 1463 692 dicit
1487 667 1626 703 postea,
1652 661 1845 702 Ecclesiam
1869 682 1908 704 ex
1925 676 2090 717 gentibus

1103 703 1338 747 colligendam
1356 717 1439 743 esse.

1117 810 1126 819 .
1204 761 1245 795 In
1270 761 1325 797 his
1347 766 1578 802 concionibus
1603 781 1740 816 semper
1762 774 1805 808 de
1828 780 1951 820 poenis
1968 782 2087 819 inora-

1101 812 1265 846 titudinis
1289 815 1414 849 mundi
1439 818 1666 860 cogitandum
1688 829 1756 863 est,
1781 833 1821 860 ut
1836 839 1901 863 nos
1918 833 1962 865 ad
1981 810 2086 870 titinn-

1100 873 1172 895 rem
1191 863 1255 897 Dei
1274 870 1306 898 et
1323 866 1367 898 ad
1387 868 1640 910 poenitentiam
1658 875 1918 915 exsuscitemus.

1201 919 1289 978 Item
1313 922 1477 980 discenda
1496 933 1545 960 est
1562 927 1741 971 doctrina,
1766 936 1860 977 quod
1878 939 1984 980 gratis
2002 954 2085 986 pro-

1098 976 1177 1018 pte}=
1192 971 1304 1005 fihum
1323 972 1408 1014 De1,
1435 986 1508 1008 non
1525 985 1669 1021 propter
1684 980 1794 1024 legem
1810 986 2032 1032 recipiamur.

1199 1028 1388 1076 Postquam
1410 1039 1527 1067 autem
1551 1035 1638 1070 dixit
1661 1038 1704 1071 de
1729 1039 1788 1075 illa
1810 1054 1901 1080 nova
1925 1045 2084 1089 Ecclesia

1098 1079 1240 1113 collecta
1270 1092 1311 1113 ex
1336 1083 1519 1125 gentibus,
1552 1082 1611 1119 hic
1633 1098 1754 1123 rursus
1777 1097 1932 1133 ostendit
1957 1101 2084 1137 discri-

1096 1142 1177 1163 men
1211 1143 1292 1164 vere
1320 1134 1540 1168 credentium
1565 1142 1596 1170 et
1620 1134 1907 1187 hypocritarum,
1941 1152 2003 1195 qui
2026 1165 2081 1188 se-

1095 1181 1250 1239 cundum
1276 1189 1453 1217 externam
1478 1186 1628 1229 speciem
1653 1197 1735 1224 sunt
1757 1191 1793 1226 in
1812 1192 1968 1235 Ecclesia
1991 1205 2080 1239 etin

1095 1243 1278 1273 εοηνινιο,
1306 1240 1338 1267 et
1371 1241 1488 1268 tamen
1509 1248 1582 1270 non
1607 1250 1688 1272 vere
1711 1243 1878 1287 credunt,
1905 1261 1977 1285 non
1999 1266 2081 1290 vere

1094 1283 1241 1315 adorant
1273 1294 1462 1327 sponsum,
1497 1298 1569 1320 non
1594 1285 1743 1332 habent,
1779 1294 1913 1341 inquit,
1947 1311 2080 1340 vestem

1094 1332 1302 1375 nuptialem.
1368 1332 1507 1370 Omitto
1527 1344 1642 1372 autem
1667 1340 1788 1385 longas
1812 1353 1844 1380 et
1865 1351 2079 1397 multiplices

1093 1381 1348 1425 disputationes
1363 1385 1407 1417 de
1424 1392 1535 1428 veste,
1564 1394 1596 1422 et
1616 1389 1694 1424 dico
1711 1392 1935 1438 simpIIciter:
1964 1402 2080 1442 Vestis

1092 1432 1262 1475 nuptialis
1284 1440 1334 1468 est
1357 1446 1438 1469 vera
1461 1443 1495 1470 et
1510 1437 1589 1471 viva
1607 1438 1709 1482 fides,
1737 1447 1878 1489 quaein
1896 1462 1976 1487 vera
1994 1466 2079 1498 poe..

1092 1482 1241 1540 nitentia
1263 1484 1433 1527 sentitur,
1459 1493 1492 1521 et
1516 1488 1618 1532 erigit
1641 1492 1764 1535 corda,
1790 1503 1824 1531 et
1843 1504 2002 1539 accendit
2019 1507 2078 1541 fn·

1090 1541 1457 1592 x’ocatlonem.x'eram‚
1484 1548 1580 1581 spem
1599 1546 1631 1573 et
1649 1543 1915 1592 confessionem,
1942 1560 1975 1588 et
1988 1557 2078 1592 alios

1090 1584 1242 1625 fructus,
1268 1597 1328 1629 qul
1350 1587 1447 1631 sequi
1471 1588 1612 1625 debent.
1664 1589 1761 1627 Haec
1777 1596 1861 1633 fides
1877 1614 1975 1643 vera,
2002 1619 2076 1643 non

151 1642 199 1679 Et
222 1645 338 1680 videte
363 1647 542 1692 quomodo
566 1646 728 1680 Psalmus
753 1645 854 1680 dicit:
881 1643 929 1680 Et
952 1659 1036 1681 con-
1089 1634 1272 1691 Simuma’
1298 1642 1348 1669 ‘³⁵⁸
1372 1637 1477 1670 VCSIIS
1498 1640 1685 1683 nuptians,
1712 1644 1801 1681 sicut
1826 1648 1863 1683 in
1883 1649 1997 1690 Hosea
2019 1659 2077 1692 di-

50 1696 205 1741 cupiscet
225 1708 284 1730 rex
304 1697 465 1730 decorem
481 1703 593 1731 tuum.
646 1695 762 1739 Quam
779 1696 868 1730 mira
884 1703 934 1731 est
951 1695 1036 1731 haec
1061 1690 1064 1714 ¹
1089 1691 1196 1718 estun
1222 1683 1450 1730 De⁵P⁰n⁵³b⁰
1467 1694 1500 1722 te
1516 1687 1603 1722 mihi
1621 1691 1657 1724 5¹¹
1676 1692 1756 1728 fide·

49 1747 263 1791 descriptio?
311 1745 437 1790 Qualis
461 1754 510 1781 est
526 1748 632 1782 decor
646 1746 851 1781 Ecclesiae?
903 1747 1034 1782 Misera

49 1796 204 1831 Ecclesia
236 1795 351 1832 adhuc
378 1805 430 1832 est
452 1799 637 1840 morbosa,
672 1797 873 1832 circumfert
893 1810 1033 1832 carnem

48 1848 232 1890 vitiosam,
267 1855 302 1882 et
331 1855 507 1893 praeterea
536 1855 586 1883 est
610 1855 753 1883 onerata
777 1849 1034 1883 calamitatibus

47 1898 214 1940 summis,
242 1906 373 1940 morte,
399 1906 433 1933 et
450 1900 751 1943 persecutionibus
767 1899 883 1932 variis.
934 1899 1034 1943 Qua-

46 1949 91 1983 lis
113 1949 244 1994 species
266 1956 317 1984 est
334 1948 433 1984 Adae
456 1956 490 1984 et
506 1949 642 1993 Hevae,
667 1949 837 1985 stantium
863 1949 959 1985 iuxta
976 1963 1030 1985 ca·

45 2000 154 2034 daver
169 1999 284 2034 Habel
293 2000 309 2033 ?

150 2050 277 2094 Qualis
291 2057 340 2084 est
357 2048 610 2096 speciesDavid
621 2049 799 2093 fugientis,
826 2057 858 2085 et
869 2052 1030 2086 omnium

45 2099 272 2147 Martyrum?
322 2100 447 2145 Qualis
470 2101 601 2146 species
623 2113 720 2135 nunc
739 2109 788 2136 est
806 2103 949 2136 nostra?
973 2114 1031 2136 su-

45 2163 126 2185 mus
149 2151 351 2187 miserrimi.
402 2151 473 2186 Sed
497 2149 580 2185 huic
600 2152 725 2196 speciei
743 2150 805 2185 has
820 2154 1032 2187 consolatio-

46 2213 109 2236 nes
127 2213 364 2247 opponamus,
389 2203 483 2248 quod
499 2213 559 2235 rex
574 2208 703 2242 noster,
731 2202 918 2244 filiusDei,
946 2216 1031 2248 pro·

45 2253 188 2287 nuntiat
215 2264 280 2287 nos
305 2253 446 2298 pulcros
471 2264 563 2293 esse,
590 2259 623 2286 et
648 2252 791 2297 quidem
817 2252 1030 2299 concupiscit

44 2315 128 2345 nos,
167 2303 275 2338 simus
303 2303 478 2344 contenti,
515 2304 610 2348 quod
640 2310 760 2337 nostro
792 2315 920 2349 sponso
953 2305 1062 2350 pla-r

44 2366 197 2390 ceamus.

147 2404 310 2439 Vicissim
327 2412 444 2440 autem
460 2405 559 2439 docet
575 2401 632 2438 hic
642 2401 803 2439 Psalmus
814 2432 824 2446 ,
851 2406 1029 2451 quomodo

43 2454 104 2490 hic
126 2467 275 2501 sponsus
300 2456 526 2501 excipiendus
551 2462 582 2489 et
610 2456 781 2489 amandus
805 2456 859 2490 sit.
919 2455 1030 2498 Iubet,

43 2514 85 2541 ut
106 2518 185 2541 eum
203 2507 407 2549 adoremus,
433 2514 467 2542 et
486 2506 697 2540 nominatim
715 2506 801 2541 dicit
818 2518 890 2540 esse
904 2505 1030 2548 Deum,

41 2564 85 2592 ut
107 2563 219 2592 textus
236 2557 364 2603 inquit.
420 2557 505 2591 Vult
523 2557 630 2600 igitur
645 2569 725 2591 eum
744 2557 878 2597 timeri,
906 2558 981 2592 vult
998 2559 1028 2591 ei

43 2609 158 2649 credi,
191 2608 268 2643 vult
290 2620 369 2642 eum
393 2608 570 2649 invocari,
605 2614 639 2642 et
664 2608 814 2642 vicissim
837 2608 957 2653 diligi,
991 2616 1030 2643 ut

44 2669 212 2703 sponsum
227 2666 261 2694 et
275 2659 497 2694 salvatorem.

1189 1741 1236 1777 Et
1252 1743 1289 1776 in
1306 1741 1373 1778 hoc
1391 1745 1467 1791 ipso
1483 1745 1622 1783 Psalmo
1639 1750 1786 1790 dicitur:
1813 1757 1910 1793 Audi
1927 1762 1997 1798 filia
2041 1775 2075 1803 et

1087 1792 1188 1834 vide,
1221 1800 1254 1828 et
1276 1794 1408 1830 inclina
1430 1809 1550 1831 aurem
1575 1806 1683 1837 tuam.
1734 1802 1802 1840 Hic
1827 1820 1975 1852 sponsus
1996 1791 2074 1853 :fult

1087 1854 1123 1876 se
1145 1844 1282 1884 audiri,
1309 1847 1385 1880 vult
1408 1859 1472 1881 nos
1497 1860 1597 1883 aures
1621 1851 1812 1900 inclinare,
1835 1859 1872 1894 id
1895 1869 1945 1898 est
1991 1879 2073 1904 vera

1086 1894 1154 1928 fide
1170 1896 1334 1940 amplecti
1352 1894 1587 1942 Evangelium
1607 1907 1672 1938 etc.
1955 1891 1966 1907 ³

1237 1977 1421 2015 Diseamus
1439 1981 1547 2027 igitur
1563 1981 1630 2020 hoc
1646 1986 1723 2022 loco
1740 1986 1825 2026 haec
1842 1994 1927 2030 tria:

1188 2044 1221 2079 1.
1275 2046 1382 2090 Quod
1405 2050 1479 2083 veri
1502 2051 1618 2087 cultus
1640 2054 1678 2087 in
1695 2053 1850 2094 Ecclesia
1868 2063 1959 2107 sint,
1986 2064 2071 2104 haec

1084 2096 1227 2181 3523th
1246 2109 1326 2132 vera
1351 2100 1589 2144 poenitentia,
1613 2116 1694 2140 vera
1717 2107 1909 2156 invocatio,
1934 2127 2012 2164 spes
2035 2127 2070 2155 et

1184 2205 1221 2239 2.
1274 2204 1381 2249 Quod
1402 2207 1439 2241 in
1454 2207 1627 2252 Ecclesia,
1654 2212 1691 2246 in
1711 2211 1775 2249 hac
1794 2216 1863 2253 vita
1880 2220 1950 2257 sint
1967 2226 2068 2262 mixti

1083 2266 1165 2288 vere
1189 2256 1370 2291 credentes
1393 2265 1425 2292 et
1444 2256 1665 2305 hypocritae,
1693 2271 1725 2298 et
1741 2277 1813 2300 non
1831 2269 2055 2311 offendamur

1084 2307 1178 2351 quod
1202 2318 1275 2340 non
1297 2320 1421 2342 omnes
1446 2309 1484 2342 in
1500 2310 1653 2346 Ecclesia
1678 2314 1749 2349 sint
1771 2321 1881 2354 sancti
1906 2330 1939 2357 et
1961 2303 2066 2361 firmi,

1082 2357 1142 2390 sed
1159 2357 1308 2392 sciamus
1318 2357 1508 2393 Ecclesiam
1522 2362 1590 2395 tale
1605 2374 1731 2408 corpus
1747 2378 1834 2410 esse,
1861 2375 1956 2416 quod
1971 2355 2065 2411 mul:

1082 2413 1136 2442 tos
1158 2408 1314 2443 continet
1339 2410 1459 2444 malos.
1511 2409 1558 2445 Et
1581 2419 1699 2448 tamen
1724 2424 1855 2452 certum
1879 2430 1950 2467 est,
1978 2438 2065 2463 nus-

1082 2470 1186 2503 quam
1204 2470 1276 2492 esse
1292 2457 1482 2493 Ecclesiam
1494 2460 1561 2495 Dei
1576 2463 1739 2506 electam,
1767 2469 1834 2502 nisi
1852 2471 1888 2505 in
1905 2470 1971 2509 hoc
1986 2477 2062 2523 ipso

1082 2516 1184 2544 coetu
1208 2517 1431 2551 vocatorum,
1457 2511 1494 2544 in
1519 2525 1589 2557 quo
1612 2514 1717 2550 simul
1733 2519 1835 2554 multi
1852 2531 1933 2559 sunt
1950 2523 2064 2576 hypo-

1082 2559 1198 2596 critae.
1250 2559 1332 2593 Non
1351 2560 1458 2604 igitur
1473 2565 1686 2599 currendum
1703 2575 1753 2602 est
1770 2569 1806 2603 in
1822 2573 2050 2614 solitudinem

1081 2617 1122 2645 ut
1146 2612 1310 2645 eremitae
1334 2611 1508 2654 fecerunt,
1534 2625 1598 2648 nec
1616 2615 1796 2653 faciendae
1812 2622 1901 2657 aliae
1917 2608 2066 2673 congre:

1082 2661 1240 2706 gationes
1263 2662 1371 2704 clam,
1395 2661 1483 2696 sicut
1503 2661 1753 2711 Anabaptistae
1775 2671 1944 2715 fecerunt,
1995 2681 2065 2717 Sed

1407 2710 1495 2753 60²?

2028 130 2103 166 950

2396 2715 2408 2758 s..-
2398 2671 2401 2676 .
