2409 2915
78 116 154 153 995
334 117 418 153 XII.

181 200 278 237 Haec
308 203 510 248 imaginatio
531 203 646 238 inanis
675 211 743 245 est,
783 204 866 250 quia
896 205 1064 249 scriptum

78 258 146 286 est:
183 252 299 288 Iustus
325 255 392 288 fide
414 266 474 288 sua
495 255 599 290 vivet.
643 253 732 295 Sua,
760 255 794 288 id
819 262 887 295 est,
923 255 1064 300 propria

77 302 206 348 inquit.
269 304 436 349 Teipsum
467 310 604 348 oportet
632 305 789 339 converti
820 307 861 339 ad
885 304 1000 340 Deum
1032 311 1065 339 et

78 354 238 395 credere,
265 356 347 400 quia
368 355 602 388 iuramentum
628 363 747 389 manet
769 363 883 389 ratum
908 357 943 389 in
966 356 1063 389 omni

31 423 35 429 ·
81 404 303 439 aeternitate:
331 403 422 439 Vivo
441 416 517 448 ego,
540 405 625 439 dicit
640 403 837 448 Dominus,
864 407 947 440 nolo
969 418 1064 440 mor-

80 460 150 488 tem
167 455 374 498 peccatoris,
399 456 458 489 sed
475 463 514 489 ut
536 463 778 499 convertatur,
806 464 838 491 et
860 458 967 493 vivat.
1004 456 1064 491 Iu-

78 510 134 538 rat
156 513 318 552 oportere
341 505 415 538 fieri
441 507 726 548 conversionem,
761 515 794 542 et
823 507 999 541 conversis
1028 519 1064 541 se

79 554 246 590 daturum
264 567 336 590 esse
350 555 590 590 remissionem
609 564 842 601 peccatorum.

179 620 248 655 Hic
272 622 400 656 videtis
423 635 559 658 errores
583 624 748 669 illorum,
789 625 849 670 qui
875 624 1065 658 voluerunt

80 671 209 705 salvari
233 683 295 716 per
313 672 441 707 Missas
463 673 709 716 sacerdotum,
749 675 852 717 item,
886 687 947 719 per
971 676 1063 708 bona

78 732 184 765 opera
207 721 481 758 Monachorum.
535 724 638 759 Talia
663 726 782 760 omnia
807 733 889 760 sunt
913 725 1064 759 idolola-

74 772 173 808 trica.

177 828 264 865 Item
289 839 407 867 errant
430 832 612 877 similiter,
655 833 715 878 qui
742 839 891 867 currunt
913 833 956 866 ad
974 832 1064 867 San-

76 887 170 922 ctus,
203 888 237 916 et
259 882 385 917 volunt
405 883 473 917 sibi
494 884 664 928 adplicari
696 884 818 917 merita
843 883 1065 918 Sanctorum.

75 929 208 966 Contra
233 929 330 966 hunc
365 945 520 967 errorem
555 934 657 968 etiam
690 935 985 967 accommodanda
1016 940 1066 967 est

77 979 165 1016 haec
195 982 392 1017 similitudo
419 985 462 1018 de
491 985 596 1019 fatuis
614 984 843 1029 Virginibus,
879 991 913 1019 et
937 984 986 1019 sic
1009 996 1066 1018 ac-

75 1033 314 1068 commodavit
328 1033 502 1070 Hilarius.

125 1137 260 1189 Audite
285 1147 401 1175 autem
429 1138 614 1176 historiam
642 1143 685 1176 de
713 1140 778 1176 hac
804 1154 854 1177 re.

182 1205 276 1241 Ante
299 1220 411 1243 annos
434 1216 607 1244 trecentos
632 1210 699 1244 suit
724 1209 969 1253 Landgravius
991 1208 1069 1243 Tu-

76 1257 213 1302 ringiae
246 1257 470 1304 Fridericus,
514 1272 533 1294 a
557 1273 627 1306 quo
660 1260 729 1294 orti
768 1267 850 1294 sunt
879 1258 917 1293 hi
950 1260 1069 1294 Duces

77 1307 271 1350 simoniae,
305 1310 366 1354 qui
389 1308 504 1344 adhuc
527 1311 666 1345 vivunt:
703 1311 763 1343 ille
787 1310 854 1344 fuit
876 1310 932 1343 vir
955 1308 1068 1344 hone-

78 1365 152 1393 stus
169 1365 202 1392 et
217 1360 481 1404 magnanimus,
507 1367 540 1394 et
556 1372 681 1406 magna
700 1361 791 1394 bella
812 1360 926 1404 gessit,
953 1367 985 1394 et
1000 1361 1069 1394 fuit

76 1408 289 1443 fortunatus.

177 1466 268 1502 Cum
292 1474 409 1502 autem
429 1468 499 1502 iam
524 1474 611 1502 esset
635 1480 757 1510 senex,
784 1469 821 1502 in
838 1467 984 1503 lsenach
1010 1481 1070 1502 co-

77 1529 152 1552 ram
172 1530 212 1551 eo
236 1517 390 1553 exhibita
414 1526 465 1553 est
497 1519 697 1561 comoedia,
725 1519 763 1554 in
781 1532 848 1565 qua
866 1518 950 1553 haec
966 1520 1069 1554 lectio

78 1567 266 1612 Evangelii
291 1570 334 1603 de
365 1570 468 1603 fatuis
488 1569 696 1612 Virginibus
728 1572 990 1604 accommodata
1019 1576 1070 1603 est

79 1625 200 1652 contra
219 1619 477 1653 invocationem
496 1619 720 1655 Sanctorum.
756 1619 850 1663 Quia
864 1620 932 1654 suit
948 1621 1071 1654 doctus

81 1669 228 1715 aliquis,
255 1671 316 1714 qui
337 1667 405 1704 hoc
428 1670 624 1715 spectaculo
647 1670 761 1704 voluit
786 1677 903 1704 taxare
924 1671 1070 1704 invoca-

79 1720 213 1754 tionem
229 1727 461 1755 mortuorum.

183 1777 267 1812 Post
295 1779 530 1823 spectaculum
566 1778 656 1811 illud
685 1777 854 1823 Princeps
878 1788 1072 1825 agnoscens
1098 1794 1099 1798 =

81 1841 235 1863 errorem
252 1830 296 1863 de
320 1829 543 1863 invocatione
568 1835 810 1867 mortuorum,
838 1835 871 1862 et
894 1829 1003 1862 multa
1030 1829 1073 1861 de

82 1877 150 1913 hoc
167 1887 265 1914 tanto
290 1880 403 1914 abusu
426 1890 664 1925 conquerenS,
696 1880 809 1924 coepit
831 1886 1009 1923 aegrotare
1033 1891 1073 1912 ex

81 1930 205 1965 dolore
223 1931 266 1964 de
284 1931 426 1974 publico
442 1942 579 1970 errore,
604 1937 637 1964 et
661 1937 779 1975 postea
804 1930 842 1963 in
867 1941 948 1963 vera
972 1929 1074 1962 invo-

84 1981 222 2016 catione
240 1981 304 2014 filii
320 1980 387 2015 Dei
404 1988 454 2015 est
471 1988 644 2016 mortuus,

185 2038 303 2074 Etiam
328 2039 522 2084 Imperator
545 2038 694 2074 Carolus
717 2039 760 2076 V.
790 2039 889 2073 iussit
920 2038 1075 2072 amoveri

83 2088 283 2124 BIonachos
299 2102 317 2124 a
335 2091 482 2134 coniuge
497 2090 680 2131 moritura,
706 2097 739 2125 et
759 2090 858 2124 iussit
874 2097 1075 2134 praecepto-

85 2152 158 2174 rem
179 2140 243 2175 filii
271 2141 325 2176 sui
346 2153 544 2187 proponere
570 2141 714 2185 coniugi
752 2140 1010 2175 consolationes
1033 2140 1076 2174 de

85 2189 238 2229 Christo.

444 2282 593 2309 ‘rei-tius
618 2283 727 2308 iocus.

367 2342 428 2378 De
454 2343 793 2377 consolatione.

189 2409 394 2447 Consolatio
422 2416 491 2451 est,
527 2410 622 2455 quod
649 2420 684 2442 se
715 2407 876 2442 nominat
900 2419 1079 2456 sponsum.

88 2460 134 2495 Et
161 2461 209 2495 sic
231 2468 377 2495 testatur
398 2472 561 2504 magnam
588 2467 619 2494 et
646 2459 827 2493 ardentem
856 2458 1078 2492 dilectionem

90 2523 184 2552 esse,
224 2523 293 2557 qua
329 2510 523 2545 Ecclesiam
555 2510 817 2554 complectitur,
861 2509 932 2542 imo
957 2520 1009 2550 se,
1042 2514 1082 2542 ut

91 2573 280 2607 sponsum,
307 2574 490 2607 nunquam
508 2562 598 2594 velle
616 2572 681 2594 nos
696 2561 866 2594 deserere.

193 2619 258 2656 Est
273 2627 308 2655 et
333 2618 417 2654 haec
433 2632 560 2664 magna
586 2620 781 2654 consolatio
795 2646 804 2660 ‚
832 2618 925 2663 quod
946 2617 1083 2662 praedi—

98 2671 144 2706 cit
156 2698 166 2713 ,
192 2684 328 2717 semper
344 2671 419 2704 sore
435 2671 588 2716 aliquam
605 2683 723 2704 veram
742 2669 934 2705 Ecclesiam
951 2675 984 2702 et
1003 2667 1085 2701 vir-

143 2724 319 2756 Munna.
348 2723 452 2756 Orrn.
481 2723 563 2754 Vox..
582 2722 678 2756 XIV.

468 116 863 156 ANNOTATIONES
888 118 954 155 ET
979 116 1262 155 CONCIONES
1291 117 1340 153 IN
1361 116 1544 157 EVANG.
1571 118 1850 161 MATTHAEI.

2022 125 2098 163 994

1116 202 1213 246 gines
1230 204 1436 247 prudentes,
1461 216 1550 250 quae
1574 218 1655 241 vera
1679 207 1746 242 fide
1769 214 1801 242 et
1821 220 1881 254 spe
1905 209 2018 254 ipsum
2040 224 2099 246 ex-

1115 260 1282 298 spectent.

1218 303 1313 337 Haec
1336 305 1453 338 omnia
1477 306 1738 342 consideremus
1763 309 1799 341 in
1821 306 1885 343 hac
1907 311 2028 355 pulcra
2051 312 2100 345 si-

1115 353 1337 393 militudine,
1375 356 1418 388 de
1440 367 1509 400 qua
1534 357 1645 391 multo
1675 359 1773 401 plura
1803 360 1950 394 dicenda
1975 369 2100 403 essent,

1115 405 1173 437 sed
1192 416 1296 437 nemo
1315 411 1425 448 potest
1440 406 1643 448 sapientiam
1659 406 1725 440 Dei
1742 410 1878 452 penitus
1903 409 2097 446 exhaurire.

1116 453 1306 492 Curemus,
1349 462 1387 488 ut
1417 466 1558 498 agamus
1586 458 1856 500 poenitentiam,
1889 468 1922 495 et
1940 463 2100 506 proficia-

1116 516 1212 545 mus,
1239 512 1277 538 ut
1293 504 1402 538 simus
1419 507 1548 549 parati,
1576 504 1767 541 habeamus
1783 510 1898 543 oleum
1914 512 1951 544 in
1971 513 2100 547 nostris

1116 556 1205 589 vasis
1234 562 1319 596 etc.‚
1346 556 1380 588 id
1400 563 1467 597 est,
1491 557 1528 589 in
1545 558 1674 592 nostris
1690 559 1873 601 cordibus,
1900 568 1962 595 etc.

1445 663 1525 689 Alia
1552 664 1762 691 similitudo.

1117 721 1219 758 Sicut
1238 720 1346 756 homo
1367 734 1513 770 peregre
1538 724 1683 766 abiens,
1710 726 1846 761 vocavit
1865 739 1984 763 servos
2007 742 2104 773 suos,

1169 778 1199 808 et
1222 771 1319 807 dedit
1338 776 1388 807 eis
1403 774 1652 808 substantiam
1674 788 1794 814 suam.

1220 840 1315 875 Haec
1338 842 1503 886 parabola
1528 843 1571 876 de
1593 843 1733 877 talentis
1758 845 1924 879 discernit
1940 847 2057 880 fideles
2072 853 2106 881 et

1120 892 1324 935 diligentes,
1376 893 1421 926 ab
1444 893 1647 927 infidelibus
1677 901 1710 927 et
1742 896 2000 939 negligentibus
2031 898 2105 931 sive

1120 954 1262 976 securis.

1220 1001 1265 1036 Et
1289 1001 1517 1045 intelligenda
1542 1009 1592 1036 est
1618 1009 1769 1049 utroque
1797 1006 1923 1047 modo,
1966 1007 2010 1039 de
2041 1017 2107 1050 pu·-

1120 1053 1212 1087 blico
1229 1052 1448 1096 ministerio,
1475 1059 1508 1087 et
1527 1053 1692 1097 privatim
1710 1056 1753 1088 de
1769 1066 1834 1088 usu
1859 1056 2047 1092 donorum.

1221 1110 1360 1145 Rursus
1381 1119 1498 1145 autem
1521 1111 1703 1145 sciendum
1736 1119 1805 1153 est,
1839 1111 1897 1146 hic
1921 1121 1953 1148 et
1978 1116 2109 1149 doctri-

1121 1173 1202 1194 nam
1219 1168 1252 1195 et
1267 1161 1568 1204 obiurgationem‚
1594 1169 1627 1196 et
1645 1163 1921 1197 consolationem
1945 1166 2110 1210 proponi,

1120 1212 1209 1246 sicut
1228 1212 1264 1244 in
1288 1212 1404 1255 priore
1422 1212 1601 1256 parabola.

1225 1269 1396 1304 Doctrina
1416 1277 1466 1304 est
1483 1271 1595 1315 prima
1618 1269 1722 1305 haec:
1751 1270 1856 1314 Quod
1876 1285 2012 1318 semper
2028 1281 2111 1308 sunt

1123 1327 1157 1354 et
1174 1327 1278 1354 erunt
1298 1321 1333 1352 in
1351 1319 1506 1354 Ecclesia
1523 1321 1634 1365 aliqui
1662 1322 1780 1355 fideles
1803 1330 1835 1357 et
1853 1324 2052 1366 diligentes,
2079 1332 2113 1359 et

1124 1370 1236 1415 aliqui
1261 1371 1421 1404 infideles
1444 1377 1477 1404 et
1500 1371 1731 1414 negligentes,
1768 1373 1856 1407 sicut
1888 1386 2001 1418 nuper
2021 1375 2113 1407 dixi-

1123 1432 1220 1460 mus,
1247 1432 1384 1465 semper
1409 1421 1446 1453 in
1470 1420 1624 1454 Ecclesia
1649 1422 1774 1462 fuisse,
1801 1435 1892 1462 esse,
1919 1431 1951 1457 et
1975 1425 2112 1458 futuros

1122 1482 1195 1504 esse
1211 1471 1246 1504 in
1265 1468 1330 1504 hac
1353 1471 1423 1504 vita
1441 1471 1544 1515 tales,
1573 1472 1632 1517 qui
1657 1472 1728 1506 sint
1751 1473 1884 1506 similes
1906 1474 2010 1507 fatuis
2028 1474 2114 1508 Yir-

1123 1521 1283 1566 ginibus,
1311 1528 1344 1555 et
1359 1522 1447 1554 alios
1464 1522 1596 1555 similes
1613 1523 1828 1566 sapientibus
1847 1523 2064 1567 Virginibus.

1225 1579 1271 1612 Et
1295 1577 1362 1613 hoc
1386 1580 1568 1613 sciendum
1595 1587 1664 1621 est,
1697 1593 1741 1614 ne
1767 1593 1786 1614 a
1810 1581 1885 1615 Deo
1911 1583 2113 1617 deficiamus

1129 1637 1274 1674 propter
1301 1627 1368 1662 hoc
1396 1630 1623 1670 scandalum,
1660 1642 1738 1664 cum
1770 1632 1929 1665 videmus
1954 1644 2116 1676 magnam

1123 1679 1388 1713 multitudinem
1404 1679 1608 1723 impiorum.

1238 1737 1320 1770 Alia
1338 1738 1498 1771 doctrina
1513 1744 1564 1771 est
1580 1737 1669 1771 circa
1687 1738 1811 1772 finem:
1840 1739 1993 1775 Habenti
2013 1743 2116 1775 dabi-

1126 1795 1206 1829 tur,
1240 1794 1273 1821 et
1294 1800 1313 1821 a
1340 1800 1413 1821 non
1432 1786 1584 1822 habente
1610 1789 1713 1822 etiam
1737 1791 1831 1835 quod
1865 1788 1984 1830 habet,
2019 1793 2117 1826 aufe-

1127 1846 1236 1873 retur.

1228 1887 1296 1921 Hic
1312 1888 1494 1923 manifeste
1510 1890 1611 1924 docet
1636 1901 1701 1924 nos
1717 1889 1909 1930 Dominus,
1937 1894 2031 1937 quod
2058 1905 2118 1927 ve·

1127 1939 1170 1973 lit
1186 1950 1251 1972 nos
1270 1950 1331 1972 sua
1355 1939 1448 1972 dona
1477 1951 1656 1981 exercere,
1690 1947 1724 1974 et
1746 1942 1895 1985 acceptis
1918 1943 2020 1976 donis
2044 1956 2118 1977 non

1127 2001 1200 2023 esse
1223 1989 1450 2033 negligentes.
1503 1990 1598 2024 Dicit
1621 1992 1714 2024 dona
1737 1993 1856 2033 augeri
1881 1990 1955 2034 his,
1982 1994 2042 2038 qui
2067 1995 2118 2027 la-

1129 2041 1276 2078 borant,
1303 2046 1343 2073 ut
1366 2040 1415 2073 eis
1432 2047 1588 2076 utantur.
1640 2042 1739 2074 Sicut
1763 2049 1864 2085 auget
1880 2044 1971 2077 dona
1991 2042 2117 2091 Ioseph

1130 2097 1189 2124 aut
1208 2088 1369 2131 Danieli,
1397 2090 1478 2135 quia
1497 2091 1659 2126 laborant
1679 2092 1716 2125 in
1733 2092 1921 2134 discendo,
1958 2095 2117 2127 docendo

1129 2148 1161 2174 et
1181 2142 1337 2180 orando,
1364 2147 1397 2174 et
1416 2148 1540 2184 regunt
1556 2153 1638 2175 suos
1656 2154 1770 2176 mores
1788 2145 2031 2186 temperantia,
2060 2156 2119 2177 ca-

1129 2191 1244 2225 stitate
1271 2198 1306 2224 et
1333 2191 1539 2232 sobrietate,
1567 2199 1600 2225 et
1617 2193 1695 2225 aliis
1713 2194 1915 2226 necessariis
1933 2195 2118 2228 exercitiis.

1130 2241 1223 2285 Quia
1242 2241 1342 2274 nullo
1362 2243 1469 2275 modo
1487 2243 1712 2285 cogitandum
1731 2249 1797 2283 est,
1820 2241 1933 2276 Deum
1951 2245 2040 2278 velle
2056 2256 2118 2278 au-

1130 2304 1209 2336 gere
1226 2294 1318 2326 dona
1338 2292 1381 2325 iis
1393 2319 1401 2333 ,
1424 2293 1485 2337 qui
1504 2293 1660 2326 volentes
1676 2293 1874 2326 effundunt.

1234 2350 1294 2385 Sic
1316 2350 1401 2384 dicit
1424 2351 1468 2383 de
1493 2351 1751 2393 negligentibus
1775 2351 1988 2385 doctrinam:
2026 2352 2120 2394 Quia

1131 2401 1293 2445 repulisti
1324 2400 1525 2441 scientiam,
1576 2401 1742 2442 repellam
1765 2407 1815 2442 te,
1848 2414 1891 2435 ne
1915 2402 2119 2437 Sacerdotio

1131 2452 1291 2496 fungaris
1307 2448 1410 2485 mihi.
1463 2448 1577 2484 Oseae
1600 2449 1634 2484 4.

1235 2508 1339 2543 Item:
1389 2507 1462 2550 Qui
1495 2514 1581 2550 stat,
1620 2508 1735 2542 videat
1761 2520 1805 2542 ne
1837 2510 1954 2552 cadat,
1999 2511 2029 2544 1.
2052 2509 2123 2545 Co-

1132 2557 1244 2594 rinth.
1266 2559 1325 2595 10.

1237 2617 1341 2651 Item:
1371 2614 1510 2650 Invenit
1528 2615 1700 2652 Diabolus
1722 2617 1866 2652 domum
1885 2630 2031 2653 vacuam
2049 2627 2124 2662 etc„

1138 2665 1269 2705 Matth.
1289 2668 1346 2703 12.

1367 2715 1418 2752 63
