<?xml version="1.0" encoding="UTF-8"?>
<!DOCTYPE html PUBLIC "-//W3C//DTD XHTML 1.0 Transitional//EN"
    "http://www.w3.org/TR/xhtml1/DTD/xhtml1-transitional.dtd">
<html xmlns="http://www.w3.org/1999/xhtml" xml:lang="en" lang="en">
 <head>
  <title>
</title>
<meta http-equiv="Content-Type" content="text/html;charset=utf-8" />
  <meta name='ocr-system' content='tesseract 3.04.00' />
  <meta name='ocr-capabilities' content='ocr_page ocr_carea ocr_par ocr_line ocrx_word'/>
</head>
<body>
  <div class='ocr_page' id='page_1' title='image "./operaquaesupersu14melauoft/operaquaesupersu14melauoft_0423.png"; bbox 0 0 2409 2915; ppageno 0'>
   <div class='ocr_carea' id='block_1_1' title="bbox 58 144 392 194">
    <p class='ocr_par' dir='ltr' id='par_1_1' title="bbox 58 144 392 194">
     <span class='ocr_line' id='line_1_1' title="bbox 58 144 392 194; baseline 0.003 -12"><span class='ocrx_word' id='word_1_1' title='bbox 58 144 132 182; x_wconf 72' lang='lat'>829</span> <span class='ocrx_word' id='word_1_2' title='bbox 302 144 392 194; x_wconf 64' lang='grc' dir='ltr'><strong>[ΧΗ.</strong></span> 
     </span>
    </p>
   </div>
   <div class='ocr_carea' id='block_1_2' title="bbox 36 228 1046 1045">
    <p class='ocr_par' dir='ltr' id='par_1_2' title="bbox 58 228 1046 368">
     <span class='ocr_line' id='line_1_2' title="bbox 160 228 1045 274; baseline -0.005 -8"><span class='ocrx_word' id='word_1_3' title='bbox 160 231 354 266; x_wconf 73' lang='lat' dir='ltr'>Sciendum</span> <span class='ocrx_word' id='word_1_4' title='bbox 380 238 430 265; x_wconf 83' lang='lat' dir='ltr'>est</span> <span class='ocrx_word' id='word_1_5' title='bbox 455 237 570 265; x_wconf 88' lang='lat' dir='ltr'>autem</span> <span class='ocrx_word' id='word_1_6' title='bbox 595 235 748 274; x_wconf 88' lang='lat' dir='ltr'>quatuor</span> <span class='ocrx_word' id='word_1_7' title='bbox 771 228 899 271; x_wconf 85' lang='lat' dir='ltr'>gradus</span> <span class='ocrx_word' id='word_1_8' title='bbox 915 240 986 262; x_wconf 90' lang='lat' dir='ltr'>esse</span> <span class='ocrx_word' id='word_1_9' title='bbox 1001 229 1045 262; x_wconf 91' lang='lat' dir='ltr'>li-</span> 
     </span>
     <span class='ocr_line' id='line_1_3' title="bbox 59 279 1046 326; baseline -0.004 -9"><span class='ocrx_word' id='word_1_10' title='bbox 59 283 204 317; x_wconf 89' lang='lat' dir='ltr'>bertatis</span> <span class='ocrx_word' id='word_1_11' title='bbox 221 281 466 323; x_wconf 70' lang='lat' dir='ltr'>Christianae,</span> <span class='ocrx_word' id='word_1_12' title='bbox 493 292 580 326; x_wconf 92' lang='lat' dir='ltr'>quos</span> <span class='ocrx_word' id='word_1_13' title='bbox 601 279 726 313; x_wconf 90' lang='lat' dir='ltr'>ordine</span> <span class='ocrx_word' id='word_1_14' title='bbox 750 279 987 322; x_wconf 87' lang='lat' dir='ltr'>considerate,</span> <span class='ocrx_word' id='word_1_15' title='bbox 1014 286 1046 313; x_wconf 90' lang='lat' dir='ltr'>et</span> 
     </span>
     <span class='ocr_line' id='line_1_4' title="bbox 58 335 392 368; baseline -0.003 -1"><span class='ocrx_word' id='word_1_16' title='bbox 58 335 149 368; x_wconf 89' lang='lat' dir='ltr'>bene</span> <span class='ocrx_word' id='word_1_17' title='bbox 170 340 392 367; x_wconf 76' lang='lat' dir='ltr'><strong>mementote.</strong></span> 
     </span>
    </p>

    <p class='ocr_par' dir='ltr' id='par_1_3' title="bbox 60 385 1045 636">
     <span class='ocr_line' id='line_1_5' title="bbox 163 385 1045 433; baseline -0.006 -9"><span class='ocrx_word' id='word_1_18' title='bbox 163 390 282 424; x_wconf 86' lang='lat' dir='ltr'>Prima</span> <span class='ocrx_word' id='word_1_19' title='bbox 305 389 454 433; x_wconf 89' lang='lat' dir='ltr'>gratuita</span> <span class='ocrx_word' id='word_1_20' title='bbox 477 385 636 420; x_wconf 84' lang='lat' dir='ltr'>remissio</span> <span class='ocrx_word' id='word_1_21' title='bbox 653 393 685 420; x_wconf 89' lang='lat' dir='ltr'>et</span> <span class='ocrx_word' id='word_1_22' title='bbox 704 387 945 421; x_wconf 81' lang='lat' dir='ltr'>reconciliatio</span> <span class='ocrx_word' id='word_1_23' title='bbox 964 398 1045 430; x_wconf 85' lang='lat' dir='ltr'>pro-</span> 
     </span>
     <span class='ocr_line' id='line_1_6' title="bbox 61 437 1045 486; baseline -0.006 -11"><span class='ocrx_word' id='word_1_24' title='bbox 61 448 140 486; x_wconf 87' lang='lat' dir='ltr'>pter</span> <span class='ocrx_word' id='word_1_25' title='bbox 154 438 332 476; x_wconf 82' lang='lat' dir='ltr'>Christum</span> <span class='ocrx_word' id='word_1_26' title='bbox 358 451 420 483; x_wconf 88' lang='lat' dir='ltr'>per</span> <span class='ocrx_word' id='word_1_27' title='bbox 443 437 565 474; x_wconf 87' lang='lat' dir='ltr'>fidem,</span> <span class='ocrx_word' id='word_1_28' title='bbox 593 444 625 470; x_wconf 89' lang='lat' dir='ltr'>et</span> <span class='ocrx_word' id='word_1_29' title='bbox 650 437 848 472; x_wconf 84' lang='lat' dir='ltr'>iustificatio</span> <span class='ocrx_word' id='word_1_30' title='bbox 874 449 946 471; x_wconf 91' lang='lat' dir='ltr'>non</span> <span class='ocrx_word' id='word_1_31' title='bbox 963 449 1045 480; x_wconf 91' lang='lat' dir='ltr'>pro-</span> 
     </span>
     <span class='ocr_line' id='line_1_7' title="bbox 60 485 1044 536; baseline -0.006 -11"><span class='ocrx_word' id='word_1_32' title='bbox 60 499 140 536; x_wconf 89' lang='lat' dir='ltr'>pter</span> <span class='ocrx_word' id='word_1_33' title='bbox 163 491 312 534; x_wconf 88' lang='lat' dir='ltr'>Legem,</span> <span class='ocrx_word' id='word_1_34' title='bbox 348 490 406 522; x_wconf 89' lang='lat' dir='ltr'>sed</span> <span class='ocrx_word' id='word_1_35' title='bbox 433 494 576 531; x_wconf 85' lang='lat' dir='ltr'>propter</span> <span class='ocrx_word' id='word_1_36' title='bbox 600 486 846 523; x_wconf 86' lang='lat' dir='ltr'>Mediatorem.</span> <span class='ocrx_word' id='word_1_37' title='bbox 900 488 951 522; x_wconf 91' lang='lat' dir='ltr'>De</span> <span class='ocrx_word' id='word_1_38' title='bbox 977 485 1044 520; x_wconf 91' lang='lat' dir='ltr'>hoc</span> 
     </span>
     <span class='ocr_line' id='line_1_8' title="bbox 61 538 1044 585; baseline -0.004 -10"><span class='ocrx_word' id='word_1_39' title='bbox 61 543 172 585; x_wconf 87' lang='lat' dir='ltr'>gradu</span> <span class='ocrx_word' id='word_1_40' title='bbox 200 541 247 575; x_wconf 87' lang='lat' dir='ltr'>ait</span> <span class='ocrx_word' id='word_1_41' title='bbox 268 539 415 574; x_wconf 86' lang='lat' dir='ltr'>Paulus:</span> <span class='ocrx_word' id='word_1_42' title='bbox 447 538 529 572; x_wconf 87' lang='lat' dir='ltr'>Non</span> <span class='ocrx_word' id='word_1_43' title='bbox 563 538 644 571; x_wconf 87' lang='lat' dir='ltr'>estis</span> <span class='ocrx_word' id='word_1_44' title='bbox 673 539 738 572; x_wconf 88' lang='lat' dir='ltr'>sub</span> <span class='ocrx_word' id='word_1_45' title='bbox 766 538 859 582; x_wconf 86' lang='lat' dir='ltr'>lege,</span> <span class='ocrx_word' id='word_1_46' title='bbox 893 540 951 572; x_wconf 90' lang='lat' dir='ltr'>scd</span> <span class='ocrx_word' id='word_1_47' title='bbox 980 538 1044 571; x_wconf 91' lang='lat' dir='ltr'>sub</span> 
     </span>
     <span class='ocr_line' id='line_1_9' title="bbox 60 592 180 636; baseline 0 -11"><span class='ocrx_word' id='word_1_48' title='bbox 60 592 180 636; x_wconf 81' lang='lat' dir='ltr'>gratia.</span> 
     </span>
    </p>

    <p class='ocr_par' dir='ltr' id='par_1_4' title="bbox 160 646 1043 692">
     <span class='ocr_line' id='line_1_10' title="bbox 160 646 1043 692; baseline -0.003 -10"><span class='ocrx_word' id='word_1_49' title='bbox 160 648 343 683; x_wconf 85' lang='lat' dir='ltr'><strong>Secundus</strong></span> <span class='ocrx_word' id='word_1_50' title='bbox 365 648 492 692; x_wconf 86' lang='lat' dir='ltr'>gradus</span> <span class='ocrx_word' id='word_1_51' title='bbox 516 653 565 680; x_wconf 92' lang='lat' dir='ltr'>est</span> <span class='ocrx_word' id='word_1_52' title='bbox 584 646 656 690; x_wconf 88' lang='lat' dir='ltr'>ipsa</span> <span class='ocrx_word' id='word_1_53' title='bbox 672 646 708 679; x_wconf 95' lang='lat' dir='ltr'>in</span> <span class='ocrx_word' id='word_1_54' title='bbox 726 647 830 680; x_wconf 92' lang='lat' dir='ltr'>corde</span> <span class='ocrx_word' id='word_1_55' title='bbox 847 647 1007 681; x_wconf 85' lang='lat' dir='ltr'>liberatio</span> <span class='ocrx_word' id='word_1_56' title='bbox 1024 658 1043 679; x_wconf 93' lang='lat' dir='ltr'>a</span> 
     </span>
    </p>

    <p class='ocr_par' dir='ltr' id='par_1_5' title="bbox 36 695 1043 1045">
     <span class='ocr_line' id='line_1_11' title="bbox 36 695 1043 739; baseline -0.002 -8"><span class='ocrx_word' id='word_1_57' title='bbox 36 730 39 731; x_wconf 13' lang='grc' dir='ltr'><em>γ</em></span> <span class='ocrx_word' id='word_1_58' title='bbox 61 699 241 734; x_wconf 89' lang='lat' dir='ltr'>doloribus</span> <span class='ocrx_word' id='word_1_59' title='bbox 258 699 466 739; x_wconf 85' lang='lat' dir='ltr'>inferorum,</span> <span class='ocrx_word' id='word_1_60' title='bbox 495 705 528 731; x_wconf 92' lang='lat' dir='ltr'>et</span> <span class='ocrx_word' id='word_1_61' title='bbox 545 695 722 731; x_wconf 77' lang='lat' dir='ltr'>inchoatio</span> <span class='ocrx_word' id='word_1_62' title='bbox 741 698 893 731; x_wconf 88' lang='lat' dir='ltr'>iustitiae</span> <span class='ocrx_word' id='word_1_63' title='bbox 909 705 941 731; x_wconf 90' lang='lat' dir='ltr'>et</span> <span class='ocrx_word' id='word_1_64' title='bbox 954 697 1043 731; x_wconf 88' lang='lat' dir='ltr'>vitae</span> 
     </span>
     <span class='ocr_line' id='line_1_12' title="bbox 59 746 1041 793; baseline -0.002 -10"><span class='ocrx_word' id='word_1_65' title='bbox 59 757 219 784; x_wconf 85' lang='lat' dir='ltr'>aeternae</span> <span class='ocrx_word' id='word_1_66' title='bbox 243 761 305 793; x_wconf 92' lang='lat' dir='ltr'>per</span> <span class='ocrx_word' id='word_1_67' title='bbox 322 747 503 783; x_wconf 80' lang='lat' dir='ltr'>Christum</span> <span class='ocrx_word' id='word_1_68' title='bbox 530 749 611 781; x_wconf 87' lang='lat' dir='ltr'>dato</span> <span class='ocrx_word' id='word_1_69' title='bbox 630 746 766 791; x_wconf 84' lang='lat' dir='ltr'>Spiritu</span> <span class='ocrx_word' id='word_1_70' title='bbox 782 755 919 789; x_wconf 85' lang='lat' dir='ltr'>sancto,</span> <span class='ocrx_word' id='word_1_71' title='bbox 947 749 1041 781; x_wconf 86' lang='lat' dir='ltr'>iuxta</span> 
     </span>
     <span class='ocr_line' id='line_1_13' title="bbox 59 796 1042 842; baseline -0.003 -9"><span class='ocrx_word' id='word_1_72' title='bbox 59 800 210 834; x_wconf 88' lang='lat' dir='ltr'>dictum:</span> <span class='ocrx_word' id='word_1_73' title='bbox 244 799 318 833; x_wconf 87' lang='lat' dir='ltr'>Ubi</span> <span class='ocrx_word' id='word_1_74' title='bbox 341 807 392 833; x_wconf 88' lang='lat' dir='ltr'>est</span> <span class='ocrx_word' id='word_1_75' title='bbox 417 798 571 842; x_wconf 84' lang='lat' dir='ltr'>Spiritus</span> <span class='ocrx_word' id='word_1_76' title='bbox 593 796 759 838; x_wconf 87' lang='lat' dir='ltr'>Domini,</span> <span class='ocrx_word' id='word_1_77' title='bbox 788 799 836 832; x_wconf 91' lang='lat' dir='ltr'>ibi</span> <span class='ocrx_word' id='word_1_78' title='bbox 863 805 911 832; x_wconf 89' lang='lat' dir='ltr'>est</span> <span class='ocrx_word' id='word_1_79' title='bbox 936 799 1042 831; x_wconf 90' lang='lat' dir='ltr'>liber-</span> 
     </span>
     <span class='ocr_line' id='line_1_14' title="bbox 59 848 1042 894; baseline -0.004 -10"><span class='ocrx_word' id='word_1_80' title='bbox 59 857 121 885; x_wconf 80' lang='lat' dir='ltr'>tas.</span> <span class='ocrx_word' id='word_1_81' title='bbox 179 848 248 883; x_wconf 80' lang='lat' dir='ltr'>Hic</span> <span class='ocrx_word' id='word_1_82' title='bbox 272 852 399 894; x_wconf 87' lang='lat' dir='ltr'>gradus</span> <span class='ocrx_word' id='word_1_83' title='bbox 424 856 475 883; x_wconf 86' lang='lat' dir='ltr'>est</span> <span class='ocrx_word' id='word_1_84' title='bbox 497 849 576 881; x_wconf 59' lang='lat' dir='ltr'>viva</span> <span class='ocrx_word' id='word_1_85' title='bbox 600 855 632 881; x_wconf 93' lang='lat' dir='ltr'>et</span> <span class='ocrx_word' id='word_1_86' title='bbox 656 860 734 882; x_wconf 84' lang='lat' dir='ltr'>vera</span> <span class='ocrx_word' id='word_1_87' title='bbox 760 849 972 889; x_wconf 86' lang='lat' dir='ltr'>consolatio,</span> <span class='ocrx_word' id='word_1_88' title='bbox 1005 848 1042 880; x_wconf 88' lang='lat' dir='ltr'>in</span> 
     </span>
     <span class='ocr_line' id='line_1_15' title="bbox 59 898 1042 945; baseline -0.002 -11"><span class='ocrx_word' id='word_1_89' title='bbox 59 912 127 945; x_wconf 85' lang='lat' dir='ltr'>qua</span> <span class='ocrx_word' id='word_1_90' title='bbox 143 901 292 934; x_wconf 81' lang='lat' dir='ltr'>sentitur</span> <span class='ocrx_word' id='word_1_91' title='bbox 305 901 474 934; x_wconf 79' lang='lat' dir='ltr'>auxilium</span> <span class='ocrx_word' id='word_1_92' title='bbox 492 906 523 932; x_wconf 85' lang='lat' dir='ltr'>et</span> <span class='ocrx_word' id='word_1_93' title='bbox 541 899 734 941; x_wconf 86' lang='lat' dir='ltr'>praesentia</span> <span class='ocrx_word' id='word_1_94' title='bbox 751 900 840 938; x_wconf 82' lang='lat' dir='ltr'>Dei,</span> <span class='ocrx_word' id='word_1_95' title='bbox 868 900 956 932; x_wconf 90' lang='lat' dir='ltr'>sicut</span> <span class='ocrx_word' id='word_1_96' title='bbox 970 898 1042 932; x_wconf 91' lang='lat' dir='ltr'>Da-</span> 
     </span>
     <span class='ocr_line' id='line_1_16' title="bbox 58 949 1042 990; baseline -0.001 -7"><span class='ocrx_word' id='word_1_97' title='bbox 58 951 116 984; x_wconf 85' lang='lat' dir='ltr'>vid</span> <span class='ocrx_word' id='word_1_98' title='bbox 134 951 169 984; x_wconf 91' lang='lat' dir='ltr'>in</span> <span class='ocrx_word' id='word_1_99' title='bbox 188 951 291 984; x_wconf 86' lang='lat' dir='ltr'>exilio</span> <span class='ocrx_word' id='word_1_100' title='bbox 309 951 413 984; x_wconf 85' lang='lat' dir='ltr'>sentit</span> <span class='ocrx_word' id='word_1_101' title='bbox 431 950 720 990; x_wconf 75' lang='lat' dir='ltr'>consolationem,</span> <span class='ocrx_word' id='word_1_102' title='bbox 745 949 957 983; x_wconf 83' lang='lat' dir='ltr'>Laurentius</span> <span class='ocrx_word' id='word_1_103' title='bbox 972 950 1042 983; x_wconf 89' lang='lat' dir='ltr'>lae—</span> 
     </span>
     <span class='ocr_line' id='line_1_17' title="bbox 58 1001 976 1045; baseline -0.002 -10"><span class='ocrx_word' id='word_1_104' title='bbox 58 1008 152 1036; x_wconf 84' lang='lat' dir='ltr'>tatur</span> <span class='ocrx_word' id='word_1_105' title='bbox 169 1002 207 1034; x_wconf 89' lang='lat' dir='ltr'>in</span> <span class='ocrx_word' id='word_1_106' title='bbox 225 1001 299 1045; x_wconf 91' lang='lat' dir='ltr'>ipsa</span> <span class='ocrx_word' id='word_1_107' title='bbox 319 1001 585 1040; x_wconf 68' lang='lat' dir='ltr'>torrefacfione,</span> <span class='ocrx_word' id='word_1_108' title='bbox 610 1008 674 1034; x_wconf 83' lang='lat' dir='ltr'>etc.</span> <span class='ocrx_word' id='word_1_109' title='bbox 971 1005 976 1008; x_wconf 90' lang='lat'>&#39;</span> 
     </span>
    </p>
   </div>
   <div class='ocr_carea' id='block_1_3' title="bbox 58 1058 1042 1452">
    <p class='ocr_par' dir='ltr' id='par_1_6' title="bbox 58 1058 1042 1452">
     <span class='ocr_line' id='line_1_18' title="bbox 159 1058 1042 1103; baseline -0.003 -10"><span class='ocrx_word' id='word_1_110' title='bbox 159 1059 206 1093; x_wconf 85' lang='lat' dir='ltr'>Hi</span> <span class='ocrx_word' id='word_1_111' title='bbox 232 1061 302 1094; x_wconf 90' lang='lat' dir='ltr'>duo</span> <span class='ocrx_word' id='word_1_112' title='bbox 326 1061 452 1103; x_wconf 81' lang='lat' dir='ltr'>gradus</span> <span class='ocrx_word' id='word_1_113' title='bbox 469 1066 550 1092; x_wconf 87' lang='lat' dir='ltr'>sunt</span> <span class='ocrx_word' id='word_1_114' title='bbox 569 1059 709 1102; x_wconf 87' lang='lat' dir='ltr'>proprie</span> <span class='ocrx_word' id='word_1_115' title='bbox 725 1065 757 1092; x_wconf 90' lang='lat' dir='ltr'>et</span> <span class='ocrx_word' id='word_1_116' title='bbox 777 1058 981 1103; x_wconf 89' lang='lat' dir='ltr'>principalis</span> <span class='ocrx_word' id='word_1_117' title='bbox 1000 1058 1042 1090; x_wconf 91' lang='lat' dir='ltr'>li—</span> 
     </span>
     <span class='ocr_line' id='line_1_19' title="bbox 59 1108 1042 1153; baseline -0.004 -9"><span class='ocrx_word' id='word_1_118' title='bbox 59 1111 175 1144; x_wconf 81' lang='lat' dir='ltr'>bertas</span> <span class='ocrx_word' id='word_1_119' title='bbox 198 1108 418 1150; x_wconf 84' lang='lat' dir='ltr'>Christiana,</span> <span class='ocrx_word' id='word_1_120' title='bbox 446 1110 575 1143; x_wconf 87' lang='lat' dir='ltr'>scilicet</span> <span class='ocrx_word' id='word_1_121' title='bbox 601 1109 744 1141; x_wconf 83' lang='lat' dir='ltr'>liberari</span> <span class='ocrx_word' id='word_1_122' title='bbox 770 1121 787 1142; x_wconf 90' lang='lat' dir='ltr'>a</span> <span class='ocrx_word' id='word_1_123' title='bbox 813 1115 970 1153; x_wconf 87' lang='lat' dir='ltr'>peccato,</span> <span class='ocrx_word' id='word_1_124' title='bbox 998 1109 1042 1141; x_wconf 88' lang='lat' dir='ltr'>ab</span> 
     </span>
     <span class='ocr_line' id='line_1_20' title="bbox 59 1156 1041 1201; baseline -0.004 -7"><span class='ocrx_word' id='word_1_125' title='bbox 59 1161 110 1194; x_wconf 85' lang='lat' dir='ltr'>ira</span> <span class='ocrx_word' id='word_1_126' title='bbox 134 1160 218 1201; x_wconf 86' lang='lat' dir='ltr'>Dei,</span> <span class='ocrx_word' id='word_1_127' title='bbox 245 1174 263 1194; x_wconf 85' lang='lat' dir='ltr'>a</span> <span class='ocrx_word' id='word_1_128' title='bbox 288 1167 401 1194; x_wconf 90' lang='lat' dir='ltr'>morte</span> <span class='ocrx_word' id='word_1_129' title='bbox 427 1167 585 1199; x_wconf 87' lang='lat' dir='ltr'>aeterna,</span> <span class='ocrx_word' id='word_1_130' title='bbox 614 1156 743 1192; x_wconf 79' lang='lat' dir='ltr'>habere</span> <span class='ocrx_word' id='word_1_131' title='bbox 767 1159 1041 1193; x_wconf 84' lang='lat' dir='ltr'>consolationem</span> 
     </span>
     <span class='ocr_line' id='line_1_21' title="bbox 59 1210 1041 1252; baseline -0.004 -7"><span class='ocrx_word' id='word_1_132' title='bbox 59 1218 90 1245; x_wconf 88' lang='lat' dir='ltr'>et</span> <span class='ocrx_word' id='word_1_133' title='bbox 109 1211 275 1245; x_wconf 83' lang='lat' dir='ltr'>laetitiam</span> <span class='ocrx_word' id='word_1_134' title='bbox 293 1211 328 1243; x_wconf 87' lang='lat' dir='ltr'>in</span> <span class='ocrx_word' id='word_1_135' title='bbox 347 1211 511 1243; x_wconf 90' lang='lat' dir='ltr'>omnibus</span> <span class='ocrx_word' id='word_1_136' title='bbox 528 1210 723 1249; x_wconf 86' lang='lat' dir='ltr'>aerumnis,</span> <span class='ocrx_word' id='word_1_137' title='bbox 749 1216 781 1242; x_wconf 91' lang='lat' dir='ltr'>et</span> <span class='ocrx_word' id='word_1_138' title='bbox 797 1210 925 1243; x_wconf 89' lang='lat' dir='ltr'>sentire</span> <span class='ocrx_word' id='word_1_139' title='bbox 943 1221 1041 1252; x_wconf 90' lang='lat' dir='ltr'>prae-</span> 
     </span>
     <span class='ocr_line' id='line_1_22' title="bbox 59 1256 1042 1295; baseline -0.002 -1"><span class='ocrx_word' id='word_1_140' title='bbox 59 1262 207 1295; x_wconf 85' lang='lat' dir='ltr'>sentiam</span> <span class='ocrx_word' id='word_1_141' title='bbox 227 1268 259 1295; x_wconf 87' lang='lat' dir='ltr'>et</span> <span class='ocrx_word' id='word_1_142' title='bbox 277 1261 446 1294; x_wconf 85' lang='lat' dir='ltr'>auxilium</span> <span class='ocrx_word' id='word_1_143' title='bbox 466 1259 543 1294; x_wconf 85' lang='lat' dir='ltr'>Dei.</span> <span class='ocrx_word' id='word_1_144' title='bbox 597 1258 643 1292; x_wconf 87' lang='lat' dir='ltr'>Et</span> <span class='ocrx_word' id='word_1_145' title='bbox 661 1256 744 1292; x_wconf 86' lang='lat' dir='ltr'>haec</span> <span class='ocrx_word' id='word_1_146' title='bbox 763 1260 904 1292; x_wconf 89' lang='lat' dir='ltr'>libertas</span> <span class='ocrx_word' id='word_1_147' title='bbox 923 1261 958 1292; x_wconf 93' lang='lat' dir='ltr'>in</span> <span class='ocrx_word' id='word_1_148' title='bbox 979 1258 1042 1292; x_wconf 86' lang='lat' dir='ltr'>bac</span> 
     </span>
     <span class='ocr_line' id='line_1_23' title="bbox 59 1309 1040 1354; baseline -0.003 -10"><span class='ocrx_word' id='word_1_149' title='bbox 59 1312 130 1345; x_wconf 70' lang='lat' dir='ltr'>vita</span> <span class='ocrx_word' id='word_1_150' title='bbox 158 1309 344 1345; x_wconf 86' lang='lat' dir='ltr'>inchoatur</span> <span class='ocrx_word' id='word_1_151' title='bbox 366 1311 403 1343; x_wconf 88' lang='lat' dir='ltr'>in</span> <span class='ocrx_word' id='word_1_152' title='bbox 427 1309 499 1350; x_wconf 86' lang='lat' dir='ltr'>his,</span> <span class='ocrx_word' id='word_1_153' title='bbox 532 1309 594 1354; x_wconf 90' lang='lat' dir='ltr'>qui</span> <span class='ocrx_word' id='word_1_154' title='bbox 616 1321 696 1342; x_wconf 91' lang='lat' dir='ltr'>vere</span> <span class='ocrx_word' id='word_1_155' title='bbox 720 1316 976 1342; x_wconf 77' lang='lat' dir='ltr'>convertuntur</span> <span class='ocrx_word' id='word_1_156' title='bbox 998 1311 1040 1341; x_wconf 90' lang='lat' dir='ltr'>ad</span> 
     </span>
     <span class='ocr_line' id='line_1_24' title="bbox 58 1358 1042 1402; baseline -0.004 -7"><span class='ocrx_word' id='word_1_157' title='bbox 58 1360 192 1402; x_wconf 91' lang='lat' dir='ltr'>Deum,</span> <span class='ocrx_word' id='word_1_158' title='bbox 226 1369 259 1395; x_wconf 93' lang='lat' dir='ltr'>et</span> <span class='ocrx_word' id='word_1_159' title='bbox 284 1361 485 1402; x_wconf 84' lang='lat' dir='ltr'>intelligunt</span> <span class='ocrx_word' id='word_1_160' title='bbox 508 1359 752 1402; x_wconf 80' lang='lat' dir='ltr'>Evangelium.</span> <span class='ocrx_word' id='word_1_161' title='bbox 809 1358 933 1392; x_wconf 86' lang='lat' dir='ltr'>Postea</span> <span class='ocrx_word' id='word_1_162' title='bbox 958 1371 1042 1391; x_wconf 91' lang='lat' dir='ltr'>con-</span> 
     </span>
     <span class='ocr_line' id='line_1_25' title="bbox 58 1409 1042 1452; baseline -0.004 -8"><span class='ocrx_word' id='word_1_163' title='bbox 58 1412 291 1445; x_wconf 87' lang='lat' dir='ltr'>summabitur</span> <span class='ocrx_word' id='word_1_164' title='bbox 314 1411 351 1443; x_wconf 93' lang='lat' dir='ltr'>in</span> <span class='ocrx_word' id='word_1_165' title='bbox 376 1411 446 1443; x_wconf 86' lang='lat' dir='ltr'>vita</span> <span class='ocrx_word' id='word_1_166' title='bbox 471 1416 629 1449; x_wconf 89' lang='lat' dir='ltr'>aeterna,</span> <span class='ocrx_word' id='word_1_167' title='bbox 661 1409 722 1442; x_wconf 91' lang='lat' dir='ltr'>ubi</span> <span class='ocrx_word' id='word_1_168' title='bbox 747 1420 890 1452; x_wconf 90' lang='lat' dir='ltr'>prorsus</span> <span class='ocrx_word' id='word_1_169' title='bbox 911 1409 1042 1442; x_wconf 89' lang='lat' dir='ltr'>erimus</span> 
     </span>
    </p>
   </div>
   <div class='ocr_carea' id='block_1_4' title="bbox 58 1446 1069 1504">
    <p class='ocr_par' dir='ltr' id='par_1_7' title="bbox 58 1446 1069 1504">
     <span class='ocr_line' id='line_1_26' title="bbox 58 1446 1069 1504; baseline -0.003 -10"><span class='ocrx_word' id='word_1_170' title='bbox 58 1461 161 1494; x_wconf 83' lang='lat' dir='ltr'>liberi</span> <span class='ocrx_word' id='word_1_171' title='bbox 188 1473 205 1493; x_wconf 91' lang='lat' dir='ltr'>a</span> <span class='ocrx_word' id='word_1_172' title='bbox 236 1467 393 1504; x_wconf 89' lang='lat' dir='ltr'>peccato,</span> <span class='ocrx_word' id='word_1_173' title='bbox 426 1472 445 1492; x_wconf 85' lang='lat' dir='ltr'>a</span> <span class='ocrx_word' id='word_1_174' title='bbox 470 1466 601 1502; x_wconf 88' lang='lat' dir='ltr'>morte,</span> <span class='ocrx_word' id='word_1_175' title='bbox 637 1465 670 1492; x_wconf 84' lang='lat' dir='ltr'>et</span> <span class='ocrx_word' id='word_1_176' title='bbox 694 1459 860 1492; x_wconf 89' lang='lat' dir='ltr'>omnibus</span> <span class='ocrx_word' id='word_1_177' title='bbox 882 1459 1042 1499; x_wconf 88' lang='lat' dir='ltr'>miseriis,</span> <span class='ocrx_word' id='word_1_178' title='bbox 1066 1446 1069 1486; x_wconf 73' lang='grc' dir='ltr'>Ι</span> 
     </span>
    </p>
   </div>
   <div class='ocr_carea' id='block_1_5' title="bbox 57 1510 1042 1606">
    <p class='ocr_par' dir='ltr' id='par_1_8' title="bbox 57 1510 1042 1606">
     <span class='ocr_line' id='line_1_27' title="bbox 59 1510 1042 1553; baseline -0.003 -8"><span class='ocrx_word' id='word_1_179' title='bbox 59 1519 91 1545; x_wconf 91' lang='lat' dir='ltr'>et</span> <span class='ocrx_word' id='word_1_180' title='bbox 124 1511 189 1544; x_wconf 89' lang='lat' dir='ltr'>erit</span> <span class='ocrx_word' id='word_1_181' title='bbox 213 1510 307 1544; x_wconf 87' lang='lat' dir='ltr'>Deus</span> <span class='ocrx_word' id='word_1_182' title='bbox 343 1511 460 1544; x_wconf 86' lang='lat' dir='ltr'>omnia</span> <span class='ocrx_word' id='word_1_183' title='bbox 494 1511 529 1543; x_wconf 88' lang='lat' dir='ltr'>in</span> <span class='ocrx_word' id='word_1_184' title='bbox 557 1510 741 1553; x_wconf 88' lang='lat' dir='ltr'>omnibus,</span> <span class='ocrx_word' id='word_1_185' title='bbox 778 1511 1042 1543; x_wconf 88' lang='lat' dir='ltr'>communicans</span> 
     </span>
     <span class='ocr_line' id='line_1_28' title="bbox 57 1560 1041 1606; baseline -0.003 -11"><span class='ocrx_word' id='word_1_186' title='bbox 57 1573 130 1595; x_wconf 83' lang='lat' dir='ltr'>sese</span> <span class='ocrx_word' id='word_1_187' title='bbox 154 1562 255 1594; x_wconf 88' lang='lat' dir='ltr'>nobis</span> <span class='ocrx_word' id='word_1_188' title='bbox 277 1569 309 1595; x_wconf 88' lang='lat' dir='ltr'>et</span> <span class='ocrx_word' id='word_1_189' title='bbox 337 1573 434 1594; x_wconf 87' lang='lat' dir='ltr'>suam</span> <span class='ocrx_word' id='word_1_190' title='bbox 456 1560 681 1606; x_wconf 76' lang='lat' dir='ltr'>sapientiam,</span> <span class='ocrx_word' id='word_1_191' title='bbox 717 1560 906 1601; x_wconf 86' lang='lat' dir='ltr'>iustitiam,</span> <span class='ocrx_word' id='word_1_192' title='bbox 934 1561 1041 1594; x_wconf 82' lang='lat' dir='ltr'>vitam</span> 
     </span>
    </p>
   </div>
   <div class='ocr_carea' id='block_1_6' title="bbox 55 1768 1042 2211">
    <p class='ocr_par' dir='ltr' id='par_1_9' title="bbox 55 1768 1042 2211">
     <span class='ocr_line' id='line_1_29' title="bbox 58 1768 1041 1814; baseline -0.004 -9"><span class='ocrx_word' id='word_1_193' title='bbox 58 1772 281 1809; x_wconf 72' lang='lat' dir='ltr'>liberaverit,</span> <span class='ocrx_word' id='word_1_194' title='bbox 316 1783 395 1803; x_wconf 81' lang='lat' dir='ltr'>vere</span> <span class='ocrx_word' id='word_1_195' title='bbox 427 1770 529 1803; x_wconf 89' lang='lat' dir='ltr'>liberi</span> <span class='ocrx_word' id='word_1_196' title='bbox 562 1770 669 1804; x_wconf 86' lang='lat' dir='ltr'>eritis.</span> <span class='ocrx_word' id='word_1_197' title='bbox 729 1768 887 1810; x_wconf 75' lang='lat' dir='ltr'>Cogitate</span> <span class='ocrx_word' id='word_1_198' title='bbox 911 1775 1041 1814; x_wconf 84' lang='lat' dir='ltr'>quanta</span> 
     </span>
     <span class='ocr_line' id='line_1_30' title="bbox 57 1818 1042 1864; baseline -0.004 -9"><span class='ocrx_word' id='word_1_199' title='bbox 57 1833 112 1855; x_wconf 89' lang='lat' dir='ltr'>res</span> <span class='ocrx_word' id='word_1_200' title='bbox 140 1822 184 1854; x_wconf 87' lang='lat' dir='ltr'>sit</span> <span class='ocrx_word' id='word_1_201' title='bbox 215 1821 354 1853; x_wconf 85' lang='lat' dir='ltr'>liberari</span> <span class='ocrx_word' id='word_1_202' title='bbox 387 1832 404 1852; x_wconf 93' lang='lat' dir='ltr'>a</span> <span class='ocrx_word' id='word_1_203' title='bbox 433 1826 590 1864; x_wconf 74' lang='lat' dir='ltr'>peccam,</span> <span class='ocrx_word' id='word_1_204' title='bbox 625 1821 667 1852; x_wconf 86' lang='lat' dir='ltr'>ab</span> <span class='ocrx_word' id='word_1_205' title='bbox 697 1820 745 1852; x_wconf 89' lang='lat' dir='ltr'>ira</span> <span class='ocrx_word' id='word_1_206' title='bbox 769 1818 853 1859; x_wconf 89' lang='lat' dir='ltr'>Dei,</span> <span class='ocrx_word' id='word_1_207' title='bbox 889 1832 907 1852; x_wconf 90' lang='lat' dir='ltr'>a</span> <span class='ocrx_word' id='word_1_208' title='bbox 930 1826 1042 1852; x_wconf 90' lang='lat' dir='ltr'>morte</span> 
     </span>
     <span class='ocr_line' id='line_1_31' title="bbox 56 1869 1041 1913; baseline -0.003 -9"><span class='ocrx_word' id='word_1_209' title='bbox 56 1879 218 1911; x_wconf 85' lang='lat' dir='ltr'>aeterna,</span> <span class='ocrx_word' id='word_1_210' title='bbox 263 1878 294 1903; x_wconf 91' lang='lat' dir='ltr'>et</span> <span class='ocrx_word' id='word_1_211' title='bbox 334 1869 462 1903; x_wconf 87' lang='lat' dir='ltr'>babere</span> <span class='ocrx_word' id='word_1_212' title='bbox 500 1877 714 1913; x_wconf 75' lang='lat' dir='ltr'>praesentem</span> <span class='ocrx_word' id='word_1_213' title='bbox 754 1870 865 1902; x_wconf 77' lang='lat' dir='ltr'>filium</span> <span class='ocrx_word' id='word_1_214' title='bbox 897 1869 963 1902; x_wconf 81' lang='lat' dir='ltr'>Dei</span> <span class='ocrx_word' id='word_1_215' title='bbox 1004 1870 1041 1902; x_wconf 91' lang='lat' dir='ltr'>in</span> 
     </span>
     <span class='ocr_line' id='line_1_32' title="bbox 57 1920 1041 1964; baseline -0.002 -9"><span class='ocrx_word' id='word_1_216' title='bbox 57 1922 222 1955; x_wconf 87' lang='lat' dir='ltr'>omnibus</span> <span class='ocrx_word' id='word_1_217' title='bbox 246 1921 427 1964; x_wconf 74' lang='lat' dir='ltr'>periculis3</span> <span class='ocrx_word' id='word_1_218' title='bbox 459 1920 697 1953; x_wconf 77' lang='lat' dir='ltr'>consolantem</span> <span class='ocrx_word' id='word_1_219' title='bbox 722 1926 753 1953; x_wconf 88' lang='lat' dir='ltr'>et</span> <span class='ocrx_word' id='word_1_220' title='bbox 776 1920 974 1959; x_wconf 82' lang='lat' dir='ltr'>iuvantem,</span> <span class='ocrx_word' id='word_1_221' title='bbox 1008 1927 1041 1953; x_wconf 89' lang='lat' dir='ltr'>et</span> 
     </span>
     <span class='ocr_line' id='line_1_33' title="bbox 57 1970 1042 2013; baseline -0.003 -7"><span class='ocrx_word' id='word_1_222' title='bbox 57 1971 141 2006; x_wconf 86' lang='lat' dir='ltr'>haec</span> <span class='ocrx_word' id='word_1_223' title='bbox 171 1972 289 2005; x_wconf 89' lang='lat' dir='ltr'>omnia</span> <span class='ocrx_word' id='word_1_224' title='bbox 324 1972 359 2003; x_wconf 91' lang='lat' dir='ltr'>in</span> <span class='ocrx_word' id='word_1_225' title='bbox 393 1982 470 2003; x_wconf 90' lang='lat' dir='ltr'>vera</span> <span class='ocrx_word' id='word_1_226' title='bbox 498 1970 712 2013; x_wconf 88' lang='lat' dir='ltr'>poenitentia</span> <span class='ocrx_word' id='word_1_227' title='bbox 740 1982 800 2012; x_wconf 93' lang='lat' dir='ltr'>per</span> <span class='ocrx_word' id='word_1_228' title='bbox 825 1971 929 2003; x_wconf 86' lang='lat' dir='ltr'>fidem</span> <span class='ocrx_word' id='word_1_229' title='bbox 953 1970 1042 2003; x_wconf 87' lang='lat' dir='ltr'>acci—</span> 
     </span>
     <span class='ocr_line' id='line_1_34' title="bbox 57 2017 1039 2071; baseline -0.002 -16"><span class='ocrx_word' id='word_1_230' title='bbox 57 2023 215 2071; x_wconf 87' lang='lat' dir='ltr'>piuntur.</span> <span class='ocrx_word' id='word_1_231' title='bbox 267 2021 324 2056; x_wconf 82' lang='lat' dir='ltr'>Sic</span> <span class='ocrx_word' id='word_1_232' title='bbox 350 2020 462 2054; x_wconf 77' lang='lat' dir='ltr'>David</span> <span class='ocrx_word' id='word_1_233' title='bbox 489 2017 638 2053; x_wconf 86' lang='lat' dir='ltr'>habebat</span> <span class='ocrx_word' id='word_1_234' title='bbox 665 2021 860 2053; x_wconf 85' lang='lat' dir='ltr'>libertatem</span> <span class='ocrx_word' id='word_1_235' title='bbox 886 2021 922 2053; x_wconf 89' lang='lat' dir='ltr'>in</span> <span class='ocrx_word' id='word_1_236' title='bbox 948 2021 1039 2063; x_wconf 81' lang='lat' dir='ltr'>fuga.</span> 
     </span>
     <span class='ocr_line' id='line_1_35' title="bbox 56 2069 1040 2116; baseline -0.003 -10"><span class='ocrx_word' id='word_1_237' title='bbox 56 2073 115 2107; x_wconf 89' lang='lat' dir='ltr'>Sic</span> <span class='ocrx_word' id='word_1_238' title='bbox 138 2079 206 2106; x_wconf 87' lang='lat' dir='ltr'>tres</span> <span class='ocrx_word' id='word_1_239' title='bbox 230 2072 294 2105; x_wconf 88' lang='lat' dir='ltr'>viri</span> <span class='ocrx_word' id='word_1_240' title='bbox 321 2073 356 2104; x_wconf 90' lang='lat' dir='ltr'>in</span> <span class='ocrx_word' id='word_1_241' title='bbox 374 2071 556 2116; x_wconf 83' lang='lat' dir='ltr'>Babylone</span> <span class='ocrx_word' id='word_1_242' title='bbox 580 2071 616 2103; x_wconf 89' lang='lat' dir='ltr'>in</span> <span class='ocrx_word' id='word_1_243' title='bbox 641 2072 781 2103; x_wconf 85' lang='lat' dir='ltr'>fornace</span> <span class='ocrx_word' id='word_1_244' title='bbox 805 2069 982 2104; x_wconf 84' lang='lat' dir='ltr'>habebant</span> <span class='ocrx_word' id='word_1_245' title='bbox 998 2071 1040 2103; x_wconf 92' lang='lat' dir='ltr'>li-</span> 
     </span>
     <span class='ocr_line' id='line_1_36' title="bbox 55 2120 1041 2164; baseline -0.003 -7"><span class='ocrx_word' id='word_1_246' title='bbox 55 2125 246 2162; x_wconf 85' lang='lat' dir='ltr'>bertatem,</span> <span class='ocrx_word' id='word_1_247' title='bbox 281 2134 359 2155; x_wconf 88' lang='lat' dir='ltr'>cum</span> <span class='ocrx_word' id='word_1_248' title='bbox 393 2122 505 2164; x_wconf 77' lang='lat' dir='ltr'>palam</span> <span class='ocrx_word' id='word_1_249' title='bbox 533 2122 625 2164; x_wconf 87' lang='lat' dir='ltr'>apud</span> <span class='ocrx_word' id='word_1_250' title='bbox 654 2133 712 2154; x_wconf 89' lang='lat' dir='ltr'>eos</span> <span class='ocrx_word' id='word_1_251' title='bbox 737 2129 824 2155; x_wconf 89' lang='lat' dir='ltr'>esset</span> <span class='ocrx_word' id='word_1_252' title='bbox 851 2122 942 2154; x_wconf 86' lang='lat' dir='ltr'>filius</span> <span class='ocrx_word' id='word_1_253' title='bbox 964 2120 1041 2154; x_wconf 89' lang='lat' dir='ltr'>Dei.</span> 
     </span>
     <span class='ocr_line' id='line_1_37' title="bbox 56 2169 1040 2211; baseline -0.001 -5"><span class='ocrx_word' id='word_1_254' title='bbox 56 2173 115 2207; x_wconf 84' lang='lat' dir='ltr'>Sic</span> <span class='ocrx_word' id='word_1_255' title='bbox 137 2172 261 2205; x_wconf 84' lang='lat' dir='ltr'>Daniel</span> <span class='ocrx_word' id='word_1_256' title='bbox 293 2169 443 2204; x_wconf 83' lang='lat' dir='ltr'>babebat</span> <span class='ocrx_word' id='word_1_257' title='bbox 475 2172 667 2204; x_wconf 86' lang='lat' dir='ltr'>libertatem</span> <span class='ocrx_word' id='word_1_258' title='bbox 696 2172 788 2205; x_wconf 89' lang='lat' dir='ltr'>inter</span> <span class='ocrx_word' id='word_1_259' title='bbox 812 2171 947 2211; x_wconf 86' lang='lat' dir='ltr'>leones,</span> <span class='ocrx_word' id='word_1_260' title='bbox 977 2180 1040 2205; x_wconf 84' lang='lat' dir='ltr'>etc.</span> 
     </span>
    </p>
   </div>
   <div class='ocr_carea' id='block_1_7' title="bbox 55 2221 1067 2318">
    <p class='ocr_par' dir='ltr' id='par_1_10' title="bbox 55 2221 1067 2318">
     <span class='ocr_line' id='line_1_38' title="bbox 55 2221 1067 2263; baseline -0.003 -6"><span class='ocrx_word' id='word_1_261' title='bbox 55 2223 156 2257; x_wconf 81' lang='lat' dir='ltr'>Hanc</span> <span class='ocrx_word' id='word_1_262' title='bbox 176 2223 369 2256; x_wconf 82' lang='lat' dir='ltr'>libertatem</span> <span class='ocrx_word' id='word_1_263' title='bbox 391 2221 531 2254; x_wconf 87' lang='lat' dir='ltr'>discatis</span> <span class='ocrx_word' id='word_1_264' title='bbox 548 2222 742 2263; x_wconf 76' lang='lat' dir='ltr'>intelligere</span> <span class='ocrx_word' id='word_1_265' title='bbox 761 2228 794 2253; x_wconf 90' lang='lat' dir='ltr'>et</span> <span class='ocrx_word' id='word_1_266' title='bbox 813 2233 885 2253; x_wconf 88' lang='lat' dir='ltr'>eam</span> <span class='ocrx_word' id='word_1_267' title='bbox 906 2222 942 2253; x_wconf 91' lang='lat' dir='ltr'>in</span> <span class='ocrx_word' id='word_1_268' title='bbox 961 2233 1039 2254; x_wconf 79' lang='lat' dir='ltr'>vera</span> <span class='ocrx_word' id='word_1_269' title='bbox 1066 2243 1067 2254; x_wconf 36' lang='grc' dir='ltr'>η</span> 
     </span>
     <span class='ocr_line' id='line_1_39' title="bbox 56 2271 1067 2318; baseline -0.003 -10"><span class='ocrx_word' id='word_1_270' title='bbox 56 2274 284 2308; x_wconf 84' lang='lat' dir='ltr'>conversione</span> <span class='ocrx_word' id='word_1_271' title='bbox 301 2279 332 2306; x_wconf 90' lang='lat' dir='ltr'>et</span> <span class='ocrx_word' id='word_1_272' title='bbox 352 2272 556 2318; x_wconf 85' lang='lat' dir='ltr'>quotidiana</span> <span class='ocrx_word' id='word_1_273' title='bbox 572 2271 794 2304; x_wconf 86' lang='lat' dir='ltr'>invocatione</span> <span class='ocrx_word' id='word_1_274' title='bbox 806 2272 1041 2305; x_wconf 84' lang='lat' dir='ltr'>considerare.</span> <span class='ocrx_word' id='word_1_275' title='bbox 1065 2280 1067 2299; x_wconf 70' lang='grc' dir='ltr'><strong><em>ὲ</em></strong></span> 
     </span>
    </p>
   </div>
   <div class='ocr_carea' id='block_1_8' title="bbox 157 2337 1065 2379">
    <p class='ocr_par' dir='ltr' id='par_1_11' title="bbox 157 2337 1065 2379">
     <span class='ocr_line' id='line_1_40' title="bbox 157 2337 1065 2379; baseline -0.002 -6"><span class='ocrx_word' id='word_1_276' title='bbox 157 2340 279 2373; x_wconf 82' lang='lat' dir='ltr'>Postea</span> <span class='ocrx_word' id='word_1_277' title='bbox 311 2346 391 2372; x_wconf 87' lang='lat' dir='ltr'>sunt</span> <span class='ocrx_word' id='word_1_278' title='bbox 428 2338 487 2370; x_wconf 85' lang='lat' dir='ltr'>alii</span> <span class='ocrx_word' id='word_1_279' title='bbox 523 2339 651 2379; x_wconf 78' lang='lat' dir='ltr'>gradus</span> <span class='ocrx_word' id='word_1_280' title='bbox 684 2338 726 2368; x_wconf 83' lang='lat' dir='ltr'>de</span> <span class='ocrx_word' id='word_1_281' title='bbox 753 2337 856 2369; x_wconf 77' lang='lat' dir='ltr'>rebus</span> <span class='ocrx_word' id='word_1_282' title='bbox 879 2338 1065 2376; x_wconf 50' lang='lat' dir='ltr'>externis.¹</span> 
     </span>
    </p>
   </div>
   <div class='ocr_carea' id='block_1_9' title="bbox 56 2385 1066 2434">
    <p class='ocr_par' dir='ltr' id='par_1_12' title="bbox 56 2385 1066 2434">
     <span class='ocr_line' id='line_1_41' title="bbox 56 2385 1066 2434; baseline -0.007 -8"><span class='ocrx_word' id='word_1_283' title='bbox 56 2389 119 2426; x_wconf 82' lang='lat' dir='ltr'>Est</span> <span class='ocrx_word' id='word_1_284' title='bbox 135 2391 240 2434; x_wconf 84' lang='lat' dir='ltr'>igitur</span> <span class='ocrx_word' id='word_1_285' title='bbox 258 2389 380 2423; x_wconf 89' lang='lat' dir='ltr'>tertius</span> <span class='ocrx_word' id='word_1_286' title='bbox 397 2391 542 2431; x_wconf 78' lang='lat' dir='ltr'>gradus,</span> <span class='ocrx_word' id='word_1_287' title='bbox 571 2388 663 2431; x_wconf 83' lang='lat' dir='ltr'>quod</span> <span class='ocrx_word' id='word_1_288' title='bbox 684 2385 818 2419; x_wconf 87' lang='lat' dir='ltr'>bomini</span> <span class='ocrx_word' id='word_1_289' title='bbox 838 2385 1038 2420; x_wconf 82' lang='lat' dir='ltr'>Christiano</span> <span class='ocrx_word' id='word_1_290' title='bbox 1064 2389 1066 2413; x_wconf 69' lang='lat'>2&#39;</span> 
     </span>
    </p>
   </div>
   <div class='ocr_carea' id='block_1_10' title="bbox 0 2437 1063 2738">
    <p class='ocr_par' dir='ltr' id='par_1_13' title="bbox 57 2437 1038 2483">
     <span class='ocr_line' id='line_1_42' title="bbox 57 2437 1038 2483; baseline -0.005 -7"><span class='ocrx_word' id='word_1_291' title='bbox 57 2454 128 2476; x_wconf 93' lang='lat' dir='ltr'>non</span> <span class='ocrx_word' id='word_1_292' title='bbox 156 2452 292 2474; x_wconf 83' lang='lat' dir='ltr'>necesse</span> <span class='ocrx_word' id='word_1_293' title='bbox 310 2440 352 2473; x_wconf 88' lang='lat' dir='ltr'>sit</span> <span class='ocrx_word' id='word_1_294' title='bbox 372 2440 422 2473; x_wconf 88' lang='lat' dir='ltr'>uti</span> <span class='ocrx_word' id='word_1_295' title='bbox 444 2438 562 2483; x_wconf 79' lang='lat' dir='ltr'>politia</span> <span class='ocrx_word' id='word_1_296' title='bbox 580 2437 690 2476; x_wconf 80' lang='lat' dir='ltr'>Mosi‚</span> <span class='ocrx_word' id='word_1_297' title='bbox 718 2439 776 2469; x_wconf 66' lang='lat' dir='ltr'>sed</span> <span class='ocrx_word' id='word_1_298' title='bbox 795 2445 905 2480; x_wconf 79' lang='lat' dir='ltr'>potest</span> <span class='ocrx_word' id='word_1_299' title='bbox 923 2438 1038 2471; x_wconf 81' lang='lat' dir='ltr'>vivere</span> 
     </span>
    </p>

    <p class='ocr_par' dir='ltr' id='par_1_14' title="bbox 0 2487 1063 2738">
     <span class='ocr_line' id='line_1_43' title="bbox 55 2487 1036 2533; baseline -0.007 -7"><span class='ocrx_word' id='word_1_300' title='bbox 55 2494 245 2526; x_wconf 81' lang='lat' dir='ltr'>secundnm</span> <span class='ocrx_word' id='word_1_301' title='bbox 279 2488 442 2523; x_wconf 83' lang='lat' dir='ltr'>honestas</span> <span class='ocrx_word' id='word_1_302' title='bbox 474 2488 612 2533; x_wconf 86' lang='lat' dir='ltr'>politias</span> <span class='ocrx_word' id='word_1_303' title='bbox 643 2500 762 2520; x_wconf 88' lang='lat' dir='ltr'>earum</span> <span class='ocrx_word' id='word_1_304' title='bbox 788 2487 965 2529; x_wconf 80' lang='lat' dir='ltr'>gentium,</span> <span class='ocrx_word' id='word_1_305' title='bbox 1001 2489 1036 2520; x_wconf 86' lang='lat' dir='ltr'>in</span> 
     </span>
     <span class='ocr_line' id='line_1_44' title="bbox 0 2532 1035 2587; baseline -0.005 -11"><span class='ocrx_word' id='word_1_306' title='bbox 0 2532 2 2568; x_wconf 57' lang='lat' dir='ltr'>i</span> <span class='ocrx_word' id='word_1_307' title='bbox 58 2543 184 2587; x_wconf 88' lang='lat' dir='ltr'>quibus</span> <span class='ocrx_word' id='word_1_308' title='bbox 207 2541 313 2577; x_wconf 83' lang='lat' dir='ltr'>vivit,</span> <span class='ocrx_word' id='word_1_309' title='bbox 341 2540 543 2585; x_wconf 84' lang='lat' dir='ltr'>ubicunque</span> <span class='ocrx_word' id='word_1_310' title='bbox 565 2545 631 2577; x_wconf 80' lang='lat' dir='ltr'>est,</span> <span class='ocrx_word' id='word_1_311' title='bbox 660 2545 695 2571; x_wconf 88' lang='lat' dir='ltr'>ut</span> <span class='ocrx_word' id='word_1_312' title='bbox 715 2537 827 2583; x_wconf 71' lang='lat' dir='ltr'>Cyrus</span> <span class='ocrx_word' id='word_1_313' title='bbox 851 2539 963 2582; x_wconf 90' lang='lat' dir='ltr'>potuit</span> <span class='ocrx_word' id='word_1_314' title='bbox 985 2539 1035 2572; x_wconf 90' lang='lat' dir='ltr'>uti</span> 
     </span>
     <span class='ocr_line' id='line_1_45' title="bbox 57 2587 1063 2636; baseline -0.005 -10"><span class='ocrx_word' id='word_1_315' title='bbox 57 2593 189 2636; x_wconf 82' lang='lat' dir='ltr'>legibus</span> <span class='ocrx_word' id='word_1_316' title='bbox 211 2590 378 2631; x_wconf 84' lang='lat' dir='ltr'>Persicis,</span> <span class='ocrx_word' id='word_1_317' title='bbox 405 2589 655 2624; x_wconf 86' lang='lat' dir='ltr'>Constantinus</span> <span class='ocrx_word' id='word_1_318' title='bbox 678 2587 860 2622; x_wconf 85' lang='lat' dir='ltr'>Romanis.</span> <span class='ocrx_word' id='word_1_319' title='bbox 912 2587 959 2621; x_wconf 88' lang='lat' dir='ltr'>Et</span> <span class='ocrx_word' id='word_1_320' title='bbox 984 2595 1036 2622; x_wconf 87' lang='lat' dir='ltr'>ta-</span> <span class='ocrx_word' id='word_1_321' title='bbox 1062 2590 1063 2593; x_wconf 75' lang='grc'>’</span> 
     </span>
     <span class='ocr_line' id='line_1_46' title="bbox 57 2639 1034 2675; baseline -0.003 0"><span class='ocrx_word' id='word_1_322' title='bbox 57 2654 136 2675; x_wconf 91' lang='lat' dir='ltr'>men</span> <span class='ocrx_word' id='word_1_323' title='bbox 160 2643 244 2675; x_wconf 85' lang='lat' dir='ltr'>fides</span> <span class='ocrx_word' id='word_1_324' title='bbox 265 2648 299 2675; x_wconf 86' lang='lat' dir='ltr'>et</span> <span class='ocrx_word' id='word_1_325' title='bbox 322 2640 496 2674; x_wconf 89' lang='lat' dir='ltr'>invocatio</span> <span class='ocrx_word' id='word_1_326' title='bbox 522 2640 557 2672; x_wconf 91' lang='lat' dir='ltr'>in</span> <span class='ocrx_word' id='word_1_327' title='bbox 583 2639 687 2672; x_wconf 83' lang='lat' dir='ltr'>corde</span> <span class='ocrx_word' id='word_1_328' title='bbox 705 2640 825 2673; x_wconf 89' lang='lat' dir='ltr'>eadem</span> <span class='ocrx_word' id='word_1_329' title='bbox 849 2639 957 2674; x_wconf 87' lang='lat' dir='ltr'>estad</span> <span class='ocrx_word' id='word_1_330' title='bbox 976 2652 1034 2673; x_wconf 85' lang='lat' dir='ltr'>ve-</span> 
     </span>
     <span class='ocr_line' id='line_1_47' title="bbox 58 2690 663 2738; baseline -0.005 -12"><span class='ocrx_word' id='word_1_331' title='bbox 58 2704 137 2726; x_wconf 81' lang='lat' dir='ltr'>rum</span> <span class='ocrx_word' id='word_1_332' title='bbox 155 2692 266 2727; x_wconf 90' lang='lat' dir='ltr'>Deum</span> <span class='ocrx_word' id='word_1_333' title='bbox 278 2719 288 2735; x_wconf 92' lang='lat'>‚</span> <span class='ocrx_word' id='word_1_334' title='bbox 314 2697 458 2738; x_wconf 88' lang='lat' dir='ltr'>propter</span> <span class='ocrx_word' id='word_1_335' title='bbox 474 2690 583 2724; x_wconf 79' lang='lat' dir='ltr'>filium</span> <span class='ocrx_word' id='word_1_336' title='bbox 601 2696 663 2727; x_wconf 84' lang='lat' dir='ltr'>etc.</span> 
     </span>
    </p>
   </div>
   <div class='ocr_carea' id='block_1_11' title="bbox 446 139 1837 182">
    <p class='ocr_par' dir='ltr' id='par_1_15' title="bbox 446 139 1837 182">
     <span class='ocr_line' id='line_1_48' title="bbox 446 139 1837 182; baseline -0.001 -1"><span class='ocrx_word' id='word_1_337' title='bbox 446 139 838 181; x_wconf 77' lang='lat' dir='ltr'><strong>ANNO&#39;I&#39;ATIONES</strong></span> <span class='ocrx_word' id='word_1_338' title='bbox 865 142 931 178; x_wconf 89' lang='lat' dir='ltr'>ET</span> <span class='ocrx_word' id='word_1_339' title='bbox 959 141 1242 179; x_wconf 76' lang='lat' dir='ltr'>CONCIONES</span> <span class='ocrx_word' id='word_1_340' title='bbox 1271 143 1322 178; x_wconf 81' lang='grc' dir='ltr'>ΙΝ</span> <span class='ocrx_word' id='word_1_341' title='bbox 1351 143 1531 180; x_wconf 76' lang='lat' dir='ltr'>EVANG.</span> <span class='ocrx_word' id='word_1_342' title='bbox 1560 142 1837 182; x_wconf 72' lang='lat' dir='ltr'><strong>MATTHAEI.</strong></span> 
     </span>
    </p>
   </div>
   <div class='ocr_carea' id='block_1_12' title="bbox 1066 1487 1069 1583">
    <p class='ocr_par' dir='ltr' id='par_1_16' title="bbox 1066 1487 1069 1583">
     <span class='ocr_line' id='line_1_49' title="bbox 1066 1487 1069 1583; baseline 0 1332"><span class='ocrx_word' id='word_1_343' title='bbox 1066 1487 1069 1583; x_wconf 95' lang='lat' dir='ltr'> </span> 
     </span>
    </p>
   </div>
   <div class='ocr_carea' id='block_1_13' title="bbox 1066 1769 1070 1877">
    <p class='ocr_par' dir='ltr' id='par_1_17' title="bbox 1066 1769 1070 1877">
     <span class='ocr_line' id='line_1_50' title="bbox 1066 1769 1070 1877; baseline 0 1038"><span class='ocrx_word' id='word_1_344' title='bbox 1066 1769 1070 1877; x_wconf 95' lang='lat' dir='ltr'> </span> 
     </span>
    </p>
   </div>
   <div class='ocr_carea' id='block_1_14' title="bbox 1065 2064 1071 2588">
    <p class='ocr_par' dir='ltr' id='par_1_18' title="bbox 1065 2064 1071 2588">
     <span class='ocr_line' id='line_1_51' title="bbox 1065 2064 1071 2588; baseline 0 0"><span class='ocrx_word' id='word_1_345' title='bbox 1065 2064 1071 2588; x_wconf 95' lang='lat' dir='ltr'> </span> 
     </span>
    </p>
   </div>
   <div class='ocr_carea' id='block_1_15' title="bbox 2012 147 2084 181">
    <p class='ocr_par' dir='ltr' id='par_1_19' title="bbox 2012 147 2084 181">
     <span class='ocr_line' id='line_1_52' title="bbox 2012 147 2084 181; baseline 0.028 -2"><span class='ocrx_word' id='word_1_346' title='bbox 2012 147 2084 181; x_wconf 84' lang='lat'>830</span> 
     </span>
    </p>
   </div>
   <div class='ocr_carea' id='block_1_16' title="bbox 1095 227 2082 677">
    <p class='ocr_par' dir='ltr' id='par_1_20' title="bbox 1095 227 2082 677">
     <span class='ocr_line' id='line_1_53' title="bbox 1201 227 2081 275; baseline 0.003 -14"><span class='ocrx_word' id='word_1_347' title='bbox 1201 227 1356 270; x_wconf 79' lang='lat' dir='ltr'>Quartus</span> <span class='ocrx_word' id='word_1_348' title='bbox 1376 231 1503 273; x_wconf 84' lang='lat' dir='ltr'>gradus</span> <span class='ocrx_word' id='word_1_349' title='bbox 1521 237 1590 269; x_wconf 88' lang='lat' dir='ltr'>est,</span> <span class='ocrx_word' id='word_1_350' title='bbox 1618 230 1705 264; x_wconf 88' lang='lat' dir='ltr'>scire</span> <span class='ocrx_word' id='word_1_351' title='bbox 1722 230 1815 275; x_wconf 80' lang='lat' dir='ltr'>quod</span> <span class='ocrx_word' id='word_1_352' title='bbox 1835 231 1954 264; x_wconf 87' lang='lat' dir='ltr'>nullae</span> <span class='ocrx_word' id='word_1_353' title='bbox 1972 233 2081 265; x_wconf 83' lang='lat' dir='ltr'>tradi—</span> 
     </span>
     <span class='ocr_line' id='line_1_54' title="bbox 1098 279 2079 322; baseline 0.002 -9"><span class='ocrx_word' id='word_1_354' title='bbox 1098 279 1211 313; x_wconf 85' lang='lat' dir='ltr'>tiones</span> <span class='ocrx_word' id='word_1_355' title='bbox 1233 280 1278 313; x_wconf 89' lang='lat' dir='ltr'>ab</span> <span class='ocrx_word' id='word_1_356' title='bbox 1303 279 1508 314; x_wconf 89' lang='lat' dir='ltr'>bominibus</span> <span class='ocrx_word' id='word_1_357' title='bbox 1531 282 1639 315; x_wconf 84' lang='lat' dir='ltr'>factae</span> <span class='ocrx_word' id='word_1_358' title='bbox 1659 281 1694 314; x_wconf 92' lang='lat' dir='ltr'>in</span> <span class='ocrx_word' id='word_1_359' title='bbox 1714 279 1889 322; x_wconf 89' lang='lat' dir='ltr'>Ecclesia,</span> <span class='ocrx_word' id='word_1_360' title='bbox 1915 283 1985 315; x_wconf 89' lang='lat' dir='ltr'>sint</span> <span class='ocrx_word' id='word_1_361' title='bbox 2005 283 2079 315; x_wconf 86' lang='lat' dir='ltr'>cul-</span> 
     </span>
     <span class='ocr_line' id='line_1_55' title="bbox 1097 327 2080 374; baseline 0.002 -11"><span class='ocrx_word' id='word_1_362' title='bbox 1097 336 1152 363; x_wconf 85' lang='lat' dir='ltr'>tus</span> <span class='ocrx_word' id='word_1_363' title='bbox 1181 327 1261 364; x_wconf 79' lang='lat' dir='ltr'>Dei.</span> <span class='ocrx_word' id='word_1_364' title='bbox 1314 329 1419 370; x_wconf 88' lang='lat' dir='ltr'>Item,</span> <span class='ocrx_word' id='word_1_365' title='bbox 1453 332 1548 374; x_wconf 84' lang='lat' dir='ltr'>quod</span> <span class='ocrx_word' id='word_1_366' title='bbox 1577 343 1648 364; x_wconf 93' lang='lat' dir='ltr'>non</span> <span class='ocrx_word' id='word_1_367' title='bbox 1681 331 1750 365; x_wconf 89' lang='lat' dir='ltr'>siut</span> <span class='ocrx_word' id='word_1_368' title='bbox 1782 333 2012 373; x_wconf 86' lang='lat' dir='ltr'>necessariae,</span> <span class='ocrx_word' id='word_1_369' title='bbox 2048 340 2080 365; x_wconf 76' lang='lat' dir='ltr'>et</span> 
     </span>
     <span class='ocr_line' id='line_1_56' title="bbox 1097 380 2079 425; baseline 0.001 -12"><span class='ocrx_word' id='word_1_370' title='bbox 1097 380 1191 424; x_wconf 84' lang='lat' dir='ltr'>quod</span> <span class='ocrx_word' id='word_1_371' title='bbox 1209 380 1342 423; x_wconf 83' lang='lat' dir='ltr'>possint</span> <span class='ocrx_word' id='word_1_372' title='bbox 1357 380 1472 414; x_wconf 88' lang='lat' dir='ltr'>omitti</span> <span class='ocrx_word' id='word_1_373' title='bbox 1489 380 1563 414; x_wconf 82' lang='lat' dir='ltr'>sine</span> <span class='ocrx_word' id='word_1_374' title='bbox 1578 388 1728 424; x_wconf 81' lang='lat' dir='ltr'>peccato.</span> <span class='ocrx_word' id='word_1_375' title='bbox 1770 381 1815 415; x_wconf 88' lang='lat' dir='ltr'>Et</span> <span class='ocrx_word' id='word_1_376' title='bbox 1830 383 1872 415; x_wconf 89' lang='lat' dir='ltr'>de</span> <span class='ocrx_word' id='word_1_377' title='bbox 1891 380 1956 416; x_wconf 88' lang='lat' dir='ltr'>boc</span> <span class='ocrx_word' id='word_1_378' title='bbox 1970 384 2079 425; x_wconf 80' lang='lat' dir='ltr'>gradu</span> 
     </span>
     <span class='ocr_line' id='line_1_57' title="bbox 1097 428 2082 475; baseline 0.003 -12"><span class='ocrx_word' id='word_1_379' title='bbox 1097 430 1269 464; x_wconf 87' lang='lat' dir='ltr'>libertatis</span> <span class='ocrx_word' id='word_1_380' title='bbox 1286 428 1341 463; x_wconf 86' lang='lat' dir='ltr'>hic</span> <span class='ocrx_word' id='word_1_381' title='bbox 1356 432 1546 464; x_wconf 89' lang='lat' dir='ltr'>ostendunt</span> <span class='ocrx_word' id='word_1_382' title='bbox 1558 431 1751 474; x_wconf 82' lang='lat' dir='ltr'>exemplum</span> <span class='ocrx_word' id='word_1_383' title='bbox 1763 432 1937 475; x_wconf 75' lang='lat' dir='ltr'>Apostoli,</span> <span class='ocrx_word' id='word_1_384' title='bbox 1966 434 2082 466; x_wconf 87' lang='lat' dir='ltr'>sciunt</span> 
     </span>
     <span class='ocr_line' id='line_1_58' title="bbox 1098 478 2081 527; baseline 0.001 -13"><span class='ocrx_word' id='word_1_385' title='bbox 1098 478 1181 514; x_wconf 81' lang='lat' dir='ltr'>baec</span> <span class='ocrx_word' id='word_1_386' title='bbox 1205 481 1335 514; x_wconf 89' lang='lat' dir='ltr'>ieiunia</span> <span class='ocrx_word' id='word_1_387' title='bbox 1368 482 1526 515; x_wconf 86' lang='lat' dir='ltr'>instituta</span> <span class='ocrx_word' id='word_1_388' title='bbox 1557 494 1574 514; x_wconf 83' lang='lat' dir='ltr'>a</span> <span class='ocrx_word' id='word_1_389' title='bbox 1600 479 1797 514; x_wconf 84' lang='lat' dir='ltr'>Pharisaeis</span> <span class='ocrx_word' id='word_1_390' title='bbox 1829 495 1941 527; x_wconf 88' lang='lat' dir='ltr'>neque</span> <span class='ocrx_word' id='word_1_391' title='bbox 1966 484 2081 516; x_wconf 84' lang='lat' dir='ltr'>cultus</span> 
     </span>
     <span class='ocr_line' id='line_1_59' title="bbox 1095 529 2079 576; baseline 0.002 -12"><span class='ocrx_word' id='word_1_392' title='bbox 1095 529 1164 564; x_wconf 86' lang='lat' dir='ltr'>Dei</span> <span class='ocrx_word' id='word_1_393' title='bbox 1186 542 1277 571; x_wconf 87' lang='lat' dir='ltr'>esse,</span> <span class='ocrx_word' id='word_1_394' title='bbox 1312 543 1426 576; x_wconf 90' lang='lat' dir='ltr'>neque</span> <span class='ocrx_word' id='word_1_395' title='bbox 1451 544 1556 575; x_wconf 90' lang='lat' dir='ltr'>opera</span> <span class='ocrx_word' id='word_1_396' title='bbox 1581 532 1773 564; x_wconf 88' lang='lat' dir='ltr'>necessaria</span> <span class='ocrx_word' id='word_1_397' title='bbox 1795 544 1879 566; x_wconf 88' lang='lat' dir='ltr'>esse.</span> <span class='ocrx_word' id='word_1_398' title='bbox 1945 531 1989 566; x_wconf 90' lang='lat' dir='ltr'>Et</span> <span class='ocrx_word' id='word_1_399' title='bbox 2016 546 2079 566; x_wconf 87' lang='lat' dir='ltr'>suo</span> 
     </span>
     <span class='ocr_line' id='line_1_60' title="bbox 1096 581 2079 626; baseline 0.002 -12"><span class='ocrx_word' id='word_1_400' title='bbox 1096 581 1254 626; x_wconf 85' lang='lat' dir='ltr'>exemplo</span> <span class='ocrx_word' id='word_1_401' title='bbox 1278 582 1405 615; x_wconf 83' lang='lat' dir='ltr'>docent</span> <span class='ocrx_word' id='word_1_402' title='bbox 1428 582 1531 620; x_wconf 87' lang='lat' dir='ltr'>alios,</span> <span class='ocrx_word' id='word_1_403' title='bbox 1560 594 1603 614; x_wconf 91' lang='lat' dir='ltr'>ne</span> <span class='ocrx_word' id='word_1_404' title='bbox 1625 589 1748 625; x_wconf 88' lang='lat' dir='ltr'>putent</span> <span class='ocrx_word' id='word_1_405' title='bbox 1770 593 1841 616; x_wconf 87' lang='lat' dir='ltr'>esse</span> <span class='ocrx_word' id='word_1_406' title='bbox 1866 583 1979 617; x_wconf 90' lang='lat' dir='ltr'>cultus</span> <span class='ocrx_word' id='word_1_407' title='bbox 2002 582 2079 619; x_wconf 68' lang='lat' dir='ltr'>Dei,</span> 
     </span>
     <span class='ocr_line' id='line_1_61' title="bbox 1096 633 1761 677; baseline 0 -12"><span class='ocrx_word' id='word_1_408' title='bbox 1096 638 1129 666; x_wconf 90' lang='lat' dir='ltr'>et</span> <span class='ocrx_word' id='word_1_409' title='bbox 1146 643 1190 665; x_wconf 88' lang='lat' dir='ltr'>ne</span> <span class='ocrx_word' id='word_1_410' title='bbox 1206 639 1331 676; x_wconf 82' lang='lat' dir='ltr'>putent</span> <span class='ocrx_word' id='word_1_411' title='bbox 1347 643 1419 666; x_wconf 88' lang='lat' dir='ltr'>esse</span> <span class='ocrx_word' id='word_1_412' title='bbox 1435 645 1539 677; x_wconf 89' lang='lat' dir='ltr'>opera</span> <span class='ocrx_word' id='word_1_413' title='bbox 1558 633 1761 666; x_wconf 89' lang='lat' dir='ltr'>necessaria.</span> 
     </span>
    </p>
   </div>
   <div class='ocr_carea' id='block_1_17' title="bbox 1094 707 2080 995">
    <p class='ocr_par' dir='ltr' id='par_1_21' title="bbox 1094 707 2080 995">
     <span class='ocr_line' id='line_1_62' title="bbox 1197 707 2078 754; baseline 0 -12"><span class='ocrx_word' id='word_1_414' title='bbox 1197 707 1358 742; x_wconf 88' lang='lat' dir='ltr'>Sciamus</span> <span class='ocrx_word' id='word_1_415' title='bbox 1374 715 1490 742; x_wconf 91' lang='lat' dir='ltr'>autem</span> <span class='ocrx_word' id='word_1_416' title='bbox 1505 708 1660 751; x_wconf 85' lang='lat' dir='ltr'>regulam</span> <span class='ocrx_word' id='word_1_417' title='bbox 1671 735 1680 748; x_wconf 91' lang='lat'><strong>‚</strong></span> <span class='ocrx_word' id='word_1_418' title='bbox 1707 715 1786 741; x_wconf 92' lang='lat' dir='ltr'>ante</span> <span class='ocrx_word' id='word_1_419' title='bbox 1802 707 1896 742; x_wconf 90' lang='lat' dir='ltr'>hunc</span> <span class='ocrx_word' id='word_1_420' title='bbox 1914 716 2078 754; x_wconf 88' lang='lat' dir='ltr'>quartum</span> 
     </span>
     <span class='ocr_line' id='line_1_63' title="bbox 1095 759 2080 803; baseline 0.002 -12"><span class='ocrx_word' id='word_1_421' title='bbox 1095 759 1242 802; x_wconf 86' lang='lat' dir='ltr'>gradum</span> <span class='ocrx_word' id='word_1_422' title='bbox 1265 765 1429 803; x_wconf 87' lang='lat' dir='ltr'>oportere</span> <span class='ocrx_word' id='word_1_423' title='bbox 1452 770 1524 792; x_wconf 90' lang='lat' dir='ltr'>esse</span> <span class='ocrx_word' id='word_1_424' title='bbox 1548 760 1585 791; x_wconf 90' lang='lat' dir='ltr'>in</span> <span class='ocrx_word' id='word_1_425' title='bbox 1610 759 1712 792; x_wconf 84' lang='lat' dir='ltr'>nobis</span> <span class='ocrx_word' id='word_1_426' title='bbox 1738 761 1826 792; x_wconf 87' lang='lat' dir='ltr'>duos</span> <span class='ocrx_word' id='word_1_427' title='bbox 1850 760 1982 803; x_wconf 89' lang='lat' dir='ltr'>primos</span> <span class='ocrx_word' id='word_1_428' title='bbox 2001 771 2080 803; x_wconf 81' lang='lat' dir='ltr'>gra-</span> 
     </span>
     <span class='ocr_line' id='line_1_64' title="bbox 1095 809 2080 854; baseline -0.001 -12"><span class='ocrx_word' id='word_1_429' title='bbox 1095 811 1179 849; x_wconf 89' lang='lat' dir='ltr'>dus,</span> <span class='ocrx_word' id='word_1_430' title='bbox 1212 809 1456 843; x_wconf 88' lang='lat' dir='ltr'>liberationem</span> <span class='ocrx_word' id='word_1_431' title='bbox 1488 821 1506 842; x_wconf 87' lang='lat' dir='ltr'>a</span> <span class='ocrx_word' id='word_1_432' title='bbox 1532 816 1690 852; x_wconf 78' lang='lat' dir='ltr'>peccato,</span> <span class='ocrx_word' id='word_1_433' title='bbox 1726 816 1758 842; x_wconf 87' lang='lat' dir='ltr'>et</span> <span class='ocrx_word' id='word_1_434' title='bbox 1782 810 1884 842; x_wconf 87' lang='lat' dir='ltr'>fidem</span> <span class='ocrx_word' id='word_1_435' title='bbox 1908 823 1996 854; x_wconf 90' lang='lat' dir='ltr'>quae</span> <span class='ocrx_word' id='word_1_436' title='bbox 2018 823 2080 853; x_wconf 82' lang='lat' dir='ltr'>ap-</span> 
     </span>
     <span class='ocr_line' id='line_1_65' title="bbox 1095 858 2078 903; baseline 0.001 -11"><span class='ocrx_word' id='word_1_437' title='bbox 1095 858 1281 903; x_wconf 89' lang='lat' dir='ltr'>prehendit</span> <span class='ocrx_word' id='word_1_438' title='bbox 1310 859 1587 894; x_wconf 84' lang='lat' dir='ltr'>consolationem</span> <span class='ocrx_word' id='word_1_439' title='bbox 1617 866 1651 893; x_wconf 91' lang='lat' dir='ltr'>et</span> <span class='ocrx_word' id='word_1_440' title='bbox 1682 861 1912 902; x_wconf 82' lang='lat' dir='ltr'>praesentiam</span> <span class='ocrx_word' id='word_1_441' title='bbox 1943 859 2008 893; x_wconf 86' lang='lat' dir='ltr'>Dei</span> <span class='ocrx_word' id='word_1_442' title='bbox 2042 861 2078 893; x_wconf 89' lang='lat' dir='ltr'>iu</span> 
     </span>
     <span class='ocr_line' id='line_1_66' title="bbox 1095 908 2079 954; baseline 0 -11"><span class='ocrx_word' id='word_1_443' title='bbox 1095 910 1211 943; x_wconf 89' lang='lat' dir='ltr'>nobis.</span> <span class='ocrx_word' id='word_1_444' title='bbox 1272 909 1342 944; x_wconf 87' lang='lat' dir='ltr'>Ubi</span> <span class='ocrx_word' id='word_1_445' title='bbox 1368 908 1405 943; x_wconf 88' lang='lat' dir='ltr'>hi</span> <span class='ocrx_word' id='word_1_446' title='bbox 1427 911 1554 954; x_wconf 86' lang='lat' dir='ltr'>gradus</span> <span class='ocrx_word' id='word_1_447' title='bbox 1578 921 1650 943; x_wconf 91' lang='lat' dir='ltr'>non</span> <span class='ocrx_word' id='word_1_448' title='bbox 1672 917 1772 950; x_wconf 89' lang='lat' dir='ltr'>sunt,</span> <span class='ocrx_word' id='word_1_449' title='bbox 1799 910 1900 945; x_wconf 89' lang='lat' dir='ltr'>multi</span> <span class='ocrx_word' id='word_1_450' title='bbox 1925 911 2079 944; x_wconf 89' lang='lat' dir='ltr'>abutun-</span> 
     </span>
     <span class='ocr_line' id='line_1_67' title="bbox 1094 961 1337 995; baseline 0 0"><span class='ocrx_word' id='word_1_451' title='bbox 1094 967 1151 995; x_wconf 91' lang='lat' dir='ltr'>tur</span> <span class='ocrx_word' id='word_1_452' title='bbox 1166 961 1337 995; x_wconf 86' lang='lat' dir='ltr'>libertate.</span> 
     </span>
    </p>
   </div>
   <div class='ocr_carea' id='block_1_18' title="bbox 1094 1033 2080 1182">
    <p class='ocr_par' dir='ltr' id='par_1_22' title="bbox 1094 1033 2080 1182">
     <span class='ocr_line' id='line_1_68' title="bbox 1196 1033 2078 1081; baseline 0.002 -13"><span class='ocrx_word' id='word_1_453' title='bbox 1196 1033 1358 1069; x_wconf 84' lang='lat' dir='ltr'>Christus</span> <span class='ocrx_word' id='word_1_454' title='bbox 1383 1035 1490 1079; x_wconf 82' lang='lat' dir='ltr'>igitur</span> <span class='ocrx_word' id='word_1_455' title='bbox 1515 1036 1615 1069; x_wconf 87' lang='lat' dir='ltr'>docet</span> <span class='ocrx_word' id='word_1_456' title='bbox 1639 1037 1921 1081; x_wconf 87' lang='lat' dir='ltr'>complectendos</span> <span class='ocrx_word' id='word_1_457' title='bbox 1938 1049 2008 1070; x_wconf 86' lang='lat' dir='ltr'>esse</span> <span class='ocrx_word' id='word_1_458' title='bbox 2030 1037 2078 1071; x_wconf 90' lang='lat' dir='ltr'>si-</span> 
     </span>
     <span class='ocr_line' id='line_1_69' title="bbox 1094 1087 2080 1131; baseline 0.001 -12"><span class='ocrx_word' id='word_1_459' title='bbox 1094 1087 1168 1119; x_wconf 88' lang='lat' dir='ltr'>mul</span> <span class='ocrx_word' id='word_1_460' title='bbox 1194 1087 1328 1130; x_wconf 88' lang='lat' dir='ltr'>priores</span> <span class='ocrx_word' id='word_1_461' title='bbox 1351 1087 1479 1128; x_wconf 86' lang='lat' dir='ltr'>gradus</span> <span class='ocrx_word' id='word_1_462' title='bbox 1505 1093 1536 1120; x_wconf 82' lang='lat' dir='ltr'>et</span> <span class='ocrx_word' id='word_1_463' title='bbox 1563 1093 1794 1130; x_wconf 89' lang='lat' dir='ltr'>postremum:</span> <span class='ocrx_word' id='word_1_464' title='bbox 1827 1087 1907 1121; x_wconf 86' lang='lat' dir='ltr'>Nou</span> <span class='ocrx_word' id='word_1_465' title='bbox 1933 1095 2080 1131; x_wconf 86' lang='lat' dir='ltr'>possunt</span> 
     </span>
     <span class='ocr_line' id='line_1_70' title="bbox 1094 1137 2017 1182; baseline 0.001 -12"><span class='ocrx_word' id='word_1_466' title='bbox 1094 1137 1156 1170; x_wconf 80' lang='lat' dir='ltr'>filii</span> <span class='ocrx_word' id='word_1_467' title='bbox 1175 1137 1295 1181; x_wconf 85' lang='lat' dir='ltr'>spousi</span> <span class='ocrx_word' id='word_1_468' title='bbox 1312 1137 1450 1180; x_wconf 85' lang='lat' dir='ltr'>lugere,</span> <span class='ocrx_word' id='word_1_469' title='bbox 1477 1138 1588 1170; x_wconf 87' lang='lat' dir='ltr'>donec</span> <span class='ocrx_word' id='word_1_470' title='bbox 1607 1138 1700 1181; x_wconf 89' lang='lat' dir='ltr'>apud</span> <span class='ocrx_word' id='word_1_471' title='bbox 1720 1149 1778 1171; x_wconf 89' lang='lat' dir='ltr'>eos</span> <span class='ocrx_word' id='word_1_472' title='bbox 1794 1149 1941 1182; x_wconf 91' lang='lat' dir='ltr'>sponsus</span> <span class='ocrx_word' id='word_1_473' title='bbox 1958 1145 2017 1173; x_wconf 88' lang='lat' dir='ltr'>est.</span> 
     </span>
    </p>
   </div>
   <div class='ocr_carea' id='block_1_19' title="bbox 1093 1207 2080 1555">
    <p class='ocr_par' dir='ltr' id='par_1_23' title="bbox 1093 1207 2080 1555">
     <span class='ocr_line' id='line_1_71' title="bbox 1198 1207 2078 1254; baseline 0 -11"><span class='ocrx_word' id='word_1_474' title='bbox 1198 1210 1378 1254; x_wconf 83' lang='lat' dir='ltr'>Significat</span> <span class='ocrx_word' id='word_1_475' title='bbox 1406 1217 1491 1244; x_wconf 87' lang='lat' dir='ltr'>tunc</span> <span class='ocrx_word' id='word_1_476' title='bbox 1522 1207 1684 1244; x_wconf 89' lang='lat' dir='ltr'>homines</span> <span class='ocrx_word' id='word_1_477' title='bbox 1713 1218 1804 1244; x_wconf 82' lang='lat' dir='ltr'>recte</span> <span class='ocrx_word' id='word_1_478' title='bbox 1834 1213 1884 1245; x_wconf 86' lang='lat' dir='ltr'>uti</span> <span class='ocrx_word' id='word_1_479' title='bbox 1909 1213 2078 1250; x_wconf 74' lang='lat' dir='ltr'>libertate,</span> 
     </span>
     <span class='ocr_line' id='line_1_72' title="bbox 1095 1260 2077 1306; baseline 0.001 -11"><span class='ocrx_word' id='word_1_480' title='bbox 1095 1263 1236 1306; x_wconf 87' lang='lat' dir='ltr'>quando</span> <span class='ocrx_word' id='word_1_481' title='bbox 1266 1262 1358 1304; x_wconf 83' lang='lat' dir='ltr'>apud</span> <span class='ocrx_word' id='word_1_482' title='bbox 1393 1273 1450 1293; x_wconf 91' lang='lat' dir='ltr'>eos</span> <span class='ocrx_word' id='word_1_483' title='bbox 1480 1268 1530 1294; x_wconf 91' lang='lat' dir='ltr'>est</span> <span class='ocrx_word' id='word_1_484' title='bbox 1561 1273 1710 1305; x_wconf 91' lang='lat' dir='ltr'>sponsus</span> <span class='ocrx_word' id='word_1_485' title='bbox 1739 1260 1912 1297; x_wconf 82' lang='lat' dir='ltr'>Christus,</span> <span class='ocrx_word' id='word_1_486' title='bbox 1974 1262 2077 1296; x_wconf 83' lang='lat' dir='ltr'>Tunc</span> 
     </span>
     <span class='ocr_line' id='line_1_73' title="bbox 1094 1311 2078 1355; baseline -0.001 -11"><span class='ocrx_word' id='word_1_487' title='bbox 1094 1318 1175 1344; x_wconf 90' lang='lat' dir='ltr'>sunt</span> <span class='ocrx_word' id='word_1_488' title='bbox 1198 1311 1301 1343; x_wconf 90' lang='lat' dir='ltr'>liberi</span> <span class='ocrx_word' id='word_1_489' title='bbox 1326 1322 1344 1343; x_wconf 93' lang='lat' dir='ltr'>a</span> <span class='ocrx_word' id='word_1_490' title='bbox 1369 1317 1526 1353; x_wconf 84' lang='lat' dir='ltr'>peccato,</span> <span class='ocrx_word' id='word_1_491' title='bbox 1553 1313 1850 1355; x_wconf 37' lang='lat' dir='ltr'>tunc-laetantur,</span> <span class='ocrx_word' id='word_1_492' title='bbox 1878 1313 1957 1345; x_wconf 85' lang='lat' dir='ltr'>laeti</span> <span class='ocrx_word' id='word_1_493' title='bbox 1977 1313 2078 1344; x_wconf 68' lang='lat' dir='ltr'>invo-</span> 
     </span>
     <span class='ocr_line' id='line_1_74' title="bbox 1093 1361 2079 1406; baseline 0.003 -13"><span class='ocrx_word' id='word_1_494' title='bbox 1093 1368 1171 1394; x_wconf 87' lang='lat' dir='ltr'>cant</span> <span class='ocrx_word' id='word_1_495' title='bbox 1196 1368 1229 1394; x_wconf 87' lang='lat' dir='ltr'>et</span> <span class='ocrx_word' id='word_1_496' title='bbox 1251 1367 1360 1403; x_wconf 84' lang='lat' dir='ltr'>agunt</span> <span class='ocrx_word' id='word_1_497' title='bbox 1381 1361 1526 1403; x_wconf 84' lang='lat' dir='ltr'>gratias,</span> <span class='ocrx_word' id='word_1_498' title='bbox 1562 1368 1595 1395; x_wconf 86' lang='lat' dir='ltr'>et</span> <span class='ocrx_word' id='word_1_499' title='bbox 1618 1374 1690 1395; x_wconf 91' lang='lat' dir='ltr'>non</span> <span class='ocrx_word' id='word_1_500' title='bbox 1719 1370 1800 1396; x_wconf 90' lang='lat' dir='ltr'>sunt</span> <span class='ocrx_word' id='word_1_501' title='bbox 1825 1363 1981 1406; x_wconf 83' lang='lat' dir='ltr'>occupati</span> <span class='ocrx_word' id='word_1_502' title='bbox 2010 1363 2079 1396; x_wconf 78' lang='lat' dir='ltr'>illis</span> 
     </span>
     <span class='ocr_line' id='line_1_75' title="bbox 1094 1409 2079 1446; baseline 0 -1"><span class='ocrx_word' id='word_1_503' title='bbox 1094 1411 1210 1445; x_wconf 91' lang='lat' dir='ltr'>stultis</span> <span class='ocrx_word' id='word_1_504' title='bbox 1229 1411 1438 1444; x_wconf 87' lang='lat' dir='ltr'>ceremoniis</span> <span class='ocrx_word' id='word_1_505' title='bbox 1456 1409 1631 1446; x_wconf 87' lang='lat' dir='ltr'>humanis.</span> <span class='ocrx_word' id='word_1_506' title='bbox 1688 1411 1754 1446; x_wconf 88' lang='lat' dir='ltr'>lsta</span> <span class='ocrx_word' id='word_1_507' title='bbox 1772 1411 1970 1445; x_wconf 88' lang='lat' dir='ltr'>Pharisaica</span> <span class='ocrx_word' id='word_1_508' title='bbox 1991 1413 2079 1445; x_wconf 86' lang='lat' dir='ltr'>ieiu-</span> 
     </span>
     <span class='ocr_line' id='line_1_76' title="bbox 1093 1460 2080 1507; baseline 0.001 -13"><span class='ocrx_word' id='word_1_509' title='bbox 1093 1462 1151 1495; x_wconf 89' lang='lat' dir='ltr'>nia</span> <span class='ocrx_word' id='word_1_510' title='bbox 1179 1473 1251 1495; x_wconf 90' lang='lat' dir='ltr'>non</span> <span class='ocrx_word' id='word_1_511' title='bbox 1273 1468 1356 1495; x_wconf 88' lang='lat' dir='ltr'>sunt</span> <span class='ocrx_word' id='word_1_512' title='bbox 1380 1462 1493 1495; x_wconf 90' lang='lat' dir='ltr'>cultus</span> <span class='ocrx_word' id='word_1_513' title='bbox 1510 1460 1594 1503; x_wconf 81' lang='lat' dir='ltr'>Dei,</span> <span class='ocrx_word' id='word_1_514' title='bbox 1621 1463 1680 1496; x_wconf 90' lang='lat' dir='ltr'>sed</span> <span class='ocrx_word' id='word_1_515' title='bbox 1705 1463 1772 1495; x_wconf 89' lang='lat' dir='ltr'>mei</span> <span class='ocrx_word' id='word_1_516' title='bbox 1790 1463 1952 1507; x_wconf 84' lang='lat' dir='ltr'>discipuli</span> <span class='ocrx_word' id='word_1_517' title='bbox 1970 1461 2080 1496; x_wconf 87' lang='lat' dir='ltr'>babe-</span> 
     </span>
     <span class='ocr_line' id='line_1_77' title="bbox 1093 1512 2077 1555; baseline 0 -9"><span class='ocrx_word' id='word_1_518' title='bbox 1093 1513 1181 1546; x_wconf 87' lang='lat' dir='ltr'>bunt</span> <span class='ocrx_word' id='word_1_519' title='bbox 1208 1513 1311 1554; x_wconf 87' lang='lat' dir='ltr'>longe</span> <span class='ocrx_word' id='word_1_520' title='bbox 1335 1512 1402 1544; x_wconf 81' lang='lat' dir='ltr'>aiia</span> <span class='ocrx_word' id='word_1_521' title='bbox 1427 1512 1578 1554; x_wconf 89' lang='lat' dir='ltr'>ieiunia,</span> <span class='ocrx_word' id='word_1_522' title='bbox 1605 1513 1754 1555; x_wconf 86' lang='lat' dir='ltr'>scilicet,</span> <span class='ocrx_word' id='word_1_523' title='bbox 1781 1514 2020 1548; x_wconf 86' lang='lat' dir='ltr'>obedientiam</span> <span class='ocrx_word' id='word_1_524' title='bbox 2040 1514 2077 1546; x_wconf 86' lang='lat' dir='ltr'>in</span> 
     </span>
    </p>
   </div>
   <div class='ocr_carea' id='block_1_20' title="bbox 58 1561 1569 1713">
    <p class='ocr_par' dir='ltr' id='par_1_24' title="bbox 58 1561 1569 1713">
     <span class='ocr_line' id='line_1_78' title="bbox 1067 1561 1569 1606; baseline 0 -10"><span class='ocrx_word' id='word_1_525' title='bbox 1067 1588 1069 1599; x_wconf 33' lang='grc' dir='ltr'><strong>ζ</strong></span> <span class='ocrx_word' id='word_1_526' title='bbox 1094 1575 1195 1596; x_wconf 90' lang='lat' dir='ltr'>cruce</span> <span class='ocrx_word' id='word_1_527' title='bbox 1210 1575 1228 1595; x_wconf 89' lang='lat' dir='ltr'>a</span> <span class='ocrx_word' id='word_1_528' title='bbox 1246 1561 1319 1595; x_wconf 86' lang='lat' dir='ltr'>Deo</span> <span class='ocrx_word' id='word_1_529' title='bbox 1337 1569 1569 1606; x_wconf 87' lang='lat' dir='ltr'>praeceptam.</span> 
     </span>
     <span class='ocr_line' id='line_1_79' title="bbox 58 1602 1070 1646; baseline -0.005 0"><span class='ocrx_word' id='word_1_530' title='bbox 58 1619 245 1646; x_wconf 76' lang='lat' dir='ltr'>aeternam.</span> <span class='ocrx_word' id='word_1_531' title='bbox 1066 1602 1070 1638; x_wconf 67' lang='lat' dir='ltr'>l</span> 
     </span>
     <span class='ocr_line' id='line_1_80' title="bbox 159 1642 1070 1713; baseline -0.002 -10"><span class='ocrx_word' id='word_1_532' title='bbox 159 1669 205 1703; x_wconf 84' lang='lat' dir='ltr'>Hi</span> <span class='ocrx_word' id='word_1_533' title='bbox 234 1672 303 1703; x_wconf 91' lang='lat' dir='ltr'>duo</span> <span class='ocrx_word' id='word_1_534' title='bbox 326 1677 407 1703; x_wconf 88' lang='lat' dir='ltr'>suut</span> <span class='ocrx_word' id='word_1_535' title='bbox 425 1669 637 1713; x_wconf 87' lang='lat' dir='ltr'>principales</span> <span class='ocrx_word' id='word_1_536' title='bbox 655 1670 798 1712; x_wconf 85' lang='lat' dir='ltr'>gradus,</span> <span class='ocrx_word' id='word_1_537' title='bbox 825 1671 868 1702; x_wconf 90' lang='lat' dir='ltr'>de</span> <span class='ocrx_word' id='word_1_538' title='bbox 885 1667 939 1701; x_wconf 90' lang='lat' dir='ltr'>his</span> <span class='ocrx_word' id='word_1_539' title='bbox 958 1680 1041 1711; x_wconf 89' lang='lat' dir='ltr'>pro-</span> <span class='ocrx_word' id='word_1_540' title='bbox 1065 1642 1070 1707; x_wconf 67' lang='lat' dir='ltr'>i</span> 
     </span>
    </p>
   </div>
   <div class='ocr_carea' id='block_1_21' title="bbox 58 1719 1069 1765">
    <p class='ocr_par' dir='ltr' id='par_1_25' title="bbox 58 1719 1069 1765">
     <span class='ocr_line' id='line_1_81' title="bbox 58 1719 1069 1765; baseline -0.004 -11"><span class='ocrx_word' id='word_1_541' title='bbox 58 1721 133 1765; x_wconf 89' lang='lat' dir='ltr'>prie</span> <span class='ocrx_word' id='word_1_542' title='bbox 165 1721 324 1765; x_wconf 89' lang='lat' dir='ltr'>loquitur</span> <span class='ocrx_word' id='word_1_543' title='bbox 347 1719 541 1759; x_wconf 86' lang='lat' dir='ltr'>Dominus,</span> <span class='ocrx_word' id='word_1_544' title='bbox 574 1731 651 1752; x_wconf 87' lang='lat' dir='ltr'>cnm</span> <span class='ocrx_word' id='word_1_545' title='bbox 682 1720 746 1753; x_wconf 89' lang='lat' dir='ltr'>ait:</span> <span class='ocrx_word' id='word_1_546' title='bbox 781 1720 818 1753; x_wconf 84' lang='lat' dir='ltr'>Si</span> <span class='ocrx_word' id='word_1_547' title='bbox 845 1719 956 1752; x_wconf 85' lang='lat' dir='ltr'>Filius</span> <span class='ocrx_word' id='word_1_548' title='bbox 981 1730 1042 1751; x_wconf 85' lang='lat' dir='ltr'>vos</span> <span class='ocrx_word' id='word_1_549' title='bbox 1068 1746 1069 1750; x_wconf 71' lang='grc'>,</span> 
     </span>
    </p>
   </div>
   <div class='ocr_carea' id='block_1_22' title="bbox 1067 1756 1069 1768">
    <p class='ocr_par' dir='ltr' id='par_1_26' title="bbox 1067 1756 1069 1768">
     <span class='ocr_line' id='line_1_82' title="bbox 1067 1756 1069 1768; baseline 0 0"><span class='ocrx_word' id='word_1_550' title='bbox 1067 1756 1069 1768; x_wconf 69' lang='lat' dir='ltr'>l</span> 
     </span>
    </p>
   </div>
   <div class='ocr_carea' id='block_1_23' title="bbox 1089 1636 2091 2486">
    <p class='ocr_par' dir='ltr' id='par_1_27' title="bbox 1089 1636 2091 2486">
     <span class='ocr_line' id='line_1_83' title="bbox 1195 1636 2078 1683; baseline 0.001 -13"><span class='ocrx_word' id='word_1_551' title='bbox 1195 1636 1317 1670; x_wconf 87' lang='lat' dir='ltr'>Postea</span> <span class='ocrx_word' id='word_1_552' title='bbox 1335 1637 1433 1670; x_wconf 90' lang='lat' dir='ltr'>addit</span> <span class='ocrx_word' id='word_1_553' title='bbox 1447 1638 1745 1679; x_wconf 86' lang='lat' dir='ltr'>admonitionem,</span> <span class='ocrx_word' id='word_1_554' title='bbox 1772 1640 1865 1683; x_wconf 87' lang='lat' dir='ltr'>quod</span> <span class='ocrx_word' id='word_1_555' title='bbox 1884 1640 1983 1673; x_wconf 83' lang='lat' dir='ltr'>multi</span> <span class='ocrx_word' id='word_1_556' title='bbox 2002 1640 2078 1672; x_wconf 85' lang='lat' dir='ltr'>sine</span> 
     </span>
     <span class='ocr_line' id='line_1_84' title="bbox 1093 1687 2077 1732; baseline 0.001 -12"><span class='ocrx_word' id='word_1_557' title='bbox 1093 1687 1271 1731; x_wconf 86' lang='lat' dir='ltr'>prioribus</span> <span class='ocrx_word' id='word_1_558' title='bbox 1301 1688 1468 1730; x_wconf 84' lang='lat' dir='ltr'>gradibus</span> <span class='ocrx_word' id='word_1_559' title='bbox 1492 1700 1565 1720; x_wconf 88' lang='lat' dir='ltr'>non</span> <span class='ocrx_word' id='word_1_560' title='bbox 1591 1696 1682 1722; x_wconf 88' lang='lat' dir='ltr'>recte</span> <span class='ocrx_word' id='word_1_561' title='bbox 1709 1689 1905 1732; x_wconf 86' lang='lat' dir='ltr'>intelligant</span> <span class='ocrx_word' id='word_1_562' title='bbox 1935 1691 2077 1723; x_wconf 89' lang='lat' dir='ltr'>liberta-</span> 
     </span>
     <span class='ocr_line' id='line_1_85' title="bbox 1094 1738 2077 1775; baseline 0.001 -4"><span class='ocrx_word' id='word_1_563' title='bbox 1094 1745 1183 1775; x_wconf 89' lang='lat' dir='ltr'>tem,</span> <span class='ocrx_word' id='word_1_564' title='bbox 1220 1749 1283 1770; x_wconf 91' lang='lat' dir='ltr'>nec</span> <span class='ocrx_word' id='word_1_565' title='bbox 1309 1744 1401 1770; x_wconf 89' lang='lat' dir='ltr'>recte</span> <span class='ocrx_word' id='word_1_566' title='bbox 1424 1749 1464 1770; x_wconf 90' lang='lat' dir='ltr'>ea</span> <span class='ocrx_word' id='word_1_567' title='bbox 1489 1744 1645 1772; x_wconf 83' lang='lat' dir='ltr'>utantur.</span> <span class='ocrx_word' id='word_1_568' title='bbox 1698 1738 1809 1772; x_wconf 90' lang='lat' dir='ltr'>Nemo</span> <span class='ocrx_word' id='word_1_569' title='bbox 1831 1741 1944 1773; x_wconf 80' lang='lat' dir='ltr'>adsuit</span> <span class='ocrx_word' id='word_1_570' title='bbox 1967 1740 2077 1773; x_wconf 64' lang='lat' dir='ltr'>veteri</span> 
     </span>
     <span class='ocr_line' id='line_1_86' title="bbox 1093 1788 2078 1830; baseline 0.003 -11"><span class='ocrx_word' id='word_1_571' title='bbox 1093 1788 1178 1821; x_wconf 87' lang='lat' dir='ltr'>vesti</span> <span class='ocrx_word' id='word_1_572' title='bbox 1205 1800 1336 1821; x_wconf 88' lang='lat' dir='ltr'>novum</span> <span class='ocrx_word' id='word_1_573' title='bbox 1364 1800 1538 1830; x_wconf 85' lang='lat' dir='ltr'>pannum,</span> <span class='ocrx_word' id='word_1_574' title='bbox 1565 1801 1668 1822; x_wconf 91' lang='lat' dir='ltr'>nemo</span> <span class='ocrx_word' id='word_1_575' title='bbox 1693 1801 1824 1822; x_wconf 82' lang='lat' dir='ltr'>novum</span> <span class='ocrx_word' id='word_1_576' title='bbox 1851 1797 2003 1824; x_wconf 88' lang='lat' dir='ltr'>mustum</span> <span class='ocrx_word' id='word_1_577' title='bbox 2021 1790 2078 1823; x_wconf 88' lang='lat' dir='ltr'>in-</span> 
     </span>
     <span class='ocr_line' id='line_1_87' title="bbox 1093 1838 2076 1878; baseline 0.002 -7"><span class='ocrx_word' id='word_1_578' title='bbox 1093 1839 1210 1871; x_wconf 83' lang='lat' dir='ltr'>fundit</span> <span class='ocrx_word' id='word_1_579' title='bbox 1235 1838 1270 1870; x_wconf 91' lang='lat' dir='ltr'>in</span> <span class='ocrx_word' id='word_1_580' title='bbox 1290 1844 1383 1871; x_wconf 87' lang='lat' dir='ltr'>utres</span> <span class='ocrx_word' id='word_1_581' title='bbox 1402 1845 1551 1878; x_wconf 88' lang='lat' dir='ltr'>veteres,</span> <span class='ocrx_word' id='word_1_582' title='bbox 1577 1839 1612 1871; x_wconf 87' lang='lat' dir='ltr'>id</span> <span class='ocrx_word' id='word_1_583' title='bbox 1632 1846 1700 1877; x_wconf 85' lang='lat' dir='ltr'>est,</span> <span class='ocrx_word' id='word_1_584' title='bbox 1729 1840 1887 1873; x_wconf 86' lang='lat' dir='ltr'>doctrina</span> <span class='ocrx_word' id='word_1_585' title='bbox 1907 1842 1949 1873; x_wconf 90' lang='lat' dir='ltr'>de</span> <span class='ocrx_word' id='word_1_586' title='bbox 1968 1841 2076 1874; x_wconf 73' lang='lat' dir='ltr'>liber-</span> 
     </span>
     <span class='ocr_line' id='line_1_88' title="bbox 1093 1887 2076 1934; baseline 0.002 -12"><span class='ocrx_word' id='word_1_587' title='bbox 1093 1895 1161 1922; x_wconf 88' lang='lat' dir='ltr'>tate</span> <span class='ocrx_word' id='word_1_588' title='bbox 1187 1900 1258 1921; x_wconf 91' lang='lat' dir='ltr'>non</span> <span class='ocrx_word' id='word_1_589' title='bbox 1285 1888 1494 1930; x_wconf 86' lang='lat' dir='ltr'>intelligitur</span> <span class='ocrx_word' id='word_1_590' title='bbox 1517 1889 1560 1921; x_wconf 92' lang='lat' dir='ltr'>ab</span> <span class='ocrx_word' id='word_1_591' title='bbox 1577 1887 1800 1930; x_wconf 88' lang='lat' dir='ltr'>bominibus,</span> <span class='ocrx_word' id='word_1_592' title='bbox 1826 1891 1887 1934; x_wconf 89' lang='lat' dir='ltr'>qui</span> <span class='ocrx_word' id='word_1_593' title='bbox 1906 1902 1978 1923; x_wconf 88' lang='lat' dir='ltr'>non</span> <span class='ocrx_word' id='word_1_594' title='bbox 1994 1897 2076 1924; x_wconf 89' lang='lat' dir='ltr'>sunt</span> 
     </span>
     <span class='ocr_line' id='line_1_89' title="bbox 1092 1936 2077 1984; baseline 0.003 -13"><span class='ocrx_word' id='word_1_595' title='bbox 1092 1939 1253 1972; x_wconf 90' lang='lat' dir='ltr'>conversi</span> <span class='ocrx_word' id='word_1_596' title='bbox 1277 1939 1319 1971; x_wconf 88' lang='lat' dir='ltr'>ad</span> <span class='ocrx_word' id='word_1_597' title='bbox 1337 1936 1468 1978; x_wconf 85' lang='lat' dir='ltr'>Deum,</span> <span class='ocrx_word' id='word_1_598' title='bbox 1495 1939 1553 1971; x_wconf 87' lang='lat' dir='ltr'>sed</span> <span class='ocrx_word' id='word_1_599' title='bbox 1575 1947 1655 1973; x_wconf 89' lang='lat' dir='ltr'>sunt</span> <span class='ocrx_word' id='word_1_600' title='bbox 1670 1937 1785 1973; x_wconf 88' lang='lat' dir='ltr'>adhuc</span> <span class='ocrx_word' id='word_1_601' title='bbox 1800 1940 1899 1984; x_wconf 84' lang='lat' dir='ltr'>impii</span> <span class='ocrx_word' id='word_1_602' title='bbox 1916 1948 1946 1975; x_wconf 86' lang='lat' dir='ltr'>et</span> <span class='ocrx_word' id='word_1_603' title='bbox 1965 1942 2077 1981; x_wconf 80' lang='lat' dir='ltr'>efferi,</span> 
     </span>
     <span class='ocr_line' id='line_1_90' title="bbox 1093 1988 2077 2032; baseline 0.003 -11"><span class='ocrx_word' id='word_1_604' title='bbox 1093 2001 1165 2022; x_wconf 87' lang='lat' dir='ltr'>non</span> <span class='ocrx_word' id='word_1_605' title='bbox 1195 1988 1430 2032; x_wconf 83' lang='lat' dir='ltr'>perterrefacti</span> <span class='ocrx_word' id='word_1_606' title='bbox 1456 1989 1528 2031; x_wconf 79' lang='lat' dir='ltr'>Iege</span> <span class='ocrx_word' id='word_1_607' title='bbox 1546 1988 1622 2023; x_wconf 89' lang='lat' dir='ltr'>Dei.</span> <span class='ocrx_word' id='word_1_608' title='bbox 1677 1989 1781 2023; x_wconf 86' lang='lat' dir='ltr'>Tales</span> <span class='ocrx_word' id='word_1_609' title='bbox 1795 1992 1915 2024; x_wconf 91' lang='lat' dir='ltr'>audito</span> <span class='ocrx_word' id='word_1_610' title='bbox 1933 1992 2077 2024; x_wconf 87' lang='lat' dir='ltr'>nomine</span> 
     </span>
     <span class='ocr_line' id='line_1_91' title="bbox 1092 2039 2076 2081; baseline 0.003 -9"><span class='ocrx_word' id='word_1_611' title='bbox 1092 2040 1281 2078; x_wconf 85' lang='lat' dir='ltr'>libertatis,</span> <span class='ocrx_word' id='word_1_612' title='bbox 1310 2039 1418 2081; x_wconf 84' lang='lat' dir='ltr'>magis</span> <span class='ocrx_word' id='word_1_613' title='bbox 1442 2046 1672 2073; x_wconf 89' lang='lat' dir='ltr'>contemnunt</span> <span class='ocrx_word' id='word_1_614' title='bbox 1695 2041 1833 2074; x_wconf 89' lang='lat' dir='ltr'>divinas</span> <span class='ocrx_word' id='word_1_615' title='bbox 1857 2048 1889 2074; x_wconf 86' lang='lat' dir='ltr'>et</span> <span class='ocrx_word' id='word_1_616' title='bbox 1906 2039 2076 2076; x_wconf 76' lang='lat' dir='ltr'>humanas</span> 
     </span>
     <span class='ocr_line' id='line_1_92' title="bbox 1094 2089 2075 2133; baseline 0.004 -12"><span class='ocrx_word' id='word_1_617' title='bbox 1094 2091 1202 2131; x_wconf 74' lang='lat' dir='ltr'>leges,</span> <span class='ocrx_word' id='word_1_618' title='bbox 1229 2096 1259 2122; x_wconf 91' lang='lat' dir='ltr'>et</span> <span class='ocrx_word' id='word_1_619' title='bbox 1283 2089 1370 2122; x_wconf 81' lang='lat' dir='ltr'>siunt</span> <span class='ocrx_word' id='word_1_620' title='bbox 1393 2089 1512 2133; x_wconf 83' lang='lat' dir='ltr'>efferi,</span> <span class='ocrx_word' id='word_1_621' title='bbox 1540 2091 1627 2124; x_wconf 86' lang='lat' dir='ltr'>sicut</span> <span class='ocrx_word' id='word_1_622' title='bbox 1648 2092 1718 2123; x_wconf 89' lang='lat' dir='ltr'>ursi</span> <span class='ocrx_word' id='word_1_623' title='bbox 1737 2099 1770 2125; x_wconf 90' lang='lat' dir='ltr'>et</span> <span class='ocrx_word' id='word_1_624' title='bbox 1786 2091 1874 2124; x_wconf 87' lang='lat' dir='ltr'>aliae</span> <span class='ocrx_word' id='word_1_625' title='bbox 1893 2093 2019 2126; x_wconf 89' lang='lat' dir='ltr'>bestiae</span> <span class='ocrx_word' id='word_1_626' title='bbox 2037 2093 2075 2125; x_wconf 92' lang='lat' dir='ltr'>in</span> 
     </span>
     <span class='ocr_line' id='line_1_93' title="bbox 1093 2139 2075 2185; baseline 0.004 -14"><span class='ocrx_word' id='word_1_627' title='bbox 1093 2141 1207 2179; x_wconf 86' lang='lat' dir='ltr'>silvis,</span> <span class='ocrx_word' id='word_1_628' title='bbox 1244 2139 1333 2172; x_wconf 67' lang='lat' dir='ltr'>sicut</span> <span class='ocrx_word' id='word_1_629' title='bbox 1363 2140 1544 2173; x_wconf 83' lang='lat' dir='ltr'>manifeste</span> <span class='ocrx_word' id='word_1_630' title='bbox 1576 2142 1734 2174; x_wconf 87' lang='lat' dir='ltr'>videmus</span> <span class='ocrx_word' id='word_1_631' title='bbox 1763 2149 1881 2175; x_wconf 90' lang='lat' dir='ltr'>nostro</span> <span class='ocrx_word' id='word_1_632' title='bbox 1906 2150 2075 2185; x_wconf 86' lang='lat' dir='ltr'>tempore,</span> 
     </span>
     <span class='ocr_line' id='line_1_94' title="bbox 1092 2187 2073 2233; baseline 0.004 -12"><span class='ocrx_word' id='word_1_633' title='bbox 1092 2190 1222 2223; x_wconf 90' lang='lat' dir='ltr'>multos</span> <span class='ocrx_word' id='word_1_634' title='bbox 1246 2187 1406 2222; x_wconf 74' lang='lat' dir='ltr'>homines</span> <span class='ocrx_word' id='word_1_635' title='bbox 1432 2202 1573 2233; x_wconf 91' lang='lat' dir='ltr'>prorsus</span> <span class='ocrx_word' id='word_1_636' title='bbox 1598 2191 1671 2224; x_wconf 85' lang='lat' dir='ltr'>fieri</span> <span class='ocrx_word' id='word_1_637' title='bbox 1697 2192 1873 2232; x_wconf 85' lang='lat' dir='ltr'>bestiales,</span> <span class='ocrx_word' id='word_1_638' title='bbox 1900 2193 2011 2225; x_wconf 87' lang='lat' dir='ltr'>abusu</span> <span class='ocrx_word' id='word_1_639' title='bbox 2030 2193 2073 2225; x_wconf 92' lang='lat' dir='ltr'>li-</span> 
     </span>
     <span class='ocr_line' id='line_1_95' title="bbox 1092 2238 2073 2284; baseline 0.003 -12"><span class='ocrx_word' id='word_1_640' title='bbox 1092 2240 1246 2275; x_wconf 76' lang='lat' dir='ltr'>bertatis.</span> <span class='ocrx_word' id='word_1_641' title='bbox 1280 2238 1428 2273; x_wconf 86' lang='lat' dir='ltr'>EtDeus</span> <span class='ocrx_word' id='word_1_642' title='bbox 1444 2242 1543 2284; x_wconf 90' lang='lat' dir='ltr'>punit</span> <span class='ocrx_word' id='word_1_643' title='bbox 1562 2238 1655 2273; x_wconf 81' lang='lat' dir='ltr'>hunc</span> <span class='ocrx_word' id='word_1_644' title='bbox 1673 2242 1804 2274; x_wconf 84' lang='lat' dir='ltr'>tristem</span> <span class='ocrx_word' id='word_1_645' title='bbox 1821 2242 1967 2274; x_wconf 87' lang='lat' dir='ltr'>abusum</span> <span class='ocrx_word' id='word_1_646' title='bbox 1982 2243 2073 2275; x_wconf 90' lang='lat' dir='ltr'>mul-</span> 
     </span>
     <span class='ocr_line' id='line_1_96' title="bbox 1092 2290 2072 2334; baseline 0.003 -11"><span class='ocrx_word' id='word_1_647' title='bbox 1092 2291 1135 2323; x_wconf 91' lang='lat' dir='ltr'>tis</span> <span class='ocrx_word' id='word_1_648' title='bbox 1162 2290 1439 2329; x_wconf 83' lang='lat' dir='ltr'>calamitatibus,</span> <span class='ocrx_word' id='word_1_649' title='bbox 1473 2292 1566 2324; x_wconf 90' lang='lat' dir='ltr'>hello</span> <span class='ocrx_word' id='word_1_650' title='bbox 1592 2299 1622 2324; x_wconf 87' lang='lat' dir='ltr'>et</span> <span class='ocrx_word' id='word_1_651' title='bbox 1645 2292 1915 2334; x_wconf 83' lang='lat' dir='ltr'>expilationibus</span> <span class='ocrx_word' id='word_1_652' title='bbox 1937 2303 1966 2325; x_wconf 77' lang='lat' dir='ltr'>e&#39;</span> <span class='ocrx_word' id='word_1_653' title='bbox 1994 2293 2072 2327; x_wconf 84' lang='lat' dir='ltr'>aliis</span> 
     </span>
     <span class='ocr_line' id='line_1_97' title="bbox 1091 2338 2071 2385; baseline 0.002 -12"><span class='ocrx_word' id='word_1_654' title='bbox 1091 2341 1208 2381; x_wconf 88' lang='lat' dir='ltr'>malis,</span> <span class='ocrx_word' id='word_1_655' title='bbox 1236 2341 1316 2385; x_wconf 81' lang='lat' dir='ltr'>quia</span> <span class='ocrx_word' id='word_1_656' title='bbox 1341 2338 1539 2374; x_wconf 82' lang='lat' dir='ltr'>belluamur</span> <span class='ocrx_word' id='word_1_657' title='bbox 1561 2349 1592 2374; x_wconf 87' lang='lat' dir='ltr'>et</span> <span class='ocrx_word' id='word_1_658' title='bbox 1610 2353 1729 2373; x_wconf 88' lang='lat' dir='ltr'>snmus</span> <span class='ocrx_word' id='word_1_659' title='bbox 1749 2342 2015 2385; x_wconf 69' lang='lat' dir='ltr'>negligentiores</span> <span class='ocrx_word' id='word_1_660' title='bbox 2035 2344 2071 2376; x_wconf 89' lang='lat' dir='ltr'>in</span> 
     </span>
     <span class='ocr_line' id='line_1_98' title="bbox 1091 2391 2091 2437; baseline 0.004 -14"><span class='ocrx_word' id='word_1_661' title='bbox 1091 2391 1193 2424; x_wconf 79' lang='lat' dir='ltr'>nobis</span> <span class='ocrx_word' id='word_1_662' title='bbox 1223 2391 1404 2433; x_wconf 83' lang='lat' dir='ltr'>regendis,</span> <span class='ocrx_word' id='word_1_663' title='bbox 1441 2391 1519 2424; x_wconf 87' lang='lat' dir='ltr'>ideo</span> <span class='ocrx_word' id='word_1_664' title='bbox 1551 2393 1697 2425; x_wconf 81' lang='lat' dir='ltr'>veniunt</span> <span class='ocrx_word' id='word_1_665' title='bbox 1722 2393 1821 2436; x_wconf 86' lang='lat' dir='ltr'>plura</span> <span class='ocrx_word' id='word_1_666' title='bbox 1846 2400 2003 2437; x_wconf 88' lang='lat' dir='ltr'>peccata,</span> <span class='ocrx_word' id='word_1_667' title='bbox 2038 2401 2091 2427; x_wconf 59' lang='lat' dir='ltr'>et&gt;</span> 
     </span>
     <span class='ocr_line' id='line_1_99' title="bbox 1089 2441 1627 2486; baseline 0.002 -11"><span class='ocrx_word' id='word_1_668' title='bbox 1089 2448 1206 2486; x_wconf 86' lang='lat' dir='ltr'>postea</span> <span class='ocrx_word' id='word_1_669' title='bbox 1227 2443 1314 2475; x_wconf 84' lang='lat' dir='ltr'>bella</span> <span class='ocrx_word' id='word_1_670' title='bbox 1332 2449 1365 2475; x_wconf 90' lang='lat' dir='ltr'>et</span> <span class='ocrx_word' id='word_1_671' title='bbox 1379 2441 1466 2474; x_wconf 86' lang='lat' dir='ltr'>aliae</span> <span class='ocrx_word' id='word_1_672' title='bbox 1484 2453 1627 2485; x_wconf 86' lang='lat' dir='ltr'>poenae.</span> 
     </span>
    </p>
   </div>
   <div class='ocr_carea' id='block_1_24' title="bbox 1088 2516 2070 2611">
    <p class='ocr_par' dir='ltr' id='par_1_28' title="bbox 1088 2516 2070 2611">
     <span class='ocr_line' id='line_1_100' title="bbox 1190 2516 2070 2558; baseline 0.003 -8"><span class='ocrx_word' id='word_1_673' title='bbox 1190 2516 1284 2550; x_wconf 85' lang='lat' dir='ltr'>Haec</span> <span class='ocrx_word' id='word_1_674' title='bbox 1315 2516 1502 2558; x_wconf 83' lang='lat' dir='ltr'>diligenter</span> <span class='ocrx_word' id='word_1_675' title='bbox 1526 2516 1805 2557; x_wconf 83' lang='lat' dir='ltr'>consideremus,</span> <span class='ocrx_word' id='word_1_676' title='bbox 1839 2525 1872 2552; x_wconf 90' lang='lat' dir='ltr'>et</span> <span class='ocrx_word' id='word_1_677' title='bbox 1896 2519 2070 2554; x_wconf 85' lang='lat' dir='ltr'>discamus</span> 
     </span>
     <span class='ocr_line' id='line_1_101' title="bbox 1088 2566 1933 2611; baseline 0.002 -10"><span class='ocrx_word' id='word_1_678' title='bbox 1088 2574 1179 2602; x_wconf 89' lang='lat' dir='ltr'>recte</span> <span class='ocrx_word' id='word_1_679' title='bbox 1196 2567 1391 2611; x_wconf 84' lang='lat' dir='ltr'>intelligere</span> <span class='ocrx_word' id='word_1_680' title='bbox 1410 2566 1627 2608; x_wconf 87' lang='lat' dir='ltr'>libertatem,</span> <span class='ocrx_word' id='word_1_681' title='bbox 1654 2574 1685 2601; x_wconf 88' lang='lat' dir='ltr'>et</span> <span class='ocrx_word' id='word_1_682' title='bbox 1705 2573 1795 2602; x_wconf 81' lang='lat' dir='ltr'>recte</span> <span class='ocrx_word' id='word_1_683' title='bbox 1813 2580 1850 2602; x_wconf 88' lang='lat' dir='ltr'>ea</span> <span class='ocrx_word' id='word_1_684' title='bbox 1869 2569 1933 2605; x_wconf 89' lang='lat' dir='ltr'>uti.</span> 
     </span>
    </p>
   </div>
  </div>
 </body>
</html>
