2409 2915
74 123 98 158 7
99 123 149 159 69
326 120 413 158 XII.

73 214 208 243 tantum
230 219 400 252 usurpare
426 213 596 242 vetustate
620 207 785 249 detritas,
812 208 915 248 viles,
941 208 1058 241 ranci-

72 260 134 293 das
159 266 263 304 atque
286 259 418 293 laceras
433 258 554 292 ovium
571 257 699 302 pelles,
724 264 784 292 aut
802 259 935 303 potius,
962 259 1056 292 utin

71 310 261 355 proverbio
289 316 357 350 est,
395 310 493 342 lanas
524 309 685 352 caprinas
710 309 798 342 male
822 316 1000 343 contextas
1026 316 1085 343 et:

70 367 249 396 consutas:

69 412 192 453 sutela,
219 423 292 445 non
306 417 356 444 est
372 410 520 451 firmior,
547 422 613 443 nec
627 411 737 453 magis
755 409 927 452 cohaeret,
952 423 1056 456 quain

71 463 100 496 si
119 469 295 496 necterent
312 461 491 494 funiculos
507 473 548 494 ex
563 473 689 502 arena,
715 469 775 495 aut
792 463 899 495 fracta
915 463 972 495 ovi
992 474 1058 506 pu-

71 513 202 547 tamina
218 511 355 557 glutino
371 511 499 545 sarcire
515 523 554 545 ac
571 513 795 557 compingere
815 520 1039 546 conarentur.

173 593 267 627 Haec
296 594 449 628 breviter
480 594 549 627 iarn
576 595 666 628 dicta
693 595 867 629 sufficiant
889 593 955 628 hoc
980 595 1056 628 loco

73 646 115 679 ad
134 646 392 678 enarrationem
409 651 523 679 textus
541 646 742 690 praesentis.
780 644 920 688 Quibus
941 653 1057 679 tamen

70 693 186 730 adhuc
201 697 290 729 duae
306 696 661 730 commonefactiones
682 697 876 730 necessario
895 703 976 730 sunt
994 697 1057 729 ad—

69 747 219 780 dendae.
273 746 394 788 Prior,
417 748 461 780 de
478 759 559 781 cura
577 748 756 789 discendi,
783 759 843 780 seu
859 748 975 781 studio
994 747 1057 780 do—

69 797 219 839 ctrinae3
253 798 381 838 altera,
414 798 457 830 de
474 798 709 837 seiunctione,
737 805 769 832 et
786 799 983 831 desertione
999 809 1056 830 or-

69 848 228 881 dinariae
246 848 548 892 congregationi3‚
574 856 634 883 aut
651 849 842 894 potestati5‚
868 861 972 894 quam
991 860 1058 881 no-

68 898 204 932 minant
222 896 394 934 Schisma.

171 981 252 1016 Dixi
272 983 426 1027 priorem
445 984 816 1017 commonefactionem
837 995 908 1016 esse
932 984 973 1015 de
999 995 1058 1015 co-

70 1035 267 1076 gnoscenda
293 1034 474 1073 doctrina,
502 1046 563 1068 seu
580 1047 662 1068 cura
683 1035 854 1068 discendi.
915 1032 1058 1066 Auditis

70 1083 165 1116 enim
183 1082 380 1118 Dominum
401 1086 618 1129 praecipere,
645 1092 683 1118 ut
703 1095 886 1118 caveamus
902 1083 1058 1117 Pseudo-

70 1131 271 1178 prophetas.
309 1135 396 1169 Vult
411 1135 519 1178 igitur
536 1143 569 1169 et
586 1137 729 1169 mandat
745 1136 906 1179 cognosci
927 1135 1058 1167 doctri-

69 1196 150 1217 nam
171 1185 343 1219 divinitus
361 1187 538 1225 traditam,
565 1187 651 1229 legi,
677 1186 764 1220 disci
782 1193 815 1220 et
832 1191 960 1219 attente
975 1197 1059 1218 con-

72 1235 216 1268 siderari
236 1236 364 1280 scripta
376 1235 585 1280 Prophetica
603 1244 635 1270 et
645 1235 860 1293 Apostolica,
888 1155 1086 1280 11111101111111

72 1285 1086 1343 1101111εά031113111)115,1101110113τὶ,101101,1113111(11-

70 1347 143 1368 sam
162 1337 301 1369 doctrin
305 1348 359 1368 1111
383 1343 415 1370 et
433 1337 560 1380 impios
576 1337 748 1371 doctores.
795 1335 890 1369 Haec
909 1335 1001 1368 enim
1019 1341 1059 1368 ut
1083 1347 1086 1367 1

71 1386 266 1418 necessario
283 1386 471 1420 coniuncta
490 1393 590 1427 sunt,
619 1386 665 1420 ita
683 1384 740 1419 hic
758 1387 876 1419 omnia
898 1397 1058 1429 compre-

70 1433 179 1468 hendi
203 1436 457 1479 intelligantur.
512 1436 602 1470 Nam
630 1438 691 1482 qui
714 1437 896 1477 vitandus,
921 1437 1059 1479 fugien-

69 1487 147 1525 dus,
175 1486 441 1531 improbandus,
469 1499 507 1520 ac
524 1489 737 1521 deserendus
752 1495 819 1529 est,
846 1489 889 1521 de
907 1500 947 1521 eo
968 1495 1059 1520 certe
1083 1482 1086 1564 1

70 1537 242 1571 iudicium
268 1538 342 1571 fieri
368 1545 517 1582 oportet.
576 1537 725 1573 Constat
746 1546 881 1580 autem,
914 1550 977 1572 nec
1001 1550 1059 1571 or-

70 1588 165 1632 dine,
188 1600 252 1621 nec
270 1589 436 1632 legitime,
460 1601 524 1622 nec
541 1597 632 1623 recte
646 1590 795 1623 iudicari
812 1602 923 1634 posse,
946 1589 1059 1622 multo

71 1639 190 1673 minus
206 1639 282 1683 pie,
309 1640 364 1672 vel
389 1640 576 1674 autoritate
593 1641 732 1681 divina,
760 1639 991 1684 pronunciari
1017 1640 1060 1671 ab

72 1690 134 1728 iis,
163 1690 223 1735 qui
251 1702 314 1723 nec
331 1697 484 1731 norunt,
511 1703 575 1723 nec
594 1691 818 1733 intelligunt,
844 1703 907 1723 nec
927 1690 1062 1723 didice-

70 1747 155 1774 runt
170 1741 367 1774 doctrinam
384 1741 577 1775 coelestem.
614 1740 804 1784 Propterea
821 1752 943 1773 omnes
959 1741 1059 1783 leges,

72 1803 151 1824 cum
169 1791 310 1823 divinae
326 1798 400 1823 tum
420 1788 614 1829 humanae,
642 1792 859 1824 severissime
881 1791 1061 1829 mandant,

72 1848 111 1874 ut
136 1841 319 1874 constituti
341 1841 474 1874 iudices
498 1842 818 1875 controversiarum
843 1848 983 1875 servent
1002 1853 1060 1873 or—

73 1891 192 1924 dinem
212 1892 408 1935 legitimum
428 1892 465 1924 in
482 1891 685 1935 cognitione
702 1905 835 1931 causae,
863 1904 923 1926 seu
943 1893 1060 1936 inqui-

73 1942 202 1976 sitione
225 1942 400 1983 veritatis‚
436 1949 475 1976 ut
498 1943 597 1986 prius
623 1944 768 1977 audiant
792 1950 939 1984 attente,
979 1943 1061 1975 dili-

73 1999 194 2036 genter
212 1993 443 2036 investigent,
470 2000 629 2028 accurate
646 2001 875 2038 cognoscant,
904 2001 936 2027 et
953 1994 1062 2037 probe

73 2043 210 2077 discant
235 2044 465 2078 fundamenta
491 2056 630 2086 causae,
659 2056 718 2079 seu
742 2045 1060 2079 controversiarum

73 2101 264 2128 momenta.

177 2178 236 2213 Sic
260 2191 418 2223 expresse
443 2180 657 2223 praecipitur
678 2178 820 2215 Denter.
843 2181 890 2215 l.:
932 2172 1063 2214 Audite

75 2242 154 2271 eos,
180 2237 213 2263 et
227 2231 323 2275 quod
340 2230 472 2264 iustum
489 2238 539 2264 est
557 2231 720 2265 iudicate.
773 2229 819 2265 Et
835 2242 908 2274 cap.
923 2230 978 2263 17.
991 2233 1003 2262 ε’
1026 2230 1062 2264 Si

75 2279 141 2314 hoc
158 2281 223 2314 tibi
242 2281 346 2314 suerit
364 2281 632 2322 denunciatum,
661 2282 876 2326 audiensque
895 2281 1064 2326 inquisie-

77 2333 126 2366 ris
153 2332 360 2375 diligenter,
395 2339 427 2365 et
456 2344 578 2365 verum
612 2344 683 2365 esse
710 2332 939 2375 compereris,
981 2339 1065 2364 tuuc

78 2383 276 2416 com-ictum
304 2383 390 2416 tanti
413 2383 552 2416 sceleris
577 2383 717 2427 punies,
751 2390 817 2416 etc.
872 2382 921 2416 lta
948 2383 984 2415 in
1011 2380 1066 2415 his

79 2433 313 2478 gravissimis,
340 2434 575 2473 difficillimis,
604 2434 929 2477 periculosissimis,
957 2433 1060 2466 maxi-

78 2485 196 2529 mique
218 2485 388 2518 momenti
411 2485 662 2519 controversiis
679 2485 878 2527 religionis,
905 2492 1008 2529 atque
1030 2485 1065 2517 in

79 2535 219 2569 iudiciis
243 2535 286 2568 de
313 2536 494 2577 doctrina,
538 2537 734 2580 pertinente
755 2537 796 2569 ad
822 2536 968 2579 gloriam
992 2533 1070 2578 Dei,

82 2588 123 2619 ad
148 2587 368 2629 singulorum
396 2584 583 2620 hominum
610 2588 776 2626 salutem,

81 2634 256 2670 Ecclesiae
275 2637 576 2679 incolumitatem,
602 2638 888 2682 propfflgitionem
907 2645 937 2671 et
956 2638 1068 2670 incre-

84 2694 216 2728 menta,
258 2689 301 2721 ad
334 2689 625 2733 tranquillitatem
659 2695 767 2723 status
797 2689 951 2734 publici,
992 2689 1070 2734 quis

133 2739 309 2771 Mmaxru.
330 2741 432 2772 Ortr..
462 2738 547 2773 Voti.
567 2741 657 2772 XIV.

474 118 863 157 ANNOTATIONES
890 119 956 156 ET
981 118 1262 157 CONCIONES
1290 119 1339 155 IN
1366 118 1550 156 EVANG.
1578 117 1855 155 MATTHAEI.

285 371 435 406 quarum
460 359 668 393 laciniarum
695 360 972 403 coagmentatio,
998 372 1058 393 seu
1081 334 1086 473 1

817 2588 858 2619 ad
885 2587 1068 2619 universae
1094 2610 1095 2623 i

2033 122 2106 156 770

1111 217 1184 239 non
1203 206 1318 246 videt,
1346 212 1560 250 quantopere
1579 205 1811 238 necessarium
1835 206 1897 243 sit,
1927 212 1958 239 et
1979 209 2101 251 quanti

1111 257 1256 294 referat,
1300 263 1339 289 ut
1363 256 1569 289 instituatur
1596 256 1748 298 legitimi
1776 257 1949 299 cognitio,
1984 265 2020 290 ut
2043 271 2100 290 or-

1110 308 1193 340 dine
1215 307 1416 346 discantur,
1443 307 1577 349 placide
1598 308 1804 347 audiantur,
1831 308 2018 349 diligenter
2043 309 2098 341 111-

1111 358 1316 403 quirantur,
1344 363 1378 390 et
1394 365 1486 389 recte
1505 356 1650 398 intellig
1653 363 1748 390 1111111
1766 359 1880 392 fontes
1895 366 2040 392 controv
2044 371 2098 392 cr-

1111 410 1261 447 siarum,
1293 414 1397 452 atque
1427 407 1655 441 fundamenta
1681 408 1918 449 negotiorum,
1951 411 1992 442 de
2018 411 2098 454 qui-

1111 461 1175 492 bus
1193 459 1368 498 iudicare,
1392 470 1453 491 seu
1471 464 1621 490 statuere
1638 458 1794 500 singulos
1815 471 1902 501 opus
1921 461 1993 493 est?
2030 461 2098 494 lta-

1111 522 1196 556 que,
1225 516 1263 542 ut
1280 509 1450 542 iudicium
1468 510 1511 541 de
1529 508 1687 541 doctrina
1712 509 1863 552 pertinet
1886 511 1926 542 ad
1953 512 2097 543 uuiver-

1110 573 1182 595 sam
1206 559 1418 600 Ecclesiam,
1460 566 1494 593 et
1518 559 1674 601 singulos
1698 559 1790 603 pios,
1835 559 1882 592 ita
1907 561 2098 605 unicuique

1109 619 1282 652 vestrum,
1310 610 1532 655 peculiariter
1555 610 1656 643 etiam
1682 621 1743 642 sua
1760 621 1879 650 causa,
1911 611 2014 654 plane
2037 624 2099 644 ue-

1110 661 1255 696 cessaria
1273 668 1323 695 est
1341 673 1419 694 vera
1437 661 1590 704 cognitio
1607 667 1640 693 et
1658 660 1807 703 diligens
1828 661 2033 705 inquisitio,
2061 662 2098 693 iu

1110 725 1178 757 qua
1199 713 1330 756 capita,
1359 724 1420 745 seu
1436 721 1609 745 summam
1627 711 1808 745 doctrinae
1833 712 2010 752 coelestis,
2040 725 2098 745 or-

1110 764 1212 802 dine,
1240 763 1306 807 pie,
1334 775 1373 796 ac
1390 763 1523 806 integre
1541 762 1668 804 singuli
1686 762 1830 796 discant.
1865 761 2017 796 Accedat
2036 775 2098 795 au-

1109 821 1179 848 tem
1205 814 1342 848 assidua
1361 821 1393 848 et
1413 815 1540 846 ardens
1562 813 1740 845 invocatio
1758 810 1842 853 Dei,
1870 825 1936 857 qua
1957 813 2099 845 lectioni

1110 873 1143 899 et
1170 865 1286 899 studio
1310 865 1523 898 misceantur
1541 863 1613 896 veri
1635 863 1801 906 gemitus,
1829 869 1860 896 et
1884 870 2038 906 petatur,
2062 871 2101 897 ut

1111 915 1205 949 Deus
1224 923 1318 959 regat
1334 915 1524 955 iudicium,
1552 914 1716 947 accendat
1742 925 1858 946 veram
1886 915 2015 953 lucem,
2045 915 2100 946 in-

1112 967 1288 1001 tellectum
1309 966 1407 999 verbi
1424 966 1497 1006 sui,
1523 973 1557 999 et
1575 965 1652 1008 pios
1675 965 1819 997 affectus
1842 965 1879 997 in
1906 965 2100 997 mentibus:

1112 1018 1407 1062 quemadmodum
1427 1014 1602 1059 Propheta
1626 1015 1716 1048 serio
1735 1015 1843 1048 animi
1863 1021 1958 1048 motu
1979 1016 2099 1048 clami-

1111 1075 1160 1101 tat
1178 1067 1318 1100 Psalmo
1339 1067 1437 1101 119.:
1476 1064 1534 1099 Ah
1556 1065 1710 1099 Domine
1735 1066 1787 1098 fac
1810 1078 1888 1098 cum
1914 1077 2014 1099 servo
2039 1073 2098 1099 1110

1112 1120 1304 1151 secundum
1327 1117 1604 1150 misericordiam
1632 1123 1749 1154 tuam,
1784 1123 1817 1150 et
1835 1116 2100 1149 iustificationes

1082 1155 1187 1267 111135
1203 1170 1288 1202 doce
1305 1181 1372 1204 me.

1214 1219 1288 1253 lam
1305 1219 1398 1252 scitis
1415 1216 1505 1266 proli
1529 1218 1632 1251 dolor
1655 1217 1920 1250 usitatissimum
1946 1229 2036 1256 csse,
2061 1224 2102 1250 ut

1083 1270 1257 1314 ]plurimi
1286 1270 1384 1302 scioli
1408 1269 1475 1302 sibi
1498 1275 1637 1302 sumant
1662 1268 1832 1301 iudicium
1859 1269 1901 1301 de
1926 1268 2100 1312 dogmati-

1115 1322 1198 1360 bus,
1240 1319 1489 1353 controversiis
1512 1331 1550 1352 ac
1576 1319 1724 1362 negotiis
1749 1319 1986 1357 difficillimis,
2029 1319 2100 1351 sive

1114 1370 1334 1413 intelligant,
1367 1371 1440 1403 sive
1464 1370 1627 1412 ignorent
1652 1369 1737 1413 quid
1763 1375 1901 1412 agatur,
1936 1370 2006 1401 sive
2031 1370 2101 1401 sint

1113 1421 1215 1465 periti
1241 1428 1273 1454 et
1298 1421 1417 1453 idonei
1444 1421 1485 1453 ad
1513 1420 1822 1459 diiudicationem,
1855 1420 1927 1452 sive
1947 1420 2050 1452 rudes
2069 1426 2102 1452 et

1112 1472 1202 1505 asini
1225 1473 1267 1505 ad
1292 1472 1421 1517 lyram:
1451 1483 1603 1516 quorum
1626 1470 1779 1510 vanitas,
1806 1470 2040 1514 impudentia,
2069 1476 2102 1502 et

1113 1523 1313 1565 arrogantia
1344 1520 1618 1566 reprehenditur
1640 1519 1844 1555 huiusmodi
1868 1521 2102 1565 proverbiali-

1113 1574 1178 1606 bus
1195 1573 1314 1607 dictis:
1349 1572 1465 1615 Quam
1484 1573 1632 1617 quisque
1647 1573 1747 1605 novit
1763 1579 1891 1610 artem,
1920 1572 1957 1603 iu
1982 1569 2046 1604 hac
2068 1583 2102 1603 se

1113 1631 1280 1658 exerceat.
1317 1622 1420 1656 Item:
1448 1622 1601 1656 Remum
1619 1625 1722 1655 ducat
1741 1623 1801 1666 qui
1819 1622 1953 1656 didicit.
1997 1621 2101 1654 Item:

1115 1672 1223 1707 Aliud
1249 1681 1298 1707 est
1323 1680 1518 1717 sceptrum,
1558 1673 1654 1705 aliud
1683 1673 1867 1716 plectrum.
1922 1671 2026 1705 ltem:
2051 1671 2102 1704 Nc

1115 1731 1213 1757 sutor
1236 1725 1327 1758 ultra
1353 1724 1541 1767 crepidam.
1603 1722 1648 1756 Et
1670 1723 1804 1765 vulgari
1822 1719 1990 1767 rhythmo
2010 1721 2101 1755 Ger-

1115 1776 1271 1807 manico:
1316 1775 1452 1809 Stenncn
1479 1775 1540 1808 mit
1564 1774 1648 1817 nicht
1672 1774 1731 1807 asse
1754 1772 1890 1817 bidneu„
1927 1773 1959 1816 fo
1985 1774 2100 1807 mtssucn

1114 1827 1176 1861 mit·
1197 1825 1270 1870 bod)
1295 1826 1354 1860 alle
1379 1825 1506 1869 ticinen.
1568 1824 1616 1858 lta
1644 1823 1710 1857 hoc
1727 1831 1884 1867 tempore
1903 1824 2100 1866 congregati

1114 1877 1250 1910 suntin
1269 1876 1413 1921 Synodo
1433 1876 1645 1909 Tridentina
1665 1875 1765 1907 multi
1784 1874 1989 1914 Pontifices,
2015 1874 2102 1917 Epi-

1115 1927 1229 1971 scopi,
1262 1924 1449 1967 Monachi‚
1486 1925 1697 1965 Sacrificuli,
1729 1937 1880 1970 quorum
1905 1925 2033 1967 singuli
2061 1927 2102 1956 ‹le

1116 1978 1275 2012 doctrina
1286 1976 1462 2011 Ecclesiae
1480 1977 1689 2021 profitentur
1703 1988 1738 2009 se
1752 1976 1884 2009 iudices
1901 1982 2003 2020 atque
2021 1987 2102 2008 ceu-

1115 2041 1211 2062 sores
1230 2029 1321 2069 sore,
1349 2040 1426 2062 cum
1444 2040 1506 2060 nec
1524 2028 1765 2067 fundamenta,
1792 2039 1855 2059 nec
1872 2027 1985 2059 sontes
2001 2039 2103 2059 verae

1116 2080 1256 2125 pietatis
1285 2085 1319 2112 et
1339 2077 1560 2112 Christianae
1584 2078 1766 2121 religionis
1792 2089 1947 2122 uuquam
1971 2078 2101 2109 didico-

1116 2132 1207 2171 rint‚
1234 2130 1479 2172 investigarint
1496 2136 1555 2162 aut
1573 2129 1813 2172 cognoverint.
1868 2127 1967 2160 Talis
1990 2127 2102 2159 coeci-

1117 2190 1186 2221 tas,
1227 2181 1490 2224 praecipitantia
1521 2187 1553 2213 et
1586 2179 1792 2223 perversitas
1825 2178 2037 2210 iudiciorum
2067 2178 2101 2209 iu

1117 2233 1270 2272 mundo,
1297 2239 1334 2265 ut
1353 2232 1446 2272 dixi,
1473 2231 1696 2265 usitatissima
1721 2237 1782 2264 cst.
1837 2230 1883 2262 At
1907 2240 1970 2261 uos
1995 2229 2103 2260 debc-

1117 2294 1196 2316 mus
1218 2290 1251 2316 et
1274 2283 1461 2325 diligentes
1484 2293 1555 2315 esse
1586 2282 1621 2313 in
1648 2281 1782 2319 51111110,
1825 2286 1857 2312 et
1883 2280 1918 2311 in
1943 2279 2102 2311 doctrina

1118 2334 1222 2374 certi,
1253 2334 1342 2367 sicut
1367 2333 1534 2377 praecipit
1552 2331 1681 2364 Paulus
1695 2330 1846 2364 Roman.
1868 2329 1941 2362 14:
1984 2328 2100 2363 Unus-

1119 2385 1268 2430 quisque
1291 2385 1333 2418 511
1359 2391 1472 2417 certus
1497 2384 1539 2415 (le
1561 2394 1621 2414 sua
1647 2382 1837 2420 semmua,
1867 2379 1990 2413 habeat
2014 2382 2103 2424 πλη-

1119 2433 1321 2482 ροφορίιμν
1348 2436 1381 2467 id
1409 2442 1475 2471 est,
1503 2432 1767 2472 certitudinem,
1803 2443 1880 2469 seu,
1917 2438 1953 2464 ut
1977 2430 2024 2462 sic
2051 2431 2104 2463 lo-

1092 2499 1223 2533 quar,
1251 2488 1388 2531 plenam
1406 2497 1442 2517 ac
1459 2485 1596 2517 sirmam
1614 2483 1861 2517 assensionem.
1896 2480 1940 2514 Et
1959 2481 2063 2525 quide
2068 2493 2101 2513 ru

1092 2537 1230 2570 l‘liaec
1223 2550 1293 2582 ipsa
1310 2537 1409 2570 Pauli
1436 2537 1538 2569 verba
1562 2535 1676 2591 'liquet
1702 2546 1772 2566 esse
1795 2540 1906 2565 sumta
1934 2542 2001 2565 ext
1991 2531 2103 2564 Moise

1120 2587 1400 2623 Deuteron.17.:
1430 2586 1479 2619 Sit
1498 2585 1624 2618 v‹ritas
1644 2592 1747 2621 certa,
1776 2585 1884 2623 lirina,
1913 2583 2104 2625 explorata,

1121 2640 1166 2673 de
1190 2652 1256 2684 qua
1284 2637 1576 2683 pronuntiaturus
1602 2648 1648 2671 es.
1704 2635 1771 2668 Sed
1801 2636 1843 2667 de
1871 2634 1985 2678 priore
2009 2646 2103 2666 com-

1122 2691 1378 2724 monefactiouc
1397 2688 1574 2721 hactenus.

1544 2737 1591 2771 49
