2409 2915
254 107 329 145 655

853 99 975 133 PHIL.
1005 95 1122 134 MEL.
1148 95 1359 133 SCRIPTA
1385 94 1685 133 EXEGETICA.

2204 97 2281 136 656

258 201 367 228 ctum:
403 190 481 223 Non
499 185 631 219 mortui
651 184 846 218 laudabunt
869 190 900 216 te
919 182 1090 222 Domine,
1118 183 1153 216 id
1177 189 1242 224 est,
1267 181 1271 234 ξ
1294 182 1360 216 dus
1373 188 1407 216 et
1423 183 1586 217 ordinem
1601 183 1896 228 promissionum,
1922 183 1966 216 de
1983 195 2132 228 quarum
2151 185 2279 219 distin-

259 241 388 277 mortui
404 251 475 273 non
493 243 637 281 possunt
659 243 799 268 externa
825 234 1042 267 confessione
1065 240 1098 267 et
1122 234 1243 267 testifi—

260 294 396 328 catione
414 299 539 323 sonare
554 298 674 320 vocem
692 287 734 319 de
750 283 846 325 Deo,
873 285 964 317 inter
982 296 1046 318 nos
1063 285 1232 318 viventes.

363 340 483 374 Tertia
498 349 599 372 causa
617 343 685 376 est,
711 336 758 369 sic
775 336 878 369 etiam
896 335 970 369 vult
986 335 1126 378 agnosci
1138 333 1244 373 Deus,

258 401 296 428 ut
321 393 406 425 fides
431 397 462 424 et
487 388 662 422 invocatio
687 387 941 420 exsuscitentur
964 392 996 418 et
1019 391 1245 419 exerceantur

260 445 297 477 in
315 441 520 488 quotidiana
535 438 747 472 necessitate.
801 435 899 479 Quin
921 442 972 470 tot
989 442 1022 470 et
1038 442 1107 469 tam
1126 436 1245 468 diver—

260 506 317 528 sae
334 504 388 527 res
405 489 632 535 temporales,
669 497 737 521 tam
766 487 882 520 variae
907 494 1068 521 externae
1091 486 1245 520 occasio-

260 556 322 578 nes
340 551 373 577 et
389 542 613 581 afflictiones,
647 548 716 574 tarn
738 539 946 584 multiplicia
964 537 1159 583 corporalia
1183 548 1245 568 ne-

261 596 353 640 gotia
379 601 411 628 et
432 592 609 642 pericula,
633 598 673 625 ut
695 590 784 629 vita,
812 591 902 624 bona
922 590 1096 630 valetudo,
1122 586 1248 627 morbi,

261 653 410 690 egestas,
439 645 569 683 victus,
605 654 688 686 pax,
724 641 834 682 bella,
867 648 930 675 etc.
955 641 1152 684 cogitentur
1175 650 1246 672 esse

261 709 323 731 ceu
359 693 498 729 scholae
532 701 571 738 et*
599 692 778 738 gymnasia
810 693 1000 737 quaedam,
1051 693 1086 723 in
1120 691 1248 735 quibus

261 747 446 783 discenda,
473 744 663 778 exercenda
684 749 714 775 et
733 743 972 776 confirmanda
989 742 1031 775 sit
1050 753 1129 774 vera
1147 741 1249 784 agni-

261 799 310 832 tio
334 804 366 830 et
392 807 472 829 vera
497 794 672 827 invocatio
691 793 774 827 Dei.
825 792 863 826 Id
890 800 1035 826 testatur
1060 793 1133 836 ipse
1152 792 1250 825 Deus

263 851 299 882 in
317 847 471 881 Psalmo:
498 844 626 878 lnvoca
644 856 699 877 me
718 844 754 876 in
772 843 829 877 die
847 843 1105 882 tribulationis,
1130 849 1165 876 et
1181 841 1249 875 eri-

262 901 355 945 piam
383 905 432 937 te,
465 903 497 930 et
521 895 731 939 glorificabis
755 905 828 934 me,
861 891 927 926 hoc
952 900 1023 933 est,
1058 892 1251 937 conspicies

262 961 374 983 meam
395 946 646 992 praesentiam,
675 955 838 987 agnosces
856 955 912 976 me
935 943 1000 977 tibi
1026 944 1163 984 adesse,
1195 954 1251 976 me

263 1012 343 1034 vere
373 998 522 1042 gemitus
555 1003 587 1029 et
615 995 784 1028 clamores
811 1000 944 1026 vestros
969 994 1154 1035 exaudire,
1196 1005 1251 1026 me

263 1058 356 1086 certo
383 1048 472 1081 velle
495 1045 680 1090 opitulari,
722 1056 825 1089 quem
851 1042 1022 1077 honorem
1055 1045 1134 1077 volo
1162 1041 1251 1077 mihi

264 1101 385 1140 tribui,
411 1098 494 1131 nolo
511 1109 567 1129 me
584 1096 755 1129 removeri
773 1101 938 1139 tanquam
955 1095 1133 1137 ignavum,
1160 1094 1251 1128 osci-

264 1158 414 1190 tantem,
456 1161 493 1182 ac
518 1146 793 1180 somniculosum
821 1145 952 1184 Deum,
996 1145 1057 1190 qui
1080 1157 1143 1178 nec
1168 1145 1250 1179 velit

263 1214 363 1247 opem
386 1201 497 1240 serre,
523 1210 586 1231 nec
602 1197 646 1229 sit
664 1197 793 1229 efficax.

368 1251 502 1294 Quarta
534 1259 653 1288 causa,
690 1258 812 1281 omnes
844 1247 1095 1291 promissiones
1119 1246 1252 1280 benefi-

265 1305 398 1338 ciorum
426 1299 663 1345 corporalium
692 1299 822 1331 debent
844 1309 915 1330 esse
940 1297 1252 1331 commonefactio-

264 1366 325 1388 nes
344 1355 386 1385 de
404 1363 560 1388 summa,
588 1349 773 1393 praecipua
800 1355 833 1381 et
856 1355 993 1380 aeterna
1021 1347 1253 1391 promissione

265 1405 417 1447 gratiae,
459 1413 519 1435 seu
547 1398 845 1433 reconciliationis
878 1405 910 1430 et
940 1398 1062 1431 salutis
1093 1404 1254 1431 aeternae

265 1461 408 1499 propter
427 1451 655 1485 mediatorem
675 1449 784 1481 filium
804 1446 1072 1481 DeiDominum
1091 1455 1251 1481 nostrum

269 1506 379 1539 lesum
398 1501 592 1537 Christum.
653 1500 740 1532 Nam
760 1498 854 1531 Deus
873 1498 950 1531 ideo
969 1499 1042 1531 vult
1061 1501 1144 1531 dare
1162 1499 1254 1531 bona

267 1555 442 1599 corporis,
476 1552 556 1596 qnia
585 1552 618 1583 in
647 1549 709 1582 bac
736 1550 805 1582 vita
827 1555 907 1581 ante
923 1556 1069 1582 mortem
1089 1561 1254 1592 corpora-

268 1609 334 1640 lem
360 1602 519 1637 inchoari
546 1600 863 1643 regenerationem,
891 1606 922 1631 et
947 1600 1068 1631 salutis
1093 1606 1255 1632 aeternae

268 1657 367 1690 initia
393 1654 464 1687 ficri
493 1663 630 1685 necesse
656 1658 723 1689 est,
771 1656 809 1682 ut
834 1649 973 1692 colligat
998 1657 1029 1682 et
1052 1657 1165 1683 servet
1189 1649 1254 1682 ali-

267 1719 372 1753 quam
393 1703 584 1738 Ecclesiam
604 1702 639 1735 in
659 1700 915 1734 consuetudine
940 1701 1132 1744 praesentis
1153 1701 1254 1735 vitae.

269 1760 388 1801 Quare
421 1756 505 1788 fides
537 1752 784 1786 universaliter
814 1751 850 1783 in
874 1751 970 1783 omni
999 1751 1167 1794 petitione
1193 1752 1254 1783 bo—

269 1821 396 1842 norum
416 1805 652 1850 praesentium
666 1830 674 1842 ,
702 1802 805 1835 simul
827 1802 1004 1834 intueatur
1023 1803 1254 1835 redemtorem

269 1868 299 1892 et
328 1859 533 1891 salvatorem
554 1853 751 1890 Christum,
779 1865 816 1885 ac
840 1853 938 1895 prius
963 1854 1081 1885 credat
1109 1859 1141 1885 et
1165 1853 1256 1885 acci-

271 1911 338 1953 piat
374 1907 614 1940 remissionem
647 1910 887 1947 peccatorum,
933 1903 1002 1933 imo
1033 1903 1136 1940 sciat,
1185 1914 1255 1935 non

272 1971 370 2005 posse
391 1957 505 1989 accedi
523 1958 563 1989 ad
577 1955 693 1988 Deum
707 1977 714 1988 .
744 1965 806 1984 nec
825 1953 892 1995 peti
913 1960 968 1984 aut
989 1953 1176 1995 exspectari
1195 1965 1257 1985 au-

272 2011 395 2045 xilinm
416 2006 616 2050 corporale,
645 2003 710 2036 nisi
729 2009 911 2047 postquam
931 2003 1163 2046 promissione
1180 2016 1256 2045 gra-

272 2063 360 2101 tiae,
403 2066 430 2091 et
460 2057 584 2090 fiducia
616 2053 912 2088 reconciliationis
939 2053 1042 2086 erecti
1075 2054 1258 2086 statuimus

273 2111 385 2146 Deum
407 2110 578 2152 placatum
598 2118 689 2142 esse,
726 2104 878 2147 recipere
897 2116 960 2136 nos
979 2105 1013 2136 in
1034 2104 1198 2144 gratiam,
1227 2112 1259 2138 et

274 2162 376 2196 uobis
401 2161 578 2201 ignoscere
601 2163 743 2201 propter
758 2153 951 2189 Christum.
1012 2155 1068 2187 Sic
1086 2153 1260 2188 Dominus

516 2208 626 2242 {Nn-ino
652 2213 760 2249 potest
787 2205 906 2237 vonim-
927 2206 968 2237 ad
993 2204 1150 2245 Patrem,
1193 2206 1259 2239 nisi

275 2277 334 2308 per
350 2264 471 2295 filiuni.
528 2259 633 2298 ltem,
658 2253 862 2292 2.(]orintlt.
882 2256 929 2289 1·:
959 2255 1094 2288 Omnes
1112 2257 1261 2300 promis-

275 2316 389 2348 siones
407 2312 546 2344 ‹lixiuae
567 2316 645 2342 suut
667 2310 800 2346 Amen,
835 2307 868 2339 id
890 2315 958 2344 est.
993 2315 1122 2346 certae,
1159 2315 1262 2347 ratae,

277 2368 413 2399 firmae„
442 2374 559 2399 verae,
586 2372 646 2404 per
664 2367 693 2392 et
717 2365 859 2402 propter
874 2355 1067 2391 Christum.

379 2414 451 2447 llas
467 2419 617 2457 quatuor
633 2423 750 2443 causas
771 2410 858 2441 bene
876 2415 1105 2447 mementote,
1139 2416 1167 2441 et
1187 2411 1262 2441 ani-

280 2468 344 2499 mis
370 2464 520 2504 infigite,
562 2474 668 2507 quare
692 2461 781 2494 Deus
806 2459 991 2493 tradiderit
1015 2460 1263 2503 proriiissioties

280 2521 454 2550 bonorum
478 2513 735 2557 corporalium,
761 2524 797 2543 ac
823 2511 1000 2554 quomodo
1022 2510 1064 2544 sit
1089 2511 1136 2543 eis
1162 2518 1262 2543 uteu—

280 2571 376 2605 dum,
394 2573 423 2599 et
443 2563 507 2598 boc
529 2565 633 2597 modo
651 2563 786 2600 discite,
813 2563 914 2594 sidem
935 2561 1063 2605 pariter
1080 2561 1114 2593 in
1135 2563 1263 2595 utrius-

281 2632 347 2663 qus·
381 2616 515 2658 generis
549 2613 859 2658 promissionilms,
900 2625 978 2645 cum
1010 2612 1264 2656 spiritualibus.

283 2679 354 2702 tum
375 2667 616 2710 corporalibus
635 2675 804 2698 exercere.
846 2663 933 2696 Nam
950 2663 1009 2708 qui
1027 2674 1162 2706 genera,
1188 2676 1262 2705 gra·

275 2215 346 2256 ipse
371 2211 469 2243 dicit:

1268 270 1271 281 .
1295 233 1411 266 ctione
1443 234 1550 268 modo
1575 234 1744 273 diximus,
1785 241 1876 268 recte
1899 234 2028 277 cogitat
2048 240 2081 268 et
2103 234 2280 279 intelligit,

1295 283 1325 316 is
1344 280 1452 318 habet
1474 290 1507 318 et
1531 284 1764 318 clarissimum
1791 285 1911 318 lumen
1933 285 1970 317 in
1997 284 2157 318 doctrina
2174 284 2281 320 Chri-

1296 333 1427 375 stiana,
1454 340 1488 368 et
1503 333 1540 367 iu
1557 335 1680 379 quavis
1697 335 1903 373 tentatione,
1930 335 2002 368 sive
2016 335 2190 379 spirituali
2209 336 2281 369 sive

1296 384 1491 428 corporali,
1517 383 1687 418 efficacem
1705 386 1995 420 consolationem.

1397 433 1578 468 Hactenus
1601 435 1861 470 admonitiones
1879 437 2000 469 breves
2020 443 2053 469 et
2070 436 2283 470 necessarias

1297 485 1459 520 recensui
1476 485 1519 518 de
1535 485 1762 519 distinctione
1780 487 1963 532 utriusque
1978 488 2114 529 generis
2133 487 2284 531 promis-

1298 537 1457 577 sionum,
1494 542 1528 569 et
1559 537 1601 568 de
1631 536 1800 580 petitione
1830 538 2006 571 honorum
2036 537 2284 581 corporalium,

1299 598 1386 633 quas
1401 587 1462 632 qui
1481 585 1720 620 considerabit
1734 593 1875 627 attente,
1902 595 1934 621 et
1949 589 2121 622 exercebit
2137 588 2287 628 assidue,

1299 651 1337 673 re
1361 637 1437 683 ipsa
1460 637 1677 681 experietur,
1704 637 1981 678 invocationem,
2008 640 2034 672 si
2058 640 2115 672 fiat
2143 637 2209 672 boc
2226 651 2286 672 or-

1301 690 1402 730 dine,
1445 694 1484 722 ut
1506 687 1637 722 dictum
1663 694 1730 728 est,
1772 699 1846 722 non
1870 688 2005 722 irritam
2028 691 2086 723 sed
2111 690 2283 723 efficacem

1302 753 1387 776 esse.

1404 790 1451 825 At
1481 789 1540 825 bic
1569 799 1690 827 contra
1721 792 1845 827 obiicit
1868 789 2021 825 humana
2046 791 2285 825 imbecillitas:

1302 841 1392 877 Cum
1409 843 1559 876 sciamus
1577 844 1614 876 in
1633 840 1697 876 hac
1714 843 1784 877 vita
1803 850 1964 887 oportere
1983 854 2047 876 nos
2062 843 2181 886 affligi,
2201 841 2285 887 quid

1303 893 1426 926 attinet
1444 893 1585 937 petere?
1636 892 1758 927 Brevis
1776 901 1810 927 et
1826 893 2007 937 perspicua
2025 893 2205 937 responsio
2223 899 2286 925 est:

1303 944 1462 978 Sciamus
1478 950 1686 989 utrumque,
1714 951 1744 977 et
1761 944 1880 987 affligi,
1909 951 1941 977 et
1957 950 2073 977 tamen
2091 944 2208 977 vivere
2224 953 2289 975 nos

1303 1001 1483 1038 oportere,
1517 994 1612 1028 iuxta
1637 1006 1774 1028 versum
1799 994 1945 1027 Psalmi:
1982 994 2164 1037 Castigans
2187 993 2290 1027 casti-

1304 1045 1397 1089 gavit
1413 1057 1467 1077 me
1477 1043 1674 1088 Dominus,
1699 1052 1732 1079 et
1747 1046 1850 1077 morti
1872 1057 1943 1077 non
1961 1045 2105 1078 tradidit
2125 1056 2191 1080 me.
2231 1042 2289 1078 Sic

1305 1095 1470 1129 Ieremias
1493 1095 1621 1128 clamat
1651 1097 1694 1129 de
1716 1095 1933 1138 mitigatione
1960 1095 2198 1129 calamitatum
2222 1091 2291 1127 Ec-

1304 1146 1444 1180 clesiae:
1473 1144 1620 1190 Corripe
1643 1158 1697 1179 me
1711 1145 1883 1185 Domine,
1916 1152 2147 1179 veruntamen
2171 1145 2207 1177 in
2234 1145 2290 1178 iu—

1305 1197 1418 1241 dicio,
1446 1209 1518 1230 non
1537 1197 1572 1229 in
1591 1197 1729 1235 furore,
1755 1207 1797 1229 ne
1816 1197 1858 1228 ad
1885 1193 2039 1229 nihilum
2066 1196 2202 1239 redigas
2224 1206 2290 1228 me.

1306 1247 1505 1292 Utrumque
1531 1247 1627 1282 Deus
1648 1246 1803 1280 mirabili
1829 1252 1861 1280 et
1886 1246 2116 1279 inenarrabili
2143 1244 2292 1280 consilio

1305 1298 1418 1331 sanxit
1434 1305 1467 1331 et
1483 1297 1675 1332 ordinavit.
1731 1296 1817 1330 Vult
1837 1297 1961 1340 punire
1981 1303 2159 1341 peccatum
2180 1308 2241 1341 per
2260 1302 2292 1329 et

1306 1355 1450 1392 propter
1473 1359 1570 1380 suam
1606 1348 1795 1388 iustitiam,
1830 1348 1904 1381 vult
1931 1354 1963 1380 et
1993 1345 2185 1380 Ecclesiam
2208 1347 2293 1379 sub-

1307 1399 1429 1432 iectam
1458 1410 1528 1431 esse
1555 1398 1668 1435 cruri,
1703 1405 1734 1430 et
1762 1405 1876 1431 tamen
1907 1409 1986 1430 curn
2014 1397 2232 1431 mandaverit
2255 1407 2294 1429 ac

1307 1449 1458 1493 postulet
1483 1448 1765 1486 invocationem,
1806 1448 1878 1480 vult
1904 1459 1968 1480 nos
1992 1454 2162 1487 statuere,
2198 1448 2292 1492 quod

1307 1499 1460 1543 precatio
1483 1511 1665 1543 nunquam
1689 1499 1732 1531 sit
1756 1499 1871 1530 inanis
1895 1505 1926 1530 et
1953 1498 2070 1535 irrita,
2112 1499 2169 1530 sed
2198 1497 2292 1543 quod

1308 1551 1380 1594 ipse
1405 1549 1447 1582 sit
1480 1550 1648 1582 immensa
1679 1549 1919 1582 misericordia
1947 1548 2169 1590 mitigaturus
2193 1549 2295 1580 invo-

1308 1600 1470 1633 cantibus
1488 1607 1520 1633 et
1537 1611 1685 1643 poenam
1706 1606 1736 1632 et
1755 1610 1911 1634 crucem,
1939 1610 1982 1631 ne
2004 1610 2146 1642 prorsus
2162 1598 2200 1631 in
2223 1604 2295 1632 ter-

1308 1651 1356 1684 ris
1374 1647 1530 1683 Ecclesia
1555 1650 1724 1684 deleatur.
1778 1647 1887 1682 Plane
1907 1649 2012 1691 igitur
2027 1656 2059 1682 et
2075 1648 2167 1682 clare
2182 1655 2295 1693 potest

1309 1700 1477 1744 intelligi,
1524 1712 1594 1733 non
1626 1700 1757 1733 idcirco
1788 1711 1906 1744 preces
1933 1699 2095 1740 inutiles,
2134 1701 2193 1733 sed
2220 1697 2294 1733 Deo

1309 1758 1421 1795 gratas
1437 1758 1468 1784 et
1486 1752 1637 1784 efficaces
1653 1762 1742 1789 esse=
1769 1750 1903 1784 etiamsi
1924 1762 1988 1783 nos
2001 1750 2162 1793 exemplo
2178 1749 2296 1784 Simo-

1309 1803 1364 1835 nis
1387 1801 1556 1847 Cyrenaei
1590 1813 1670 1834 vere
1701 1807 1833 1844 partem
1864 1808 2001 1834 sanctae
2026 1801 2138 1833 crucis
2162 1807 2294 1842 gestare

1310 1852 1486 1896 cogimur,
1512 1858 1741 1884 veruntamen
1754 1849 1915 1885 (hristus
1933 1852 2056 1889 adstat,
2085 1857 2116 1884 et
2132 1850 2296 1884 subvenit

1310 1915 1347 1936 ac
1367 1903 1562 1946 opitulatur
1581 1902 1693 1935 nobis.
1745 1901 1839 1934 Haec
1859 1901 2012 1934 breviter
2030 1898 2096 1934 hoc
2120 1901 2195 1934 loco
2218 1912 2295 1934 mo-

1311 1953 1427 1987 nuisse
1445 1953 1526 1985 satis
1545 1953 1606 1991 sit,
1643 1953 1760 1996 plures
1777 1952 1870 1984 enim
1890 1958 2007 1995 postea
2025 1953 2067 1983 de
2083 1948 2147 1984 boc
2169 1963 2295 1994 genere

1312 2003 1521 2048 petitionum
1540 2002 1894 2035 commonefactiones
1912 2004 2090 2036 addemus.

1363 2084 1417 2119 Et
1440 2086 1575 2119 remitte
1600 2085 1705 2120 nobis
1731 2083 1853 2119 debita
1878 2090 2024 2125 nostra,
2059 2086 2150 2120 sicut
2176 2091 2206 2120 et
2232 2099 2297 2123 nos

1416 2137 1631 2171 remittimus
1650 2134 1874 2170 debitoribus
1894 2136 2040 2172 nostris.

1415 2204 1487 2238 Vos
1509 2206 1624 2241 scitis,
1653 2206 1758 2250 idqiie
1782 2206 1942 2238 meditari
1971 2205 2174 2249 diligenter,
2202 2213 2233 2239 et
2261 2207 2297 2240 in

1314 2263 1500 2300 conspectu
1526 2268 1663 2300 semper
1686 2254 1814 2289 babere
1842 2257 1995 2293 debetis.
2039 2256 2196 2299 duplices
2227 2269 2298 2291 esse

1315 2307 1564 2352 promissiones
1580 2307 1736 2341 divinas:
1762 2314 1918 2341 aeternas
1929 2314 1959 2340 et
1975 2308 2185 2351 corporales.
2213 2306 2301 2342 Pro-

1316 2359 1434 2392 missio
1449 2359 1492 2391 de
1508 2358 1612 2392 bonis
1631 2358 1782 2391 aeternis
1800 2364 1846 2390 est
1867 2358 2052 2401 promissio
2070 2358 2219 2399 gratiae,
2244 2370 2300 2393 re-

1317 2410 1494 2442 missionis
1518 2416 1757 2453 peccatorum.
1784 2408 1985 2441 donationis
2002 2409 2156 2453 Spiritus
2179 2410 2301 2449 sancti.

1317 2467 1347 2494 et
1365 2461 1486 2494 salutis
1504 2467 1673 2494 aeternae.
1727 2458 1819 2492 ilaec
1838 2466 1886 2492 est
1912 2461 2096 2504 praecipua
2114 2458 2298 2506 Evangelii

1317 2511 1520 2555 promissio,
1547 2517 1690 2555 propter
1714 2522 1818 2555 quam
1846 2510 1937 2543 lilius
1955 2509 2018 2544 Dei
2037 2511 2162 2544 missus
2183 2517 2232 2544 est
2255 2513 2298 2544 ad

1318 2573 1401 2604 nos,
1443 2569 1475 2595 et
1498 2561 1708 2596 constitutus
1737 2562 1927 2600 mediator,
1973 2562 2169 2601 redemtor,
2212 2562 2300 2596 libe-

1318 2618 1414 2646 rator
1435 2621 1467 2647 et
1492 2612 1653 2647 salvator.
1708 2610 1796 2645 Nam
1819 2611 1846 2644 si
1871 2618 2006 2645 tautum
2031 2611 2187 2656 corporis
2211 2613 2302 2647 bona

1319 2665 1487 2707 promissa
1505 2664 1606 2696 nobis
1623 2669 1746 2702 esseut,
1772 2675 1833 2696 ner
1853 2660 2004 2697 habituri
2023 2674 2174 2697 essemus
2191 2671 2302 2699 aeler-
