2409 2915
128 105 202 142 425
658 105 744 142 XII.

127 191 239 235 ignari
251 190 454 235 Evangelii,
480 196 514 224 et
528 188 842 233 fugientesDeum‚
870 202 943 224 non
960 199 1106 236 possunt

127 254 205 275 eum
231 242 402 275 invocare.
456 240 548 283 Quia
569 240 744 274 invocatio
761 241 908 286 requirit
925 242 1027 276 fidem
1043 255 1105 288 pe-

127 299 275 330 tentem,
304 299 335 326 et
353 297 587 335 expectantem
603 291 697 324 bona
713 303 731 324 a
748 289 834 327 Deo.

230 341 456 376 Discernatur
472 341 578 383 igitur
596 338 734 374 ethnica
751 342 883 385 agnitio
895 340 960 376 Dei
977 355 994 376 a
1013 355 1103 380 vera.

126 393 215 426 Nam
247 405 327 425 vera
353 391 485 433 agnitio
508 388 602 424 hunc
625 390 739 424 Deum
762 392 920 433 invocat,
955 395 1015 438 qui
1040 406 1104 428 nos

125 443 304 482 condidit,
329 448 361 475 et
384 453 418 474 se
442 442 609 474 immensa
630 442 787 476 bonitate
807 443 981 486 patefecit,
1009 445 1104 479 misit

125 493 256 527 Filium
274 493 316 525 de
334 504 404 536 quo
422 492 600 525 clamavit:
628 490 733 526 Hunc
751 494 885 532 audite,
913 501 946 528 et
962 502 1104 540 propter

125 555 228 588 quem
254 543 400 576 donavit
424 542 665 575 remissionem
684 550 924 586 peccatorum,
952 551 984 578 et
1003 545 1104 579 resti-

125 593 190 627 tuit
219 593 325 626 vitam
356 599 541 626 aeternam.
603 592 750 637 Semper
770 593 879 637 igitur
900 595 937 628 in
960 595 1102 630 invoca-

124 644 218 677 tione
233 654 331 676 mens
350 643 528 676 intueatur
545 640 639 676 hunc
656 644 773 677 Deum
791 645 1018 685 conditorem,
1042 646 1102 691 qui

121 705 156 726 se
179 693 339 737 patefecit
363 693 586 736 promulgato
612 695 719 727 verbo
743 706 806 728 suo
829 702 861 728 et
879 696 983 729 misso
999 696 1103 737 Filio,

121 745 182 789 qui
200 755 263 787 pro
283 744 385 776 nobis
402 744 513 777 factus
532 750 580 777 est
599 744 739 777 victima
751 771 760 785 ,
787 752 820 779 et
835 758 908 779 non
924 747 1050 780 frustra
1067 758 1102 780 se

120 794 303 842 patefecit,
330 806 393 826 nec
409 794 537 827 frustra
555 794 650 827 misit
666 795 813 831 Filium.

223 842 342 886 Quare
362 856 498 888 semper
524 845 560 876 in
584 846 782 887 precatione
805 847 946 889 cogites:
975 847 1028 881 Te
1046 847 1102 880 in-

122 906 226 932 voco,
253 894 496 937 omnipotens,
523 901 661 927 aeterne
679 903 712 929 et
730 896 806 929 vive
822 896 935 937 Deus,
962 904 1101 931 aeterne

120 951 217 988 pater
233 942 377 977 Domini
401 944 599 978 uostrilesu
610 943 759 984 Christi,
786 948 950 981 conditor
965 954 997 981 et
1016 960 1101 981 con—

119 1001 275 1028 servator
291 996 449 1028 omnium
467 1007 602 1035 rerum,
630 995 817 1043 cumfilio
836 1004 895 1030 tuo
907 997 983 1031 Iesu
995 996 1100 1031 Chri-

119 1052 192 1085 sto,
229 1052 261 1078 et
284 1044 421 1087 Spiritu
452 1053 592 1085 sancto,
625 1046 782 1089 sapiens,
818 1048 927 1087 bone,
962 1048 1099 1080 miseri-

119 1107 214 1135 cors,
241 1095 345 1128 iudex
361 1102 393 1127 et
410 1096 527 1134 fortis,
554 1096 614 1140 qui
632 1096 821 1139 patefecisti
839 1104 870 1130 te
887 1099 968 1131 dato
978 1097 1100 1130 Evan-

118 1145 228 1188 gelio,
264 1153 297 1178 et
327 1147 457 1178 donato
483 1144 574 1178 Filio
602 1158 665 1188 pro
687 1147 807 1187 nobis,
841 1148 1004 1181 miserere
1029 1149 1099 1181 mei

117 1202 261 1238 propter
291 1194 422 1228 Filium
454 1202 552 1228 tuum
575 1195 768 1229 Dominum
799 1204 957 1231 nostrum
984 1197 1098 1231 lesum

117 1243 316 1285 Christum,
344 1257 446 1289 quem
464 1246 606 1279 voluisti
623 1258 685 1288 pro
702 1247 806 1279 nobis
820 1259 892 1280 esse
909 1247 1099 1288 victimam,

118 1296 345 1328 mediatorem
370 1302 403 1328 et
425 1296 704 1338 deprecatorem,
730 1303 763 1329 et
786 1297 979 1336 sanctifica,
1007 1310 1098 1340 rege,

115 1346 217 1383 iuva,
251 1346 336 1377 doce
359 1357 412 1376 me
432 1343 566 1388 Spiritu
591 1352 711 1379 sancto
733 1353 806 1381 tuo.
866 1345 962 1379 Haec
985 1348 1096 1380 forma

117 1395 329 1439 precationis
352 1394 539 1437 diligenter
562 1396 744 1438 cogitanda
769 1402 835 1435 est,
862 1403 901 1430 ut
920 1397 1097 1430 discerna-

114 1457 193 1478 mus
229 1457 345 1478 veram
378 1445 636 1478 invocationem
667 1446 710 1478 ab
744 1444 901 1487 ethnica,
944 1446 1096 1488 Iudaica,

115 1494 276 1533 Turcica,
304 1502 336 1528 et
354 1507 431 1528 cum
450 1507 547 1528 mens
565 1496 762 1530 considerat
780 1497 990 1537 testimonia,
1018 1499 1096 1542 qui-

114 1546 179 1578 bus
200 1558 234 1579 se
251 1544 344 1578 Deus
367 1546 547 1588 patefecit,
575 1547 704 1580 multae
723 1547 960 1581 dubitationes
978 1549 1096 1591 epicu-

114 1608 190 1629 reae
208 1603 239 1629 et
256 1596 470 1628 academicae
487 1597 734 1631 excluduntur.

502 1694 548 1718 De
579 1695 701 1718 tertia

212 1744 301 1779 Cum
333 1746 377 1778 ita
405 1745 664 1779 consideramus
690 1746 801 1780 Deum
827 1758 862 1779 se
886 1747 1096 1790 patefacien-

114 1803 182 1831 tem
197 1823 205 1836 ,
230 1796 357 1828 ordine
382 1795 533 1828 illustres
554 1797 784 1829 revelationes
799 1798 906 1830 factae
926 1797 1094 1841 patribus,

113 1844 317 1890 Prophetis,
352 1843 511 1882 Christo,
546 1845 725 1889 Apostolis
748 1847 954 1889 cogitentur.
1024 1847 1090 1881 Sed

111 1894 170 1930 hic
192 1897 381 1929 discrimen
403 1898 604 1929 attendatur
622 1897 712 1930 inter
728 1895 920 1941 Prophetas
937 1904 970 1931 et
987 1896 1093 1931 Chri-

111 1954 215 1981 stum.
265 1944 461 1990 Prophetae
486 1954 566 1980 sunt
590 1948 769 1988 doctores,
798 1960 858 1991 per
882 1959 969 1992 quos
992 1955 1091 1981 sonat

112 2009 178 2030 vox
203 1996 286 2035 Dei,
313 1999 370 2029 sed
396 2009 467 2029 non
493 2003 574 2030 sunt
597 1997 776 2037 victimae,
801 2010 890 2043 quae
913 2005 1092 2031 merentur

111 2047 350 2080 remissionem
374 2054 615 2091 peccatorum,
644 2060 708 2081 nec
723 2055 804 2082 sunt
821 2050 960 2082 datores
977 2048 1092 2093 Spiri—

111 2104 168 2131 tus
204 2098 313 2130 sancti
348 2104 382 2130 et
417 2097 507 2130 vitae
539 2104 719 2139 aeternae,
755 2099 813 2131 sed
845 2105 980 2132 tantum
1009 2105 1089 2132 sunt

111 2147 263 2179 ministri
290 2147 383 2179 vocis
404 2147 563 2187 divinae,
590 2160 649 2180 seu
667 2149 940 2182 concionatores.
991 2149 1088 2183 Sicut

113 2195 288 2230 lohannes
319 2196 555 2239 significanter
585 2199 689 2231 dixit:
722 2197 796 2242 Ego
826 2211 901 2232 sum
929 2211 995 2231 vox
1020 2200 1087 2231 cla-

112 2259 210 2280 mans
236 2248 270 2280 in
294 2248 440 2280 deserto.
511 2247 578 2281 Sed
605 2248 699 2280 aliud
726 2249 836 2282 maius
859 2249 1013 2282 officium
1043 2256 1089 2282 est

111 2296 253 2332 Christi.
306 2297 372 2330 llic
397 2298 587 2330 intercessit
613 2309 674 2339 pro
701 2299 803 2331 nobis
826 2300 918 2342 apud
943 2306 1088 2343 patrem,

111 2355 143 2382 et
160 2348 311 2381 mirabili
330 2348 476 2381 consilio
493 2348 687 2381 divinitatis
704 2348 827 2380 missus
843 2356 910 2389 est,
939 2356 977 2382 ut
994 2349 1088 2382 fieret

109 2399 268 2438 victima,
296 2406 325 2431 et
351 2405 437 2431 esset
461 2399 563 2431 dator
581 2398 733 2441 Spiritus
750 2399 858 2431 sancti
876 2406 908 2432 et
926 2399 1016 2432 vitae
1031 2411 1087 2432 ae-

110 2455 247 2487 ternae,
275 2449 484 2481 constitutus
501 2449 689 2488 mediator,
716 2456 857 2491 propter
874 2461 977 2493 quem
992 2448 1086 2483 Deus

110 2500 231 2544 recipit
249 2511 312 2532 nos
327 2499 510 2531 asserentes
527 2499 689 2532 fiduciam
708 2496 814 2532 huius
831 2500 1042 2533 mediatoris.

207 2548 284 2582 Hoc
310 2549 509 2581 mirandum
534 2549 721 2582 consilium
748 2551 905 2583 nondum
930 2550 1011 2584 satis
1029 2550 1086 2583 in-

111 2599 313 2641 telligimus,
348 2600 407 2631 sed
438 2606 570 2632 tantum
598 2599 724 2632 scimus
752 2600 988 2634 testimonium
1013 2612 1085 2633 esse

112 2649 260 2692 ingentis
275 2650 345 2683 irae
355 2651 521 2683 adversus
531 2657 725 2694 peccatum,
750 2657 781 2684 et
794 2663 912 2684 rursus
925 2651 1084 2684 immensi

795 103 1184 143 ANNOTATIONES
1221 104 1271 140 IN
1311 104 1608 143 EVANGELIA.

2068 112 2142 149 426

1157 190 1286 224 amoris
1308 202 1386 234 erga
1412 203 1520 235 genus
1543 191 1749 229 humanum.
1801 193 1947 230 Necesse
1969 203 2019 230 est
2043 198 2136 231 enim

1158 252 1230 274 esse
1245 252 1362 274 veram
1378 249 1411 276 et
1427 243 1602 285 ingentem
1620 244 1726 284 iram,
1753 257 1857 290 quam
1873 247 1970 281 nulla
1989 259 2042 282 res
2059 249 2136 292 pla-

1158 302 1234 324 care
1256 291 1388 335 potuit,
1423 293 1491 325 nisi
1515 291 1639 328 Filius.
1699 293 1745 328 Et
1768 307 1889 330 rursus
1912 309 2049 332 necesse
2074 306 2135 339 est,

1157 352 1317 385 magnam
1340 342 1410 374 vim
1430 343 1558 375 amoris
1577 343 1689 375 divini
1707 355 1796 385 esse,
1823 348 1917 389 quod
1936 360 2008 381 non
2026 347 2136 383 voluit

1157 389 1247 425 hanc
1264 399 1455 426 creaturam
1474 393 1607 436 perire,
1634 394 1692 426 sed
1710 395 1790 427 dato
1810 395 1900 430 Filio
1917 399 2064 433 restitui.

1258 441 1327 476 Sed
1351 443 1453 476 multi
1477 444 1520 476 de
1538 441 1680 477 Christo
1703 444 1806 478 aliter
1827 447 1994 483 sentiunt.
2048 448 2135 482 Fin-

1156 499 1243 536 gunt
1266 492 1372 525 fuisse
1386 493 1638 536 legislatorem,
1665 495 1725 539 qui
1742 501 1878 529 tantum
1898 505 2078 541 praecepta
2094 501 2138 532 de

1157 543 1316 576 moribus
1337 544 1541 584 tradiderit,
1574 545 1663 578 sicut
1685 546 1810 580 caeteri
1834 544 2055 590 philosophi,
2080 556 2137 582 aut

1156 593 1293 636 fingunt
1316 593 1465 626 similem
1491 606 1563 628 esse
1583 593 1787 638 Prophetis,
1814 603 1853 630 ut
1878 596 2000 632 ludaei
2023 596 2138 631 adhuc

1156 650 1336 686 expectant
1353 643 1516 677 Messian]
1536 651 1703 690 tanquam
1720 646 1972 689 legislatorem,
1999 654 2059 682 aut
2074 659 2139 691 gu-

1156 694 1374 727 bernatorem
1391 695 1592 738 politicum,
1620 707 1693 728 non
1709 697 1885 730 victimam
1901 704 1963 731 aut
1979 699 2137 732 datorem

1156 744 1246 776 vitae
1276 751 1447 777 aeternae.
1504 744 1586 778 Ideo
1620 742 1677 778 hic
1708 746 1747 778 in
1770 747 1973 791 quaestione
1996 748 2138 789 dicitur,

1156 794 1243 827 alios
1262 794 1363 827 aliter
1380 795 1425 827 de
1441 792 1583 828 Christo
1602 795 1771 831 iudicare.

1258 844 1326 878 Sed
1351 856 1429 877 vera
1447 843 1601 879 Ecclesia
1620 846 1787 880 discernit
1802 845 1981 881 Christum
1999 855 2032 883 et
2049 848 2139 883 Pro-

1156 891 1287 937 phetas,
1340 894 1423 928 ldeo
1448 893 1531 929 haec
1552 897 1723 940 professio
1740 895 1797 930 hic
1814 898 2012 941 exponitur.
2064 899 2137 933 Vos

1156 956 1258 989 quem
1284 957 1338 977 me
1358 957 1430 978 esse
1448 946 1588 979 dicitis?
1639 945 1838 991 Respondit
1855 947 1997 982 Petrus:
2026 948 2083 983 Tu
2101 961 2136 983 es

1154 993 1314 1027 Christus
1332 994 1442 1028 Filius
1458 995 1524 1028 Dei
1548 997 1708 1032 viventis.
1761 996 1858 1031 Duas
1881 1010 1936 1032 res
1956 1007 2137 1040 asseverat,

1154 1042 1248 1077 hunc
1275 1052 1394 1077 natum
1418 1058 1457 1078 ex
1474 1045 1586 1079 Maria
1605 1058 1677 1080 esse
1694 1046 1879 1089 Messiam,
1906 1049 1941 1081 id
1959 1056 2027 1089 est,
2054 1061 2136 1093 pro-

1154 1095 1296 1127 missum
1321 1096 1548 1135 salvatorem,
1575 1104 1607 1130 et
1633 1095 1727 1130 hunc
1752 1098 1960 1132 salvatorem
1985 1110 2055 1132 esse
2075 1099 2136 1133 Fi-

1154 1145 1240 1177 lium
1258 1146 1346 1186 Dei,
1374 1157 1444 1179 non
1470 1153 1508 1180 ut
1529 1148 1654 1180 caeteri
1674 1147 1842 1182 dicuntur
1854 1149 1916 1181 filii
1933 1150 2135 1193 adoptione,

1153 1196 1212 1227 sed
1237 1202 1361 1228 natura
1387 1196 1520 1236 filium,
1543 1196 1632 1230 sicut
1657 1209 1696 1229 ex
1716 1197 1856 1232 Psalmo
1882 1199 2052 1233 didicerat
2068 1199 2134 1233 Pe-

1153 1251 1241 1277 trus:
1270 1245 1381 1278 Filius
1399 1258 1495 1279 meus
1514 1258 1548 1278 es
1567 1253 1622 1287 tu,
1650 1258 1713 1289 ego
1728 1246 1834 1282 hodie
1850 1249 1955 1292 genui
1971 1256 2016 1284 te.

1253 1294 1364 1327 Porro
1386 1307 1459 1328 non
1485 1297 1597 1329 solum
1624 1297 1661 1329 in
1686 1298 1863 1337 docendo,
1891 1300 1949 1332 sed
1976 1299 2133 1344 quotidie

1151 1344 1187 1376 in
1214 1344 1436 1378 invocatione
1462 1352 1623 1380 teneatur
1646 1345 1711 1379 hoc
1735 1348 1921 1381 discrimen
1946 1347 2077 1382 Christi
2101 1357 2134 1383 et

1151 1392 1421 1437 Prophetarum.
1474 1395 1633 1430 Sciamus
1650 1395 1843 1441 Prophetas
1867 1404 2004 1432 tantum
2028 1399 2134 1432 fuisse

1151 1445 1329 1485 doctores,
1367 1458 1440 1478 non
1470 1447 1662 1490 placatores
1691 1445 1774 1488 Dei,
1809 1454 1841 1481 et
1871 1449 2009 1482 datores
2041 1449 2133 1482 ritae

1151 1501 1322 1528 aeternae.
1375 1495 1444 1529 Sed
1479 1497 1562 1530 fides
1594 1498 1774 1531 intueatur
1805 1504 1839 1531 et
1868 1498 2007 1532 invocet
2038 1496 2133 1533 hunc

1151 1544 1316 1577 Messiam
1329 1571 1336 1585 ,
1362 1546 1407 1578 ita
1420 1573 1428 1586 ‚
1455 1553 1493 1579 ut
1511 1554 1638 1581 statuat
1653 1559 1733 1580 eum
1750 1548 1854 1581 fuisse
1873 1549 2048 1583 victimam
2069 1562 2130 1593 pro

1151 1595 1280 1627 nostris
1299 1597 1457 1639 peccatis,
1486 1604 1517 1630 et
1534 1609 1627 1630 nunc
1643 1609 1717 1630 esse
1733 1599 1958 1631 mediatorem
1976 1611 2033 1632 seu
2048 1611 2131 1642 pro-

1151 1645 1372 1688 piciatorem,
1408 1653 1439 1679 et
1473 1648 1629 1679 datorem
1653 1647 1807 1688 Spiritus
1840 1648 1951 1681 sancti
1984 1655 2017 1682 et
2040 1649 2130 1683 vitae

1150 1701 1327 1734 aeternae,
1354 1702 1385 1728 et
1409 1707 1480 1728 esse
1507 1703 1632 1729 natura
1651 1696 1780 1729 Filium
1797 1698 1886 1738 Dei,
1911 1698 1947 1730 id
1972 1705 2040 1739 est,
2068 1711 2131 1732 ea·-

1149 1745 1227 1776 dem
1255 1745 1411 1788 potentia
1437 1758 1514 1778 cum
1540 1753 1635 1789 patre
1657 1754 1880 1789 regnantem,
1909 1748 2128 1789 liberantem,

1148 1795 1410 1834 defendentem,
1447 1796 1692 1830 vivificantem.
1754 1796 1849 1830 Haec
1880 1799 1999 1831 omnia
2033 1811 2128 1832 com-

1147 1845 1312 1887 plectitur
1330 1844 1452 1878 Petrus
1477 1846 1512 1878 in
1539 1858 1598 1879 sua
1622 1847 1858 1887 confessione,
1879 1860 1968 1892 quae
1990 1860 2008 1881 a
2025 1849 2129 1884 nobis

1146 1895 1273 1927 clarius
1299 1896 1557 1936 intelligentur,
1585 1908 1663 1929 cum
1689 1897 1725 1929 in
1750 1897 1972 1932 invocatione
1997 1899 2129 1942 cogita-

1145 1945 1261 1977 bimus
1283 1945 1449 1978 beneficia
1468 1944 1600 1979 Christi
1626 1953 1658 1980 et
1680 1944 1774 1980 hunc
1792 1948 2019 1982 mediatorem
2036 1950 2128 1993 patri

1144 2006 1402 2039 proponemus,
1428 2002 1459 2029 et
1478 1997 1522 2029 cd
1540 1995 1654 2030 Deum
1672 2009 1751 2030 vere
1769 1998 2020 2042 confugiemus.

1533 2096 1579 2120 De
1608 2098 1743 2127 quarto.

1245 2144 1350 2180 Edita
1392 2147 1608 2191 professione
1644 2149 1842 2184 instituitur
1877 2150 2127 2191 ministerium,

1143 2197 1200 2229 sed
1220 2194 1382 2230 Christus
1405 2198 1581 2240 praefatur
1605 2199 1647 2231 de
1672 2200 1740 2232 fine
1764 2212 1822 2233 seu
1848 2200 2000 2234 utilitate
2018 2198 2124 2233 huius

1142 2247 1385 2289 professionis,
1412 2255 1445 2282 et
1466 2250 1562 2281 unde
1577 2249 1620 2282 sit
1639 2247 1722 2282 haec
1739 2250 1809 2282 lux.
1861 2249 1960 2283 Finis
1976 2262 2034 2283 seu
2051 2251 2123 2283 uti-

1141 2297 1221 2330 litas
1244 2304 1313 2337 est,
1339 2305 1377 2331 ut
1401 2296 1466 2331 liae
1488 2299 1706 2341 cognitione,
1735 2300 1953 2333 confessione
1969 2308 2000 2334 et
2019 2301 2121 2333 invo-

1141 2348 1277 2380 catione
1300 2346 1451 2389 Christi,
1484 2361 1740 2393 consequamur
1763 2357 1938 2383 aeternam
1963 2351 2123 2385 salutem.

1141 2396 1223 2431 Ideo
1249 2396 1304 2431 hic
1329 2399 1471 2431 dicitur:
1500 2397 1627 2432 Beatus
1650 2411 1684 2432 es
1700 2400 1842 2440 Simon,
1869 2401 1958 2434 sicut
1979 2407 2010 2433 et
2032 2401 2119 2433 alias

1139 2449 1283 2482 dicitur:
1310 2448 1404 2482 Ilaec
1421 2455 1471 2482 est
1488 2450 1555 2483 vita
1573 2456 1710 2483 aeterna
1723 2477 1731 2489 ‚
1756 2458 1795 2483 ut
1811 2457 1998 2492 agnoscant
2014 2457 2045 2483 te
2061 2461 2119 2483 so-

1139 2498 1211 2531 lum
1234 2510 1306 2532 esse
1323 2498 1454 2537 Deum,
1478 2505 1510 2532 et
1532 2512 1635 2544 quem
1653 2501 1776 2533 misisti
1795 2500 1906 2532 lesum
1923 2511 1994 2532 esse
2011 2499 2119 2533 Chri—

1136 2555 1240 2584 stum.
1293 2549 1351 2583 Sic
1367 2556 1398 2582 et
1413 2548 1534 2582 Esaias
1549 2550 1652 2583 dixit:
1683 2549 2117 2592 Agnitiouesuiiustifica-

1137 2599 1188 2633 hit
1211 2611 1329 2633 servus
1354 2611 1450 2632 meus
1475 2601 1612 2633 multos.
1665 2599 1744 2632 Non
1769 2600 1840 2646 lex,
1877 2612 1948 2632 non
1971 2601 2041 2633 alia
2062 2610 2119 2632 res

1136 2647 1290 2684 humana
1320 2650 1392 2683 ulla
1425 2650 1541 2683 abolet
1569 2656 1750 2693 peccatum
1781 2657 1815 2683 et
1844 2657 2010 2691 mortem,
2054 2652 2116 2683 sed
