2409 2915
265 113 338 148 683

267 198 460 243 peculiares
477 190 764 226 observationes?
799 188 977 222 Parumne
997 195 1115 232 putas,
1141 189 1190 222 ait
1205 189 1256 221 al-

268 258 340 285 ter,
369 258 421 278 nne
445 243 576 277 laboris
602 249 634 274 et
659 241 871 273 ieiuniorum
894 239 1091 273 sustinere?
1123 251 1201 273 eum
1218 239 1255 271 in

268 299 405 332 officina
423 294 571 328 assiduis
587 291 751 335 operibus
766 302 906 323 exerceo
923 289 1109 323 artificium
1128 301 1256 329 meum,

268 347 550 389 domesticaeque
575 342 729 376 familiae
755 341 885 374 victum
913 352 1064 385 quaero,
1091 352 1170 374 curn
1196 352 1255 372 va-

269 401 330 433 riis
349 396 527 431 aerumnis
542 393 744 430 conflictor,
773 391 965 425 tolerandis
989 403 1068 424 cum
1093 391 1129 423 in
1155 402 1256 423 oeco-

269 449 418 484 nomicis
435 445 720 483 difficultatibus,
748 449 821 476 tum
839 442 1007 475 oneribus
1031 454 1049 474 a
1076 442 1254 485 republica

268 499 461 545 impositis,
502 507 581 530 cum
606 494 764 527 incidant
789 492 940 525 subinde
964 492 1134 536 plurima,
1168 503 1256 537 quae

269 547 555 597 patremfamilias
571 543 707 579 duriter
730 543 938 576 excruciant.
990 541 1128 576 Deinde
1151 553 1253 586 quem

270 601 483 644 multiplices
498 596 707 631 domesticae
732 594 892 626 miseriae
913 593 1124 636 defatigant,
1151 604 1254 637 quem

269 663 433 686 curarum
459 648 569 682 moles
593 647 629 679 in
648 644 743 678 civili
762 644 1018 688 gubernatione
1044 651 1076 677 et
1103 643 1254 688 politicis

269 703 392 736 officiis
420 705 572 738 exercet,
604 697 656 730 illi
682 707 753 729 nou
779 702 828 728 est
854 696 1028 738 integrum
1054 695 1164 728 otiose
1187 695 1255 727 cir-

269 759 505 798 cumspectare
534 756 567 783 et
599 758 752 787 cessare,
794 757 858 778 nec
887 757 1042 790 unquam
1071 746 1255 778 defuturae

269 811 350 839 sunt
366 814 507 843 causae,
534 799 733 834 occasiones
751 804 784 830 et
801 796 972 841 pericula,
998 796 1126 840 quibus
1141 796 1181 827 ad
1200 795 1254 827 in-

268 855 506 893 vocationem,
533 852 575 885 ad
594 849 821 884 exercendam
844 847 946 879 fidem
969 858 1007 878 ac
1029 846 1254 878 dilectionem

270 906 507 940 exsuscitetur.
563 901 679 936 Miror
700 900 827 944 itaque,
848 908 910 929 cur
927 897 962 928 in
984 894 1038 928 bis
1055 903 1086 929 et
1106 896 1256 939 publicis

268 966 300 991 et
319 956 463 999 privatis
479 953 629 987 miseriis
644 949 804 983 exercitia
830 947 878 991 pii
899 946 1164 991 patrisfamilias
1182 958 1254 978 non

267 1009 350 1042 satis
367 1009 490 1039 duram
509 1003 687 1037 mititiam,
716 1000 774 1032 sed
792 1011 897 1031 suave
915 997 1027 1032 otium
1045 1009 1118 1030 esse
1136 997 1254 1030 existi-

267 1071 357 1098 mes,
387 1070 426 1090 ac
444 1055 577 1095 nescio,
595 1064 684 1098 quae
701 1049 898 1084 difficiliora
918 1056 951 1082 et
970 1047 1180 1093 perfectiora
1198 1059 1251 1080 re-

265 1110 383 1154 quiras
401 1119 518 1152 opera.

369 1166 498 1209 Magna
519 1165 627 1209 pietas
643 1170 674 1196 et
691 1162 924 1196 sanctimonia
941 1169 988 1195 est
1005 1162 1040 1194 in
1058 1158 1183 1194 officiis
1201 1159 1254 1190 vi-

265 1228 318 1253 tae
341 1216 538 1251 communis
557 1214 671 1248 Deum
696 1221 787 1246 recte
815 1225 1020 1256 agnoscere,
1046 1224 1126 1245 vere
1151 1212 1252 1244 iuvo-

265 1281 342 1304 care
368 1269 404 1301 in
433 1267 613 1311 agnitione
646 1271 678 1297 et
708 1265 835 1297 fiducia
861 1261 1016 1303 Christi,
1061 1263 1190 1295 deinde
1215 1262 1250 1294 in

265 1320 430 1363 coniugio
448 1325 537 1352 caste
555 1317 689 1355 vivere,
712 1315 747 1347 in
764 1315 947 1347 laboribus
963 1313 1200 1346 oeconomicis
1220 1319 1251 1346 et

265 1371 419 1416 politicis
438 1369 588 1402 fideliter
611 1366 761 1406 servire,
789 1371 821 1398 et
845 1365 880 1396 in
908 1362 962 1397 his
980 1363 1130 1396 miseriis
1148 1370 1252 1407 atque

264 1421 430 1467 periculis
455 1417 612 1464 quotidie
636 1417 739 1449 fidem
765 1427 803 1448 ac
828 1415 1109 1453 invocationem,
1145 1414 1251 1456 pieta-

264 1481 334 1507 tem
351 1471 502 1515 denique
520 1469 556 1501 in
574 1467 757 1501 retinenda
779 1465 995 1510 possessione
1011 1465 1191 1497 doctrinae
1209 1465 1252 1497 de

262 1525 359 1563 Deo,
384 1532 552 1555 exercere.

368 1580 444 1614 Hac
462 1587 530 1613 tarn
551 1577 646 1620 gravi
666 1575 893 1619 responsione
913 1575 1121 1607 movebatur
1138 1573 1250 1607 Anto-

267 1635 367 1671 nius,
408 1637 445 1663 nt
471 1628 682 1670 intelligeret
707 1638 805 1659 suam
831 1625 1057 1658 monasticam
1083 1625 1188 1657 vitam
1215 1625 1250 1657 in

267 1682 458 1718 solitudine
476 1691 546 1713 non
568 1677 793 1716 antecellere,
821 1687 884 1708 nec
899 1675 1160 1708 anteferendam
1181 1686 1252 1708 esse

267 1734 466 1771 laboribus,
507 1729 630 1763 officiis
654 1735 686 1761 et
711 1727 882 1760 exercitiis
916 1726 1006 1759 vitae
1032 1726 1194 1770 politicae
1220 1733 1248 1759 et

267 1783 530 1819 oeconomicae,
573 1781 608 1812 in
645 1779 774 1824 quibus
803 1777 1005 1810 testimonio
1037 1777 1252 1820 praesentiae

264 1836 454 1870 Dei·timor
473 1840 505 1866 et
521 1832 605 1864 fides
622 1830 886 1863 confirmantur.
928 1826 1061 1860 Didicit
1077 1839 1157 1870 ergo
1174 1839 1251 1871 gra-

266 1889 350 1923 dus,
379 1885 538 1918 ordinem
556 1894 594 1914 ac
615 1879 817 1913 discrimina
838 1879 928 1910 inter
951 1878 1053 1909 fidem
1079 1884 1109 1910 et
1135 1890 1252 1922 opera,

267 1939 358 1971 inter
376 1937 450 1980 pios
471 1940 584 1965 motus
604 1930 718 1964 cordis
737 1935 769 1962 et
786 1935 944 1961 externos
961 1934 1087 1969 gestus.

368 2001 436 2035 llic
465 2000 566 2033 etiam
597 1996 817 2029 conferamus
842 1992 1013 2026 Davidem
1041 2000 1073 2026 et
1098 1993 1250 2025 Alexan-

267 2058 382 2090 drum,
411 2060 447 2085 ut
467 2053 509 2083 de
525 2045 788 2081 discriminibus
808 2045 990 2087 utriusque
1006 2044 1251 2084 gubernatoris

267 2108 533 2140 admoneamur.
583 2097 782 2131 Alexander
800 2095 863 2127 snit
883 2095 1072 2127 acerrimus
1089 2095 1251 2135 bellator,

267 2160 418 2190 donatus
435 2151 582 2195 imperio
598 2148 693 2182 orbis
709 2154 896 2183 terrarum,
925 2146 1012 2177 adeo
1030 2145 1159 2177 florens
1174 2145 1250 2188 opi-

267 2211 332 2242 bus
349 2219 385 2240 ac
406 2203 580 2249 potentia,
617 2207 654 2232 ut
675 2198 782 2241 ipsius
802 2195 937 2239 imperii
958 2196 1126 2242 possessio
1145 2197 1250 2240 quin-

267 2259 364 2304 quies
384 2263 439 2289 aut
461 2254 568 2287 sexies
585 2247 829 2291 magnitudine
849 2247 950 2279 fuerit
975 2247 1125 2289 amplior
1144 2246 1252 2280 lsrai‘-

269 2310 364 2343 litico
383 2320 488 2349 regno
504 2302 659 2337 Davidis.
704 2299 787 2332 item
804 2298 912 2331 multa
930 2297 1103 2341 praeclara
1122 2298 1250 2340 praelia

268 2360 365 2397 fecit,
409 2357 576 2402 plurimas
592 2352 759 2395 gloriosas
779 2348 942 2382 victorias
965 2355 1171 2381 consecutus
1189 2356 1252 2386 est.

269 2411 376 2455 raptis
389 2410 414 2441 is
434 2409 622 2441 clementer
643 2401 806 2446 pepercit.

374 2477 517 2511 lnterirn
553 2472 638 2507 tanti
679 2469 850 2514 principis
885 2466 1056 2499 divinitus
1091 2467 1249 2500 insti-neti

270 2529 472 2563 excellentia
491 2526 659 2558 virtutum
684 2529 713 2554 et
743 2520 904 2553 felicitate
928 2529 987 2551 cor
1011 2517 1153 2561 plenum
1179 2525 1250 2551 erat

270 2587 445 2613 contemtu
464 2577 548 2614 Dei,
585 2573 768 2618 spurcitie.
802 2577 831 2602 et
857 2568 934 2602 aliis
959 2568 1251 2612 turpitiuliuibus.

272 2631 425 2675 {deoque
444 2629 546 2662 donis
560 2655 566 2665 ,
593 2625 722 2672 quibus
738 2635 754 2655 a
775 2621 846 2655 Deo
865 2627 1011 2652 ornatus
1027 2627 1119 2659 erat,
1149 2627 1248 2653 auto-

267 2685 386 2719 ritate,
414 2681 562 2725 opibus,
593 2676 708 2719 regnis
735 2681 837 2718 atque
862 2670 1016 2704 victoriis
1041 2671 1252 2704 abnuebatur

859 102 981 137 mun
1011 101 1126 138 Mai..
1155 102 1362 138 sentem
1391 79 1690 140 EXEGET1CA.

2214 107 2289 142 684

1311 189 1352 222 ad
1371 189 1510 231 fastum,
1532 192 1575 224 ad
1592 191 1798 234 voluptates,
1821 190 1862 223 ad
1880 188 2171 233 magnificentiam
2189 204 2289 236 pom-

1309 251 1446 283 parum.

1411 291 1460 323 At
1476 290 1513 322 in
1529 291 1634 324 corde
1649 289 1796 325 Davidis
1815 291 1953 324 lucebat
1969 302 2048 324 vera
2066 291 2197 334 agnitio
2212 291 2289 333 Dei,

1310 351 1413 385 quem
1432 347 1523 374 recte
1540 341 1745 380 invocabat,
1774 342 1938 376 victorias
1959 348 2063 386 atque
2081 353 2290 385 regna-con-

1309 391 1442 425 ferebat
1459 391 1501 424 ad
1517 391 1664 434 gloriam
1681 391 1745 426 Dei
1761 420 1770 434 ,
1796 400 1827 426 et
1846 392 2133 440 propagationem
2159 392 2289 430 saluta-

1310 442 1358 474 ris
1377 442 1579 481 doctrinae,
1613 454 1762 487 cumque
1785 443 1887 477 sciret
1911 455 1945 476 se
1969 443 2096 476 debere
2119 443 2290 478 obedien-

1311 492 1393 525 tiam
1411 490 1486 525 Deo
1500 493 1538 525 in
1558 489 1624 525 hoc
1641 493 1751 535 gradu
1769 494 1931 538 politico,
1967 493 2001 525 in
2020 505 2122 538 quem
2141 494 2290 527 colloca-

1310 550 1365 576 tus
1382 549 1472 583 erat,
1499 543 1662 576 alacriter
1683 544 1891 588 suscipiebat
1908 551 1940 577 et
1965 544 2159 578 sustinebat
2175 551 2290 578 tantos

1309 593 1459 634 labores,
1483 594 1651 626 acerrime
1667 593 1914 637 praeliabatur,
1938 602 1976 628 ut
1994 595 2194 629 defenderet
2212 607 2290 628 coe-

1311 644 1428 677 lestem
1453 645 1669 684 doctrinam,
1698 656 1761 677 uec
1778 645 1947 679 sentiebat
1965 657 1999 678 se
2017 645 2140 678 mereri
2166 646 2291 678 remis-

1310 695 1444 727 sionem
1477 701 1698 738 peccatorum
1730 693 1784 727 bis
1814 695 2118 735 dimicationibus,
2159 703 2191 729 et
2227 694 2290 728 bac

1311 745 1400 777 mole
1417 757 1580 778 curarum
1599 753 1701 790 atque
1719 745 1903 785 dolorum,
1929 758 1992 779 uec
2010 747 2105 789 regui
2126 748 2229 780 decus
2251 759 2289 779 ac

1310 795 1500 839 potentiam
1521 793 1585 829 boc
1602 795 1672 829 fine
1689 797 1871 833 tuebatur,
1901 803 1936 828 ut
1960 796 2031 839 ipse
2056 798 2187 840 ingenti
2214 797 2289 839 glo-

1309 846 1360 879 ria
1389 844 1583 886 frueretur,
1625 847 1736 880 multo
1763 847 1880 879 minus
1911 853 1949 879 ut
1976 847 2119 890 impune
2150 847 2291 893 quidxis

1309 897 1374 929 sibi
1393 896 1532 934 liceret,
1555 903 1586 929 et
1602 904 1641 930 ut
1657 909 1761 940 agens
1778 898 1907 930 iniusta
1927 909 1996 930 non
2019 905 2132 941 posset
2157 912 2175 931 a
2202 911 2290 943 qno-

1309 959 1414 992 quam
1431 948 1583 981 coerceri
1602 948 1656 980 vel
1674 948 1828 991 reprimi.

1409 997 1547 1031 Horum
1573 1004 1604 1030 et
1630 999 1798 1031 similium
1829 998 2067 1042 exemplorum
2093 999 2290 1032 considera-

1309 1049 1405 1082 tione
1421 1048 1476 1080 fiet
1497 1048 1644 1082 illustris
1660 1061 1698 1082 ac
1718 1049 1898 1092 perspicua
1917 1049 2086 1082 sententia
2105 1049 2204 1082 dicti:
2251 1051 2288 1082 Si

1308 1100 1432 1132 oculus
1455 1106 1536 1131 tuus
1559 1099 1663 1133 fuerit
1687 1100 1899 1137 malitiosus,
1938 1106 2049 1132 totuin
2075 1111 2201 1143 corpus
2225 1102 2291 1133 erit

1309 1150 1492 1187 tenebrae,
1514 1150 1547 1182 id
1566 1157 1633 1189 est,
1661 1151 1803 1194 quaudo
1830 1161 1889 1182 cor
1915 1150 2008 1183 intus
2033 1162 2104 1182 non
2128 1162 2209 1183 vero
2237 1150 2291 1182 iu—

1308 1201 1401 1234 dicio
1427 1212 1491 1232 nec
1517 1197 1664 1233 honesto
1695 1201 1874 1244 proposito
1898 1208 2060 1233 woxetur
2085 1212 2123 1232 ac
2150 1200 2292 1242 regitur.

1306 1260 1391 1287 tunc
1409 1257 1540 1284 certum
1558 1259 1607 1284 est
1627 1252 1758 1283 externi
1778 1251 1893 1294 operis
1918 1258 2032 1293 gestus
2053 1263 2125 1284 esse
2146 1257 2294 1294 peccata,

1307 1316 1370 1337 nec
1389 1302 1460 1334 ulla
1484 1302 1620 1335 ratione
1637 1302 1795 1335 cultuum
1821 1302 2024 1335 divinorum
2049 1313 2178 1335 nomen
2203 1301 2292 1335 acci-

1306 1366 1398 1399 pere.

1410 1403 1511 1447 Quae
1541 1404 1660 1436 omnia
1691 1411 1772 1437 sunt
1806 1405 1910 1444 digna
1943 1404 2206 1438 observatione,
2254 1409 2289 1434 ut

1306 1455 1501 1499 agnoscatis
1521 1454 1682 1487 ordinem
1708 1466 1767 1487 seu
1793 1457 1919 1497 gradus
1947 1466 2109 1487 verorum
2128 1453 2197 1486 Dei
2216 1453 2290 1485 cul-

1306 1515 1423 1543 tuum,
1473 1512 1506 1538 et
1532 1506 1658 1537 ordine
1684 1517 1745 1537 vos
1769 1505 1953 1537 exerce-itis
1977 1505 2010 1536 in
2037 1503 2090 1536 bis
2115 1503 2292 1546 gradibus.

1306 1557 1394 1591 Nam
1421 1557 1496 1589 sine
1523 1556 1712 1593 exercitiis„
1746 1555 1836 1588 veris
1859 1555 1966 1587 animi
1994 1555 2198 1591 doloribus,
2236 1565 2293 1586 ar-

1306 1608 1402 1641 denti
1423 1607 1664 1645 invocatione,
1692 1612 1723 1638 et
1749 1618 1851 1638 sensu
1878 1606 2018 1637 divinae
2043 1604 2292 1637 consolationis

1307 1656 1389 1692 baec
1408 1657 1569 1690 doctrina
1590 1668 1813 1701 nequaquam
1833 1663 1943 1699 potest
1963 1655 2123 1697 intelligi.

1408 1707 1454 1741 At
1473 1705 1567 1741 bunc
1584 1714 1716 1741 textum
1735 1705 1895 1750 Papistae
1920 1706 2060 1739 insulsis
2084 1706 2292 1748 iuterpreta—

1306 1759 1463 1792 tionibus
1481 1759 1581 1792 foede
1599 1759 1856 1794 dilacerarunt,
1888 1769 1965 1790 cum
1994 1768 2037 1788 nc
2062 1767 2122 1789 sua
2149 1755 2292 1800 quidem

1307 1810 1541 1852 intelligerent
1570 1816 1628 1841 aut
1652 1808 1885 1840 diiudicarent
1911 1819 2034 1850 opera,
2070 1807 2162 1839 iuxta
2189 1805 2290 1839 Salo·

1307 1861 1420 1893 inouis
1436 1872 1600 1903 gnomen„
1628 1857 1894 1891 Ecclesiast.4.:
1926 1857 2102 1896 &est-iiiut,
2119 1863 2290 1899 «plautum

1306 1911 1386 1944 mali
1412 1911 1551 1944 saciant.
1605 1909 1647 1942 Et
1675 1907 1877 1953 hypocritae
1897 1908 2077 1948 ignorant,
2107 1907 2192 1951 quid
2222 1906 2289 1938 siut

1307 1962 1460 2005 ipsorum
1490 1960 1723 2003 superstitiosi
1754 1959 1884 1993 cultus.
1928 1965 1958 1990 et
1991 1958 2167 1994 nesciunt„
2206 1957 2289 2001 quid

1306 2018 1426 2053 agant,
1472 2012 1556 2042 dum
1590 2010 1787 2049 insignibus
1822 2009 1931 2043 titulis
1967 2020 2045 2040 suas
2079 2008 2292 2040 rereuninias

1304 2068 1479 2094 ostentant
1504 2073 1541 2093 ac
1569 2061 1761 2094 venditant.
1816 2058 1934 2103 ltaque
1959 2059 2166 2092 invexerunt
2183 2065 2291 2091 tetros

1305 2119 1337 2145 et
1363 2111 1578 2156 perniciosus
1604 2123 1761 2148 errores,
1799 2107 2021 2142 horribiliter
2046 2115 2291 2152 perverterunt

1305 2174 1342 2195 ac
1367 2163 1621 2196 conturbarunt
1652 2162 1814 2193 ordinem
1842 2172 2007 2203 opernm,
2051 2159 2290 2202 praetulerunt

1305 2211 1476 2246 humanas
1493 2213 1700 2245 traditiones
1718 2211 1891 2244 mandatis
1909 2211 2053 2248 divinis.
2076 2217 2179 2254 atque
2194 2210 2292 2243 dixe-

1306 2271 1406 2302 runt‚
1449 2261 1611 2296 homines
1645 2263 1796 2306 propriis
1822 2262 1988 2305 operibus
2012 2261 2136 2293 mereri
2167 2260 2291 2293 reinis-

1305 2316 1453 2348 sionem.

1410 2365 1455 2398 lli
1475 2376 1596 2398 omues
1621 2373 1652 2398 et
1677 2365 1808 2397 similes
1835 2373 1969 2395 errores
1995 2370 2158 2394 taxantur
2181 2369 2211 2395 et
2236 2373 2288 2394 re-

1306 2415 1577 2460 prehenduntur
1601 2413 1666 2448 boc
1694 2415 1790 2447 brevi
1811 2414 1905 2446 dicto
1925 2411 2073 2445 Christi·
2111 2413 2148 2445 Si
2166 2412 2288 2446 «ventus

1306 2476 1385 2501 tuus
1403 2467 1515 2500 malus
1532 2466 1633 2499 fuerit
1646 2493 1654 2503 ,
1683 2467 1819 2498 necessi·
1836 2465 1898 2496 erit
1921 2472 2029 2496 tutum
2049 2474 2176 2506 corpus
2193 2470 2283 2497 tem·-

1306 2519 1385 2551 bras
1401 2529 1491 2555 esse,
1518 2530 1584 2562 qua
1602 2516 1718 2557 regula
1735 2515 1962 2548 constituitur
1986 2514 2173 2547 discrimen
2199 2513 2289 2547 iuter

1306 2567 1506 2613 hypocrisin
1521 2595 1529 2605 ,
1555 2574 1587 2601 et
1607 2567 1758 2610 legitima
1786 2567 1857 2599 siu·
1879 2566 2050 2598 ‹tisinitns
2073 2564 2233 2598 ordini-ta
2257 2572 2286 2595 et

1304 2621 1493 2662 approbata
1512 2629 1628 2663 opera.
1680 2616 1719 2650 tit
1739 2615 1906 2650 bactruus
1925 2618 1966 2649 de
1987 2617 2048 2649 ista
2064 2616 2215 2659 generati
2235 2627 2288 2648 re·

1304 2671 1395 2710 gula.
