2409 2915
246 100 341 137 1091

245 194 317 228 cat,
350 193 382 220 et
412 183 505 229 quod
531 181 692 222 subiicit,
726 180 855 214 multos
876 178 1066 213 credidisse
1090 185 1234 223 propter

244 236 311 271 hoc
329 236 475 269 verbum
499 232 742 267 mulierculae:
777 229 871 273 Quia
897 230 987 264 dixit
1007 227 1097 263 mihi
1113 229 1234 263 omnia

246 299 334 333 quae
357 285 432 318 feci.

307 358 359 394 Id
380 373 452 394 non
477 363 622 406 propter
646 362 747 392 tuam
775 354 959 404 loquelam
985 353 1174 391 credimus.

348 428 589 463 Necessarium
610 434 661 461 est
674 427 768 472 quod
787 426 945 459 additur:
975 424 1047 459 Iam
1065 437 1135 458 non
1155 436 1235 468 pro-

246 488 321 524 pter
338 488 433 514 tuam
449 478 623 524 loquelam
635 504 644 517 ‚
670 478 692 510 i.
709 490 738 512 e.
754 477 981 515 miraculum,
1008 477 1104 521 quod
1123 483 1235 509 tecum

842 92 966 129 PHlL.
994 89 1112 128 MEL.
1138 91 1347 128 SCRIPTA
1372 89 1673 130 EXEGETICA.

1260 281 1391 324 :etiam
1426 282 1550 315 mortis
1579 283 1764 316 dominum
1800 294 1872 316 esse
1905 280 2100 316 Christum.

2178 96 2276 134 1092

1287 190 1408 213 curare
1424 191 1532 225 posse.
1569 179 1658 216 Item
1670 208 1679 222 ‚
1706 181 1799 227 quod
1816 180 1915 215 iubet
1929 181 2140 214 descendere
2158 182 2276 225 prius·

1287 241 1392 275 quam
1416 231 1588 265 moriatur
1611 231 1715 267 filius.
1769 231 1851 265 Non
1877 231 1971 265 enim
2000 231 2111 265 credit
2133 232 2277 274 regulus

2164 281 2278 316 Taxat

1261 379 1263 385 Α
1289 332 1406 375 itaque
1423 332 1703 367 incredulitatem
1722 333 1796 367 eins
1815 331 1974 368 Christus
1998 345 2076 366 cum
2101 332 2165 366 ait:
2200 331 2277 366 Nisi

1261 391 1263 398 ·
1288 382 1386 425 signa
1412 389 1444 416 et
1469 383 1628 427 prodigia
1653 391 1716 418 etc.

1261 490 1264 525 ξ
1287 484 1437 528 quaerit.

246 532 375 565 sactum
401 538 467 564 est:
503 529 584 574 quia
611 528 797 567 miracula,
824 539 912 572 quae
936 534 1030 561 extra
1053 538 1119 559 nos
1135 526 1235 565 fiunt,
1262 530 1263 551 ;

247 582 407 616 nondum
435 580 626 614 certificant
655 580 758 612 corda
787 579 830 611 de
854 578 1037 611 voluntate
1061 577 1125 611 Dei
1157 587 1236 618 erga
1262 595 1264 598 >

247 644 331 671 nos,
367 633 457 665 sicut
488 642 593 674 supra
625 630 780 662 vidimus
805 629 842 661 in
871 628 1075 663 Nicodemo.
1137 626 1237 670 Quae

247 691 363 718 autem
387 682 476 715 fiunt
500 681 683 714 nobiscum
702 681 789 714 etin
815 680 980 712 cordibns
1004 679 1152 718 nostris,
1177 677 1237 710 illa

248 734 440 767 certificant
470 732 593 772 corda3
640 731 756 776 qualia
782 737 884 770 sunt,
927 731 969 763 de
995 730 1124 775 quibus
1147 727 1238 761 Psal.

248 783 375 817 XXX:
413 782 531 826 Quam
553 793 678 825 magna
708 781 900 815 multitudo
923 780 1122 813 dulcedinis
1149 786 1239 818 tuae,
1263 788 1266 824 ζ
1292 788 1399 821 verbo
1426 799 1499 821 non
1525 789 1685 821 credun,-

248 834 411 875 domine,
439 840 471 867 et
485 831 578 868 LV.:
611 831 653 865 In
671 844 879 877 quacunque
897 831 952 864 die
969 831 1177 863 invocavero
1195 836 1238 867 te,

247 885 318 918 scio
338 885 419 930 quia
435 883 529 918 Deus
548 895 646 917 meus
664 895 709 917 es,
744 881 839 916 Haec
857 889 974 915 autem
990 881 1079 914 fiunt
1095 881 1238 925 quando
1264 891 1265 915 1
1292 889 1400 924 audit,

248 947 309 981 per
340 947 477 969 crucem
509 935 609 967 docet
641 945 706 967 nos
727 945 762 966 se
788 943 998 975 cognoscere
1024 938 1057 965 et
1081 932 1238 964 credere:
1264 941 1267 982 f
1294 940 1372 979 fiae,
1400 940 1435 972 id
1455 951 1527 973 esse
1544 941 1689 973 verbum
1706 938 1784 981 Dei,
1804 941 1900 985 quod
1919 940 2180 984 per-&postolos
2197 939 2283 973 scri-

247 987 426 1032 quomodo
449 993 481 1019 et
500 983 604 1019 Rom.
624 983 666 1018 V.
685 983 832 1016 dicitur:
875 981 1078 1016 Tribulatio
1102 981 1236 1025 patien-
1264 985 1268 997 ”
1294 998 1391 1034 ptum
1410 997 1442 1024 et
1460 990 1698 1035 praedicatum
1725 998 1786 1025 est·

248 1037 332 1071 tiam
345 1063 354 1075 ,
381 1035 548 1080 patientia
564 1034 809 1078 probationem
820 1060 829 1074 ‚
855 1033 889 1065 id
903 1040 973 1073 est,
1000 1033 1238 1076 cognitionem

249 1087 390 1121 divinae
409 1085 602 1119 voluntatis
618 1096 696 1128 erga
713 1095 789 1125 nos,
817 1084 979 1127 probatio
997 1095 1106 1128 spem.
1159 1082 1239 1116 Non

249 1189 354 1222 corda
371 1189 414 1221 de
434 1187 615 1221 voluntate
633 1184 699 1219 Dei
719 1197 798 1230 erga
815 1198 849 1219 se
870 1185 1001 1219 incerta
1019 1192 1112 1219 sunt.
1145 1183 1240 1218 Idem

249 1241 350 1273 docet
379 1237 486 1274 Rom.
514 1236 616 1272 ML:
661 1235 901 1271 Renovamini
933 1236 1089 1270 novitate
1120 1246 1242 1268 sensus

250 1290 376 1328 vestri,
403 1295 442 1322 ut
465 1288 638 1332 probetis,
672 1288 707 1321 id
733 1294 802 1326 est,
837 1287 1050 1330 agnoscetis,
1085 1298 1174 1332 quae
1199 1286 1243 1319 sit

249 1341 413 1374 voluntas
435 1338 501 1373 Dei
524 1339 616 1373 hona
641 1345 703 1372 etc.
758 1337 809 1372 lta
836 1336 871 1371 hi
897 1339 1047 1371 credunt
1073 1349 1145 1370 non
1172 1343 1241 1370 tam

250 1398 393 1436 propter
415 1390 570 1423 alienum
596 1389 828 1429 miraculum,
861 1389 920 1421 sed
947 1388 1029 1432 quia
1054 1387 1121 1430 ipsi
1144 1387 1243 1420 vide-

250 1448 335 1476 runt
357 1448 391 1474 et
408 1440 609 1474 audierunt.
662 1438 741 1472 Non
764 1445 814 1472 est
839 1435 1029 1472 christiana
1057 1438 1146 1476 vita,
1181 1437 1243 1471 ubi

251 1505 311 1527 cor
325 1491 386 1526 tali
404 1497 495 1525 certa
512 1490 715 1534 cognitione
732 1488 799 1523 Dei
816 1496 848 1523 et
871 1489 939 1522 side
954 1500 1102 1522 vacuum
1123 1495 1183 1522 est.

445 1572 533 1621 Ipse
557 1573 650 1607 enim
674 1571 782 1606 Iesus
808 1576 960 1606 testatus
985 1576 1048 1608 est.

253 1696 346 1730 enim
359 1720 366 1732 ‚
395 1696 509 1727 lesum
526 1692 671 1726 rediisse
689 1691 727 1724 in
744 1689 935 1731 Nazareth,
963 1697 1066 1735 atque
1092 1691 1140 1723 ibi
1159 1703 1245 1735 pau-

252 1747 350 1781 culos
375 1745 448 1778 dies
480 1749 655 1777 versatum
697 1754 786 1782 esse,
848 1749 953 1787 atque
990 1742 1073 1775 inde
1105 1753 1244 1775 rursum

253 1797 378 1831 abiisse
396 1796 432 1828 in
450 1795 583 1828 vicinas
601 1794 705 1827 urbes
722 1793 923 1836 Galilaeae,
953 1793 1030 1825 ideo
1056 1799 1171 1826 antem
1187 1804 1247 1836 pa-

254 1849 357 1883 triam
374 1846 584 1886 deseruisse,
612 1844 772 1890 quodibi
795 1857 866 1877 non
890 1845 1082 1879 audiretur.

255 1897 340 1933 haee
360 1895 507 1931 historia
531 1897 703 1939 descripta
729 1902 778 1929 est
800 1894 914 1928 Lucae
940 1893 1000 1927 lV.

1773 383 1961 427 Quomodo
1986 379 2116 419 Matth.
2132 381 2215 417 ΧΠ.
2244 389 2277 416 et

1290 431 1386 467 XVI.
1404 433 1536 478 inquit:
1566 432 1758 467 Generatio
1776 446 1880 478 prava
1898 442 1932 469 et
1956 434 2114 467 adultera
2137 434 2276 477 signnm

1490 483 1587 526 Quid
1607 491 1655 518 est
1675 491 1790 518 autem
1809 485 1946 528 signum
1972 484 2162 530 quaerere?
2213 481 2278 517 Est

1291 534 1379 567 velle
1397 534 1580 568 certificari
1597 535 1665 567 alio
1682 535 1788 568 modo
1805 547 1909 580 quam
1924 548 1986 580 per
2000 536 2158 569 verbum.
2187 533 2279 568 Sunt

1290 591 1404 618 autem
1423 583 1627 618 huiusmodi
1645 585 1899 629 conscientiae,
1927 599 2016 631 quae
2032 598 2110 619 cum
2129 585 2280 619 audiunt

1291 636 1484 679 praedicari
1505 636 1745 669 remissionem
1769 643 2009 679 peccatorum,
2035 636 2229 670 credituras
2245 646 2281 668 se

1291 686 1433 731 quidem
1467 687 1640 729 cogitant,
1681 687 1709 720 si
1735 687 1854 732 aliquo
1879 688 1978 730 signo
2012 687 2170 720 sensibili
2195 686 2280 719 certi

1263 773 1265 782 γ
1291 737 1544 778 redderentur,
1587 744 1621 771 et
1653 749 1672 770 a
1695 735 1771 771 Deo
1795 738 1935 780 signum
1963 744 2151 782 quaerant,
2198 737 2281 782 quia

1265 1074 1268 1116 l

1747 787 1847 821 Misit
1873 795 1988 822 autem
2014 786 2109 821 Deus
2133 787 2280 821 verbum

1781 838 1883 872 ltem:
1920 838 1993 881 Qui
2007 850 2069 872 vos
2084 838 2200 876 audit,
2228 848 2283 870 me

1454 887 1561 931 Quod
1581 889 1658 922 ideo
1677 889 1779 929 dicit,
1806 897 1844 923 ut
1869 897 1982 923 certae
2001 889 2072 923 sint
2099 889 2283 922 conscien-

1292 849 1393 871 suum
1407 865 1415 879 ‚
1443 845 1478 872 et
1496 839 1633 872 sanavit
1656 850 1725 872 eos.

1843 990 1929 1024 Item
1953 993 1983 1024 l.
1998 989 2160 1025 Corinth.
2183 989 2207 1024 l.
2234 991 2283 1023 ait

1293 1040 1443 1074 Paulus:
1488 1040 1610 1074 Iudaei
1643 1041 1782 1084 signum
1815 1047 2007 1087 quaerunt,
2043 1041 2066 1076 i.
2092 1053 2119 1076 e.
2154 1040 2285 1080 ludaei,

963 1135 969 1141 ι
1266 1125 1267 1128 ,
1294 1092 1374 1137 quia
1407 1103 1480 1125 non
1513 1092 1708 1125 vincuntur
1731 1093 1833 1136 signo
1868 1092 2046 1133 sensibili,
2081 1092 2175 1137 quod
2201 1092 2285 1124 fides

249 1144 395 1182 possunt
422 1137 517 1170 enim
541 1146 680 1180 sperare
703 1142 763 1169 aut
787 1135 855 1167 fide
874 1141 1063 1168 consistere
1089 1145 1240 1179 qnorum
1265 1129 1268 1168 l
1293 1142 1478 1185 Evangelii
1509 1142 1670 1176 iustificet
1686 1141 1737 1188 6)ἱ
1771 1144 1912 1177 credere
1935 1143 2081 1184 nolum,
2115 1149 2147 1176 01
2170 1149 2287 1176 tamen

1134 1842 1247 1877 Porro
1272 1874 1274 1884 ,

1056 1893 1248 1928 Βρερῃωῑῑ
1272 1886 1274 1927 ξ
1301 1883 1422 1916 abiens
1441 1883 1570 1926 credit,
1599 1895 1668 1928 quo
1688 1883 1744 1923 fn,
1777 1890 1814 1917 ut
1832 1883 1923 1916 filius
1944 1885 2141 1919 revalescat.

256 1956 372 1983 autem
398 1955 429 1981 et
446 1946 513 1981 hoc
536 1947 613 1979 loco
631 1945 780 1979 loannes
804 1947 848 1978 de
874 1945 1056 1978 vocatione
1079 1945 1246 1987 gentium.
1273 1951 1275 1991 j

256 2000 373 2034 Patria
393 1997 542 2032 ludaeos
567 1997 756 2039 significat,
783 2003 821 2029 nt
842 1996 943 2038 plane
969 1993 1058 2028 nihil
1076 1996 1171 2029 aliud
1192 1993 1248 2028 hic
1273 2020 1276 2030 .

257 2052 369 2089 dicat,
405 2061 510 2094 quam
536 2049 630 2093 quod
657 2058 781 2090 supra:
818 2047 880 2080 sui
907 2059 985 2079 eum
1014 2059 1084 2080 non
1111 2059 1247 2091 recepe·
1274 2062 1275 2068 ι

259 2109 355 2136 runt.
408 2099 453 2133 Et
473 2111 550 2133 cum
572 2097 720 2131 ludaeos
738 2097 834 2137 «lico,
863 2097 1020 2139 intelligo
1039 2109 1162 2131 omnes
1179 2109 1249 2136 eos,

259 2153 318 2198 qui
345 2163 416 2185 non
442 2151 528 2189 fide,
564 2150 622 2182 sed
641 2148 670 2193 5)
696 2149 767 2181 suis
796 2148 929 2181 meritis
960 2149 1082 2182 volunt
1111 2149 1249 2183 salvari.

259 2203 347 2238 Nam
369 2203 446 2235 ideo
465 2200 622 2235 reiicitur
647 2199 798 2244 populus
824 2199 926 2243 legis,
961 2206 999 2232 ut
1022 2207 1114 2233 certo
1140 2201 1249 2232 sciant

260 2253 492 2288 conscientiae
516 2258 674 2292 nostrae,
701 2251 836 2284 venisse
855 2248 1055 2288 Christum,
1084 2258 1118 2283 nt
1137 2251 1252 2284 salvos

261 2307 387 2339 faceret
406 2303 636 2348 poenitentes.

451 2385 502 2420 Et
533 2391 610 2419 cml
639 2383 792 2433 qnidam
824 2383 971 2431 regulus
1000 2390 1059 2419 etc.

367 2455 470 2488 Fides
500 2455 610 2497 reguli
639 2461 708 2494 est,
752 2456 844 2499 quod
873 2461 946 2487 orat
973 2451 1173 2493 Christum,
1216 2462 1250 2487 ut

1278 2339 1534 2375 'revalesceret
1572 2341 1665 2374 lilius
1704 2342 1895 2379 nesciebat,

1277 2389 1279 2437 ζ
1304 2390 1504 2425 Christum:
1535 2391 1646 2425 Filius
1663 2399 1742 2426 tuus
1759 2393 1857 2428 vivit.

1295 1204 1356 1237 per
1384 1205 1491 1238 opera
1524 1193 1704 1228 iustificari
1731 1206 1768 1229 se
1799 1201 1942 1239 putant,
1978 1194 2077 1227 cuius
2106 1192 2288 1238 opinionis

1296 1256 1411 1289 neque
1428 1245 1568 1287 signum
1597 1257 1712 1290 neque
1729 1246 1876 1279 verbum
1892 1244 1960 1279 Dei
1984 1242 2135 1285 habent,
2162 1245 2220 1278 sed
2240 1244 2287 1278 ita

1296 1307 1358 1339 per
1377 1295 1577 1329 caecitatem
1605 1296 1721 1329 carnis
1746 1297 1903 1330 sentiunt
1926 1296 2003 1330 sine
2027 1296 2136 1329 verbo
2164 1295 2286 1328 divino

1297 1353 1327 1379 et
1345 1346 1455 1388 signo.
1507 1344 1553 1379 Et
1571 1347 1665 1390 quod
1690 1347 1775 1380 alias
1790 1345 1953 1381 Christus
1977 1347 2092 1379 addit:
2127 1345 2208 1379 Non
2224 1346 2287 1378 da-

1297 1396 1392 1428 bitur
1409 1393 1490 1428 huic
1516 1396 1733 1438 generationi
1750 1397 1846 1430 aliud
1870 1397 2028 1440 signum,
2056 1397 2124 1429 nisi
2146 1396 2287 1439 signum

1298 1445 1403 1479 lonae
1428 1443 1642 1489 Prophetae3
1682 1447 1703 1482 i.
1730 1460 1756 1480 e.
1797 1449 1889 1481 inter
1920 1447 2038 1480 omnia
2069 1447 2167 1490 signa
2200 1458 2288 1491 quae

1297 1497 1385 1529 fiunt
1425 1496 1563 1529 nullum
1599 1503 1649 1530 est
1675 1496 1793 1531 efficax
1828 1499 1871 1530 ad
1899 1498 2047 1530 salntem
2078 1497 2146 1530 nisi
2181 1497 2288 1530 Ionae

1270 1579 1271 1586 ,
1298 1547 1456 1590 signum,
1491 1547 1516 1579 i.
1541 1559 1570 1581 e.
1595 1558 1690 1580 mors
1715 1554 1747 1581 et
1771 1548 1980 1581 resurrectio
2004 1545 2159 1588 Christi,
2202 1558 2290 1592 quae

1269 1604 1271 1612 ⁴
1298 1604 1447 1630 mortem
1480 1597 1594 1630 carnis
1619 1604 1652 1631 et
1682 1598 1788 1631 vitam
1820 1599 1964 1643 spiritus
1997 1598 2033 1630 in
2067 1598 2291 1632 credentibus

353 1643 422 1677 Hic
447 1642 597 1676 loannes
616 1641 796 1684 abrumpit
817 1638 1010 1674 historiam.
1064 1639 1246 1683 Significat
1270 1638 1272 1664 ¹·

1299 1655 1478 1693 operatur.

1522 1711 1575 1746 Et
1604 1711 1757 1747 credidit
1784 1713 1946 1748 sermoni
1970 1711 2066 1751 huic.

1402 1780 1631 1826 Posteaquam
1653 1779 1861 1826 reprehensa
1883 1789 1934 1816 est
1962 1782 2207 1824 incredulitas,
2234 1795 2293 1818 ex-

1299 1828 1444 1866 hibetur
1469 1832 1666 1876 exemplum
1698 1833 1877 1878 potentiae
1905 1833 2004 1874 fidei,
2039 1845 2118 1867 cum
2152 1835 2293 1879 regulus

1508 1965 1726 2001 Sciscitatus
1755 1971 1805 2001 es!
1833 1979 1916 2014 crgo
1944 1964 2088 2004 horam.

1406 2035 1585 2068 Postremo
1610 2037 1702 2080 quod
1732 2036 1923 2079 interrogat
1943 2037 1984 2070 ‹le
2002 2033 2108 2075 liora,
2139 2038 2292 2081 primum

1302 2086 1454 2131 pertinet
1473 2087 1514 2119 ad
1536 2087 1616 2119 fidei
1634 2087 1926 2126 declarationem,
1953 2087 2081 2120 deinde
2103 2090 2145 2121 ad
2164 2101 2294 2133 provo-

1303 2138 1449 2171 candam
1468 2137 1669 2170 universam
1689 2138 1858 2171 familiam
1877 2139 1919 2170 ad
1946 2138 2062 2172 fidem.
2115 2139 2203 2173 Nam
2222 2139 2294 2184 ipse

1303 2189 1446 2234 quidem
1473 2189 1658 2230 credebat,
1700 2197 1841 2233 propter
1866 2185 1999 2223 Christi
2026 2191 2173 2224 verbum
2198 2191 2294 2226 futu-

1304 2252 1403 2278 rum,
1432 2246 1469 2272 ut
1494 2251 1565 2272 non
1587 2239 1776 2274 moriretur
1800 2240 1903 2274 filius.
1959 2239 2108 2275 loannes
2130 2242 2224 2276 enim
2244 2248 2295 2276 tc-

1305 2297 1435 2330 statur,
1463 2302 1541 2323 eum
1560 2290 1760 2324 credidisse.
1816 2291 1884 2325 Sed
1905 2293 2047 2337 quando
2065 2299 2097 2326 et
2115 2293 2294 2338 quomodo

1945 2349 2130 2376 contentus
2165 2343 2294 2377 dixisse

1912 2391 1951 2426 ln
1972 2405 2041 2437 quo
2060 2395 2176 2433 «locet,
2204 2407 2293 2439 qnae

1306 2444 1351 2477 sit
1368 2443 1445 2476 fnlei
1465 2450 1602 2483 natura,
1625 2455 1750 2488 nempe
1766 2444 1928 2477 fiduciam
1948 2445 1990 2477 ‹le
2007 2442 2083 2478 Deo
2100 2445 2295 2490 concipere,

266 2508 447 2540 medeatur
462 2506 550 2545 fili03
580 2506 808 2539 incredulitas
827 2505 935 2547 reguli
957 2503 1040 2538 hacc
1059 2510 1132 2545 est,'
1157 2507 1250 2549 qum!
1278 2522 1281 2552 ἱ
1307 2495 1401 2540 qnod
1426 2501 1626 2552 servaturus
1653 2506 1715 2528 nos
1743 2495 1802 2551 sit:
1842 2496 2041 2540 quomode,
2067 2497 2210 2541 quando
2234 2503 2294 2530 ΜΠ

269 2559 361 2590 inlu-t
381 2554 802 2595 ‹lescendercChristum,
831 2557 854 2589 i.
873 2570 900 2591 e.
920 2569 989 2589 non
1008 2562 1117 2601 put-it,
1147 2558 1253 2589 verbo
1278 2555 1282 2615 ἱ
1308 2557 1369 2590 l‘e‘
1385 2557 1470 2590 ‘lnas
1487 2544 1707 2582 ‘'smenon‘'sv
1735 2543 1824 2578 ”¹¹¹⁸
1844 2547 1886 2579 ml
1906 2558 1969 2580 ¹¹⁰⁵
1987 2547 2147 2591 Pcnln‘l·
2172 2547 2294 2586 Cf‘d‘·

301 2685 332 2710 τι)
355 2684 408 2707 Νη]
427 2683 515 2706 ιιὶᾱίἠί
539 2689 570 2706 οι
591 2684 653 2706 Tm»,

1344 2680 1374 2705 6)
1394 2680 1456 2703 Tun,
1474 2677 1642 2709 sanctific-el.

2382 1850 2387 1871 l
