2409 2915
278 105 347 140 159

329 187 410 223 Vae
426 193 541 221 terrae
559 184 660 219 cuius
677 179 765 216 Rex
781 192 871 229 puer
888 185 957 222 est,
985 185 1015 215 et
1031 180 1132 215 cuius
1150 178 1262 215 Prin-

377 239 469 285 cipes
485 247 592 271 mane
611 230 810 268 comedant.

379 313 566 357 Perspicua
583 310 758 344 sententia
776 316 844 351 est,
871 321 935 342 nec
952 315 1089 343 tantum
1107 308 1266 353 loquitur

279 369 321 399 de
338 363 392 398 his
408 365 468 409 qui
486 369 597 397 aetate
614 361 715 407 pueri
731 367 830 400 sunt,
858 361 916 393 sed
933 359 1036 393 etiam
1053 360 1096 392 de
1112 359 1267 398 senibus,

280 417 339 462 qui
364 426 502 458 semper
528 414 565 447 in
590 413 669 446 ocio
694 419 726 446 et
748 410 959 455 voluptatib.
986 410 1168 450 vixerunt,
1204 420 1268 442 nec

279 467 457 504 doctrina,
486 477 550 498 nec
573 475 640 498 usu
664 463 755 496 vitae
775 469 808 495 et
826 461 1073 494 communibus
1090 459 1269 493 aerumnis

279 517 360 551 facti
384 523 466 550 sunt
488 515 672 549 cautiores,
725 511 770 546 Et
785 512 846 545 ubi
864 511 1116 554 gubernatores
1133 510 1269 555 praeci-

281 581 347 612 pue
377 573 551 613 quaerunt
576 565 772 607 voluptates
796 562 972 606 corporis,
1007 562 1057 595 ibi
1081 562 1268 604 negligun—

281 627 338 653 tur
366 617 581 655 iurisdictio,
615 613 824 658 gubernatio
855 613 1080 656 disciplinae,
1107 611 1270 645 exercitia

282 668 461 703 militaria.
521 666 628 700 Tales
664 671 746 698 sunt
780 663 900 708 sponsi
934 663 1126 707 Penelopes
1156 663 1271 704 fruges

283 730 488 753 consumere
510 717 596 751 nati.
652 715 863 749 Contrarius
886 721 935 747 est
960 726 1080 747 versus
1103 725 1207 758 qut-m
1232 724 1272 745 ex

283 770 439 803 Hesiodo
465 768 548 802 citat
573 766 762 811 Polybius:
800 763 964 799 αἶακιὸαἱ
992 762 1139 810 πολέμῳ
1166 775 1273 808 κεχα-

286 817 432 866 ρηότες,
459 817 541 866 ἠέγε
558 815 667 853 δαιτὶ.

646 941 784 994 Caput
834 940 910 980 XI.

337 1024 448 1060 flIiue.
463 1035 595 1072 panem
612 1027 712 1056 tuum
729 1032 837 1069 super
851 1032 971 1067 aquas
989 1024 1046 1054 etc.

389 1101 522 1136 Totum
562 1098 631 1133 hoc
668 1105 770 1141 caput
805 1098 925 1130 lumen
959 1102 1009 1129 est
1041 1093 1148 1129 huius
1182 1095 1276 1130 libri.

287 1153 455 1188 Ostendit
473 1152 586 1192 enim,
614 1151 650 1183 in
671 1147 725 1182 his
743 1147 973 1182 concionibus
991 1147 1186 1180 institutam
1205 1158 1277 1180 esse

287 1203 592 1239 confirmationem
620 1200 812 1234 sententiae
834 1199 877 1231 de
901 1197 1145 1242 providentia,
1171 1204 1204 1231 et
1223 1209 1278 1230 re-

287 1256 494 1289 futationem
527 1257 836 1296 argumentorum,
870 1250 1000 1294 quibus
1027 1246 1189 1281 homines
1214 1261 1278 1281 na-

288 1316 365 1341 tura
388 1311 597 1344 moventur,
624 1309 663 1336 ut
685 1303 728 1336 de
752 1300 975 1346 providentia
994 1299 1168 1333 dubitent.
1223 1298 1278 1333 Sit

289 1359 397 1399 igitur
420 1357 532 1399 prima
556 1353 749 1392 sententia,
775 1363 864 1396 quae
887 1348 944 1383 hic
968 1351 1006 1383 in
1027 1349 1098 1384 fine
1116 1350 1276 1394 ponitur:

289 1408 342 1443 De
374 1405 430 1440 his
458 1406 626 1440 omnibus
657 1404 806 1437 abducet
834 1409 867 1435 te
896 1402 994 1435 Deus
1024 1401 1061 1433 in
1094 1401 1277 1435 iudicium.

288 1458 460 1502 Expresse
485 1457 653 1495 affirmat,
680 1453 794 1487 Deum
819 1459 852 1486 et
875 1452 1032 1485 iudicare
1053 1458 1086 1485 et
1103 1452 1279 1485 iudicatu-

291 1522 370 1544 rum
395 1520 467 1542 esse
487 1506 673 1541 bominum
691 1506 779 1538 sacta
792 1531 801 1544 ,
829 1512 861 1537 et
879 1501 971 1536 hanc
987 1504 1279 1536 asseverationem

291 1562 327 1594 in
353 1561 420 1593 fine
446 1565 597 1603 repetet,
632 1568 711 1590 cum
737 1553 800 1588 bac
823 1553 1010 1588 concione:
1044 1552 1158 1588 Deum
1185 1554 1280 1594 time,

291 1620 323 1646 et
344 1612 507 1645 mandata
527 1609 601 1642 eius
620 1619 730 1641 serva.

392 1660 592 1695 Constituta
618 1656 683 1691 hac
708 1656 902 1695 sententia,
930 1655 1025 1699 quod
1050 1661 1083 1687 et
1106 1655 1281 1688 iudicatu-

291 1725 351 1748 rus
373 1713 418 1747 sit
434 1711 550 1751 Deus,
576 1717 608 1742 et
631 1709 725 1753 quod
753 1707 783 1740 ei
811 1706 905 1739 iuxta
925 1706 1091 1739 mandata
1110 1705 1281 1738 obedien-

292 1767 376 1798 dum
400 1762 462 1803 sit,
489 1763 558 1795 iam
587 1760 755 1793 accedunt
779 1756 1051 1790 consolationes.
1105 1754 1197 1789 Cum
1214 1757 1281 1790 du-

291 1817 381 1849 bitat
406 1814 565 1852 animus,
599 1811 684 1856 quid
709 1808 858 1842 faciam?
899 1807 1002 1840 video
1029 1807 1161 1840 multos
1184 1807 1282 1841 labo-

294 1878 347 1903 res
379 1876 450 1899 esse
480 1863 617 1900 irritos,
654 1860 784 1893 multos
817 1858 991 1901 ingratos,
1028 1858 1130 1890 video
1156 1863 1282 1891 accersi

295 1917 375 1953 odia
405 1923 438 1949 et
469 1923 676 1951 aerumnas,
711 1911 915 1943 deseramne
950 1908 1040 1941 vitae
1069 1908 1283 1948 societatem,

295 1979 327 2004 et
361 1968 487 2001 abdam
518 1976 572 1996 me
604 1964 639 1995 in
674 1962 809 2005 aliquas
831 1959 1059 1997 solitudines,
1095 1971 1133 1991 ac
1159 1971 1311 2003 sequar*

298 2021 385 2055 illud
411 2024 510 2051 vetus
537 2015 687 2047 dictum:
714 2008 806 2045 λάθε
825 2007 990 2055 βιώσαςῖ)
1044 2009 1284 2055 Nequaquam.

296 2072 365 2107 sed
382 2077 422 2104 ut
436 2079 539 2111 supra
556 2065 659 2099 dixit:
690 2062 844 2096 Fortiter
860 2061 964 2094 facias
980 2060 1135 2093 laborem
1147 2088 1155 2099 ,
1179 2073 1282 2105 quem

298 2125 395 2158 Deus
425 2119 488 2153 tibi
523 2115 696 2152 attribuit.
768 2112 818 2146 lta
850 2109 907 2145 hic
939 2111 1070 2156 inquit:
1115 2110 1284 2145 Mandata

297 2175 371 2206 eins
396 2182 514 2208 serva,
550 2167 710 2201 Eventus
735 2176 817 2197 vero
845 2163 1069 2196 commendes
1093 2161 1187 2203 Deo,
1221 2175 1285 2196 nec
1311 2188 1313 2206 :

298 2223 470 2267 frangaris
493 2220 635 2257 dolore,
671 2218 697 2250 si
720 2215 877 2249 incidant
900 2215 1066 2252 adversa,
1098 2214 1156 2246 sed
1177 2214 1212 2246 in
1231 2212 1286 2247 his

301 2277 373 2310 Deo
399 2273 559 2307 obedias.
587 2277 620 2303 et
644 2269 711 2301 fide
734 2267 885 2300 retineas
911 2265 1019 2298 animi
1046 2265 1285 2309 tranquillita-

300 2336 368 2361 tem
382 2353 390 2365 ,
418 2321 674 2356 invocationem
693 2326 725 2352 et
742 2329 849 2362 spem.
900 2316 997 2350 Scias
1014 2323 1045 2349 te
1060 2316 1196 2359 placere
1214 2316 1286 2349 Deo

302 2380 336 2410 in
369 2376 427 2409 illa
459 2372 680 2411 obedit-ntia,
718 2370 854 2402 labores
886 2375 964 2401 tuos
989 2379 1059 2399 non
1087 2367 1159 2399 sore
1186 2379 1286 2410 pror-

303 2441 359 2461 sus
385 2427 524 2463 irritos,
560 2422 693 2456 etiamsi
721 2420 898 2453 interdurn
925 2430 1044 2451 saevae
1067 2423 1286 2461 tempestates

303 2481 472 2511 orientur.
544 2473 609 2512 [it.

305 2529 403 2562 multi
431 2529 588 2570 ingentes
613 2522 794 2558 tumultus.
849 2519 975 2553 Davidi
1002 2526 1120 2553 movet
1143 2520 1286 2553 seditio-

306 2594 384 2613 nem
412 2580 514 2612 tilius.
570 2575 662 2608 llaec.
687 2574 731 2607 ita
757 2571 829 2605 fieri
855 2570 1020 2607 sciamus.
1048 2577 1077 2603 et
1103 2583 1174 2603 non
1203 2571 1291 2604 abii-

305 2634 436 2665 ciamus
461 2640 573 2672 spem,
602 2638 720 2670 pacem
743 2622 924 2660 cordium,
953 2621 1233 2661 invocationem,
1261 2629 1293 2654 ot

305 2682 416 2716 officia
444 2679 545 2712 nobis
571 2678 752 2715 mandata,
780 2681 808 2707 ct
832 2673 964 2707 dictum
986 2684 1087 2717 saepe
1106 2673 1292 2718 repetitum

875 95 1001 130 PHIL.
1028 93 1144 130 MEL.
1174 93 1382 130 SCRIPTA
1411 93 1707 131 ExEGEthA.

2232 93 2304 131 140

1314 181 1521 224 cogitemus:
1549 180 1769 215 Commenda
1783 179 1859 214 Deo
1883 180 1975 214 viam
2001 187 2119 222 tuam,
2148 187 2182 216 et
2203 192 2304 225 spera

1315 233 1353 265 in
1371 244 1469 272 eum,
1492 238 1525 265 et
1544 232 1617 276 ipse
1635 233 1747 266 faciet.
1798 231 1844 265 Et
1860 232 1949 266 illud
1963 231 2082 266 Pauli:
2110 230 2230 266 Labor
2244 243 2305 267 vc-

1317 291 1386 317 ster
1416 294 1489 316 non
1520 283 1587 316 erit
1616 283 1733 316 inanis
1766 283 1802 315 in
1832 283 2004 317 Domino.
2065 281 2112 316 Et
2143 282 2234 318 Psal.
2254 283 2305 317 1.:

1317 333 1459 368 Folium
1475 333 1549 366 eius
1565 345 1638 367 non
1657 334 1796 368 defluet.
1859 333 1961 368 Hanc
1980 341 2088 368 totam
2108 333 2306 368 doctrinam

1319 391 1351 418 et
1383 384 1661 418 consolationem
1690 385 1727 418 in
1755 385 1826 418 vita
1850 385 1953 418 valde
1978 384 2211 418 necessariam
2235 395 2307 417 esse

1319 446 1442 469 omnes
1474 435 1696 479 intelligunt,
1730 447 1819 480 quae
1852 436 1994 481 quidem
2026 436 2103 469 ideo
2137 434 2309 468 divinitus

1320 485 1492 524 traditur,
1526 487 1608 531 quia
1640 486 1731 520 ratio
1765 483 1829 519 hac
1864 487 2072 520 confusione
2106 485 2311 525 offenditur,

1322 544 1354 570 et
1370 535 1507 570 dubitat
1527 538 1570 570 de
1589 537 1812 581 providentia
1829 543 1862 570 et
1878 538 1921 570 de
1938 537 2068 571 auxilio
2084 536 2163 571 De÷.
2216 535 2312 569 Haec

1323 594 1373 621 est
1387 587 1563 622 enarratio
1580 586 1685 622 huius
1700 587 1808 621 totius
1823 588 1963 632 capitis,
1992 589 2063 622 imo
2078 588 2186 622 totius
2199 587 2294 623 libri.

1426 652 1474 688 Et
1488 652 1547 688 bic
1563 655 1606 688 de
1618 655 1784 698 operibus
1796 655 2064 697 gubernationis
2075 655 2174 688 dicit:
2203 651 2314 686 Imm

1324 717 1455 753 panem
1474 709 1574 739 tuum
1589 717 1696 752 super
1713 717 1854 752 aquas,
1885 706 1918 738 id
1941 713 2008 746 est,
2035 706 2159 739 doctor
2176 709 2316 749 spargat

660 2471 766 2505 Moisi
807 2469 1099 2512 gubernationem
1141 2469 1314 2511 turbant,

1326 757 1523 791 doctrinam
1542 756 1578 789 in
1595 757 1737 801 populo,
1761 763 1799 789 ut
1811 757 1839 789 si
1852 764 2026 800 spargeret
2037 768 2127 790 escas
2140 757 2314 801 inaquam

1327 808 1482 853 piscibus
1497 808 1729 852 excipiendas,
1758 808 1813 840 vel
1829 808 1858 841 si
1875 808 2028 842 mitteret
2044 808 2261 841 frumentum
2278 805 2315 838 in

1327 859 1394 892 alia
1427 859 1514 892 loca.
1590 857 1821 892 Gubernator
1852 859 1990 897 labores
2023 865 2161 903 spargat
2192 857 2316 891 eodem

1328 910 1446 945 modo.
1499 907 1577 943 Etsi
1598 910 1692 942 enim
1711 910 1845 955 aliquid
1866 910 2013 954 peribit,
2039 917 2156 943 tamen
2172 907 2318 954 aliquib.

1328 961 1525 1006 proderunt
1557 958 1595 993 hi
1626 961 1780 1004 labores,
1815 968 1848 994 et
1877 961 2010 995 utilitas
2040 961 2133 1004 apud
2159 966 2318 1004 posteros

1330 1012 1578 1056 conspicietur.
1638 1010 1720 1044 Fuit
1751 1023 1958 1045 aerumnosa
1991 1011 2199 1056 gubernatio
2226 1009 2319 1043 lere-

1330 1063 1431 1104 miae,
1459 1070 1492 1096 at
1509 1062 1643 1106 profuit
1659 1069 1776 1095 tamen
1793 1063 1977 1096 universae
1995 1062 2202 1107 posteritati.
2244 1059 2320 1094 Do-

1330 1126 1393 1147 nec
1417 1114 1553 1147 occasio
1579 1120 1650 1153 est,
1674 1114 1778 1147 facito
1805 1114 1919 1147 officia
1939 1114 2153 1153 vocationis,
2181 1112 2271 1146 sicut
2287 1118 2321 1145 et

1330 1163 1462 1198 Paulus
1487 1165 1586 1198 iubet
1607 1171 1745 1208 tempus
1769 1164 1915 1208 redimi,
1944 1165 2025 1209 quia
2047 1165 2120 1197 dies
2137 1164 2220 1196 mali
2237 1163 2322 1202 sint,

1331 1216 1366 1248 id
1390 1222 1457 1255 est,
1486 1215 1582 1249 iubet
1610 1216 1661 1248 uti
1685 1215 1887 1254 occasione,
1917 1216 1998 1260 quia
2025 1216 2061 1248 in
2085 1215 2192 1248 tantis
2216 1214 2321 1246 mise—

1331 1266 1394 1301 riis
1410 1278 1511 1311 saepe
1530 1267 1622 1300 bona
1640 1266 1786 1299 consilia
1805 1266 2061 1310 impediuntur.

1382 1374 1428 1411 Si
1444 1375 1710 1425 nubessuerint
1726 1375 1878 1423 plenae,
1905 1374 2091 1426 effundent
2112 1375 2273 1411 imbrem.

1436 1453 1561 1487 Postea
1594 1453 1788 1486 miscentur
1819 1454 1855 1486 in
1886 1460 1982 1487 textu
2008 1454 2266 1488 consolationes
2292 1459 2324 1486 et

1334 1504 1607 1539 admonitiones,
1678 1503 1716 1537 Si
1742 1505 1854 1537 nubes
1877 1505 2011 1540 fuerint
2033 1505 2173 1549 plenae,
2209 1504 2325 1538 effun-

1334 1557 1419 1590 dent
1436 1556 1598 1594 imbrem,
1628 1555 1650 1589 i.
1670 1566 1697 1587 e.
1718 1567 1790 1587 non
1806 1562 1889 1589 sunt
1906 1556 1942 1588 in
1959 1563 2016 1590 tua
2035 1562 2203 1600 potestate
2219 1567 2324 1588 even-

1334 1614 1408 1646 tus,
1434 1607 1492 1640 sed
1511 1606 1687 1650 sapienter
1703 1607 1791 1639 seras
1810 1619 1847 1639 ea
1866 1619 1954 1652 quae
1970 1619 2032 1651 pro
2052 1614 2208 1651 tempore
2225 1606 2326 1640 fiunt.

1334 1658 1511 1691 Evenient
1536 1657 1621 1690 alias
1648 1657 1734 1696 alia,
1763 1657 1849 1689 alias
1873 1658 1983 1701 pluit,
2011 1658 2097 1691 alias
2121 1665 2172 1691 est
2193 1658 2326 1691 sereni-

1336 1716 1397 1742 tas.
1450 1708 1570 1741 Nubes
1595 1708 1717 1751 plenae
1740 1715 1839 1742 erant
1866 1716 2022 1752 tempore
2048 1707 2175 1749 Moisi,
2202 1709 2237 1741 id
2265 1714 2327 1747 est.

1336 1766 1478 1792 venerat
1510 1766 1648 1802 tempus
1678 1759 1849 1791 educendi
1881 1760 2051 1803 populum
2085 1771 2125 1793 ex
2155 1760 2326 1804 Aegypto.

1335 1809 1474 1844 Rursus
1506 1810 1574 1842 alio
1606 1811 1712 1842 modo
1746 1810 1855 1842 nubes
1886 1810 2010 1853 plenae
2044 1817 2141 1843 erant
2169 1817 2328 1854 tempore

1339 1861 1523 1898 Ieremia&
1560 1860 1594 1892 id
1629 1867 1697 1895 est.
1735 1867 1873 1903 peccato
1908 1861 2084 1893 cumulata
2113 1867 2213 1895 erant
2239 1872 2328 1906 quae

1337 1912 1542 1945 adserebant
1568 1910 1716 1943 imbrem
1744 1918 1775 1943 et
1803 1911 1948 1945 exilium
1974 1909 2058 1945 huic
2082 1912 2227 1959 populo.
2282 1909 2328 1945 Et

1339 1970 1522 2007 postquam
1555 1961 1680 1995 accidit
1707 1968 1870 2002 eventus,
1901 1963 2030 1996 sactum
2059 1963 2225 1996 infectum
2254 1962 2327 1996 fieri

1338 2026 1410 2048 non
1428 2019 1551 2058 potest.

1441 2072 1523 2115 Quo
1549 2072 1641 2106 cadit
1660 2072 1790 2113 arbor,
1816 2073 1863 2106 ibi
1884 2074 1988 2115 iacet,
2017 2074 2050 2107 id
2069 2073 2232 2118 congruit
2249 2086 2328 2108 cum

1339 2131 1447 2157 veteri
1468 2136 1587 2157 versu:

1373 2178 1410 2211 ou'v
1434 2179 1511 2211 πότε
1534 2179 1593 2220 γὰρ
1618 2180 1745 2211 δύναται
1774 2180 1807 2211 τὸ
1836 2182 2017 2220 Πιι·)·,ιιέιί)ι·
2041 2177 2121 2212 εἶναι
2146 2181 2288 2213 (inustor.

1443 2243 1623 2285 Significat
1640 2251 1783 2277 eventus
1801 2256 1871 2276 non
1891 2256 1962 2277 esse
1980 2245 2146 2278 innostra
2162 2251 2330 2288 potestate

1341 2302 1372 2328 et
1397 2295 1572 2339 sapienter
1597 2295 1759 2327 serendos
1780 2307 1868 2328 esse:
1899 2296 1934 2328 in
1954 2293 2018 2328 bac
2036 2296 2206 2327 sententia
2226 2297 2329 2329 etiam

1341 2347 1504 2390 deinceps
1536 2353 1786 2380 commoratur.
1859 2345 1930 2389 Qui
1963 2346 2060 2389 prius
2093 2347 2166 2379 vult
2199 2345 2330 2381 habere

1341 2404 1453 2430 certos
1469 2404 1500 2430 et
1519 2397 1802 2442 circumscriptos
1818 2403 1982 2433 eventus,
2011 2395 2101 2430 nihil
2121 2405 2207 2441 aget.
2243 2398 2328 2432 Ideo

1341 2449 1440 2482 dicit:
1471 2448 1541 2490 Qui
1561 2449 1722 2482 observat
1741 2455 1903 2484 ventum,
1932 2460 2003 2480 non
2025 2449 2173 2483 seminat
2192 2457 2253 2483 etc.

1449 2516 1559 2550 Addit
1590 2517 1718 2549 deinde
1743 2517 2042 2555 admonitionem.
2076 2529 2138 2551 nec
2164 2519 2329 2562 praesciri

1319 2559 1322 2623 ἰ
1347 2580 1446 2612 posse
1476 2580 1597 2601 omnes
1621 2575 1787 2604 eventus.
1823 2569 1910 2602 sicut
1935 2575 1965 2602 et
1989 2569 2082 2613 apud
2110 2566 2329 2604 Herodotum

1320 2647 1321 2655 ,
1346 2620 1476 2652 dicitnr
1501 2618 1685 2664 antiquum
1710 2619 1842 2652 dictum
1867 2631 1953 2653 esse:
1982 2618 2033 2664 μὴ
2049 2617 2127 2663 ἅμα
2145 2619 2240 2666 ἀρχῇ
2256 2623 2332 2656 πᾶν

1319 2660 1321 2701 l
1346 2669 1445 2710 τέλος
1466 2668 1781 2716 καταφαίνεσθαι.
1853 2669 1898 2705 Et
1924 2671 2179 2716 sapientissime
2203 2684 2332 2718 propo-
