2409 2915
118 122 166 157 49
545 118 590 153 X.
642 112 947 152 EXPLICATIO
974 110 1386 152 PROVERBIORUM
1414 114 1717 156 SALOMONIS.
2092 125 2141 159 50

117 208 214 241 ribus
238 206 410 247 ferendis,
435 215 523 250 quae
542 202 637 236 iubet
661 202 770 241 serre,
799 208 832 235 et
855 201 959 234 simul
986 207 1102 244 petere

118 266 152 293 et
175 265 355 302 expectare
376 255 546 290 auxilium
579 266 597 286 a
620 252 714 293 Deo,
749 253 838 286 sicut
862 251 992 285 Paulus
1017 249 1101 285 haec

118 309 321 352 coniungit:
350 308 498 354 Semper
514 305 678 348 gaudete,
707 315 844 348 semper
858 303 984 346 gratias
1002 303 1102 346 agite,

117 371 254 405 semper
268 365 373 394 orate.

168 474 391 512 Haereditas
414 472 468 507 ad
488 485 599 521 quam
622 477 842 520 properatur
864 471 990 514 initio,
1018 477 1101 506 ian-

218 524 296 560 dem
316 523 556 560 benedictione
576 524 718 558 carebit.

215 603 444 648 Praeceptum
483 610 533 637 est
572 603 615 635 de
655 601 868 646 expectanda
906 600 1101 635 vocatione.

113 655 274 689 Absalon
292 654 461 699 potuisset
479 653 554 686 fieri
572 665 649 693 rex,
677 653 704 685 si
724 659 933 696 expectasset
953 658 1100 685 mortem

113 706 242 752 patris,
269 706 326 739 sed
352 705 433 750 quia
454 711 534 738 ante
550 711 686 748 tempus
704 710 735 736 et
753 703 828 735 sine
847 703 1028 735 vocatione
1045 713 1100 734 ra-

113 758 166 801 pit
181 757 461 791 dominationem
474 783 483 797 ,
510 767 631 789 rursus
648 754 823 788 excutitur
841 760 873 786 et
889 753 1101 797 opprimitur

114 806 349 842 horribilibus
370 807 504 852 poenis,
556 804 640 839 Filii
659 803 831 850 Ephraim
855 811 933 837 ante
950 803 1100 848 Moysen

114 860 319 893 invaserunt
337 865 466 892 terram
482 856 702 892 Cananaeam
716 884 724 896 ,
752 855 883 889 carnali
902 854 1027 888 fiducia
1045 854 1100 887 di-

113 911 217 944 vinae
234 909 498 955 promissionis,
524 908 606 954 quia
623 908 722 951 stirpi
742 904 906 940 Abrahae
925 913 1014 939 terra
1032 903 1100 938 Ca-

113 973 206 995 naan
224 961 392 1006 promissa
409 966 497 994 erat:
527 960 584 992 sed
603 959 683 1004 qnia
700 958 775 992 sine
793 957 993 994 vocatione,
1021 967 1101 1000 per-

112 1012 275 1047 suasione
302 1009 457 1045 humana
481 1017 625 1044 movent
647 1010 798 1049 bellum,
827 1007 1099 1044 interficiuntur,

113 1070 148 1098 et
185 1069 299 1097 totum
330 1062 517 1096 consilium
550 1061 677 1094 inutile
708 1060 796 1100 fuit,
839 1059 871 1094 1.
894 1057 1044 1100 Paralip.
1066 1057 1100 1090 7.

114 1113 308 1148 Promissio
331 1114 425 1146 enim
452 1113 597 1146 dederat
620 1112 674 1145 ius
696 1112 739 1143 ad
758 1121 851 1150 rem,
879 1109 1040 1141 nondum
1062 1108 1098 1140 in

111 1178 163 1199 re.
215 1164 348 1199 Contra
371 1176 454 1197 vero
471 1162 586 1196 David
606 1162 670 1195 etsi
688 1161 751 1195 scit
767 1160 833 1194 sibi
852 1171 997 1203 regnum
1017 1171 1099 1202 pro-

112 1217 257 1250 missum
292 1227 382 1256 esse,
417 1221 534 1248 tamen
564 1214 646 1246 vivo
671 1212 776 1246 Saule
809 1222 1031 1256 nequaqnam
1065 1221 1100 1243 se

112 1267 275 1301 nominat
298 1277 433 1309 regem,
459 1277 522 1298 nec
546 1265 647 1297 illum
672 1275 712 1296 ex
735 1273 842 1305 regno
861 1261 1009 1299 excutit,
1038 1273 1100 1294 nec

113 1329 193 1351 euin
224 1317 406 1357 interficit,
440 1328 518 1349 cum
545 1315 652 1348 iustas
674 1325 794 1347 causas
818 1310 983 1352 haberet,
1018 1312 1098 1356 quia

114 1368 200 1402 Saul
238 1368 459 1401 interfecerat
492 1366 706 1405 sacerdotes,
748 1371 782 1398 et
813 1375 914 1408 saepe
944 1369 1099 1396 armatus

113 1419 301 1464 quaerebat
318 1418 419 1451 illum
433 1444 440 1459 ‚
468 1423 508 1451 ut
521 1410 600 1450 euin
616 1415 838 1450 interficeret.

213 1477 462 1512 Discernainus
485 1476 593 1520 igitur
608 1474 800 1508 necessaria
815 1485 833 1507 a
851 1485 924 1507 non
942 1484 1099 1506 necessa-

113 1529 191 1571 riis,
218 1537 251 1564 et
268 1526 360 1562 nihil
378 1528 452 1562 sine
470 1527 652 1561 vocatione
673 1532 816 1569 cogente
835 1535 1049 1558 moveamus.

163 1648 295 1685 Ruina
314 1654 364 1684 est
382 1646 537 1687 homini,
564 1650 694 1681 sancta
711 1644 929 1681 contumelia
943 1643 1100 1692 afficere,

215 1705 246 1735 et
260 1705 386 1748 postea
406 1704 487 1733 vola
499 1698 635 1746 facere.

216 1774 257 1807 In
268 1774 394 1807 Latina
411 1772 602 1816 scriptione
618 1778 650 1804 et
666 1770 826 1803 versione
843 1769 991 1802 mendae
1006 1774 1100 1808 sunt,

112 1837 200 1871 quae
223 1825 464 1869 praebuerunt
486 1822 703 1855 occasionem
726 1820 850 1852 alienis
869 1826 900 1852 et
918 1830 1098 1851 commen-

111 1876 198 1910 titiis
230 1873 599 1918 interpretationibus,
643 1878 676 1904 et
706 1869 1023 1903 accommodationi
1055 1869 1098 1901 ad

111 1933 190 1961 vota
214 1925 421 1960 monastica.
491 1922 673 1958 Caeterum
698 1920 898 1955 Salomonis
926 1919 1097 1953 sententia

111 1978 294 2023 perspicua
322 1983 380 2010 est.
442 1974 555 2009 Taxat
585 1972 846 2007 usitatissimam
878 1970 1098 2014 superstitio-

111 2041 192 2063 nem
209 2027 379 2062 maximae
393 2026 502 2071 partis
518 2023 724 2064 hominum,
751 2023 811 2068 qui
829 2022 956 2067 polluti
973 2021 1097 2065 impie-

111 2087 200 2121 tate,
226 2080 309 2113 odio
326 2076 512 2120 Evangelii
529 2083 560 2110 et
576 2076 654 2109 aliis
670 2074 859 2108 sceleribus
874 2079 995 2106 contra
1012 2084 1097 2105 con-

111 2130 310 2168 scientiam,
345 2136 463 2173 postea
492 2127 706 2162 ceremonias
736 2125 870 2170 aliquas
902 2123 1002 2156 anxie
1032 2123 1097 2156 ob-

113 2188 271 2219 servant,
299 2187 332 2213 et
356 2186 501 2223 propter
524 2177 586 2211 has
609 2177 788 2211 somniant
805 2188 840 2209 se
857 2175 931 2208 Deo
949 2174 1097 2218 placere,

113 2240 146 2266 et
170 2244 205 2266 se
228 2231 380 2265 efferunt
403 2241 508 2274 supra
532 2229 638 2269 alios,
661 2235 700 2261 ut
715 2226 865 2271 Hispani
888 2225 1039 2259 adulteri
1065 2231 1097 2258 et

113 2283 228 2317 sicarii
259 2294 383 2325 magna
408 2280 633 2314 solicitudine
659 2285 816 2322 spectant
839 2277 1006 2317 Blsssam,
1039 2281 1097 2308 aut

113 2336 149 2368 in
180 2334 276 2368 seriis
305 2333 407 2366 certis
429 2331 569 2376 publica
597 2329 831 2373 flagellatione
853 2329 1005 2361 lacerant
1029 2333 1098 2359 ter-

112 2398 203 2430 gota.

216 2438 330 2489 Supra
360 2450 475 2476 autem
502 2444 544 2475 de
570 2439 836 2475 discriminibus
859 2437 1014 2471 cultuum
1043 2437 1097 2469 di-

113 2504 206 2531 ctum
234 2503 302 2535 est,
331 2495 366 2527 in
393 2494 582 2527 sententia:
611 2492 784 2525 Yictimae
807 2488 997 2533 impiorum
1015 2487 1097 2521 abo-

114 2548 281 2587 minatio,
314 2546 427 2579 oratio
458 2552 573 2578 autem
605 2550 779 2577 rectorum
806 2541 918 2585 placet
942 2537 1016 2571 Deo
1037 2545 1098 2573 etc.

115 2598 162 2633 Et
183 2598 411 2632 Ecclesiastae
430 2595 466 2631 4.
488 2596 633 2629 dicitur:
664 2593 794 2627 Melior
818 2598 867 2624 est
889 2589 1100 2631 obedientia,
1124 2606 1127 2613 =

117 2662 220 2696 quam
243 2649 432 2683 stultorum
456 2647 638 2687 victimae,
667 2644 727 2683 qui
752 2643 913 2677 nesciunt
930 2648 1099 2686 quantum

116 2701 199 2735 mali
218 2701 357 2735 saciant.

170 2753 342 2784 Mun-ru.
365 2752 467 2783 Ormi.
493 2751 572 2780 Υοι..
593 2747 683 2780 XIV.

1502 201 1637 256 Caput
1675 205 1795 247 XXI.

1206 279 1295 317 Non
1320 287 1369 315 est
1394 283 1596 329 sapientia,
1624 298 1696 320 non
1719 286 1934 335 prudentia,
1962 301 2036 324 non
2055 302 2139 324 con—

1256 331 1384 367 silium
1406 338 1531 367 contra
1550 332 1685 371 Deum.

1206 382 1340 432 Equus
1360 389 1521 431 paratur
1544 383 1598 418 ad
1618 384 1712 420 diem
1739 387 1843 431 belli,
1870 403 1893 424 a
1915 389 1998 426 Deo
2019 397 2138 427 aulem

1258 440 1307 469 est
1325 434 1488 471 victoria.

1492 475 1529 500 el-

1256 501 1392 546 Regula
1423 504 1616 537 necessaria
1647 511 1697 538 est
1728 505 1837 546 vitae,
1879 508 2036 543 facienda
2068 523 2140 545 esse

1155 554 1269 587 officia
1288 554 1502 595 vocationis,
1529 561 1561 588 et
1580 556 1769 598 petendum
1785 568 1856 590 esse
1874 559 2044 592 auxilium
2057 560 2138 594 Dei:

1155 605 1200 638 ita
1224 603 1301 637 Deo
1334 605 1475 638 iuvante
1500 605 1638 638 labores
1662 606 1751 640 fiunt
1774 607 1879 641 utiles
1905 616 1938 642 et
1962 611 2140 646 salutares.

1155 655 1222 689 Sed
1244 655 1372 689 iniusta
1394 656 1558 698 negocia,
1584 663 1645 690 aut
1661 657 1862 692 curiositate
1879 668 2053 704 suscepta,
2082 671 2142 697 aut

1155 718 1384 751 quaecunque
1415 706 1558 749 negocia
1586 714 1744 750 suscepta
1767 708 1841 741 sine
1865 710 1992 744 fiducia
2019 711 2084 746 Dei
2107 721 2142 748 et

1155 757 1395 797 invocatione,
1429 765 1511 791 sunt
1535 757 1708 798 infelicia,
1737 759 1870 792 etiamsi
1894 773 2018 804 magna
2042 764 2140 797 calli-

1154 808 1243 842 ditas
1262 805 1460 841 adhibetur.

1256 858 1403 902 Semper
1426 859 1533 901 igitur
1550 859 1586 892 in
1607 867 1793 903 conspectu
1816 861 1885 895 sint
1902 871 2082 907 praecepta
2098 866 2140 899 de

1154 908 1361 943 Vocatione.
1418 909 1465 943 Ut
1489 911 1531 943 ad
1556 908 1680 944 Thess.
1705 911 1820 956 inquit
1837 911 1984 947 Paulus:
2013 915 2141 949 Ambi-

1155 960 1241 993 tiose
1270 958 1337 993 hoc
1367 960 1478 1003 agite,
1513 966 1554 993 ut
1585 961 1726 1004 propria
1757 962 1901 996 faciatis.
1955 963 2062 1006 ltem,
2097 968 2141 1000 ad

1154 1009 1375 1044 Corinthios:
1412 1010 1491 1053 Qua
1520 1011 1704 1044 vocatione
1735 1013 1883 1058 quisque
1914 1022 2056 1049 vocatus
2080 1025 2141 1059 est,

1155 1062 1191 1094 in
1214 1074 1252 1094 ea
1277 1062 1445 1096 ambulet.
1497 1060 1543 1095 Et
1567 1062 1694 1095 deinde
1720 1071 1901 1108 praecepta
1927 1065 1970 1098 de
1997 1067 2140 1101 invoca-

1154 1113 1249 1146 tione
1267 1113 1355 1153 Dei,
1383 1120 1416 1146 et
1442 1113 1673 1156 promissione
1697 1114 1841 1155 auxilii,
1869 1122 1907 1149 ut
1927 1116 1964 1148 in
1982 1116 2138 1152 Psalmo:

1154 1161 1371 1197 Commenda
1388 1163 1463 1198 Deo
1487 1164 1579 1196 viam
1603 1170 1718 1205 tuam,
1747 1171 1780 1198 et
1804 1177 1903 1209 spera
1928 1167 1965 1200 in
1981 1179 2079 1208 eum,
2108 1177 2140 1203 et

1154 1215 1226 1258 ipse
1243 1215 1355 1248 saciet.
1410 1214 1508 1255 Item,
1530 1215 1573 1247 ad
1591 1213 1814 1249 Corinthios:
1843 1216 1924 1250 Non
1943 1219 2008 1251 erit
2024 1219 2141 1253 inanis

1154 1266 1255 1299 labor
1286 1273 1398 1299 vester
1429 1265 1465 1297 in
1496 1264 1665 1301 Domino.
1726 1264 1772 1299 Et
1805 1265 1927 1300 Iollan.
1954 1269 2027 1304 15.:
2067 1270 2138 1313 Qui

1154 1323 1272 1351 manet
1297 1316 1334 1349 in
1358 1328 1432 1360 me,
1460 1322 1494 1349 et
1516 1327 1577 1359 ego
1604 1316 1641 1348 in
1664 1328 1724 1358 e0,
1753 1314 1810 1351 hic
1826 1318 1893 1352 fert
1909 1319 2062 1354 fructum
2081 1333 2140 1355 co-

1154 1380 1304 1413 piosum.

1167 1457 1169 1459 ¹
1256 1418 1328 1452 Has
1348 1418 1605 1452 consolationes
1623 1429 1844 1463 opponamus
1861 1419 2139 1463 difficultatibus,

1153 1482 1242 1515 quae
1263 1469 1526 1513 languefaciunt
1550 1470 1704 1510 animos,
1732 1469 1934 1503 dubitantes
1950 1478 2068 1505 utrum
2087 1473 2138 1506 la-

1154 1523 1218 1555 bor
1241 1522 1446 1565 profuturus
1470 1521 1525 1555 sit.
1575 1519 1622 1554 Et
1646 1521 1731 1554 fides
1755 1527 1789 1554 et
1808 1521 1985 1556 invocatio
2005 1524 2140 1556 exusci-

1154 1573 1259 1607 tanda
1283 1578 1351 1613 est,
1377 1578 1409 1605 et
1434 1582 1493 1615 spe
1515 1571 1636 1604 auxilii
1661 1571 1775 1604 divini
1794 1571 1931 1605 labores
1949 1574 2070 1607 sedulo
2088 1574 2139 1608 sa-

1154 1623 1270 1657 ciendi
1293 1629 1392 1664 sunt,
1426 1629 1459 1656 et
1483 1623 1664 1655 sciendum
1690 1629 1760 1661 est,
1788 1620 1903 1655 Deum
1925 1624 2014 1656 velle
2039 1636 2139 1658 exer-

1154 1674 1223 1708 ceri
1243 1674 1346 1707 fidem
1358 1700 1365 1714 ‚
1393 1673 1653 1706 invocationem
1671 1679 1703 1704 et
1719 1683 1815 1714 spem
1833 1672 1870 1704 in
1891 1670 1944 1705 his
1961 1676 2139 1708 aerumnis

1153 1725 1324 1766 graduum
1344 1722 1454 1761 vitae,
1480 1727 1519 1754 ut
1536 1720 1696 1754 Psalmus
1713 1721 1846 1766 inquit:
1875 1721 2047 1757 Subditus
2065 1732 2137 1759 esto

1153 1775 1245 1814 Deo,
1273 1779 1306 1806 et
1320 1785 1379 1806 ora
1399 1784 1477 1805 eum
1495 1778 1559 1804 etc.

1256 1823 1415 1857 Sciamus
1438 1822 1541 1855 etiam
1561 1822 1667 1855 taxari
1686 1821 1848 1855 fiduciam
1866 1830 2064 1857 nostrarum
2085 1827 2137 1858 vi-

1153 1876 1244 1909 rium
1256 1901 1264 1913 ,
1290 1869 1657 1920 nolvnpayptooth‘ij
1676 1880 1707 1907 et
1722 1871 1946 1918 κακοζηλίαν
1964 1882 2025 1910 etc.
2078 1875 2136 1910 Iu-

1151 1933 1206 1959 xta
1232 1923 1294 1958 has
1315 1924 1521 1957 sententias:
1553 1922 1634 1956 Non
1658 1930 1707 1957 est
1731 1924 1923 1968 sapientia,
1957 1938 2029 1959 non
2053 1938 2135 1969 pru-

1152 1977 1289 2014 dentia,
1318 1988 1390 2008 non
1416 1974 1602 2007 consilium
1629 1981 1751 2008 contra
1770 1973 1977 2012 Dominum.
2033 1976 2134 2011 Item:

1152 2027 1230 2060 Non
1254 2033 1365 2070 potest
1392 2026 1458 2059 sibi
1483 2023 1589 2058 homo
1613 2037 1750 2058 sumere
1773 2026 1980 2071 quicquam,
2008 2028 2074 2060 nisi
2092 2030 2137 2063 sit

1152 2079 1180 2111 ei
1207 2079 1329 2111 datum
1357 2089 1374 2109 a
1401 2075 1488 2111 Deo.
1543 2074 1646 2109 Item:
1675 2075 1750 2109 Nisi
1776 2075 1950 2111 Dominus
1973 2078 2136 2112 aedifica-

1152 2129 1240 2162 verit
1272 2130 1437 2168 domum,
1471 2127 1507 2160 in
1542 2139 1670 2160 vanum
1706 2127 1887 2169 laborant,
1922 2129 1980 2173 qui
2015 2130 2135 2162 aedifi-

1151 2187 1231 2214 cant
1243 2191 1339 2225 gam.

1481 2279 1619 2333 Caput
1665 2279 1806 2321 xxu.

1203 2361 1344 2397 [Uelius
1386 2367 1436 2395 est
1476 2372 1604 2394 nomen
1642 2360 1793 2402 bonum,
1841 2374 1951 2408 quam
1989 2361 2137 2395 divitiae

1255 2412 1404 2449 multae.

1255 2483 1364 2518 Recte
1381 2482 1529 2515 dicitur:
1558 2479 1657 2513 Bona
1672 2480 1881 2513 conscientia
1895 2478 1981 2512 mihi
1994 2488 2138 2528 propter

1155 2536 1266 2570 Deum
1302 2546 1389 2578 opus
1419 2540 1487 2573 est,
1519 2532 1612 2564 hona
1644 2532 1734 2564 sama
1762 2537 1903 2574 propter
1927 2532 2138 2574 proximum.

1153 2588 1198 2621 Et
1222 2587 1402 2620 sciendum
1423 2591 1490 2622 est,
1517 2582 1653 2616 Bonam
1674 2582 1799 2613 samam
1819 2592 1890 2613 esse
1909 2593 1980 2614 rem
1999 2583 2140 2624 bonam,

1154 2639 1188 2671 id
1213 2645 1279 2677 est,
1308 2635 1596 2680 approbationem
1617 2632 1810 2664 ordinatam
1830 2643 1847 2664 a
1865 2631 1956 2672 Deo,
1984 2640 2016 2666 et
2034 2646 2139 2677 appe-

1154 2690 1294 2723 tendam
1321 2699 1410 2727 esse,
1437 2685 1517 2731 quia
1537 2685 1633 2717 Deus
1658 2682 1733 2715 vult
1756 2683 1905 2726 publicis
1932 2685 2141 2717 testimoniis

1606 2732 1626 2766 4
