2409 2915
1169 567 1242 602 PH
1255 567 1319 604 IL.
1354 567 1482 604 MEL.

629 642 1106 687 ANNOTATIONES

395 805 429 834 In
457 803 565 842 hyeme
594 802 666 832 anni
691 802 783 833 1523.
813 802 994 834 Melanthon
1023 803 1176 834 enarravit
1204 802 1409 842 Evangelinm
1432 802 1553 832 loannis
1582 803 1612 833 in
1635 803 1800 833 Academia
1823 802 2059 844 Witebergensi.

1162 644 1227 685 IN
1289 643 1704 688 EVANGELIUM
1761 644 2019 688 IOANNIS.

2102 804 2236 836 Lnthero
2246 828 2254 843 ‚
2291 807 2340 846 qni

311 847 384 877 vidit
414 845 586 884 exemplum
615 845 835 883 enarrationis,
872 846 915 876 ita
937 855 987 875 res
1010 845 1141 884 placuit,
1178 851 1210 875 ut
1232 845 1471 883 manuscriptum
1493 845 1625 875 mitteret
1648 846 1775 876 Nicolao
1800 845 1940 876 Gerbelio
1965 857 2000 877 eo
2025 847 2170 886 consilio,
2205 853 2237 878 nt
2260 849 2340 889 typis

310 890 544 920 exscriberetur.

601 888 742 918 Defendit
773 888 852 917 enim
880 888 1060 918 Melanthon
1089 888 1198 928 ubique
1228 888 1357 918 Lutheri
1385 887 1567 918 senteutiam
1594 888 1630 917 de
1662 898 1750 919 servo
1780 888 1924 927 arbitrio,
1968 895 1997 919 et
2029 889 2163 930 disputat
2192 891 2340 923 adversus

309 933 431 964 Erasmi
453 932 563 962 librum
587 932 622 960 de
646 931 740 960 libero
765 930 900 960 arbitrio.
945 931 1060 961 Prodiit
1082 931 1176 971 igitur
1197 931 1336 967 libellus,
1368 930 1457 960 simul
1480 940 1547 960 eum
1573 930 1702 970 epistola
1724 931 1851 961 Lutheri
1875 933 1913 962 ad
1938 931 2110 963 Gerbelium
2134 933 2245 964 missa:

433 975 468 1005 ln
489 973 691 1012 Evangelium
714 972 836 1003 Ioannis
858 973 1078 1004 Annotationes
1102 973 1178 1004 Phil.
1202 974 1276 1004 Mel.
1317 973 1479 1009 Basileae‚
1508 983 1612 1003 mense
1635 974 1720 1004 Maio
1746 974 1839 1005 1523.
1875 975 1905 1005 8.

1944 975 1984 1005 19
2004 975 2045 1014 ΡΙ.

439 1017 519 1047 Phil.
542 1016 616 1046 Mel.
641 1015 856 1045 Commentarii
878 1015 909 1046 in
931 1016 974 1047 lo.
996 1016 1209 1056 Erangelium.
1252 1016 1347 1047 Basil.
1371 1026 1425 1056 per
1449 1015 1560 1047 Thom.
1584 1016 1728 1047 VVolfium
1752 1017 1845 1047 1523.
1876 1018 1907 1048 8.
1939 1027 2042 1048 mense
2066 1017 2162 1049 Maio.

437 1060 471 1089 ln
493 1059 614 1097 Evang.
634 1058 778 1088 Iohannis
796 1057 1018 1090 Annotatioues
1042 1059 1098 1090 Ph.
1120 1059 1338 1090 Melanthonis.
1384 1058 1546 1098 Tnhingae
1569 1058 1769 1090 M.D.xxllt.
1793 1059 1846 1100 (8.
1879 1061 1918 1090 16
1937 1060 2001 1098 pl.)
2024 1061 2104 1100 apud
2125 1060 2342 1092 Hulderichum

479 1101 701 1138 Morheimum,
729 1111 832 1131 mense
854 1101 943 1132 Iulio.

435 1145 469 1174 ln
491 1143 636 1174 Iohannis
659 1144 778 1183 Evang.
803 1143 1019 1175 Comsnentarii
1041 1144 1097 1175 Ph.
1118 1145 1193 1175 Mel.
1217 1144 1260 1175 ita
1284 1144 1433 1174 emendati
1457 1149 1486 1173 et
1510 1144 1673 1183 castigati,
1704 1149 1736 1174 ut
1758 1143 1980 1175 Annotationes
2003 1144 2072 1175 illas
2096 1145 2211 1185 pridem
2233 1155 2252 1176 a
2275 1146 2341 1186 qui-

476 1187 604 1217 busdam
625 1191 749 1217 auctore
773 1187 926 1218 nesciente
949 1187 1116 1226 impressas
1138 1187 1220 1218 nullo
1244 1187 1308 1217 sere
1329 1187 1360 1217 in
1378 1186 1445 1217 loco
1463 1197 1633 1227 agnoscas,
1662 1187 1758 1218 Basil.
1776 1188 1856 1226 apud
1873 1187 1969 1218 Adam
1983 1187 2082 1226 Petri,
2115 1197 2144 1218 a.
2159 1188 2343 1220 M.D.xxl1.

476 1239 580 1260 mense
605 1228 727 1268 Septbr.
750 1230 781 1260 8.

434 1271 490 1303 Ph.
522 1273 566 1302 M.
595 1271 816 1303 Annotationes
847 1272 879 1303 in
900 1272 1067 1303 Iohannem
1097 1273 1312 1313 castigatiores
1343 1281 1431 1311 quam
1463 1281 1538 1311 quae
1568 1277 1658 1302 antea
1688 1272 1863 1312 invulgatae
1896 1278 1974 1303 snut.

2033 1272 2144 1311 Utpote
2175 1273 2206 1304 in
2235 1274 2342 1313 quibus

481 1315 576 1345 multa
600 1325 676 1354 quae
700 1316 807 1345 desunt
830 1315 860 1345 in
883 1315 969 1353 aliis,
1007 1316 1174 1353 habentur,
1212 1325 1272 1345 nna
1295 1325 1361 1344 enni
1385 1314 1514 1354 epistola
1537 1315 1785 1345 commendaticia
1808 1315 1852 1345 M.
1875 1315 2020 1353 Lutheri,
2055 1315 2212 1355 indiceque.
2240 1327 2342 1347 rerum
2381 1332 2384 1336 ¹

480 1358 731 1388 memorabilium.
776 1358 826 1387 Ex
848 1358 1046 1388 foelicissima
1068 1358 1234 1397 Hagenoa,
1262 1367 1317 1396 per
1351 1357 1393 1386 10.
1418 1357 1584 1387 Seeerium.
1620 1358 1650 1387 8.

1689 1359 1728 1389 19
1746 1358 1786 1397 ΡΙ.
1825 1358 1905 1398 (sine
1934 1358 2032 1388 indice
2055 1358 2155 1398 anni).
2200 1358 2340 1390 Reeusus

478 1405 524 1430 est
546 1400 668 1430 libellus
691 1400 859 1440 Hagenoae
885 1400 977 1430 1542.
1000 1418 1045 1423 -—
1066 1401 1263 1439 witebergae
1290 1399 1373 1430 1544
1395 1405 1424 1428 et
1447 1399 1516 1429 ibid.
1542 1400 1636 1430 1561.

434 1441 542 1472 Vei-sio
567 1442 759 1482 germanica:
792 1443 1006 1482 mcrffaiwtung
1030 1447 1085 1474 unt>
1111 1444 1245 1482 fut-etiem
1268 1442 1432 1481 attssaigung
1456 1443 1484 1473 in
1509 1447 1560 1474 ons
1585 1441 1776 1481 &sertertium
1801 1442 1953 1480 Sobennis
1975 1442 2106 1481 Philippi
2120 1443 2341 1475 Melanthouis.

477 1485 533 1524 (ln
556 1485 636 1525 fine)
660 1485 791 1519 &erubet
813 1487 852 1517 im
869 1486 982 1517 monet
997 1486 1106 1525 21u3ust
1131 1487 1224 1516 1524.
1268 1486 1306 1523 (1
1325 1485 1408 1525 nini).
1434 1485 1454 1514 9
1471 1486 1548 1520 Qua.
1571 1485 1624 1523 4.)
1669 1485 1776 1520 (Extat
1799 1485 1829 1514 iu
1851 1485 2034 1515 bibliotheca
2051 1486 2159 1516 Dneali
2174 1487 2342 1529 Gothana.)

395 1527 531 1557 Insertae
555 1533 624 1558 sunt
646 1529 705 1558 hae
728 1528 948 1558 Annotationes
973 1529 1116 1567 operibus
1139 1528 1212 1558 Mel.
1236 1527 1378 1558 Basileae
1401 1527 1489 1557 editis
1515 1527 1603 1557 Tom.
1629 1526 1651 1556 Ι.
1675 1538 1703 1566 Ρ.
1722 1528 1792 1558 177.
1836 1527 1990 1557 Peueerns
2013 1534 2113 1557 antem
2137 1538 2190 1559 eas
2213 1529 2244 1560 in
2267 1541 2340 1569 ope-

309 1569 392 1598 ribns
415 1570 624 1600 Melanthonis
648 1571 816 1610 witeberg.
841 1581 900 1601 non
925 1571 1019 1607 dedit,
1050 1571 1264 1600 verosimiliter
1288 1570 1357 1609 qnia
1380 1569 1578 1608 improbanda
1603 1579 1670 1599 esse
1695 1570 1820 1608 putabat
1844 1580 1898 1605 ea,
1934 1580 2010 1610 quae
2035 1571 2213 1602 Melanthon
2237 1578 2343 1604 contra

309 1611 436 1642 liberum
458 1613 616 1643 arbitrium
639 1613 864 1652 disputaverat,
895 1613 942 1642 vel
967 1613 1036 1652 qnia
1060 1613 1178 1643 omnino
1204 1623 1256 1643 eas
1280 1617 1404 1642 auctore
1427 1623 1487 1642 non
1511 1622 1578 1641 esse
1603 1612 1678 1642 satis
1703 1612 1812 1651 dignas
1836 1614 1994 1652 probabat.
2039 1613 2103 1644 Nos
2122 1614 2341 1647 Annotationes

308 1653 440 1694 Philippi
463 1656 501 1686 ab
526 1656 590 1686 eius
614 1657 755 1695 operibns
779 1657 888 1687 abesse
912 1655 1079 1694 noluimus,
1116 1656 1224 1695 quippe
1249 1662 1311 1686 tam
1334 1664 1444 1694 saepe,
1481 1655 1601 1684 virente
1625 1655 1837 1691 Melanthone‚
1877 1656 1990 1690 editas;
2022 1662 2051 1685 et
2075 1657 2254 1688 anctoritate
2277 1658 2341 1688 Ln-

309 1697 386 1727 theri
417 1699 653 1730 commendatas.
697 1699 863 1730 Hansimns
893 1698 1001 1729 librum
1034 1709 1071 1729 ex
1104 1699 1232 1729 editione
1263 1698 1396 1735 Secerii,
1436 1707 1512 1737 quae
1538 1697 1706 1737 Hagenoae
1736 1698 1863 1739 prodiit,
1899 1698 2001 1729 addita
2030 1699 2115 1730 varia
2144 1700 2272 1732 lectione
2303 1711 2341 1732 ex

310 1740 439 1771 editione
461 1742 662 1782 Tubingensi.

641 1959 679 1990 D.
720 1958 956 1990 Nlcobao
995 1959 1261 1989 GERBELIO
1299 1958 1427 1989 vnto
1463 1958 1600 1989 PURE
1639 1957 1994 1990 CHMSTIANO,

1094 2018 1329 2049 MARTIM'S
1366 2017 1556 2049 LL’THER.

311 2090 450 2146 Gratia
468 2119 501 2147 et
518 2124 583 2158 pax
601 2124 620 2146 a
635 2111 711 2148 Deo
728 2120 824 2159 patre
841 2120 873 2148 et
888 2110 1045 2147 Domino
1062 2120 1182 2148 nostro
1196 2111 1298 2147 lbesn

311 2162 468 2198 Christo.

415 2215 645 2259 Sublegeram
673 2215 741 2249 iam
768 2222 849 2250 ante
867 2213 1026 2260 Philippi
1051 2216 1161 2250 nostri
1186 2228 1300 2249 anno-

315 2266 462 2300 tationes
481 2266 597 2301 intres
613 2267 776 2312 epistolas
786 2266 906 2306 Pauli;
936 2268 971 2299 in
990 2279 1056 2312 qua
1075 2279 1112 2299 re
1129 2279 1206 2301 cum
1227 2279 1298 2300 non

314 2318 432 2350 liceret
456 2317 557 2351 irasci
584 2319 620 2352 in
647 2319 759 2352 furem
785 2316 1003 2359 Luffiernm,
1031 2314 1097 2351 lioc
1123 2325 1239 2352 tamen
1265 2330 1299 2351 se

312 2369 458 2413 putabat
483 2369 619 2413 egregie
644 2370 680 2402 in
707 2382 762 2403 me
775 2369 1016 2409 vindicatum,
1042 2370 1137 2413 quod
1159 2369 1300 2403 libellus

313 2417 613 2466 typographorum
644 2421 856 2465 negligentia
886 2421 968 2455 satis
993 2421 1182 2453 mendosus
1207 2421 1298 2453 exie-

314 2478 385 2510 rat,
412 2477 449 2504 ut
475 2478 506 2504 et
530 2484 584 2505 me
607 2484 716 2516 prope
743 2473 888 2517 puderet
911 2479 942 2506 et
969 2471 1101 2516 pigeret
1125 2472 1209 2504 snrti
1229 2479 1298 2505 tam

312 2522 402 2554 male
428 2522 543 2558 locati.
598 2522 661 2556 llle
686 2523 826 2557 interim
851 2535 906 2557 me
932 2523 1027 2561 risit,
1055 2534 1198 2567 sperans
1216 2523 1300 2563 sore,

313 2580 351 2605 nt
376 2573 477 2606 furtis
503 2574 676 2608 eiusmodi
703 2575 867 2619 deinceps
885 2574 1117 2610 abstinerem.
1146 2586 1224 2607 meo
1241 2587 1298 2618 pe-

315 2624 424 2657 riculo
450 2625 583 2660 doctus.

315 2675 393 2707 auxi
424 2687 537 2709 meam
569 2679 824 2722 temeritatem,
860 2684 892 2712 et
927 2678 991 2711 iarn
1024 2689 1095 2711 non
1121 2677 1218 2711 furor
1241 2677 1300 2710 sed

654 2625 726 2669 ligo
751 2633 867 2661 autern
893 2625 964 2660 risu
993 2638 1033 2659 eo
1059 2622 1149 2658 nituit
1174 2633 1302 2665 motus,

1354 2125 1415 2158 per
1433 2114 1503 2146 vim
1522 2113 1632 2156 rapio,
1658 2112 1786 2145 frustra
1806 2111 1979 2145 renitente
1996 2109 2156 2146 authore.

1355 2165 1503 2199 tationes
1536 2164 1610 2197 eius
1645 2163 1681 2196 in
1714 2160 1908 2196 Iohannem
1934 2161 2220 2207 Evangelistam‚
2250 2176 2342 2210 quas
2381 2200 2383 2213 1

1354 2223 1472 2250 tamen
1505 2215 1588 2248 nolo
1620 2214 1736 2247 verbis
1767 2226 1913 2252 ornare.
1947 2224 2019 2247 sese
2041 2215 2341 2250 commendabunt
2382 2254 2383 2258 Ἰ

1354 2267 1514 2305 Lectori,
1551 2278 1594 2299 ne
1617 2277 1737 2299 rursus
1762 2276 1865 2299 nasus
1891 2265 1965 2298 eius
1989 2272 2021 2299 et
2047 2275 2151 2308 rugae
2176 2263 2265 2299 mihi
2290 2267 2341 2301 l'e-

1354 2319 1454 2351 rendi
1491 2317 1572 2353 sint.
1632 2315 1712 2350 Non
1745 2315 1840 2349 enim
1870 2316 2063 2350 modestiae
2087 2316 2205 2350 studio
2230 2317 2285 2352 sui
2307 2325 2341 2352 et

1352 2381 1494 2403 suarum
1514 2380 1630 2402 serum
1648 2374 1844 2401 contemtor
1861 2373 1927 2406 est,
1954 2367 2012 2400 sed
2031 2368 2125 2412 qnod
2136 2365 2340 2403 Christiano
2379 2361 2381 2371 ¹

1353 2420 1479 2454 affectu
1496 2419 1613 2453 omnia
1631 2426 1750 2452 nostra
1769 2416 1859 2451 nihil
1878 2429 1949 2451 esse
1965 2419 2093 2452 credat.
2129 2418 2203 2452 Soti
2222 2426 2340 2454 autem
2378 2440 2380 2462 ,¹

1352 2470 1495 2506 Christo
1529 2471 1647 2503 omnia
1680 2469 1807 2503 debere
1840 2476 1909 2503 tam
1942 2469 2137 2510 obstinate,
2180 2477 2219 2504 ut
2251 2467 2339 2504 mihi
2377 2466 2380 2475 ’

1353 2523 1457 2567 plane
1481 2523 1643 2556 videatur
1665 2521 1786 2554 saltem
1810 2521 1845 2553 in
1871 2518 1936 2553 hoc
1958 2532 2093 2561 errare,
2121 2521 2215 2567 quod
2231 2518 2339 2556 Chri-

1353 2581 1446 2609 stum
1463 2574 1577 2618 ipsnm
1599 2573 1704 2615 fingat
1723 2571 1862 2615 longius
1881 2572 1999 2605 abesse
2013 2571 2112 2605 cordi
2130 2583 2206 2612 suo,
2232 2584 2338 2618 quarn

1353 2625 1397 2659 sit
1422 2637 1556 2660 revera.
1608 2623 1677 2657 Nee
1696 2620 1783 2656 mihi
1802 2623 1902 2657 :iliter
1917 2623 2078 2657 suadenti
2096 2623 2247 2667 amplius
2262 2635 2337 2658 cre-

1354 2677 1424 2715 dit,
1460 2678 1547 2710 adeo
1574 2675 1740 2719 profecit,
1768 2682 1800 2709 et
1826 2687 1880 2708 me
1903 2674 2091 2719 superavit.
2146 2674 2336 2709 Novissimi

2212 2110 2341 2147 Anno·
2382 2107 2385 2134 Ῑ
