2409 2915
276 100 343 137 151

275 181 396 216 toricis
420 180 549 214 libellis
574 189 700 222 genera
726 177 996 216 discernuntur,
1023 176 1261 210 didascalicon
1286 175 1290 217 1

275 240 308 266 et
324 231 603 266 deliberativum.
647 226 744 260 Haec
763 226 968 261 distributio
988 233 1037 260 est
1057 239 1261 260 commone-

275 283 381 317 factio
418 283 462 315 de
488 278 748 314 considerando
785 277 934 310 consilio
970 289 1030 311 seu
1062 277 1261 311 intentione

279 333 482 372 scribentis,
508 342 569 364 seu
584 331 626 362 de
644 330 712 362 fine
732 328 913 363 orationis.

383 397 540 431 Primum
560 395 669 439 igitur
686 395 728 428 de
744 394 836 428 libro
853 393 1074 431 Salomonis,
1102 393 1156 426 cui
1177 393 1262 426 titu-

280 449 334 482 lus
349 455 418 482 est:
446 446 691 487 Ecclesiastes‚
717 443 784 478 hoe
802 445 902 484 dico,
928 443 1156 487 principalem
1183 456 1262 487 par-

281 508 351 534 tem
371 510 443 532 esse
461 497 677 537 doctrinam,
705 495 885 535 videlicet,
912 494 1204 527 asseverationem
1220 495 1262 527 de

279 549 521 595 providentia,
548 546 614 580 hoc
638 554 707 584 est,
733 547 774 579 de
793 543 860 578 hoc
875 545 1024 578 articulo
1043 545 1140 585 fidei,
1169 545 1260 590 quod

281 601 375 635 Deus
401 611 480 633 vere
505 599 549 632 sit
574 599 678 630 iudex
709 603 801 629 recte
824 603 857 629 et
882 607 979 628 secus
1001 596 1193 635 factorum,
1225 607 1263 628 ac

280 652 365 685 velit
379 662 443 684 nos
462 655 552 682 recta
569 649 698 687 facere,
725 653 758 680 et
774 647 940 680 facientes
956 654 1048 679 recta
1070 647 1164 680 iuxta
1186 658 1263 678 ver-

280 703 364 735 bum
399 707 433 734 et
471 699 691 732 vocationem
726 698 794 741 ipsi
826 698 1073 730 commendare
1109 704 1266 735 eventus,

283 750 420 786 etiamsi
445 750 547 783 multi
575 748 692 791 magni
721 748 857 781 labores
883 748 1049 780 videntur
1071 759 1142 780 esse
1164 747 1265 786 irriti,

279 810 317 836 ut
342 802 479 835 labores
505 799 691 839 leremiae,
728 811 931 844 quanquam
964 811 1035 830 non
1065 799 1264 841 impediunt

281 852 456 886 excidium
474 851 626 894 patriae,
653 857 770 883 tamen
793 856 874 882 sunt
893 850 1072 882 salutares.
1126 848 1266 882 Rursus

282 905 385 937 etiam
412 903 507 936 iubet
532 908 626 935 certo
652 908 802 933 statuere
821 900 933 933 Deum
960 900 1167 943 puniturum
1194 911 1266 931 esse

282 966 355 987 non
374 960 465 987 recte
487 953 672 990 facientes,
700 950 833 985 etiamsi
852 950 1031 984 interdum
1051 950 1267 983 differuntur

280 1016 424 1050 poenae.

384 1070 482 1104 Haec
509 1067 717 1101 asseveratio
745 1069 787 1101 de
813 1065 1034 1110 providentia
1058 1073 1107 1100 est
1131 1066 1265 1115 princi-

282 1121 372 1166 palis
388 1132 468 1166 pars
484 1119 579 1154 libri,
634 1118 726 1161 Quia
745 1130 828 1151 vero
856 1118 1020 1151 turbatur
1045 1119 1200 1151 assensio
1223 1120 1266 1151 de

282 1171 504 1217 providentia
535 1168 767 1202 horribilibus
792 1169 1061 1202 confusionibus
1085 1170 1175 1202 vitae
1200 1168 1267 1202 hu—

282 1234 423 1262 manae,
451 1221 615 1255 videlicet
632 1221 726 1265 quod
743 1220 844 1253 multi
867 1220 1022 1260 labores,
1050 1232 1088 1252 ac
1108 1220 1266 1265 plerique

281 1285 407 1317 magna
425 1273 540 1316 specie
558 1271 752 1315 sapientiae
778 1271 950 1314 suscepti,
977 1272 1035 1303 sed
1064 1271 1140 1304 sine
1165 1283 1266 1303 man-

282 1325 364 1358 dato
379 1351 388 1364 ‚
416 1322 527 1368 aliqui
546 1323 649 1355 etiam
669 1321 819 1366 suscepti
847 1321 940 1354 iuxta
961 1322 1125 1354 mandata
1151 1328 1182 1354 et
1205 1335 1266 1354 vo-

284 1375 456 1409 cationem
475 1373 645 1406 videntur
669 1373 773 1407 irriti.
829 1371 916 1404 Item
936 1371 1092 1405 Ecclesia
1111 1373 1266 1405 subiecta

283 1432 334 1460 est
352 1424 464 1465 cruci,
482 1430 515 1458 et
533 1423 613 1457 insti
631 1423 850 1466 affliguntur.
870 1423 990 1456 iniusti
1011 1435 1092 1455 vero
1111 1431 1268 1465 regnant,

282 1483 404 1510 tenent
430 1475 575 1518 imperia
602 1481 634 1507 et
654 1485 758 1521 opes,
786 1481 825 1508 ut
847 1473 956 1507 'I'nrci
974 1480 1006 1507 et
1024 1474 1093 1507 alii.
1129 1474 1267 1508 Recitat

283 1526 454 1562 Salomon
479 1523 562 1559 haec
591 1532 795 1567 argumenta
827 1525 1005 1558 turbantia
1032 1525 1266 1558 assensionem

283 1579 326 1611 de
343 1576 585 1622 providentia,
613 1583 644 1609 et
668 1576 815 1619 opponit
841 1576 1156 1618 asseverationem,
1180 1588 1268 1620 quae

282 1626 386 1662 habet
404 1627 643 1661 testimonium
662 1627 761 1660 verbi
781 1626 864 1664 Dei,
893 1628 986 1670 quod
1005 1626 1079 1659 vult
1095 1626 1266 1660 Solomon

282 1679 447 1711 omnibns
473 1676 696 1722 spectaculis,
725 1689 813 1722 quae
847 1677 883 1709 in
917 1676 1038 1709 oculos
1069 1677 1268 1717 incurrunt,

282 1729 460 1764 anteferri.

387 1794 464 1828 Hoc
481 1794 662 1828 doctrinae
680 1795 912 1827 fundamento
930 1794 1032 1834 iacto,
1052 1794 1149 1827 addit
1167 1794 1268 1826 ‹lein-

281 1848 325 1880 de
344 1846 498 1889 regulam
516 1845 623 1879 vitae:
650 1843 808 1878 Obedias
829 1845 935 1877 verbo
947 1844 1024 1883 Dei,
1054 1845 1147 1878 iuxta
1166 1856 1268 1876 voca-

283 1898 414 1931 tionem
428 1924 436 1935 ,
456 1908 518 1929 nec
538 1896 581 1929 ab
597 1908 636 1928 eo
654 1896 812 1928 discedas
830 1903 972 1938 propter
988 1895 1141 1938 speciosa
1160 1895 1269 1927 ratio-

283 1949 338 1981 nis
357 1947 524 1987 consilia,
551 1953 612 1979 aut
630 1953 774 1989 propter
792 1958 845 1978 res
869 1947 1036 1978 secundas
1060 1953 1118 1979 aut
1142 1947 1267 1978 adver-

283 2011 347 2032 sas.
404 1999 481 2031 Deo
505 2004 620 2030 autem
646 1999 869 2029 commende-s
894 2004 1051 2031 eventus.
1107 1995 1152 2029 Ut
1187 2008 1267 2039 pro—

282 2057 359 2094 pter
374 2048 570 2092 speciosum
588 2047 775 2080 consilium
793 2047 978 2080 discedunt
996 2060 1013 2079 a
1033 2047 1138 2079 verbo
1154 2054 1183 2079 et
1206 2059 1266 2079 vo—

283 2101 421 2133 catione
441 2098 616 2132 lsraelitae
633 2110 711 2131 cum
730 2105 850 2141 petunt
867 2110 1000 2139 regem,
1029 2106 1059 2131 ct
1086 2098 1208 2130 volunt
1230 2098 1265 2130 in

284 2149 348 2184 hac
368 2150 489 2194 politia
501 2149 671 2182 divinitus
690 2149 878 2182 constituta
896 2161 1022 2181 novam
1040 2149 1188 2181 sormam
1206 2160 1266 2181 sua

284 2201 452 2245 sapientia
471 2200 694 2234 constituere.
732 2199 887 2233 Discedit
905 2213 921 2232 a
947 2200 1054 2233 verbo
1072 2198 1158 2238 Dei,
1181 2212 1266 2232 con-

283 2253 430 2286 stituens
455 2264 586 2284 novum
613 2251 767 2287 cultum.
800 2250 999 2291 leroboam,
1026 2251 1107 2296 qnia
1125 2251 1266 2283 nolebat

284 2303 396 2336 videri
422 2314 457 2335 se
483 2314 554 2334 non
582 2314 654 2335 esse
678 2314 795 2345 parem
821 2303 891 2343 regi
923 2301 1006 2335 luda
1028 2308 1092 2335 etc.
1150 2301 1265 2334 Multo

284 2353 394 2397 magis
411 2353 596 2385 discedunt
617 2364 634 2384 a
651 2354 832 2385 vocatione
848 2353 992 2393 Marius,
1006 2351 1172 2390 Catilina,
1190 2353 1264 2385 An-

284 2405 419 2443 tonius,
446 2403 506 2449 qui
533 2404 636 2435 motis
662 2403 896 2437 seditionibus
918 2415 1024 2445 regna
1051 2403 1265 2436 constituere

283 2463 468 2489 conantur.
530 2453 721 2487 Discedunt
756 2467 773 2487 a
800 2455 906 2487 verbo
932 2454 999 2489 Dei
1033 2455 1131 2488 fracti
1159 2454 1264 2488 rebus

283 2509 449 2539 adversus
474 2505 672 2549 pontifices,
703 2505 905 2543 Menelaus,
940 2505 1100 2539 Alcimus
1134 2512 1166 2537 et
1202 2505 1261 2537 alii

283 2556 573 2589 Maccahaeorum
598 2556 834 2604 temporibus,
867 2563 898 2589 et
937 2569 1030 2590 nunc
1059 2556 1159 2589 multi
1188 2569 1262 2587 mo-

283 2615 411 2641 ventur
435 2609 589 2650 potentia
616 2614 648 2641 et
673 2607 783 2649 gloria
808 2608 904 2651 regni
923 2607 1065 2642 Turcici
1092 2614 1123 2641 et
1143 2608 1260 2651 ponti·

281 2658 347 2691 licii
360 2686 368 2698 ,
395 2665 430 2691 ut
446 2658 606 2692 deficiant
625 2671 642 2692 a
661 2671 742 2691 vcro
758 2657 844 2692 Deo.

862 93 988 130 PHlL.
1015 91 1132 129 MEL.
1157 92 1364 129 SCRIPTA
1392 90 1694 128 ExEGETch.

2228 87 2300 125 152

1418 172 1588 208 Tenenda
1605 181 1656 209 est
1673 175 1780 219 igitur
1795 173 1914 218 regula
1939 170 1998 206 hic
2018 183 2120 216 saepe
2136 174 2298 219 repetita:

1288 237 1289 247 ¹
1316 223 1474 258 Obedias
1499 227 1606 259 verbo
1631 225 1719 269 Dei,
1746 233 1779 260 et
1801 226 1868 269 ipsi
1894 225 2120 258 commendes
2144 232 2302 266 eventus,

1288 298 1290 311 .
1316 275 1397 320 quia
1416 283 1509 310 certo
1523 275 1618 310 Deus
1644 277 1863 310 indicaturus
1890 282 1951 310 est.
2004 272 2100 308 Haec
2123 276 2243 320 regula
2267 281 2302 310 et

1288 327 1290 351 ἰ
1315 326 1400 358 alibi
1418 338 1519 371 saepe
1536 327 1682 371 repetita
1698 334 1765 367 est,
1790 334 1827 360 ut
1845 326 1972 359 Psalm.
1984 324 2060 359 37„
2078 324 2300 360 commenda

1289 377 1394 410 Deo
1411 377 1501 410 viam
1518 385 1636 418 tuam,
1664 384 1696 410 et
1717 389 1815 421 spera
1842 378 1879 410 in
1903 388 2001 416 eum,
2029 383 2062 409 et
2088 377 2162 420 ipse
2185 377 2300 410 faciet.

1289 431 1291 465 j
1316 426 1392 460 Hac
1414 429 1532 471 regula
1558 428 1747 462 constituta
1771 435 1969 474 sequuntue
1986 427 2115 460 deinde
2140 428 2301 461 consola-

1317 478 1442 512 tiones.

1290 474 1292 550 ἰ

1419 542 1567 577 Etiamsi
1584 555 1730 588 magnae
1743 550 1825 577 sunt
1841 543 2065 576 confusiones
2080 543 2218 587 generis
2234 539 2302 577 hu-

1319 594 1429 628 mani.
1484 594 1638 627 Maxima
1660 601 1709 627 est
1730 594 1922 627 multitudo
1949 594 2159 638 impiorum,
2187 601 2220 627 et
2243 593 2301 627 in·

1324 645 1405 678 iusti
1432 651 1551 678 tenent
1573 645 1741 689 imperia,
1768 645 1848 678 iusti
1867 645 2134 689 opprimuntur,
2161 651 2196 678 et
2220 644 2301 688 plu-

1319 697 1406 728 rima
1429 696 1576 729 consilia
1606 694 1792 729 hominum
1827 695 1902 728 sine
1932 694 2006 728 Deo
2038 702 2120 729 sunt
2148 694 2302 729 inutilia.

1291 727 1295 835 ¹
1322 746 1395 779 lmo
1413 754 1444 779 et
1463 747 1599 779 labores
1616 748 1754 790 piorum
1773 747 1809 779 in
1827 753 1922 780 tanta
1940 745 2158 779 contumacia
2175 745 2303 789 impiae

1320 797 1560 830 multitudinis
1577 804 1608 830 et
1624 798 1809 841 fugacitate
1826 798 1916 830 vitae
1927 797 2094 830 videntur
2110 807 2184 829 esse
2199 796 2304 836 irriti,

1321 855 1352 882 et
1368 848 1620 892 aliquantisper
1637 849 1725 882 bene
1741 849 1950 882 constitutae
1968 846 2145 881 Ecclesiae
2162 853 2194 880 et
2212 845 2302 880 civi-

1322 907 1407 932 tates
1424 899 1493 932 cito
1514 899 1718 939 turbantur,
1746 906 1862 932 tamen
1888 911 1958 931 non
1983 899 2141 932 discedas
2165 910 2182 930 a
2200 908 2303 941 regu-

1322 951 1368 982 la:
1398 948 1631 992 Obtemperes
1650 950 1743 992 Deo,
1771 957 1804 983 et
1826 950 1862 982 in
1886 951 1961 993 ipso
1980 950 2134 989 laeteris,
2162 960 2226 982 nec
2242 948 2304 981 ab·

1322 1001 1417 1034 iicias
1440 1002 1624 1033 mandatos
1654 1000 1790 1033 labores
1811 1008 1844 1035 et
1867 1002 2028 1033 ordinem
2054 1012 2072 1033 a
2097 1000 2173 1033 Deo
2200 998 2304 1032 insti-

1321 1059 1446 1085 tutum.

1421 1116 1497 1150 Hae
1514 1117 1772 1151 consolationes
1789 1129 1889 1160 saepe
1906 1124 2131 1160 repetuntur,
2145 1118 2204 1150 sed
2222 1121 2304 1149 sunt

1322 1175 1496 1201 extructae
1510 1180 1614 1211 supra
1637 1169 1930 1201 asseverationem
1954 1170 1997 1201 de
2023 1167 2244 1212 providentia
2270 1173 2303 1200 et

1321 1220 1364 1251 de
1385 1227 1532 1253 venturo
1562 1219 1710 1258 indici0,
1744 1227 1781 1252 ut
1807 1231 1881 1267 cap.
1908 1219 1942 1253 3.
1970 1220 2072 1253 dicit:
2111 1219 2245 1252 lustum
2271 1223 2306 1250 et

1322 1269 1469 1313 impium
1501 1270 1671 1303 iudicabit
1696 1269 1802 1304 Deus.
1864 1268 1909 1303 Et
1944 1282 2018 1314 cap.
2053 1270 2133 1303 ult.:
2171 1268 2305 1303 Cuncta

1322 1333 1409 1365 quae
1426 1321 1512 1354 fiunt
1529 1322 1678 1354 adducet
1694 1319 1788 1354 Deus
1804 1321 1840 1353 in
1860 1321 2043 1354 iudicium.
2077 1320 2124 1354 Et
2142 1331 2217 1366 cap.
2230 1319 2305 1353 11.:

1322 1370 1391 1403 Pro
1424 1372 1591 1405 omnibus
1621 1369 1676 1404 his
1709 1373 1857 1405 adducet
1880 1378 1912 1404 te
1933 1371 2029 1404 Deus
2061 1373 2097 1404 in
2120 1370 2305 1404 iudicium.

1322 1422 1376 1454 Ad
1398 1421 1463 1455 hoc
1481 1423 1750 1456 fundamentum
1769 1423 1974 1466 adiungitur
1991 1428 2213 1469 praeceptum
2231 1432 2306 1464 cap.

1321 1473 1405 1507 ult.:

1322 1523 1424 1557 faciat
1450 1525 1564 1557 omnis
1590 1521 1708 1559 homo.

1435 1473 1549 1507 Deum
1571 1473 1672 1514 time,
1703 1480 1734 1506 et
1752 1475 1916 1507 mandata
1940 1474 2014 1506 eius
2039 1474 2207 1510 observa,
2237 1468 2304 1504 lloe

1769 1523 1815 1558 Et.
1846 1525 1888 1557 de
1917 1524 2099 1557 laboribus
2127 1521 2305 1555 mandatis

1322 1574 1438 1619 inquit
1456 1587 1529 1619 cap.
1555 1574 1608 1608 9.:
1639 1575 1820 1620 Quicquid
1840 1582 1950 1618 potest
1976 1576 2087 1607 facere
2105 1584 2229 1606 manus
2246 1578 2305 1605 tna

1323 1626 1488 1658 omnibus
1515 1626 1650 1658 viribus
1673 1625 1789 1660 facito.
1845 1625 1929 1658 ltem
1957 1626 2060 1668 capit.
2090 1626 2161 1658 11.:
2198 1623 2304 1656 Mine

1324 1688 1448 1719 panem
1473 1683 1572 1709 tuum
1597 1688 1702 1719 super
1718 1683 2078 1720 aquastransenntes,
2105 1682 2222 1708 tamen
2247 1673 2304 1705 in-

1324 1726 1441 1759 venies
1464 1739 1555 1761 eum.
1608 1726 1704 1759 Sicut
1732 1727 1862 1759 Paulus
1889 1727 2020 1771 inquit:
2052 1726 2170 1759 Labor
2192 1731 2307 1758 vester

1324 1790 1395 1810 non
1420 1785 1470 1811 est
1494 1777 1609 1810 inanis
1635 1778 1668 1809 in
1696 1777 1862 1810 Domino.
1916 1777 2111 1809 Adduntur
2126 1783 2158 1809 et
2177 1786 2303 1809 conso-

1325 1829 1474 1861 lationes
1492 1836 1527 1862 ut
1547 1829 1581 1860 in
1601 1829 1677 1861 Deo
1697 1828 1956 1872 acquiescamus
1974 1834 2004 1860 et
2022 1827 2204 1866 laetemur,
2224 1836 2304 1858 cum

1323 1879 1465 1923 quidem
1496 1879 1605 1911 multa
1636 1880 1780 1911 adversa
1814 1878 2007 1921 impediant
2033 1877 2246 1910 necessarios
2271 1882 2306 1909 et

1323 1930 1425 1962 utiles
1445 1930 1589 1962 labores.
1644 1928 1729 1971 Cap.
1747 1929 1804 1962 9.:
1834 1929 1930 1961 Vade
1954 1937 1985 1961 et
2002 1930 2144 1961 comede
2171 1928 2208 1960 in
2233 1928 2306 1960 lae-

1323 1981 1403 2014 ticia
1423 1992 1546 2023 panem
1564 1986 1682 2020 tuum,
1710 1981 1790 2025 qnia
1809 1979 1882 2014 Deo
1903 1980 2039 2023 placent
2057 1991 2161 2023 opera
2182 1985 2254 2014 tua.

1424 2046 1500 2080 llae
1529 2047 1620 2079 vitae
1649 2047 1787 2089 regulae
1820 2053 1851 2079 et
1881 2046 2140 2079 consolationes
2167 2055 2304 2088 semper

1322 2099 1389 2131 sint
1415 2099 1451 2130 in
1468 2106 1672 2140 conspeetu,
1700 2110 1761 2131 nec
1787 2098 1948 2131 turbetur
1973 2097 2126 2130 assensio
2151 2097 2195 2129 de
2221 2107 2305 2139 pro-

1322 2149 1476 2182 videntia
1505 2149 1611 2182 variis
1636 2149 1857 2193 spectaculis„
1892 2161 1980 2193 quae
2007 2160 2077 2180 non
2104 2152 2305 2190 congruunt

1321 2212 1400 2233 cum
1424 2200 1566 2239 ordine,
1602 2208 1638 2233 ut
1665 2213 1743 2233 cnm
1768 2200 1849 2233 iusti
1873 2199 2142 2243 opprimuntur.
2176 2198 2304 2231 florent

1322 2251 1421 2298 impii
1443 2258 1525 2291 etc..
1553 2264 1615 2283 nec
1642 2251 1855 2284 :obiiciantur
1880 2250 2034 2283 mandati
2059 2250 2195 2282 labores
2220 2260 2303 2292 pro-

1322 2310 1435 2346 pterea
1456 2303 1549 2347 quod
1566 2302 1675 2335 multa
1694 2303 1941 2346 impe-(limeum
1960 2306 2162 2334 occurrunt.

1422 2367 1483 2403 Est
1503 2369 1609 2411 igitur
1626 2369 1871 2416 principaliter
1887 2365 1952 2401 hoc
1969 2367 2137 2411 scriptum
2156 2363 2298 2412 ‹5071112-

1320 2418 1422 2455 τικὸι
1438 2421 1510 2453 sive
1526 2417 1789 2454 διδασκαλικὸν
1802 2445 1813 2462 ,
1841 2418 2003 2452 videlicet
2029 2417 2238 2452 asseveratio
2257 2415 2303 2448 de

1319 2472 1542 2518 providentia
1565 2472 1775 2505 confirmans
1808 2470 1882 2514 pios
1908 2477 2028 2502 contra
2054 2468 2244 2513 Epicureas
2269 2472 2302 2499 et

1320 2523 1545 2556 Academicas
1574 2522 1772 2569 opinione&
1828 2520 1964 2554 Deinde
1992 2521 2174 2554 adduntur
2203 2527 2304 2562 prae-

1318 2581 1414 2616 cepta
1437 2586 1496 2607 seu
1516 2573 1656 2615 regulae
1674 2573 1766 2606 vitae
1785 2579 1816 2605 et
1834 2571 2112 2611 consolationes,
2140 2568 2224 2604 haec
2246 2578 2301 2602 re-

1318 2624 1389 2668 ipsa
1407 2637 1542 2659 summa
1560 2634 1605 2658 est
1623 2621 1728 2657 huius
1745 2623 1879 2668 scripti.
