2409 2915
257 102 326 136 691

369 185 468 219 Aliae
487 187 568 216 sunt
586 178 834 225 promissiones
855 178 898 211 de
921 177 1026 211 bonis
1042 178 1249 223 temporali-

214 244 227 248 ”
268 239 353 277 bus,
387 231 589 267 necessariis
614 231 655 264 ad
681 230 771 262 vitae
796 228 989 272 corporalis
1010 229 1248 263 conservatio—

269 299 358 320 nem.
414 284 627 328 Quanquam
649 280 756 323 igitur
770 275 865 312 Deus
883 279 976 312 bona
994 281 1152 324 corporis
1177 291 1248 313 non

269 337 415 380 largitur
446 342 478 368 et
512 332 692 367 distribuit
727 330 894 364 omnibus
928 331 1139 376 aequaliter,
1179 331 1248 363 imo

267 389 351 422 sinit
367 386 536 431 quosdam
551 396 591 417 ex
609 381 747 417 Sanctis
769 387 802 414 et
821 381 963 425 quidem
989 383 1172 426 praecipua
1195 381 1250 414 lu-

267 439 361 471 mina
372 436 562 475 Ecclesiae,
584 440 622 468 ut
633 432 807 473 Abelum,
835 429 1029 472 Ionathan‚
1056 430 1249 466 Iohannem

270 488 466 532 Baptistam
478 513 486 528 ,
515 485 665 519 Paulum
683 490 715 516 et
732 482 863 516 multos
879 482 968 516 alios
982 483 1169 517 crudeliter
1195 483 1251 515 in-

268 539 390 582 terfici,
418 546 534 573 tamen
552 548 615 569 nec
634 532 699 567 hae
717 533 966 578 promissiones
981 534 1156 568 bonorum
1174 545 1250 567 cor-

269 590 441 635 poralium
458 595 539 622 sunt
556 587 678 619 inanes
693 591 753 618 aut
768 584 906 625 irritae,
934 587 992 618 sed
1015 583 1141 619 habent
1160 583 1252 618 hanc

269 641 482 674 serissimam
501 645 533 672 ct
548 636 775 671 certissimam
792 635 1132 680 interpretationem,
1156 635 1252 680 quod

268 692 362 725 Deus
381 691 483 724 etiam
504 689 539 721 in
558 685 623 721 hac
641 686 814 731 praesenti
833 686 903 720 vita
920 698 1057 731 semper
1072 687 1156 720 velit
1179 686 1252 720 col-

269 743 375 783 ligere
390 749 422 774 et
439 750 645 774 conservare
661 737 852 771 Ecclesiam
864 764 872 778 ‚
906 737 1055 783 ideoque
1079 749 1141 771 suo
1168 748 1252 770 con-

270 794 346 826 silio
364 792 501 825 assidue
522 790 605 823 velit
630 789 661 822 ei
680 789 764 822 dare
781 788 872 822 bona
890 789 1030 832 corpori
1048 788 1254 828 necessaria,

268 845 326 877 sed
345 855 424 876 cum
441 841 656 881 conditione,
683 846 723 873 ut
738 839 847 884 aliqui
864 839 1058 883 puniantur
1074 851 1133 872 seu
1150 839 1254 872 casti-

268 901 406 938 gentur.
459 892 517 927 Sic
535 891 649 926 David
675 901 783 934 regno
811 889 932 933 pulsus
956 889 1096 923 eiicitur
1121 889 1157 922 in
1181 889 1254 922 exi-

269 946 366 979 linm.
437 943 525 978 Item
555 955 598 975 ne
631 953 714 974 crux
746 940 906 978 tollatur,
947 941 1005 973 sed
1036 946 1074 973 ut
1097 938 1254 974 Ecclesia

268 1001 466 1029 exerceatur
481 991 656 1027 aerumnis
674 998 706 1024 et
723 990 986 1024 afflictionibus.
1036 989 1182 1025 Interim
1202 997 1254 1024 ta-

267 1059 346 1080 men
367 1046 441 1079 vult
458 1044 617 1086 mitigare
634 1042 737 1075 nobis
759 1047 792 1074 et
816 1053 947 1086 poenas
970 1053 1031 1075 seu
1055 1042 1254 1085 castigatio-

267 1109 345 1136 nes,
374 1103 406 1130 et
424 1094 586 1129 exercitia
603 1105 662 1126 seu
681 1103 840 1133 crucem,
867 1093 1051 1137 agentibus
1071 1093 1254 1137 poeniten-

267 1149 351 1182 tiam
371 1154 403 1181 et
421 1145 669 1180 invocantibus
686 1143 815 1188 ipsum.

367 1223 425 1257 Sic
442 1222 625 1256 confirmat
644 1220 716 1265 ipse
733 1219 872 1253 Psalmo
891 1217 968 1255 50.:
1000 1218 1129 1253 Invoea
1146 1231 1201 1252 me
1218 1220 1255 1252 in

267 1275 321 1308 die
340 1273 598 1313 tribulationis,
625 1278 656 1305 et
672 1271 819 1315 eripiam
837 1277 883 1313 te,
910 1277 944 1304 et
959 1270 1171 1314 glorificabis
1190 1283 1254 1305 me.

268 1325 353 1359 ltem
373 1324 495 1359 Esaiae
517 1325 566 1360 1.:
609 1321 888 1361 Convertimini,
923 1321 952 1354 si
978 1328 1116 1363 peccata
1142 1327 1255 1355 vestra

267 1376 399 1409 fuerint
417 1382 455 1409 ut
476 1374 658 1409 coccinum
684 1379 717 1406 et
739 1378 778 1406 ut
802 1371 1031 1412 vermiculus,
1058 1371 1155 1405 eritis
1172 1383 1256 1404 can-

267 1427 340 1460 didi
358 1426 446 1460 sicut
464 1426 536 1461 nix.
588 1423 667 1458 Hoc
684 1429 752 1463 est,
779 1429 895 1455 reatus
919 1428 951 1455 et
965 1422 1172 1465 magnitudo
1191 1422 1256 1455 tri-

267 1477 499 1510 stissimarum
520 1487 579 1509 seu
600 1474 812 1518 tragicarum
837 1484 1032 1517 poenarum
1058 1473 1202 1508 tolletur
1224 1480 1255 1506 et

266 1529 445 1561 auferetur
463 1539 481 1560 a
498 1526 610 1561 vobis.

366 1601 441 1636 Etsi
469 1602 576 1645 igitur
600 1599 762 1634 homines
794 1600 935 1644 profani
969 1606 1002 1633 et
1028 1599 1140 1633 Deum
1166 1611 1256 1632 con-

265 1661 459 1689 temnentes
485 1653 642 1687 iudicant
668 1650 729 1685 has
750 1651 1019 1694 promissiones,
1048 1651 1090 1683 de
1115 1651 1257 1690 auxilio,

266 1708 301 1739 iu
319 1704 592 1743 afflictionibus,
620 1702 805 1747 periculi5‚
833 1709 864 1734 et
889 1701 1154 1735 necessitatibus
1179 1713 1257 1734 cor-

266 1757 448 1802 poralibus
480 1767 552 1788 esse
586 1755 709 1787 inanes
733 1753 891 1795 sonitus,
930 1759 1046 1785 tamen
1072 1764 1137 1785 nos
1161 1759 1256 1786 certo

267 1808 416 1841 sciamus
443 1805 555 1840 Deum
580 1817 654 1838 non
679 1805 807 1838 frustra
833 1803 1020 1838 tradidisse
1051 1809 1120 1836 tam
1145 1803 1256 1845 largas

267 1867 298 1893 et
317 1859 434 1892 dulces
452 1856 720 1901 promissiones,
747 1855 868 1900 quales
885 1855 989 1888 etiam
1008 1854 1045 1887 iu
1071 1851 1138 1886 hoc
1161 1860 1256 1888 textu

269 1915 491 1953 repetuntur:
533 1906 694 1940 Primum
729 1905 886 1950 quaerite
920 1915 1066 1947 regnum
1098 1903 1184 1944 Dei,
1225 1912 1257 1938 et

267 1959 362 1994 Deus
380 1965 512 1992 caetera
530 1958 622 1990 hona
639 1956 812 1989 cumulate
838 1954 938 1987 vobis
961 1955 1112 1988 adiiciet.
1174 1953 1256 1987 Ideo

268 2012 335 2044 fide
354 2021 409 2043 eas
425 2007 729 2052 apprehendamus
754 2013 786 2040 et
811 2005 1081 2049 amplectamur,
1108 2005 1256 2047 singuli-

267 2074 335 2107 que
354 2059 417 2094 bac
435 2059 560 2093 fiducia
580 2058 748 2091 faciamus
767 2057 904 2089 labores
921 2062 1060 2089 nostrae
1080 2056 1256 2089 vocationi

267 2111 527 2150 convenientes,
545 2115 782 2153 exspectemus
799 2105 902 2141 aDco
919 2107 1061 2146 victum,
1080 2107 1251 2140 auxilium

269 2171 300 2197 et
318 2161 558 2196 defensionem
571 2187 580 2199 ,
609 2166 767 2204 petamus
788 2155 872 2191 haec
889 2157 960 2201 ipsa
980 2159 1071 2191 bona
1090 2158 1181 2191 veris
1199 2169 1257 2201 ge-

268 2214 434 2255 mitibus,
462 2220 494 2246 et
519 2222 662 2254 agamus
686 2211 716 2243 ei
739 2209 884 2253 gratias,
912 2208 1093 2253 luceatque
1121 2209 1155 2241 in
1181 2221 1269 2242 mo—

269 2265 367 2298 ribus
392 2263 521 2297 nostris
549 2261 740 2305 gratitudo,
807 2258 1051 2294 Certissiinum
1078 2267 1127 2293 est
1152 2260 1258 2300 enim,

271 2315 428 2359 singulos
452 2314 512 2358 qui
539 2311 603 2345 hac
628 2313 695 2346 fide
719 2311 975 2345 exsuscitantur
993 2311 1034 2343 ad
1063 2311 1256 2344 invocatio-

272 2431 349 2451 rum
374 2416 565 2455 actionem,
594 2427 628 2447 re
648 2415 720 2458 ipsa
738 2413 886 2458 experiri
903 2410 967 2446 Dei
988 2412 1170 2451 beneficia,
1198 2414 1258 2445 dc-

272 2469 485 2503 fensionem.
511 2477 612 2510 opem
630 2472 662 2499 et
682 2464 938 2498 liber-itionem.
982 2462 1076 2497 Ilaec
1093 2464 1168 2495 sine
1187 2464 1257 2497 ulla

274 2518 494 2553 dubitatione
522 2523 602 2550 sunt
626 2516 825 2554 verissima,
868 2515 956 2548 sicut
986 2514 1257 2558 applicationem

275 2569 513 2614 exemplorum
548 2569 712 2612 proponit
746 2564 876 2599 Psalm.
899 2564 978 2600 84.;
1030 2564 1097 2599 lste
1128 2578 1259 2610 pauper

275 2621 437 2654 clamavit
457 2627 489 2653 et
508 2617 681 2652 Dominus
699 2617 876 2651 exaudivit
893 2629 990 2657 eum,
1024 2623 1056 2650 et
1080 2629 1117 2650 ex
1142 2617 1259 2649 omni·

276 2673 341 2705 bus
367 2671 656 2705 tribulationibus
686 2670 759 2704 cius
781 2667 928 2703 sals-mit
953 2680 1052 2707 enm,
1090 2668 1260 2702 accurrite

813 102 815 105 ·
851 91 975 129 PHlL.
1003 90 1118 129 MEL.
1149 91 1359 128 SCRIPTA
1389 91 1689 128 EXEGETICA.

1282 2501 1448 2549 lsoliciti
1479 2513 1522 2548 de
1555 2513 1733 2552 crastino.

2209 92 2286 129 692

1303 190 1427 222 magna
1446 180 1641 225 frequentia
1664 186 1698 213 et
1716 178 1892 222 confugite
1909 178 1951 211 ad
1968 177 2103 220 Deum,
2134 185 2167 214 et
2183 179 2287 214 facies

1303 237 1434 264 vestrae
1453 242 1525 265 non
1543 231 1817 265 confundentur.
2272 225 2276 228 ’

1403 279 1467 314 Dei
1487 281 1650 314 voluntas
1667 288 1734 320 est,
1761 288 1800 315 ut
1823 291 1888 314 nos
1914 277 2077 314 homines
2099 279 2287 324 diligenter

1303 338 1335 364 et
1364 331 1456 364 insto
1487 332 1613 365 ordine
1641 338 1854 375 praestemus
1877 343 1915 365 ac
1939 341 2125 375 urgeamus
2150 331 2289 364 labores

1303 382 1498 415 vocationis
1521 381 1699 426 proprios,
1726 383 1888 416 ordinate
1913 392 2123 428 quaeramus
2144 381 2289 421 victum,

1303 432 1542 466 defensionem
1559 439 1592 466 et
1608 433 1698 466 vitae
1713 433 1884 477 praesidia
1895 461 1904 474 ,
1930 439 2161 467 veruntamen
2177 439 2216 466 ut
2231 432 2289 465 in-

1305 484 1405 517 terim
1422 483 1572 517 sciamus
1596 483 1731 516 labores
1749 481 1922 517 humanos
1945 484 2044 517 nullo
2068 484 2174 517 modo
2193 483 2290 516 suffi-

1304 547 1403 575 cere,
1429 536 1488 568 sed
1512 541 1673 579 oportere
1691 532 1757 567 Dei
1779 535 1948 569 auxilium
1969 542 2003 569 et
2029 534 2202 568 efficacem
2229 534 2290 568 be—

1306 586 1543 619 nedictionem
1575 585 1748 618 accedere.
1815 584 1936 630 ltaque
1964 597 2100 630 semper
2123 585 2183 620 fiat
2204 596 2290 618 con-

1306 637 1438 670 iunctio
1464 636 1698 670 invocationis
1720 642 1753 669 et
1775 635 1918 671 laboris.
1985 635 2073 670 Nam
2106 642 2291 681 propterea

1305 687 1400 721 Deus
1415 687 1552 721 addidit
1570 684 1762 730 Evangelio
1780 686 2028 730 promissiones
2045 687 2242 721 uberrimas
2258 693 2292 720 et

1306 738 1538 782 amplissimas
1561 739 1603 771 de
1629 739 1733 771 rebus
1756 737 2030 782 temporalibus,
2056 744 2088 772 et
2105 738 2293 782 pollicetur

1306 801 1341 822 se
1358 789 1462 822 nobis
1485 789 1523 822 in
1544 788 1788 833 corporalibus
1812 800 1952 833 quoque
1974 789 2239 823 necessitatibus
2259 795 2294 822 et

1308 839 1473 884 periculis
1489 839 1745 883 opitulaturum
1763 851 1847 875 esse.
1891 838 1992 882 Quae
2008 839 2152 884 quidem
2169 839 2292 873 divina

1307 891 1448 924 oracula
1469 902 1665 935 nequaqam
1684 887 1875 923 habeamus
1895 901 1957 933 pro
1973 890 2140 924 inanibus
2160 897 2194 924 et
2216 889 2294 924 ani-

1308 942 1400 975 libus
1417 941 1575 979 fabellis,
1603 941 1662 973 sed
1681 953 1760 974 vere
1773 948 1966 974 statuamus
1975 939 2088 974 Deum
2105 952 2176 974 esse
2194 952 2295 974 vera-

1308 1005 1399 1031 cem,
1427 998 1460 1026 et
1479 991 1568 1025 velle
1584 991 1688 1025 nobis
1703 1003 1803 1036 opem
1820 992 1911 1025 ferre
1930 991 2025 1025 iuxta
2041 1003 2120 1025 suas
2142 991 2295 1036 promis-

1307 1044 1433 1077 siones.
1487 1042 1584 1085 Quin
1599 1049 1632 1075 et
1649 1042 1757 1086 ipsius
1775 1042 2007 1086 experientiae
2027 1054 2065 1076 ac
2088 1049 2296 1076 eventorum

1308 1093 1510 1129 testimonio
1537 1093 1801 1133 convincimur,
1843 1092 1959 1127 Deum
1991 1090 2065 1138 (cui
2097 1093 2142 1127 sit
2173 1093 2296 1137 gratia,

1309 1146 1383 1179 laus
1401 1151 1432 1178 et
1450 1144 1560 1187 gloria
1577 1156 1638 1188 per
1651 1144 1766 1177 secula
1783 1143 1994 1187 sempiterna
2009 1151 2042 1178 et
2060 1142 2217 1190 infinita)
2239 1150 2296 1178 to-

1308 1197 1372 1230 ties
1390 1206 1454 1228 nos
1471 1195 1566 1240 ipsos
1581 1195 1771 1229 clementer
1791 1194 1985 1234 adiuvisse,
2026 1195 2148 1229 texisse
2172 1206 2212 1228 ae
2233 1195 2297 1228 de-

1309 1247 1460 1280 fendisse
1483 1254 1661 1280 versantes
1684 1246 1721 1278 in
1747 1246 1853 1279 tantis
1877 1244 2060 1289 periculis,
2103 1252 2144 1280 ut
2167 1245 2297 1280 iniecto

1310 1305 1441 1332 terrore
1474 1297 1605 1340 singuli
1635 1296 1958 1340 pertimesceremus
1986 1296 2106 1330 omnia
2136 1296 2298 1330 funditus

1309 1347 1496 1381 interitura
1516 1358 1607 1387 esse,
1640 1347 1726 1391 quin
1745 1345 1834 1380 hanc
1850 1347 1960 1390 ipsam
1979 1347 2025 1380 ob
2042 1358 2184 1380 causam
2201 1346 2298 1381 Deus

1309 1398 1456 1433 tradidit
1476 1397 1726 1442 promissiones
1752 1398 1795 1430 de
1819 1396 1995 1441 corporali
2018 1397 2170 1438 auxilio,
2213 1397 2297 1443 quia

1309 1449 1384 1482 vult
1405 1460 1468 1481 nos
1485 1459 1642 1481 exercere
1660 1448 1763 1480 fidem
1780 1459 1818 1480 ac
1843 1447 2102 1481 invocationem
2128 1448 2233 1482 etiam
2258 1449 2296 1482 in

1309 1499 1516 1546 quotidiana
1536 1499 1749 1539 necessitate,
1777 1505 1808 1531 et
1825 1498 2018 1542 corporalis
2034 1498 2158 1532 auxilii
2174 1511 2296 1544 exspe-

1310 1551 1479 1587 ctatione,
1508 1550 1602 1583 iuxta
1619 1560 1758 1582 versum
1779 1547 1910 1582 Psalmi
1927 1547 2004 1584 50.:
2041 1547 2170 1583 lnvoca
2188 1550 2296 1583 mein

1309 1601 1366 1634 die
1385 1600 1625 1634 tribulationis
1643 1606 1743 1641 tuae,
1772 1605 1804 1632 et
1824 1599 1970 1643 eripiam
1992 1605 2045 1639 te,
2072 1606 2105 1633 et
2122 1599 2299 1643 glorifica-

1309 1653 1364 1685 bis
1382 1663 1447 1686 me.
1484 1649 1624 1684 Etenim
1641 1650 1669 1683 si
1688 1650 1766 1695 quis
1783 1661 1855 1683 non
1879 1650 1980 1684 discit
2003 1650 2168 1684 invocare
2183 1649 2299 1685 Deum

1310 1704 1347 1736 in
1366 1701 1567 1736 necessitate
1585 1701 1759 1746 corporali
1777 1707 1942 1746 tanquam
1961 1701 1997 1733 in
2014 1701 2208 1746 tyrocinio,
2234 1713 2299 1737 nee

1311 1755 1346 1787 in
1365 1751 1421 1786 his
1439 1753 1534 1786 velut
1549 1753 1585 1785 in
1603 1751 1790 1785 cunabulis
1805 1763 1844 1785 ac
1860 1752 2071 1785 rudimentis
2089 1752 2170 1786 fidei
2186 1753 2262 1787 vult
2278 1765 2298 1787 a

1310 1804 1385 1839 Deo
1404 1804 1561 1845 fragmen
1581 1803 1682 1847 panis
1698 1809 1914 1846 exspectare,
1952 1809 2085 1847 quanto
2107 1803 2218 1847 magis
2239 1800 2298 1837 bic

1309 1855 1418 1899 fugiet
1436 1853 1568 1894 Deum,
1593 1854 1736 1899 quando
1758 1853 1852 1886 salus
1877 1859 2017 1886 aeterna
2045 1860 2077 1886 et
2105 1853 2298 1888 immensus

1309 1919 1347 1940 ac
1372 1905 1532 1938 infinitus
1555 1904 1614 1937 ille
1639 1903 1876 1947 spiritualium
1907 1903 2085 1937 bonorum
2112 1900 2299 1938 thesaurus

1309 1957 1480 2001 petendus
1499 1963 1529 1988 et
1548 1955 1799 1999 exspectandus
1814 1955 1904 1988 erit?
1931 1953 2051 1996 Quare
2067 1954 2242 1989 discamus
2260 1955 2298 1989 in

1308 2015 1460 2051 utroque
1475 2017 1601 2049 genere
1621 2005 1896 2049 promissionum
1915 2005 1995 2038 fidei
2013 2012 2045 2038 et
2064 2005 2299 2039 invocationis

1309 2056 1492 2096 exercitia,
1521 2062 1554 2089 et
1570 2062 1699 2089 crescat
1719 2055 1850 2099 agnitio
1879 2055 2048 2089 bonitatis
2070 2067 2109 2090 ac
2133 2067 2299 2101 praesen·

1309 2109 1376 2143 tiae
1396 2107 1538 2141 divinae
1555 2107 1659 2140 etiam
1678 2107 1713 2139 in
1732 2107 1902 2151 petendis,
1929 2106 2114 2150 sperandis
2129 2113 2162 2141 et
2177 2119 2299 2153 exspe-

1309 2159 1445 2193 ctandis
1462 2157 1642 2191 beneficiis
1670 2157 1809 2202 corpori
1835 2157 2050 2191 necessariis.
2110 2156 2185 2192 Has
2201 2171 2297 2193 com-

1308 2209 1583 2244 monefactiones
1615 2209 1733 2242 iudico
1769 2207 1928 2242 sufficere
1957 2209 2000 2241 ad
2030 2208 2298 2253 explicationem

1309 2261 1410 2295 dicti:
1440 2259 1519 2294 Non
1535 2259 1610 2294 sitis
1623 2259 1751 2293 soliciti
1768 2259 1852 2305 quid
1872 2259 2063 2293 comedatis
2080 2265 2141 2293 aut
2157 2260 2299 2297 bibatis„

1282 2349 1284 2357 ‚
1309 2312 1362 2345 De
1378 2323 1448 2357 quo
1469 2319 1586 2345 tamen
1604 2311 1639 2344 in
1657 2311 1817 2356 sequenti
1834 2310 2004 2344 concione
2022 2309 2123 2355 plura
2141 2310 2298 2346 dicemus

270 2379 371 2406 nem.
400 2372 431 2399 ct
458 2363 748 2407 exspectationem
773 2361 885 2395 divini
910 2361 1053 2402 auxilii,
1079 2368 1111 2394 et
1130 2362 1257 2402 gratia·
1282 2372 1284 2382 ’

1310 2362 1386 2397 Deo
1406 2363 1558 2396 iuvante.

1414 2410 1579 2446 Primum
1594 2411 1757 2460 quaerite
1774 2409 2027 2455 regnumDeI.
2060 2416 2090 2444 ct
2113 2411 2295 2447 iustitiam

1310 2465 1404 2503 et'us,
1432 2469 1461 2497 r!
1480 2461 1568 2497 hacc
1586 2463 1709 2497 omnia
1725 2460 1946 2496 adiicimtur
1965 2460 2075 2498 rubis,
2109 2460 2198 2497 Non
2211 2462 2296 2497 silis

1783 2526 1870 2545 nam
1904 2516 2088 2547 crastinus
2120 2511 2195 2547 dies
2229 2514 2295 2547 eri!

1311 2565 1476 2600 solicitus
1492 2578 1560 2612 pro
1577 2576 1665 2602 sese„
1692 2561 1832 2611 suffivit
1850 2563 1924 2598 dica·
1938 2564 2098 2612 afflictio
2113 2575 2195 2598 sua.

1415 2617 1576 2651 Proxime
1590 2616 1785 2652 audivistis.
1807 2624 1838 2651 et
1854 2617 1993 2650 assidue
2005 2615 2206 2649 meminisse
2220 2627 2296 2651 cre-

1314 2669 1448 2715 broque
1480 2667 1641 2702 meditari
1667 2667 1820 2707 debetis,
1859 2668 1955 2713 quod
1981 2667 2052 2701 duo
2077 2666 2146 2701 sint
2170 2678 2296 2711 genera
