2409 2915
126 85 199 123 329

128 170 250 208 fidem,
278 169 503 203 dilectionem
521 165 606 207 Dei,
633 167 856 211 patientiam,
880 167 958 201 ideo
977 169 1108 202 dictum

128 227 194 254 est:
222 219 297 253 Nisi
317 218 548 254 abundaverit
567 223 641 258 etc.,
656 224 694 250 ut
706 216 821 251 David
841 229 914 250 non
929 221 1028 252 ardet
1048 232 1107 252 cu-

126 271 273 316 piditate
296 270 488 309 vindictae,
524 274 563 301 ut
587 266 694 308 Saul,
728 275 761 300 et
786 274 902 301 tamen
926 281 970 301 ne
992 269 1105 303 David

126 321 269 366 quidem
287 319 452 354 satisfacit
467 318 535 362 legi
549 316 634 359 Dei,
651 318 806 361 agnoscit
821 329 856 351 se
874 316 1002 352 habere
1019 320 1107 353 alios

125 371 274 405 viciosos
299 370 458 408 affectus,
493 369 651 415 agnoscit
683 368 786 402 etiam
808 376 954 403 naturae
980 372 1107 414 depra-

124 422 318 456 vationem:
351 431 432 452 nam
449 419 627 453 interdum
655 419 821 452 oriuntur
844 420 1006 453 flammae
1031 421 1105 454 odii

124 473 290 506 adversus
305 470 465 511 Saulem,
487 481 574 515 quas
599 477 717 504 tamen
742 469 869 514 spiritu
894 470 1020 505 iterum
1046 484 1104 505 ex-

123 522 264 565 tinguit.

223 570 391 614 Quaestio
419 577 468 604 est
490 571 616 614 igitur,
652 572 831 616 quomodo
858 571 991 615 placeat
1019 570 1103 605 haec

120 622 322 666 imperfecta
344 621 570 655 obedientia?
601 620 831 666 Respondeo:
868 621 953 655 Tria
984 623 1102 668 requi—

121 679 251 706 runtur
265 673 308 705 ad
329 669 414 712 hoc,
447 679 486 706 ut
510 672 644 716 placeat
668 673 870 716 imperfecta
893 673 1103 706 obedientia.

120 722 280 756 Primum
297 724 520 756 statuendum
547 730 614 763 est,
646 735 829 767 personam
856 724 923 755 fide
946 723 1102 756 reconci-

120 773 302 807 liationem
333 773 490 817 accipere
516 774 659 814 debere,
694 780 836 817 propter
861 775 1100 807 mediatorem.

121 823 284 857 Secundo
301 824 562 866 agnoscendum
580 831 630 857 est
645 836 708 857 nos
736 822 867 858 hahere
889 832 1042 867 peccata,
1071 831 1103 857 et

119 886 193 908 non
219 874 416 907 satisfacere
440 875 506 917 legi
524 873 608 914 Dei,
645 882 682 907 ut
707 873 824 908 David
850 875 980 919 inquit:
1015 875 1096 908 Non

119 925 229 958 intres
258 925 294 957 in
322 925 494 958 iudicium
519 937 599 957 cum
623 936 722 957 servo
744 932 816 958 tuo.
878 924 980 958 Item:
1018 924 1102 957 Tibi

119 983 256 1009 tantum
274 987 350 1008 sum
368 982 564 1018 peccatum,
592 982 631 1008 ut
648 975 846 1009 iustificeris
869 976 906 1007 in
930 976 1102 1008 sermoni-

119 1026 184 1060 bus
217 1025 296 1060 tuis.
361 1025 484 1059 Tertio
512 1027 736 1059 statuendum
762 1032 830 1064 est,
867 1026 962 1070 quod
987 1033 1102 1059 tamen

118 1076 213 1111 Deus
230 1076 389 1121 requirat
405 1076 580 1109 incoatam
599 1076 854 1117 obedientiam,
889 1083 921 1109 et
944 1077 985 1108 ad
1009 1073 1102 1109 hanc

118 1127 326 1161 incoandam
353 1127 410 1160 det
430 1126 602 1170 Spiritum
629 1134 807 1166 sanctum,
840 1133 874 1160 et
898 1126 934 1158 in
961 1124 1014 1159 his
1041 1126 1103 1171 qui

117 1184 199 1211 sunt
232 1177 449 1210 reconciliati
481 1177 549 1209 fide
581 1177 726 1220 recipiat
761 1177 866 1210 etiam
890 1174 955 1209 hos
976 1177 1102 1216 cultus,

118 1235 262 1271 propter
277 1228 527 1266 mediatorem,
563 1233 595 1260 et
613 1228 789 1260 condonet
815 1227 851 1259 id
876 1228 969 1271 quod
995 1229 1102 1270 deest,

116 1284 154 1311 ut
177 1276 301 1310 Petrus
333 1277 466 1321 inquit:
502 1274 639 1309 Offerte
669 1274 800 1310 hostias
825 1277 999 1319 placentes
1026 1276 1101 1310 Deo

118 1334 262 1372 propter
279 1326 392 1360 lesum
412 1324 607 1360 Christum.

486 1408 546 1434 De
581 1412 735 1434 sexto.

217 1459 305 1496 Cum
323 1466 438 1493 autem
454 1459 598 1500 dicitur,
620 1471 763 1493 manere
780 1466 959 1504 peccatum
976 1461 1014 1493 in
1024 1471 1102 1494 san-

116 1512 188 1553 ctis,
202 1518 236 1546 et
253 1517 372 1545 tamen
389 1510 521 1555 requiri
534 1510 709 1544 incoatam
720 1511 970 1551 obedientiam,
994 1524 1101 1556 quae-

116 1563 226 1604 ritur,
253 1573 343 1607 quae
359 1567 497 1605 peccata
515 1561 587 1595 sint
612 1562 650 1594 in
672 1562 800 1595 sanctis
824 1562 980 1607 reliqua,
1014 1575 1103 1607 quae

114 1625 197 1646 vero
219 1612 395 1646 excutiant
419 1611 585 1654 gratiam,
627 1618 660 1644 et
691 1613 900 1655 perturbent
925 1612 1100 1656 Spiritum

114 1662 300 1698 sanctum?
334 1661 568 1706 Respondeo,
596 1669 745 1695 manent
769 1663 806 1695 in
831 1662 959 1695 sanctis
982 1675 1100 1707 pecca-

113 1721 190 1748 tum
208 1712 376 1756 originis,
404 1719 438 1745 et
457 1712 558 1756 pravi
574 1712 739 1754 affectus,
774 1714 834 1745 sed
861 1713 908 1745 ita
931 1719 970 1746 ut
996 1725 1101 1757 repu-

114 1770 222 1809 gnent
239 1762 348 1797 sancti
367 1759 422 1794 his
442 1762 555 1796 malis.
608 1761 676 1795 Sed
704 1762 731 1795 si
758 1762 994 1796 assentiantur
1017 1775 1102 1796 con-

114 1822 166 1849 tra
196 1813 466 1850 conscientiam,
502 1818 535 1845 et
566 1811 792 1855 indulgeant,
826 1825 864 1845 ac
898 1825 969 1846 non
996 1826 1102 1857 repu-

114 1872 240 1910 gnent,
267 1863 441 1898 amittitur
462 1862 592 1906 gratia,
619 1864 867 1901 conturbatur,
904 1871 936 1897 et
960 1864 1100 1897 eiicitur

113 1916 269 1961 Spiritus
295 1920 452 1953 sanctus,
488 1920 526 1947 ut
559 1913 595 1945 in
629 1912 734 1947 Saule
768 1921 905 1955 peccata
936 1915 1098 1948 mortalia

114 1974 214 2008 sunt,
245 1978 320 1999 non
341 1965 454 1998 solum
481 1970 644 1997 externae
667 1964 818 1997 iniuriae
841 1971 962 1998 contra
988 1964 1098 1998 Davi-

114 2019 210 2058 dem,
238 2018 295 2050 sed
314 2016 417 2048 etiam
436 2013 557 2048 odium
587 2015 701 2059 ipsum
727 2015 926 2056 internum,
958 2016 1015 2048 cui
1042 2016 1097 2048 in-

115 2068 235 2111 dulget
253 2073 285 2099 et
303 2065 502 2099 assentitur.

216 2115 367 2150 Addidit
398 2115 506 2158 igitur
532 2112 695 2148 Christus
727 2113 784 2148 hic
819 2117 1024 2149 concionem
1054 2117 1098 2149 de

115 2169 218 2208 odio,
245 2167 299 2200 cui
319 2166 523 2209 indulgetur
542 2172 664 2198 contra
682 2166 951 2207 conscientiam,
980 2167 1015 2199 id
1042 2167 1097 2200 iu-

113 2220 173 2253 bet
208 2217 356 2262 deponi,
398 2223 430 2249 et
456 2216 552 2249 iubet
577 2216 692 2248 redire
719 2216 755 2248 in
781 2218 938 2259 gratiam.
1006 2216 1095 2250 Cum

113 2270 209 2304 enim
245 2268 376 2313 inquit:
419 2266 457 2300 Si
484 2266 688 2299 recordatus
711 2267 835 2307 fueris,
870 2268 961 2312 quod
990 2267 1097 2301 frater

114 2327 195 2355 tuus
210 2319 345 2365 aliquid
362 2318 547 2350 adversum
564 2323 595 2350 te
612 2314 754 2356 babeat,
782 2317 862 2351 facit
881 2318 1096 2351 mentionem

114 2371 258 2405 affectus
273 2376 394 2403 contra
413 2367 664 2401 conscientiam
682 2365 858 2400 haerentis
871 2394 880 2408 ‚
907 2366 1001 2402 bunc
1020 2369 1096 2402 vult

113 2421 242 2467 deponi
256 2447 279 2462 ‚,
295 2418 431 2454 etiamsi
448 2418 594 2452 morbus
612 2418 782 2451 naturalis
798 2430 871 2451 non
897 2426 1008 2463 potest
1035 2421 1095 2453 de-

113 2473 210 2517 poni.

441 2535 465 2560 1)
483 2541 498 2559 e
533 2541 547 2559 s
565 2541 580 2559 e
599 2542 616 2565 p
636 2536 647 2559 t
665 2534 673 2558 i
692 2541 717 2559 m
740 2541 764 2560 o.

214 2589 351 2623 Multae
384 2593 467 2620 sunt
495 2587 686 2621 sententiae
718 2589 760 2621 de
794 2587 969 2625 vindicta,
1005 2600 1093 2633 quae

115 2641 304 2684 prudenter
319 2638 570 2673 discernendae
586 2645 678 2675 sunt.
711 2637 813 2672 Aliae
829 2639 921 2672 enim
940 2639 1092 2684 loquun-
1117 2637 1121 2672 I

672 82 747 116 ΧΠ.
803 80 1193 118 ANNOTATIONES
1224 82 1271 118 IN
1298 82 1599 123 EVANGELIA.

2069 90 2142 125 330

1159 174 1217 200 tur
1233 169 1276 201 de
1292 169 1406 202 officio
1425 171 1663 217 magistratus,
1691 173 1784 217 quod
1810 185 1881 206 non
1906 179 1955 207 est
1979 171 2141 218 prohibi-

1158 225 1252 258 tum,
1277 219 1347 252 imo
1364 228 1542 253 exercetur
1558 224 1720 256 mandato
1739 224 1815 258 Dei.
1867 222 1968 257 Aliae
1986 225 2140 270 loquun-

1159 275 1215 302 tur
1231 270 1273 301 de
1291 270 1424 313 privata
1442 270 1615 311 vindicta,
1644 285 1732 316 quae
1761 271 1938 317 prohibita
1964 283 2021 309 est.

1157 326 1272 352 autem
1291 320 1482 353 acerrimus
1499 328 1636 362 motus,
1664 325 1867 365 praesertim
1888 325 1921 357 in
1940 326 2140 360 excellenti-

1156 370 1222 403 bus
1251 371 1387 404 naturis
1419 371 1592 415 cupiditas
1615 372 1809 414 vindictae,
1843 382 1880 407 ut
1902 375 2043 409 dicitur.
2093 375 2140 409 At

1156 420 1310 453 vindicta
1333 421 1466 454 bonum
1485 428 1553 462 est,
1581 429 1613 455 et
1632 422 1702 456 vita
1721 424 1860 456 dulcius
1878 425 1968 468 ipsa,
1989 432 2023 459 et
2039 438 2139 470 saepe

1156 471 1336 515 perturbat
1354 470 1509 516 Respub.
1528 479 1561 505 et
1579 470 1761 509 Ecclesias.
1817 474 1868 507 Ac
1884 476 2037 508 arbitror
2059 477 2137 509 ideo

1155 522 1230 554 fieri
1266 521 1481 554 mentionem
1514 523 1703 556 oblationis
1733 524 1769 556 in
1790 521 1855 557 hac
1886 525 1957 568 ipsa
1986 528 2140 566 materia,

1156 572 1236 616 quia
1255 583 1294 604 ex
1312 572 1503 615 cupiditate
1522 574 1694 607 vindictae
1713 575 1863 607 maxima
1886 576 2037 608 existunt
2065 589 2139 609 rer—

1156 622 1287 656 tamina
1320 623 1356 655 in
1382 621 1550 657 Ecclesia.
1612 624 1821 658 Praemonet
1848 625 1955 668 igitur
1979 624 2140 660 Christus

1155 680 1191 706 ut
1211 673 1419 713 offeramus,
1454 674 1489 706 id
1517 680 1585 712 est,
1620 682 1657 708 ut
1680 676 1847 708 faciamus
1879 677 1994 709 officia
2029 678 2137 709 eccle-

1155 723 1288 756 siastica
1305 724 1380 757 sine
1397 724 1506 764 odiis,
1534 725 1610 757 sine
1627 726 1816 769 cupiditate
1842 727 2026 761 vindictae.
2082 728 2139 761 Si-

1156 774 1228 806 mul
1249 775 1352 807 etiam
1374 775 1474 807 docet
1491 772 1548 807 hic
1571 774 1685 813 locus,
1719 776 1934 809 ceremonias
1957 789 2028 810 non
2057 790 2139 821 pro-

1155 826 1252 857 desse
1272 825 1361 865 istis‚
1390 825 1449 870 qui
1468 823 1599 858 habent
1625 833 1757 860 mentes
1783 827 2035 860 contaminatas
2059 840 2138 871 pec-

1155 875 1237 908 catis
1271 882 1392 908 contra
1427 875 1696 916 conscientiam,
1747 877 1910 909 videlicet
1947 878 2135 910 violatione

1154 925 1360 965 moralium,
1397 927 1485 959 sicut
1507 926 1591 958 alibi
1617 927 1761 961 dicitur:
1801 926 2030 960 Circumcisio
2057 941 2138 972 pro-

1155 977 1251 1015 dest,
1280 976 1308 1008 si
1329 977 1440 1019 legem
1459 978 1633 1011 observes.

1506 1069 1562 1092 De
1598 1070 1788 1093 octavo.

1254 1118 1377 1152 Monet
1396 1119 1499 1152 etiam
1517 1126 1647 1160 textus,
1675 1131 1694 1152 a
1718 1132 1787 1164 quo
1812 1121 2053 1154 reconciliatio
2082 1122 2138 1154 in-

1156 1171 1290 1202 coanda
1325 1170 1378 1202 sit.
1438 1169 1532 1211 Quia
1567 1177 1678 1203 textus
1704 1171 1836 1215 inquit:
1871 1172 1907 1205 Si
1936 1173 2137 1205 recordatus

1156 1220 1281 1260 fueris,
1310 1221 1401 1264 qnod
1421 1221 1528 1252 frater
1545 1227 1625 1253 tuus
1644 1218 1769 1254 habeat
1792 1221 1926 1266 aliquid
1952 1224 2137 1256 adversum

1156 1276 1188 1303 te
1206 1278 1268 1304 etc.
1330 1270 1422 1312 Quia
1447 1271 1560 1302 laesus
1582 1268 1685 1304 habet
1711 1283 1849 1304 causam
1873 1274 2039 1306 adversus
2068 1274 2136 1305 lae-

1155 1321 1317 1359 dentem,
1345 1320 1460 1353 incoe't
1478 1332 1559 1363 ergo
1582 1322 1904 1354 reconciliationem
1924 1324 1952 1355 is
1981 1324 2039 1367 qni
2069 1325 2137 1355 lae-

1156 1371 1210 1404 sit.
1264 1371 1333 1404 Sed
1353 1370 1488 1403 etiamsi
1505 1371 1533 1403 is
1551 1371 1675 1403 durior
1692 1378 1759 1412 est,
1783 1384 1887 1416 quam
1905 1380 1942 1407 ut
1959 1374 2047 1406 ssecti
2065 1385 2138 1406 sese

1155 1421 1199 1454 ad
1218 1422 1401 1456 sanitatem
1421 1421 1523 1459 velit,
1552 1428 1669 1454 tamen
1689 1422 1801 1455 laesus
1822 1434 1895 1455 non
1919 1424 2021 1457 debet
2046 1424 2138 1456 alere

1155 1472 1276 1505 odium
1289 1499 1297 1512 ,
1324 1478 1381 1512 ut,
1406 1471 1542 1505 etiamsi
1560 1471 1644 1506 Saul
1662 1484 1735 1505 non
1752 1474 1890 1517 petebat
1907 1475 2057 1514 veniam,
2085 1481 2138 1507 ta-

1155 1534 1236 1555 men
1254 1522 1367 1556 David
1387 1534 1459 1555 non
1479 1523 1601 1556 oderat
1617 1535 1715 1564 eum,
1750 1536 1821 1556 non
1849 1524 1995 1557 indulsit
2020 1525 2137 1569 priva-

1154 1581 1208 1607 tae
1241 1574 1424 1617 cupiditati
1457 1573 1652 1614 vindictae,
1694 1575 1753 1607 sed
1785 1575 1936 1608 servavit
1966 1576 2136 1618 regulam:

1154 1623 1358 1664 Remittite‚
1384 1630 1417 1656 et
1435 1624 1635 1656 remittetur
1655 1625 1766 1657 vobis.
1819 1624 1921 1657 Hanc
1940 1637 2039 1668 saepe
2065 1638 2135 1659 non

1154 1675 1343 1707 observant
1378 1673 1505 1706 irritati
1539 1673 1675 1706 levibus
1711 1674 1869 1713 iniuriis,
1910 1683 2134 1718 compensant

1154 1736 1209 1757 eas
1228 1724 1382 1757 vindicta
1402 1724 1513 1757 multo
1529 1724 1719 1764 atrociore,
1738 1736 1841 1769 quam
1861 1725 1973 1759 suerat
1992 1726 2136 1767 iniuria,

1153 1786 1220 1819 qua
1241 1775 1305 1817 ipsi
1325 1775 1438 1807 affecti
1462 1781 1561 1813 sunt,
1594 1774 1665 1807 imo
1692 1775 1796 1808 etiam
1820 1775 1966 1819 privatis
1991 1783 2136 1810 conten-

1152 1825 1311 1858 tionibus
1327 1826 1472 1857 miscent
1490 1824 1629 1867 publica
1647 1826 1801 1868 negocia.

1254 1874 1331 1909 Hoc
1347 1876 1478 1908 malum
1497 1875 1685 1916 diligenter
1702 1876 1997 1909 considerandum
2019 1884 2048 1909 et
2079 1890 2134 1910 ca-

1152 1927 1304 1959 vendum
1330 1933 1396 1966 est,
1432 1937 1474 1957 ne
1499 1937 1642 1958 ruamus
1668 1934 1787 1959 contra
1812 1926 2031 1960 voluntatem
2058 1926 2135 1967 Dei,

1151 1983 1183 2010 et
1206 1983 1324 2009 nostra
1350 1976 1568 2019 impatientia
1594 1983 1625 2008 et
1649 1977 1840 2020 cupiditate
1869 1977 2045 2011 vindictae
2071 1991 2134 2012 no-

1150 2038 1289 2060 ceamus
1310 2026 1485 2060 Ecclesiae
1512 2026 1567 2058 vel
1587 2025 1741 2070 Reipub.
1795 2027 1863 2061 Sed
1898 2029 2013 2071 potius
2043 2029 2134 2062 obli—

1151 2079 1324 2111 viscamur
1355 2077 1523 2115 iniurias,
1567 2083 1599 2110 et
1627 2089 1807 2117 sanemus,
1850 2078 1938 2112 sicut
1971 2077 2134 2112 Christus

1150 2128 1418 2162 commonefacit
1436 2139 1501 2161 nos
1519 2128 1639 2160 lavans
1656 2131 1759 2171 pedes
1775 2129 1975 2172 Apostoiis‚
2011 2136 2043 2162 et
2069 2131 2133 2162 ad-

1150 2180 1237 2211 dens
1257 2187 1497 2223 praeceptum:
1537 2177 1679 2221 Diligite
1698 2180 1865 2218 invicem,
1899 2186 1931 2212 et
1955 2179 2043 2212 sicut
2069 2192 2130 2223 ego

1149 2229 1231 2270 feci,
1259 2230 1306 2263 ita
1326 2243 1386 2263 vos
1403 2229 1547 2263 faciatis.
1604 2229 1691 2262 Nam
1712 2231 1798 2263 lotio
1817 2230 1944 2273 pedum
1962 2230 2132 2274 propriis—

1148 2281 1235 2314 sime
1269 2280 1440 2323 significat
1475 2280 1571 2312 illam
1599 2281 1816 2314 sanationem
1841 2279 2075 2314 offensionum
2101 2288 2131 2314 et

1148 2337 1343 2365 erratorum
1356 2359 1366 2374 ‚
1393 2333 1447 2365 vel
1465 2330 1689 2366 iniuriarum.

1287 2432 1506 2472 DominIca
1523 2431 1622 2472 Vn.
1644 2434 1736 2483 post
1757 2431 1989 2471 Trinitatis.

1431 2513 1664 2557 Evangelium
1682 2512 1793 2545 Marci
1813 2512 1846 2545 8.

1198 2584 1247 2619 In
1265 2583 1391 2618 diebus
1415 2581 1513 2621 illis,
1552 2594 1628 2615 cum
1657 2578 1764 2612 turba
1789 2576 1988 2612 admodum
2013 2579 2132 2613 multa

1249 2639 1357 2677 esset,
1384 2645 1444 2667 nec
1460 2630 1634 2666 haberent
1650 2627 1750 2677 quod
1764 2628 2046 2670 manducarent,
2076 2643 2134 2664 vo-

2076 273 2139 309 Est
2186 296 2191 300 -
