<?xml version="1.0" encoding="UTF-8"?>
<!DOCTYPE html PUBLIC "-//W3C//DTD XHTML 1.0 Transitional//EN"
    "http://www.w3.org/TR/xhtml1/DTD/xhtml1-transitional.dtd">
<html xmlns="http://www.w3.org/1999/xhtml" xml:lang="en" lang="en">
 <head>
  <title>
</title>
<meta http-equiv="Content-Type" content="text/html;charset=utf-8" />
  <meta name='ocr-system' content='tesseract 3.04.00' />
  <meta name='ocr-capabilities' content='ocr_page ocr_carea ocr_par ocr_line ocrx_word'/>
</head>
<body>
  <div class='ocr_page' id='page_1' title='image "./operaquaesupersu14melauoft/operaquaesupersu14melauoft_0202.png"; bbox 0 0 2409 2915; ppageno 0'>
   <div class='ocr_carea' id='block_1_1' title="bbox 300 84 374 119">
    <p class='ocr_par' dir='ltr' id='par_1_1' title="bbox 300 84 374 119">
     <span class='ocr_line' id='line_1_1' title="bbox 300 84 374 119; baseline -0.027 0"><span class='ocrx_word' id='word_1_1' title='bbox 300 84 374 119; x_wconf 79' lang='lat'>387</span> 
     </span>
    </p>
   </div>
   <div class='ocr_carea' id='block_1_2' title="bbox 455 154 1280 297">
    <p class='ocr_par' dir='ltr' id='par_1_2' title="bbox 455 154 1280 297">
     <span class='ocr_line' id='line_1_2' title="bbox 455 154 1279 205; baseline -0.015 -7"><span class='ocrx_word' id='word_1_2' title='bbox 455 163 537 199; x_wconf 84' lang='lat'><em>1111.</em></span> <span class='ocrx_word' id='word_1_3' title='bbox 576 160 764 205; x_wconf 88' lang='lat' dir='ltr'>Quomodo</span> <span class='ocrx_word' id='word_1_4' title='bbox 778 169 855 192; x_wconf 89' lang='lat' dir='ltr'>cum</span> <span class='ocrx_word' id='word_1_5' title='bbox 873 155 1130 190; x_wconf 89' lang='lat' dir='ltr'>condonatione</span> <span class='ocrx_word' id='word_1_6' title='bbox 1145 154 1279 198; x_wconf 87' lang='lat' dir='ltr'>privata</span> 
     </span>
     <span class='ocr_line' id='line_1_3' title="bbox 504 206 1280 253; baseline -0.014 -6"><span class='ocrx_word' id='word_1_7' title='bbox 504 213 690 247; x_wconf 87' lang='lat' dir='ltr'>coniuncta</span> <span class='ocrx_word' id='word_1_8' title='bbox 709 221 781 242; x_wconf 86' lang='lat' dir='ltr'>esse</span> <span class='ocrx_word' id='word_1_9' title='bbox 797 208 903 253; x_wconf 80' lang='lat' dir='ltr'>possit</span> <span class='ocrx_word' id='word_1_10' title='bbox 918 206 1092 247; x_wconf 82' lang='lat' dir='ltr'>defensio,</span> <span class='ocrx_word' id='word_1_11' title='bbox 1117 211 1151 239; x_wconf 87' lang='lat' dir='ltr'>et</span> <span class='ocrx_word' id='word_1_12' title='bbox 1167 216 1280 250; x_wconf 88' lang='lat' dir='ltr'>quan-</span> 
     </span>
     <span class='ocr_line' id='line_1_4' title="bbox 505 257 1030 297; baseline -0.013 0"><span class='ocrx_word' id='word_1_13' title='bbox 505 265 549 297; x_wconf 88' lang='lat' dir='ltr'>do</span> <span class='ocrx_word' id='word_1_14' title='bbox 568 261 770 296; x_wconf 81' lang='lat' dir='ltr'>defensione</span> <span class='ocrx_word' id='word_1_15' title='bbox 786 259 957 294; x_wconf 89' lang='lat' dir='ltr'>utendum</span> <span class='ocrx_word' id='word_1_16' title='bbox 975 257 1030 291; x_wconf 88' lang='lat' dir='ltr'>sit.</span> 
     </span>
    </p>
   </div>
   <div class='ocr_carea' id='block_1_3' title="bbox 694 375 891 407">
    <p class='ocr_par' dir='ltr' id='par_1_3' title="bbox 694 375 891 407">
     <span class='ocr_line' id='line_1_5' title="bbox 694 375 891 407; baseline -0.01 -6"><span class='ocrx_word' id='word_1_17' title='bbox 694 378 740 402; x_wconf 89' lang='lat' dir='ltr'>De</span> <span class='ocrx_word' id='word_1_18' title='bbox 774 375 891 407; x_wconf 84' lang='lat' dir='ltr'>primo.</span> 
     </span>
    </p>
   </div>
   <div class='ocr_carea' id='block_1_4' title="bbox 304 431 1291 1383">
    <p class='ocr_par' dir='ltr' id='par_1_4' title="bbox 304 431 1291 1383">
     <span class='ocr_line' id='line_1_6' title="bbox 404 431 1283 480; baseline -0.011 -7"><span class='ocrx_word' id='word_1_19' title='bbox 404 438 645 473; x_wconf 85' lang='lat' dir='ltr'>Ministerium</span> <span class='ocrx_word' id='word_1_20' title='bbox 683 436 862 480; x_wconf 90' lang='lat' dir='ltr'>publicum</span> <span class='ocrx_word' id='word_1_21' title='bbox 898 431 1101 465; x_wconf 87' lang='lat' dir='ltr'>remittendi</span> <span class='ocrx_word' id='word_1_22' title='bbox 1134 437 1283 475; x_wconf 87' lang='lat' dir='ltr'>peccata,</span> 
     </span>
     <span class='ocr_line' id='line_1_7' title="bbox 305 481 1283 534; baseline -0.013 -9"><span class='ocrx_word' id='word_1_23' title='bbox 305 498 354 525; x_wconf 92' lang='lat' dir='ltr'>est</span> <span class='ocrx_word' id='word_1_24' title='bbox 379 491 491 534; x_wconf 90' lang='lat' dir='ltr'>ipsum</span> <span class='ocrx_word' id='word_1_25' title='bbox 515 489 717 521; x_wconf 85' lang='lat' dir='ltr'>mandatum</span> <span class='ocrx_word' id='word_1_26' title='bbox 740 483 872 518; x_wconf 80' lang='lat' dir='ltr'>Christi</span> <span class='ocrx_word' id='word_1_27' title='bbox 898 483 1064 516; x_wconf 86' lang='lat' dir='ltr'>traditum</span> <span class='ocrx_word' id='word_1_28' title='bbox 1089 494 1149 526; x_wconf 88' lang='lat' dir='ltr'>per</span> <span class='ocrx_word' id='word_1_29' title='bbox 1164 481 1283 514; x_wconf 81' lang='lat' dir='ltr'>Evan-</span> 
     </span>
     <span class='ocr_line' id='line_1_8' title="bbox 304 533 1284 585; baseline -0.011 -11"><span class='ocrx_word' id='word_1_30' title='bbox 304 542 452 585; x_wconf 80' lang='lat' dir='ltr'>gelinm,</span> <span class='ocrx_word' id='word_1_31' title='bbox 487 547 525 572; x_wconf 90' lang='lat' dir='ltr'>ut</span> <span class='ocrx_word' id='word_1_32' title='bbox 557 539 592 570; x_wconf 90' lang='lat' dir='ltr'>in</span> <span class='ocrx_word' id='word_1_33' title='bbox 616 536 771 570; x_wconf 72' lang='lat' dir='ltr'>Ecclesia</span> <span class='ocrx_word' id='word_1_34' title='bbox 794 545 951 576; x_wconf 74' lang='lat' dir='ltr'>expresse</span> <span class='ocrx_word' id='word_1_35' title='bbox 973 533 1208 565; x_wconf 79' lang='lat' dir='ltr'>annuncietur</span> <span class='ocrx_word' id='word_1_36' title='bbox 1229 543 1284 563; x_wconf 89' lang='lat' dir='ltr'>re-</span> 
     </span>
     <span class='ocr_line' id='line_1_9' title="bbox 305 583 1285 632; baseline -0.012 -7"><span class='ocrx_word' id='word_1_37' title='bbox 305 592 424 624; x_wconf 81' lang='lat' dir='ltr'>missio</span> <span class='ocrx_word' id='word_1_38' title='bbox 457 595 696 632; x_wconf 86' lang='lat' dir='ltr'>peccatorum,</span> <span class='ocrx_word' id='word_1_39' title='bbox 731 585 878 627; x_wconf 85' lang='lat' dir='ltr'>singulis</span> <span class='ocrx_word' id='word_1_40' title='bbox 908 590 968 617; x_wconf 86' lang='lat' dir='ltr'>aut</span> <span class='ocrx_word' id='word_1_41' title='bbox 996 583 1115 616; x_wconf 90' lang='lat' dir='ltr'>multis</span> <span class='ocrx_word' id='word_1_42' title='bbox 1139 583 1285 614; x_wconf 85' lang='lat' dir='ltr'>creden-</span> 
     </span>
     <span class='ocr_line' id='line_1_10' title="bbox 306 633 1285 680; baseline -0.011 -6"><span class='ocrx_word' id='word_1_43' title='bbox 306 642 417 680; x_wconf 89' lang='lat' dir='ltr'>tibus,</span> <span class='ocrx_word' id='word_1_44' title='bbox 450 640 543 671; x_wconf 78' lang='lat' dir='ltr'>iuxta</span> <span class='ocrx_word' id='word_1_45' title='bbox 573 637 679 669; x_wconf 82' lang='lat' dir='ltr'>illud:</span> <span class='ocrx_word' id='word_1_46' title='bbox 713 634 874 678; x_wconf 87' lang='lat' dir='ltr'>Quorum</span> <span class='ocrx_word' id='word_1_47' title='bbox 905 633 1107 666; x_wconf 79' lang='lat' dir='ltr'>remiseritis</span> <span class='ocrx_word' id='word_1_48' title='bbox 1136 638 1285 679; x_wconf 82' lang='lat' dir='ltr'>peccata,</span> 
     </span>
     <span class='ocr_line' id='line_1_11' title="bbox 307 682 1287 728; baseline -0.011 -4"><span class='ocrx_word' id='word_1_49' title='bbox 307 691 527 724; x_wconf 72' lang='lat' dir='ltr'>remittentur</span> <span class='ocrx_word' id='word_1_50' title='bbox 550 688 609 721; x_wconf 85' lang='lat' dir='ltr'>eis.</span> <span class='ocrx_word' id='word_1_51' title='bbox 669 685 770 719; x_wconf 89' lang='lat' dir='ltr'>Hanc</span> <span class='ocrx_word' id='word_1_52' title='bbox 795 697 911 717; x_wconf 85' lang='lat' dir='ltr'>vocem</span> <span class='ocrx_word' id='word_1_53' title='bbox 940 696 1013 716; x_wconf 91' lang='lat' dir='ltr'>non</span> <span class='ocrx_word' id='word_1_54' title='bbox 1040 682 1287 728; x_wconf 82' lang='lat' dir='ltr'>praedicabant</span> 
     </span>
     <span class='ocr_line' id='line_1_12' title="bbox 306 733 1287 778; baseline -0.01 -4"><span class='ocrx_word' id='word_1_55' title='bbox 306 740 436 774; x_wconf 71' lang='lat' dir='ltr'>levitici</span> <span class='ocrx_word' id='word_1_56' title='bbox 461 739 676 777; x_wconf 78' lang='lat' dir='ltr'>sacerdotes,</span> <span class='ocrx_word' id='word_1_57' title='bbox 711 737 768 768; x_wconf 89' lang='lat' dir='ltr'>sed</span> <span class='ocrx_word' id='word_1_58' title='bbox 791 736 827 768; x_wconf 93' lang='lat' dir='ltr'>in</span> <span class='ocrx_word' id='word_1_59' title='bbox 849 746 973 778; x_wconf 82' lang='lat' dir='ltr'>genere</span> <span class='ocrx_word' id='word_1_60' title='bbox 999 733 1202 767; x_wconf 85' lang='lat' dir='ltr'>concionari</span> <span class='ocrx_word' id='word_1_61' title='bbox 1225 733 1287 765; x_wconf 91' lang='lat' dir='ltr'>de-</span> 
     </span>
     <span class='ocr_line' id='line_1_13' title="bbox 306 783 1286 832; baseline -0.011 -7"><span class='ocrx_word' id='word_1_62' title='bbox 306 792 454 830; x_wconf 85' lang='lat' dir='ltr'>hebant,</span> <span class='ocrx_word' id='word_1_63' title='bbox 490 794 631 832; x_wconf 83' lang='lat' dir='ltr'>propter</span> <span class='ocrx_word' id='word_1_64' title='bbox 661 794 846 820; x_wconf 86' lang='lat' dir='ltr'>venturum</span> <span class='ocrx_word' id='word_1_65' title='bbox 873 785 1038 818; x_wconf 86' lang='lat' dir='ltr'>Messiam</span> <span class='ocrx_word' id='word_1_66' title='bbox 1071 783 1286 816; x_wconf 89' lang='lat' dir='ltr'>credendum</span> 
     </span>
     <span class='ocr_line' id='line_1_14' title="bbox 307 832 1287 881; baseline -0.011 -6"><span class='ocrx_word' id='word_1_67' title='bbox 307 853 378 875; x_wconf 79' lang='lat' dir='ltr'>esse</span> <span class='ocrx_word' id='word_1_68' title='bbox 394 839 634 873; x_wconf 83' lang='lat' dir='ltr'>remissionem</span> <span class='ocrx_word' id='word_1_69' title='bbox 653 844 892 881; x_wconf 86' lang='lat' dir='ltr'>peccatorum,</span> <span class='ocrx_word' id='word_1_70' title='bbox 919 842 957 867; x_wconf 89' lang='lat' dir='ltr'>ut</span> <span class='ocrx_word' id='word_1_71' title='bbox 975 834 1098 867; x_wconf 86' lang='lat' dir='ltr'>Petrus</span> <span class='ocrx_word' id='word_1_72' title='bbox 1116 832 1232 877; x_wconf 80' lang='lat' dir='ltr'>inquit</span> <span class='ocrx_word' id='word_1_73' title='bbox 1250 833 1287 864; x_wconf 90' lang='lat' dir='ltr'>in</span> 
     </span>
     <span class='ocr_line' id='line_1_15' title="bbox 307 883 1287 934; baseline -0.01 -10"><span class='ocrx_word' id='word_1_74' title='bbox 307 891 384 926; x_wconf 86' lang='lat' dir='ltr'>Act.</span> <span class='ocrx_word' id='word_1_75' title='bbox 407 902 481 934; x_wconf 87' lang='lat' dir='ltr'>cap.</span> <span class='ocrx_word' id='word_1_76' title='bbox 498 892 546 924; x_wconf 64' lang='lat'>2:</span> <span class='ocrx_word' id='word_1_77' title='bbox 581 887 783 931; x_wconf 81' lang='lat' dir='ltr'>Baptizetur</span> <span class='ocrx_word' id='word_1_78' title='bbox 812 884 1052 929; x_wconf 86' lang='lat' dir='ltr'>unusquisque</span> <span class='ocrx_word' id='word_1_79' title='bbox 1078 884 1116 915; x_wconf 88' lang='lat' dir='ltr'>in</span> <span class='ocrx_word' id='word_1_80' title='bbox 1142 883 1287 915; x_wconf 91' lang='lat' dir='ltr'>nomine</span> 
     </span>
     <span class='ocr_line' id='line_1_16' title="bbox 307 931 1289 979; baseline -0.009 -4"><span class='ocrx_word' id='word_1_81' title='bbox 307 943 385 975; x_wconf 81' lang='lat' dir='ltr'>Iesu</span> <span class='ocrx_word' id='word_1_82' title='bbox 410 939 558 979; x_wconf 84' lang='lat' dir='ltr'>Christi,</span> <span class='ocrx_word' id='word_1_83' title='bbox 593 940 635 971; x_wconf 88' lang='lat' dir='ltr'>ad</span> <span class='ocrx_word' id='word_1_84' title='bbox 666 937 907 970; x_wconf 84' lang='lat' dir='ltr'>remissionem</span> <span class='ocrx_word' id='word_1_85' title='bbox 943 941 1174 978; x_wconf 86' lang='lat' dir='ltr'>peccatorum.</span> <span class='ocrx_word' id='word_1_86' title='bbox 1241 931 1289 966; x_wconf 88' lang='lat' dir='ltr'>Et</span> 
     </span>
     <span class='ocr_line' id='line_1_17' title="bbox 307 985 1288 1026; baseline -0.012 0"><span class='ocrx_word' id='word_1_87' title='bbox 307 994 340 1026; x_wconf 74' lang='lat'>2.</span> <span class='ocrx_word' id='word_1_88' title='bbox 357 987 517 1025; x_wconf 85' lang='lat' dir='ltr'>Corinth.</span> <span class='ocrx_word' id='word_1_89' title='bbox 536 988 588 1023; x_wconf 85' lang='lat'>5.:</span> <span class='ocrx_word' id='word_1_90' title='bbox 617 987 739 1021; x_wconf 89' lang='lat' dir='ltr'>Posuit</span> <span class='ocrx_word' id='word_1_91' title='bbox 763 987 798 1018; x_wconf 92' lang='lat' dir='ltr'>in</span> <span class='ocrx_word' id='word_1_92' title='bbox 822 985 922 1018; x_wconf 82' lang='lat' dir='ltr'>vobis</span> <span class='ocrx_word' id='word_1_93' title='bbox 944 996 1141 1017; x_wconf 89' lang='lat' dir='ltr'>sermonem</span> <span class='ocrx_word' id='word_1_94' title='bbox 1165 995 1288 1016; x_wconf 88' lang='lat' dir='ltr'>recon—</span> 
     </span>
     <span class='ocr_line' id='line_1_18' title="bbox 308 1033 1288 1077; baseline -0.008 -2"><span class='ocrx_word' id='word_1_95' title='bbox 308 1041 507 1075; x_wconf 83' lang='lat' dir='ltr'>ciliationis.</span> <span class='ocrx_word' id='word_1_96' title='bbox 559 1037 605 1072; x_wconf 85' lang='lat' dir='ltr'>Et</span> <span class='ocrx_word' id='word_1_97' title='bbox 637 1035 694 1070; x_wconf 86' lang='lat' dir='ltr'>hic</span> <span class='ocrx_word' id='word_1_98' title='bbox 726 1033 949 1070; x_wconf 77' lang='lat' dir='ltr'>Maith.18.:</span> <span class='ocrx_word' id='word_1_99' title='bbox 987 1034 1135 1077; x_wconf 87' lang='lat' dir='ltr'>Quoties</span> <span class='ocrx_word' id='word_1_100' title='bbox 1167 1034 1288 1067; x_wconf 89' lang='lat' dir='ltr'>remit-</span> 
     </span>
     <span class='ocr_line' id='line_1_19' title="bbox 309 1084 1289 1133; baseline -0.008 -8"><span class='ocrx_word' id='word_1_101' title='bbox 309 1093 404 1126; x_wconf 74' lang='lat' dir='ltr'>tam?</span> <span class='ocrx_word' id='word_1_102' title='bbox 456 1089 658 1133; x_wconf 81' lang='lat' dir='ltr'>Septuagies</span> <span class='ocrx_word' id='word_1_103' title='bbox 688 1087 824 1131; x_wconf 81' lang='lat' dir='ltr'>septies.</span> <span class='ocrx_word' id='word_1_104' title='bbox 884 1085 971 1118; x_wconf 84' lang='lat' dir='ltr'>Nam</span> <span class='ocrx_word' id='word_1_105' title='bbox 1004 1085 1100 1128; x_wconf 87' lang='lat' dir='ltr'>prior</span> <span class='ocrx_word' id='word_1_106' title='bbox 1124 1084 1185 1117; x_wconf 90' lang='lat' dir='ltr'>illa</span> <span class='ocrx_word' id='word_1_107' title='bbox 1210 1096 1289 1129; x_wconf 87' lang='lat' dir='ltr'>pars</span> 
     </span>
     <span class='ocr_line' id='line_1_20' title="bbox 309 1135 1288 1182; baseline -0.01 -5"><span class='ocrx_word' id='word_1_108' title='bbox 309 1150 442 1181; x_wconf 84' lang='lat' dir='ltr'>textus,</span> <span class='ocrx_word' id='word_1_109' title='bbox 470 1153 542 1173; x_wconf 90' lang='lat' dir='ltr'>non</span> <span class='ocrx_word' id='word_1_110' title='bbox 558 1141 599 1173; x_wconf 86' lang='lat' dir='ltr'>de</span> <span class='ocrx_word' id='word_1_111' title='bbox 617 1138 750 1182; x_wconf 87' lang='lat' dir='ltr'>privata</span> <span class='ocrx_word' id='word_1_112' title='bbox 770 1136 1028 1169; x_wconf 88' lang='lat' dir='ltr'>condonatione</span> <span class='ocrx_word' id='word_1_113' title='bbox 1048 1142 1201 1175; x_wconf 83' lang='lat' dir='ltr'>tantuin,</span> <span class='ocrx_word' id='word_1_114' title='bbox 1229 1135 1288 1168; x_wconf 88' lang='lat' dir='ltr'>sed</span> 
     </span>
     <span class='ocr_line' id='line_1_21' title="bbox 310 1186 1288 1233; baseline -0.009 -7"><span class='ocrx_word' id='word_1_115' title='bbox 310 1195 352 1226; x_wconf 84' lang='lat' dir='ltr'>de</span> <span class='ocrx_word' id='word_1_116' title='bbox 385 1192 577 1224; x_wconf 81' lang='lat' dir='ltr'>ministerio</span> <span class='ocrx_word' id='word_1_117' title='bbox 606 1189 783 1233; x_wconf 89' lang='lat' dir='ltr'>loquitur,</span> <span class='ocrx_word' id='word_1_118' title='bbox 823 1200 900 1219; x_wconf 90' lang='lat' dir='ltr'>cum</span> <span class='ocrx_word' id='word_1_119' title='bbox 932 1186 1023 1219; x_wconf 83' lang='lat' dir='ltr'>clare</span> <span class='ocrx_word' id='word_1_120' title='bbox 1058 1187 1154 1229; x_wconf 86' lang='lat' dir='ltr'>prius</span> <span class='ocrx_word' id='word_1_121' title='bbox 1179 1186 1288 1218; x_wconf 85' lang='lat' dir='ltr'>dicat:</span> 
     </span>
     <span class='ocr_line' id='line_1_22' title="bbox 311 1236 1289 1287; baseline -0.008 -12"><span class='ocrx_word' id='word_1_122' title='bbox 311 1243 487 1287; x_wconf 75' lang='lat' dir='ltr'>Quicquid</span> <span class='ocrx_word' id='word_1_123' title='bbox 515 1240 666 1283; x_wconf 72' lang='lat' dir='ltr'>ligabitis</span> <span class='ocrx_word' id='word_1_124' title='bbox 691 1250 793 1282; x_wconf 89' lang='lat' dir='ltr'>snpra</span> <span class='ocrx_word' id='word_1_125' title='bbox 819 1245 964 1277; x_wconf 80' lang='lat' dir='ltr'>terram,</span> <span class='ocrx_word' id='word_1_126' title='bbox 993 1236 1056 1269; x_wconf 85' lang='lat' dir='ltr'>erit</span> <span class='ocrx_word' id='word_1_127' title='bbox 1083 1237 1226 1278; x_wconf 81' lang='lat' dir='ltr'>ligatum</span> <span class='ocrx_word' id='word_1_128' title='bbox 1253 1236 1289 1267; x_wconf 89' lang='lat' dir='ltr'>in</span> 
     </span>
     <span class='ocr_line' id='line_1_23' title="bbox 310 1286 1291 1336; baseline -0.008 -9"><span class='ocrx_word' id='word_1_129' title='bbox 310 1294 425 1333; x_wconf 81' lang='lat' dir='ltr'>coelo,</span> <span class='ocrx_word' id='word_1_130' title='bbox 458 1300 489 1326; x_wconf 87' lang='lat' dir='ltr'>et</span> <span class='ocrx_word' id='word_1_131' title='bbox 518 1291 684 1336; x_wconf 82' lang='lat' dir='ltr'>quicquid</span> <span class='ocrx_word' id='word_1_132' title='bbox 715 1289 887 1322; x_wconf 81' lang='lat' dir='ltr'>solveritis</span> <span class='ocrx_word' id='word_1_133' title='bbox 916 1299 1019 1331; x_wconf 79' lang='lat' dir='ltr'>super</span> <span class='ocrx_word' id='word_1_134' title='bbox 1044 1294 1190 1325; x_wconf 83' lang='lat' dir='ltr'>terrani,</span> <span class='ocrx_word' id='word_1_135' title='bbox 1225 1286 1291 1319; x_wconf 86' lang='lat' dir='ltr'>erit</span> 
     </span>
     <span class='ocr_line' id='line_1_24' title="bbox 312 1336 1291 1383; baseline -0.009 -6"><span class='ocrx_word' id='word_1_136' title='bbox 312 1345 463 1378; x_wconf 88' lang='lat' dir='ltr'>solutnin</span> <span class='ocrx_word' id='word_1_137' title='bbox 486 1343 522 1374; x_wconf 93' lang='lat' dir='ltr'>in</span> <span class='ocrx_word' id='word_1_138' title='bbox 541 1341 650 1374; x_wconf 88' lang='lat' dir='ltr'>coelo.</span> <span class='ocrx_word' id='word_1_139' title='bbox 703 1338 834 1383; x_wconf 85' lang='lat' dir='ltr'>Estque</span> <span class='ocrx_word' id='word_1_140' title='bbox 851 1336 934 1371; x_wconf 86' lang='lat' dir='ltr'>haec</span> <span class='ocrx_word' id='word_1_141' title='bbox 951 1337 1120 1370; x_wconf 86' lang='lat' dir='ltr'>sententia</span> <span class='ocrx_word' id='word_1_142' title='bbox 1139 1336 1291 1369; x_wconf 87' lang='lat' dir='ltr'>fideliter</span> 
     </span>
    </p>
   </div>
   <div class='ocr_carea' id='block_1_5' title="bbox 312 1387 1319 1479">
    <p class='ocr_par' dir='ltr' id='par_1_5' title="bbox 312 1387 1319 1479">
     <span class='ocr_line' id='line_1_25' title="bbox 312 1387 1318 1436; baseline -0.009 -9"><span class='ocrx_word' id='word_1_143' title='bbox 312 1395 513 1432; x_wconf 83' lang='lat' dir='ltr'>retinenda,</span> <span class='ocrx_word' id='word_1_144' title='bbox 540 1393 632 1436; x_wconf 85' lang='lat' dir='ltr'>quod</span> <span class='ocrx_word' id='word_1_145' title='bbox 658 1391 716 1422; x_wconf 90' lang='lat' dir='ltr'>illa</span> <span class='ocrx_word' id='word_1_146' title='bbox 740 1401 817 1432; x_wconf 87' lang='lat' dir='ltr'>pars</span> <span class='ocrx_word' id='word_1_147' title='bbox 842 1389 884 1420; x_wconf 87' lang='lat' dir='ltr'>de</span> <span class='ocrx_word' id='word_1_148' title='bbox 902 1387 1098 1420; x_wconf 82' lang='lat' dir='ltr'>ministerio</span> <span class='ocrx_word' id='word_1_149' title='bbox 1119 1387 1291 1431; x_wconf 87' lang='lat' dir='ltr'>loquatur,</span> <span class='ocrx_word' id='word_1_150' title='bbox 1317 1415 1318 1419; x_wconf 75' lang='grc'>,</span> 
     </span>
     <span class='ocr_line' id='line_1_26' title="bbox 978 1437 1319 1479; baseline -0.006 -9"><span class='ocrx_word' id='word_1_151' title='bbox 978 1437 1048 1470; x_wconf 84' lang='lat' dir='ltr'>Nec</span> <span class='ocrx_word' id='word_1_152' title='bbox 1067 1444 1203 1471; x_wconf 88' lang='lat' dir='ltr'>tantum</span> <span class='ocrx_word' id='word_1_153' title='bbox 1226 1449 1290 1479; x_wconf 88' lang='lat' dir='ltr'>pu-</span> <span class='ocrx_word' id='word_1_154' title='bbox 1317 1456 1319 1465; x_wconf 86' lang='lat'>·</span> 
     </span>
    </p>
   </div>
   <div class='ocr_carea' id='block_1_6' title="bbox 312 1488 2331 1603">
    <p class='ocr_par' dir='ltr' id='par_1_6' title="bbox 312 1488 2331 1603">
     <span class='ocr_line' id='line_1_27' title="bbox 312 1488 2331 1552; baseline -0.001 -7"><span class='ocrx_word' id='word_1_155' title='bbox 312 1503 424 1530; x_wconf 50' lang='grc' dir='ltr'>’ΜΝΞ</span> <span class='ocrx_word' id='word_1_156' title='bbox 449 1505 518 1526; x_wconf 67' lang='lat'>‘³⁵⁵⁰</span> <span class='ocrx_word' id='word_1_157' title='bbox 542 1492 643 1525; x_wconf 44' lang='lat' dir='ltr'>&amp;Vile</span> <span class='ocrx_word' id='word_1_158' title='bbox 662 1497 879 1534; x_wconf 53' lang='lat' dir='ltr'>praecepium</span> <span class='ocrx_word' id='word_1_159' title='bbox 899 1489 943 1545; x_wconf 64' lang='lat' dir='ltr'>de.</span> <span class='ocrx_word' id='word_1_160' title='bbox 960 1494 1094 1545; x_wconf 44' lang='lat' dir='ltr'>&#39;mmm</span> <span class='ocrx_word' id='word_1_161' title='bbox 1113 1488 1292 1544; x_wconf 60' lang='lat'>⁰⁰.¹¹‘.¹⁰¹&#39;³¹’</span> <span class='ocrx_word' id='word_1_162' title='bbox 1317 1512 1319 1543; x_wconf 70' lang='lat'>&#39;1</span> <span class='ocrx_word' id='word_1_163' title='bbox 1347 1509 1451 1543; x_wconf 86' lang='lat' dir='ltr'>Item:</span> <span class='ocrx_word' id='word_1_164' title='bbox 1491 1508 1556 1549; x_wconf 91' lang='lat' dir='ltr'>lte,</span> <span class='ocrx_word' id='word_1_165' title='bbox 1593 1509 1788 1552; x_wconf 86' lang='lat' dir='ltr'>praedicate</span> <span class='ocrx_word' id='word_1_166' title='bbox 1819 1509 2069 1552; x_wconf 83' lang='lat' dir='ltr'>poenitentiam</span> <span class='ocrx_word' id='word_1_167' title='bbox 2095 1516 2129 1543; x_wconf 92' lang='lat' dir='ltr'>et</span> <span class='ocrx_word' id='word_1_168' title='bbox 2152 1509 2331 1543; x_wconf 89' lang='lat' dir='ltr'>remissio-</span> 
     </span>
     <span class='ocr_line' id='line_1_28' title="bbox 313 1540 2016 1603; baseline -0.006 -24"><span class='ocrx_word' id='word_1_169' title='bbox 313 1547 424 1583; x_wconf 84' lang='lat' dir='ltr'>tioue,</span> <span class='ocrx_word' id='word_1_170' title='bbox 460 1541 550 1577; x_wconf 88' lang='lat' dir='ltr'>nihil</span> <span class='ocrx_word' id='word_1_171' title='bbox 581 1542 762 1590; x_wconf 84' lang='lat' dir='ltr'>pertinens</span> <span class='ocrx_word' id='word_1_172' title='bbox 792 1541 832 1573; x_wconf 91' lang='lat' dir='ltr'>ad</span> <span class='ocrx_word' id='word_1_173' title='bbox 858 1550 1098 1572; x_wconf 73' lang='lat' dir='ltr'>remissionem</span> <span class='ocrx_word' id='word_1_174' title='bbox 1123 1540 1293 1578; x_wconf 79' lang='lat' dir='ltr'>divinam,</span> <span class='ocrx_word' id='word_1_175' title='bbox 1318 1545 1321 1561; x_wconf 51' lang='grc' dir='ltr'>’ν</span> <span class='ocrx_word' id='word_1_176' title='bbox 1347 1572 1427 1593; x_wconf 66' lang='lat' dir='ltr'>nem</span> <span class='ocrx_word' id='word_1_177' title='bbox 1452 1566 1671 1603; x_wconf 57' lang='lat' dir='ltr'>peccatorum</span> <span class='ocrx_word' id='word_1_178' title='bbox 1698 1560 1734 1591; x_wconf 64' lang='lat' dir='ltr'>in</span> <span class='ocrx_word' id='word_1_179' title='bbox 1762 1559 1906 1592; x_wconf 59' lang='lat' dir='ltr'>nomine</span> <span class='ocrx_word' id='word_1_180' title='bbox 1928 1572 2016 1592; x_wconf 41' lang='lat' dir='ltr'><strong>meo·</strong></span> 
     </span>
    </p>
   </div>
   <div class='ocr_carea' id='block_1_7' title="bbox 313 1441 925 1489">
    <p class='ocr_par' dir='ltr' id='par_1_7' title="bbox 313 1441 925 1489">
     <span class='ocr_line' id='line_1_29' title="bbox 313 1441 925 1489; baseline -0.013 -11"><span class='ocrx_word' id='word_1_181' title='bbox 313 1457 373 1489; x_wconf 84' lang='lat' dir='ltr'>per</span> <span class='ocrx_word' id='word_1_182' title='bbox 395 1444 487 1489; x_wconf 86' lang='lat' dir='ltr'>quod</span> <span class='ocrx_word' id='word_1_183' title='bbox 505 1442 599 1476; x_wconf 89' lang='lat' dir='ltr'>Dens</span> <span class='ocrx_word' id='word_1_184' title='bbox 617 1441 761 1474; x_wconf 79' lang='lat' dir='ltr'>remittit</span> <span class='ocrx_word' id='word_1_185' title='bbox 782 1445 925 1482; x_wconf 78' lang='lat' dir='ltr'>peccata.</span> 
     </span>
    </p>
   </div>
   <div class='ocr_carea' id='block_1_8' title="bbox 311 1592 940 1634">
    <p class='ocr_par' dir='ltr' id='par_1_8' title="bbox 311 1592 940 1634">
     <span class='ocr_line' id='line_1_30' title="bbox 311 1592 940 1634; baseline -0.011 -4"><span class='ocrx_word' id='word_1_186' title='bbox 311 1605 348 1630; x_wconf 90' lang='lat' dir='ltr'>nt</span> <span class='ocrx_word' id='word_1_187' title='bbox 363 1596 465 1629; x_wconf 86' lang='lat' dir='ltr'>multi</span> <span class='ocrx_word' id='word_1_188' title='bbox 482 1593 574 1628; x_wconf 90' lang='lat' dir='ltr'>hunc</span> <span class='ocrx_word' id='word_1_189' title='bbox 592 1598 721 1626; x_wconf 88' lang='lat' dir='ltr'>textum</span> <span class='ocrx_word' id='word_1_190' title='bbox 739 1592 940 1634; x_wconf 75' lang='lat' dir='ltr'>depravant.</span> 
     </span>
    </p>
   </div>
   <div class='ocr_carea' id='block_1_9' title="bbox 310 1647 1294 2676">
    <p class='ocr_par' dir='ltr' id='par_1_9' title="bbox 311 1647 1294 2294">
     <span class='ocr_line' id='line_1_31' title="bbox 412 1647 1294 1697; baseline -0.011 -9"><span class='ocrx_word' id='word_1_191' title='bbox 412 1655 479 1689; x_wconf 85' lang='lat' dir='ltr'>Sed</span> <span class='ocrx_word' id='word_1_192' title='bbox 507 1653 639 1697; x_wconf 81' lang='lat' dir='ltr'>priv-ata</span> <span class='ocrx_word' id='word_1_193' title='bbox 656 1649 868 1684; x_wconf 84' lang='lat' dir='ltr'>condonatio</span> <span class='ocrx_word' id='word_1_194' title='bbox 887 1654 954 1686; x_wconf 86' lang='lat' dir='ltr'>est,</span> <span class='ocrx_word' id='word_1_195' title='bbox 983 1659 1055 1680; x_wconf 93' lang='lat' dir='ltr'>non</span> <span class='ocrx_word' id='word_1_196' title='bbox 1073 1647 1187 1680; x_wconf 89' lang='lat' dir='ltr'>odisse</span> <span class='ocrx_word' id='word_1_197' title='bbox 1204 1659 1294 1686; x_wconf 84' lang='lat' dir='ltr'>eum,</span> 
     </span>
     <span class='ocr_line' id='line_1_32' title="bbox 311 1697 1293 1752; baseline -0.01 -12"><span class='ocrx_word' id='word_1_198' title='bbox 311 1708 370 1752; x_wconf 87' lang='lat' dir='ltr'>qui</span> <span class='ocrx_word' id='word_1_199' title='bbox 401 1713 433 1740; x_wconf 79' lang='lat' dir='ltr'>tt·</span> <span class='ocrx_word' id='word_1_200' title='bbox 462 1703 628 1742; x_wconf 75' lang='lat' dir='ltr'>offendit,</span> <span class='ocrx_word' id='word_1_201' title='bbox 664 1713 728 1734; x_wconf 89' lang='lat' dir='ltr'>nec</span> <span class='ocrx_word' id='word_1_202' title='bbox 750 1700 939 1733; x_wconf 75' lang='lat' dir='ltr'>vindictam</span> <span class='ocrx_word' id='word_1_203' title='bbox 964 1705 1134 1742; x_wconf 81' lang='lat' dir='ltr'>expetere.</span> <span class='ocrx_word' id='word_1_204' title='bbox 1196 1697 1293 1731; x_wconf 84' lang='lat' dir='ltr'>Sicut</span> 
     </span>
     <span class='ocr_line' id='line_1_33' title="bbox 314 1748 1293 1793; baseline -0.01 -3"><span class='ocrx_word' id='word_1_205' title='bbox 314 1759 415 1791; x_wconf 87' lang='lat' dir='ltr'>lacob</span> <span class='ocrx_word' id='word_1_206' title='bbox 438 1756 578 1788; x_wconf 81' lang='lat' dir='ltr'>fratrem</span> <span class='ocrx_word' id='word_1_207' title='bbox 598 1751 692 1786; x_wconf 84' lang='lat' dir='ltr'>Esau</span> <span class='ocrx_word' id='word_1_208' title='bbox 717 1751 903 1791; x_wconf 80' lang='lat' dir='ltr'>diligebat,</span> <span class='ocrx_word' id='word_1_209' title='bbox 933 1760 1131 1793; x_wconf 80' lang='lat' dir='ltr'>quanquam</span> <span class='ocrx_word' id='word_1_210' title='bbox 1159 1748 1293 1789; x_wconf 78' lang='lat' dir='ltr'>magnis</span> 
     </span>
     <span class='ocr_line' id='line_1_34' title="bbox 313 1798 1292 1841; baseline -0.011 -1"><span class='ocrx_word' id='word_1_211' title='bbox 313 1807 452 1841; x_wconf 89' lang='lat' dir='ltr'>iniuriis</span> <span class='ocrx_word' id='word_1_212' title='bbox 476 1806 617 1838; x_wconf 79' lang='lat' dir='ltr'>aflectus</span> <span class='ocrx_word' id='word_1_213' title='bbox 640 1810 723 1837; x_wconf 86' lang='lat' dir='ltr'>erat.</span> <span class='ocrx_word' id='word_1_214' title='bbox 776 1800 892 1834; x_wconf 83' lang='lat' dir='ltr'>lliiius</span> <span class='ocrx_word' id='word_1_215' title='bbox 910 1799 1049 1832; x_wconf 79' lang='lat' dir='ltr'>virtutis</span> <span class='ocrx_word' id='word_1_216' title='bbox 1066 1798 1292 1830; x_wconf 77' lang='lat' dir='ltr'>simulacrum</span> 
     </span>
     <span class='ocr_line' id='line_1_35' title="bbox 311 1849 1293 1902; baseline -0.01 -11"><span class='ocrx_word' id='word_1_217' title='bbox 311 1858 453 1902; x_wconf 75' lang='lat' dir='ltr'>aliquod</span> <span class='ocrx_word' id='word_1_218' title='bbox 474 1857 577 1889; x_wconf 83' lang='lat' dir='ltr'>etiam</span> <span class='ocrx_word' id='word_1_219' title='bbox 597 1851 740 1886; x_wconf 80' lang='lat' dir='ltr'>Eihnici</span> <span class='ocrx_word' id='word_1_220' title='bbox 762 1858 911 1889; x_wconf 90' lang='lat' dir='ltr'>norunt,</span> <span class='ocrx_word' id='word_1_221' title='bbox 939 1850 1019 1893; x_wconf 85' lang='lat' dir='ltr'>quia</span> <span class='ocrx_word' id='word_1_222' title='bbox 1038 1849 1227 1881; x_wconf 85' lang='lat' dir='ltr'>necessaria</span> <span class='ocrx_word' id='word_1_223' title='bbox 1245 1854 1293 1881; x_wconf 81' lang='lat' dir='ltr'>est</span> 
     </span>
     <span class='ocr_line' id='line_1_36' title="bbox 313 1898 1293 1945; baseline -0.012 -4"><span class='ocrx_word' id='word_1_224' title='bbox 313 1910 348 1941; x_wconf 87' lang='lat' dir='ltr'>in</span> <span class='ocrx_word' id='word_1_225' title='bbox 366 1909 435 1939; x_wconf 71' lang='lat' dir='ltr'>vita</span> <span class='ocrx_word' id='word_1_226' title='bbox 454 1905 537 1938; x_wconf 86' lang='lat' dir='ltr'>liaec</span> <span class='ocrx_word' id='word_1_227' title='bbox 556 1903 797 1940; x_wconf 70' lang='lat' dir='ltr'>mansue-iudo,</span> <span class='ocrx_word' id='word_1_228' title='bbox 825 1913 895 1933; x_wconf 89' lang='lat' dir='ltr'>non</span> <span class='ocrx_word' id='word_1_229' title='bbox 913 1910 1034 1932; x_wconf 85' lang='lat' dir='ltr'>omnes</span> <span class='ocrx_word' id='word_1_230' title='bbox 1051 1898 1198 1930; x_wconf 86' lang='lat' dir='ltr'>iniurias</span> <span class='ocrx_word' id='word_1_231' title='bbox 1214 1911 1293 1945; x_wconf 52' lang='lat' dir='ltr'>pei*-</span> 
     </span>
     <span class='ocr_line' id='line_1_37' title="bbox 313 1948 1292 2003; baseline -0.012 -12"><span class='ocrx_word' id='word_1_232' title='bbox 313 1958 430 2003; x_wconf 75' lang='lat' dir='ltr'>scqui‚</span> <span class='ocrx_word' id='word_1_233' title='bbox 465 1956 523 1988; x_wconf 85' lang='lat' dir='ltr'>sed</span> <span class='ocrx_word' id='word_1_234' title='bbox 555 1953 681 1986; x_wconf 85' lang='lat' dir='ltr'>multas</span> <span class='ocrx_word' id='word_1_235' title='bbox 706 1952 864 1995; x_wconf 88' lang='lat' dir='ltr'>publicae</span> <span class='ocrx_word' id='word_1_236' title='bbox 888 1948 1134 1994; x_wconf 74' lang='lat' dir='ltr'>tranquillitati</span> <span class='ocrx_word' id='word_1_237' title='bbox 1161 1949 1292 1980; x_wconf 88' lang='lat' dir='ltr'>condo-</span> 
     </span>
     <span class='ocr_line' id='line_1_38' title="bbox 313 1998 1292 2045; baseline -0.009 -6"><span class='ocrx_word' id='word_1_238' title='bbox 313 2022 407 2042; x_wconf 69' lang='lat' dir='ltr'>nare.</span> <span class='ocrx_word' id='word_1_239' title='bbox 460 2006 555 2039; x_wconf 72' lang='lat' dir='ltr'>Sicut</span> <span class='ocrx_word' id='word_1_240' title='bbox 576 2003 709 2037; x_wconf 78' lang='lat' dir='ltr'>Romae</span> <span class='ocrx_word' id='word_1_241' title='bbox 734 2002 870 2045; x_wconf 79' lang='lat' dir='ltr'>piililice</span> <span class='ocrx_word' id='word_1_242' title='bbox 894 2001 1107 2041; x_wconf 75' lang='lat' dir='ltr'>cogebantur</span> <span class='ocrx_word' id='word_1_243' title='bbox 1126 1999 1239 2031; x_wconf 78' lang='lat' dir='ltr'>redire</span> <span class='ocrx_word' id='word_1_244' title='bbox 1257 1998 1292 2030; x_wconf 88' lang='lat' dir='ltr'>in</span> 
     </span>
     <span class='ocr_line' id='line_1_39' title="bbox 312 2050 1293 2102; baseline -0.011 -11"><span class='ocrx_word' id='word_1_245' title='bbox 312 2060 457 2102; x_wconf 68' lang='lat' dir='ltr'>gratiam</span> <span class='ocrx_word' id='word_1_246' title='bbox 491 2053 643 2093; x_wconf 81' lang='lat' dir='ltr'>inimici,</span> <span class='ocrx_word' id='word_1_247' title='bbox 679 2053 737 2097; x_wconf 86' lang='lat' dir='ltr'>qni</span> <span class='ocrx_word' id='word_1_248' title='bbox 763 2052 900 2084; x_wconf 78' lang='lat' dir='ltr'>eosdem</span> <span class='ocrx_word' id='word_1_249' title='bbox 926 2050 1147 2095; x_wconf 70' lang='lat' dir='ltr'>magistratus</span> <span class='ocrx_word' id='word_1_250' title='bbox 1172 2050 1293 2082; x_wconf 83' lang='lat' dir='ltr'>eodem</span> 
     </span>
     <span class='ocr_line' id='line_1_40' title="bbox 312 2097 1294 2152; baseline -0.011 -12"><span class='ocrx_word' id='word_1_251' title='bbox 312 2118 467 2152; x_wconf 64' lang='lat' dir='ltr'>tempore</span> <span class='ocrx_word' id='word_1_252' title='bbox 491 2104 618 2149; x_wconf 78' lang='lat' dir='ltr'>gesturi</span> <span class='ocrx_word' id='word_1_253' title='bbox 644 2110 752 2136; x_wconf 77' lang='lat' dir='ltr'>erant.</span> <span class='ocrx_word' id='word_1_254' title='bbox 812 2100 858 2134; x_wconf 79' lang='lat' dir='ltr'>Et</span> <span class='ocrx_word' id='word_1_255' title='bbox 884 2100 998 2133; x_wconf 75' lang='lat' dir='ltr'>Attica</span> <span class='ocrx_word' id='word_1_256' title='bbox 1025 2099 1145 2133; x_wconf 73' lang='lat' dir='ltr'>civitas</span> <span class='ocrx_word' id='word_1_257' title='bbox 1169 2097 1294 2132; x_wconf 86' lang='lat' dir='ltr'>liuma-</span> 
     </span>
     <span class='ocr_line' id='line_1_41' title="bbox 313 2148 1294 2194; baseline -0.012 -1"><span class='ocrx_word' id='word_1_258' title='bbox 313 2161 494 2193; x_wconf 63' lang='lat' dir='ltr'>1iissiiiiiiiii</span> <span class='ocrx_word' id='word_1_259' title='bbox 527 2157 705 2187; x_wconf 78' lang='lat' dir='ltr'>decretum</span> <span class='ocrx_word' id='word_1_260' title='bbox 741 2153 816 2186; x_wconf 77' lang='lat' dir='ltr'>fecit</span> <span class='ocrx_word' id='word_1_261' title='bbox 849 2152 890 2183; x_wconf 75' lang='lat' dir='ltr'>de</span> <span class='ocrx_word' id='word_1_262' title='bbox 921 2148 1126 2194; x_wconf 48' lang='grc' dir='ltr'>ἀμνηστίᾳ,</span> <span class='ocrx_word' id='word_1_263' title='bbox 1165 2150 1197 2182; x_wconf 91' lang='lat' dir='ltr'>id</span> <span class='ocrx_word' id='word_1_264' title='bbox 1233 2156 1294 2192; x_wconf 82' lang='lat' dir='ltr'>est,</span> 
     </span>
     <span class='ocr_line' id='line_1_42' title="bbox 311 2200 1294 2244; baseline -0.011 -1"><span class='ocrx_word' id='word_1_265' title='bbox 311 2211 488 2243; x_wconf 66' lang='lat' dir='ltr'>obt‘ixione</span> <span class='ocrx_word' id='word_1_266' title='bbox 506 2205 728 2239; x_wconf 86' lang='lat' dir='ltr'>iniuriarum.</span> <span class='ocrx_word' id='word_1_267' title='bbox 781 2201 824 2236; x_wconf 77' lang='lat' dir='ltr'>Et</span> <span class='ocrx_word' id='word_1_268' title='bbox 841 2201 959 2244; x_wconf 79' lang='lat' dir='ltr'>Scipio</span> <span class='ocrx_word' id='word_1_269' title='bbox 979 2200 1218 2233; x_wconf 67' lang='lat' dir='ltr'>dissimulabat</span> <span class='ocrx_word' id='word_1_270' title='bbox 1239 2201 1294 2232; x_wconf 90' lang='lat' dir='ltr'>in-</span> 
     </span>
     <span class='ocr_line' id='line_1_43' title="bbox 314 2259 696 2294; baseline -0.018 0"><span class='ocrx_word' id='word_1_271' title='bbox 314 2262 418 2294; x_wconf 73' lang='lat' dir='ltr'>iurias</span> <span class='ocrx_word' id='word_1_272' title='bbox 440 2259 696 2291; x_wconf 70' lang='lat' dir='ltr'>&#39;l&#39;ribunoruim</span> 
     </span>
    </p>

    <p class='ocr_par' dir='ltr' id='par_1_10' title="bbox 312 2306 1294 2567">
     <span class='ocr_line' id='line_1_44' title="bbox 416 2306 1293 2356; baseline -0.013 -7"><span class='ocrx_word' id='word_1_273' title='bbox 416 2319 482 2350; x_wconf 53' lang='lat' dir='ltr'>§.ui</span> <span class='ocrx_word' id='word_1_274' title='bbox 505 2315 657 2348; x_wconf 69' lang='lat' dir='ltr'>Ecclesia</span> <span class='ocrx_word' id='word_1_275' title='bbox 683 2313 793 2346; x_wconf 86' lang='lat' dir='ltr'>multo</span> <span class='ocrx_word' id='word_1_276' title='bbox 817 2312 934 2356; x_wconf 75' lang='lat' dir='ltr'>plnres</span> <span class='ocrx_word' id='word_1_277' title='bbox 958 2321 1075 2342; x_wconf 86' lang='lat' dir='ltr'>causas</span> <span class='ocrx_word' id='word_1_278' title='bbox 1093 2306 1194 2342; x_wconf 72' lang='lat' dir='ltr'>balii-t</span> <span class='ocrx_word' id='word_1_279' title='bbox 1215 2321 1293 2353; x_wconf 74' lang='lat' dir='ltr'>par-</span> 
     </span>
     <span class='ocr_line' id='line_1_45' title="bbox 312 2360 1294 2408; baseline -0.009 -7"><span class='ocrx_word' id='word_1_280' title='bbox 312 2371 423 2403; x_wconf 51' lang='lat' dir='ltr'>cendi.</span> <span class='ocrx_word' id='word_1_281' title='bbox 479 2367 593 2399; x_wconf 70' lang='lat' dir='ltr'>l‘i-iiiia</span> <span class='ocrx_word' id='word_1_282' title='bbox 618 2371 682 2403; x_wconf 68' lang='lat' dir='ltr'>vsi,</span> <span class='ocrx_word' id='word_1_283' title='bbox 711 2364 790 2408; x_wconf 81' lang='lat' dir='ltr'>quia</span> <span class='ocrx_word' id='word_1_284' title='bbox 817 2363 881 2395; x_wconf 84' lang='lat' dir='ltr'>scit</span> <span class='ocrx_word' id='word_1_285' title='bbox 898 2361 1010 2394; x_wconf 85' lang='lat' dir='ltr'>Deum</span> <span class='ocrx_word' id='word_1_286' title='bbox 1038 2360 1234 2407; x_wconf 63' lang='lat' dir='ltr'>praecipi-rii</span> <span class='ocrx_word' id='word_1_287' title='bbox 1252 2361 1294 2392; x_wconf 85' lang='lat' dir='ltr'>de</span> 
     </span>
     <span class='ocr_line' id='line_1_46' title="bbox 313 2411 1291 2458; baseline -0.014 -3"><span class='ocrx_word' id='word_1_288' title='bbox 313 2421 374 2455; x_wconf 73' lang='lat' dir='ltr'>liar</span> <span class='ocrx_word' id='word_1_289' title='bbox 400 2416 677 2455; x_wconf 77' lang='lat' dir='ltr'>condonatione,</span> <span class='ocrx_word' id='word_1_290' title='bbox 706 2422 737 2447; x_wconf 79' lang='lat' dir='ltr'>ct</span> <span class='ocrx_word' id='word_1_291' title='bbox 757 2414 899 2458; x_wconf 80' lang='lat' dir='ltr'>qiiidein</span> <span class='ocrx_word' id='word_1_292' title='bbox 919 2412 1004 2444; x_wconf 90' lang='lat' dir='ltr'>adeo</span> <span class='ocrx_word' id='word_1_293' title='bbox 1021 2423 1155 2447; x_wconf 73' lang='lat' dir='ltr'>severe,</span> <span class='ocrx_word' id='word_1_294' title='bbox 1184 2418 1220 2443; x_wconf 87' lang='lat' dir='ltr'>iit</span> <span class='ocrx_word' id='word_1_295' title='bbox 1237 2411 1291 2442; x_wconf 94' lang='lat' dir='ltr'>di-</span> 
     </span>
     <span class='ocr_line' id='line_1_47' title="bbox 312 2461 1293 2506; baseline -0.01 -4"><span class='ocrx_word' id='word_1_296' title='bbox 312 2482 403 2506; x_wconf 70' lang='lat' dir='ltr'>cium</span> <span class='ocrx_word' id='word_1_297' title='bbox 430 2471 488 2502; x_wconf 59' lang='lat' dir='ltr'>sii:</span> <span class='ocrx_word' id='word_1_298' title='bbox 518 2468 553 2500; x_wconf 65' lang='lat' dir='ltr'>Si</span> <span class='ocrx_word' id='word_1_299' title='bbox 580 2479 649 2498; x_wconf 91' lang='lat' dir='ltr'>non</span> <span class='ocrx_word' id='word_1_300' title='bbox 675 2462 898 2504; x_wconf 78' lang='lat' dir='ltr'>remisi-ritis,</span> <span class='ocrx_word' id='word_1_301' title='bbox 927 2475 996 2495; x_wconf 89' lang='lat' dir='ltr'>non</span> <span class='ocrx_word' id='word_1_302' title='bbox 1025 2461 1174 2494; x_wconf 79' lang='lat' dir='ltr'>remittet</span> <span class='ocrx_word' id='word_1_303' title='bbox 1195 2461 1293 2493; x_wconf 77' lang='lat' dir='ltr'>vobis</span> 
     </span>
     <span class='ocr_line' id='line_1_48' title="bbox 312 2519 587 2567; baseline -0.018 -13"><span class='ocrx_word' id='word_1_304' title='bbox 312 2532 405 2567; x_wconf 67' lang='lat' dir='ltr'>pato-i·</span> <span class='ocrx_word' id='word_1_305' title='bbox 424 2519 587 2553; x_wconf 63' lang='lat' dir='ltr'>cin-testis.</span> 
     </span>
    </p>

    <p class='ocr_par' dir='ltr' id='par_1_11' title="bbox 310 2568 1292 2676">
     <span class='ocr_line' id='line_1_49' title="bbox 411 2568 1292 2620; baseline -0.012 -8"><span class='ocrx_word' id='word_1_306' title='bbox 411 2579 590 2614; x_wconf 56' lang='lat' dir='ltr'>Socanda,</span> <span class='ocrx_word' id='word_1_307' title='bbox 619 2575 700 2620; x_wconf 82' lang='lat' dir='ltr'>qnia</span> <span class='ocrx_word' id='word_1_308' title='bbox 727 2573 881 2606; x_wconf 83' lang='lat' dir='ltr'>vindicta</span> <span class='ocrx_word' id='word_1_309' title='bbox 909 2579 956 2605; x_wconf 78' lang='lat' dir='ltr'>cst</span> <span class='ocrx_word' id='word_1_310' title='bbox 977 2568 1089 2604; x_wconf 86' lang='lat' dir='ltr'>bonos</span> <span class='ocrx_word' id='word_1_311' title='bbox 1106 2568 1180 2604; x_wconf 87' lang='lat' dir='ltr'>Deo</span> <span class='ocrx_word' id='word_1_312' title='bbox 1197 2581 1292 2603; x_wconf 85' lang='lat' dir='ltr'>coni-</span> 
     </span>
     <span class='ocr_line' id='line_1_50' title="bbox 310 2622 1290 2676; baseline -0.01 -13"><span class='ocrx_word' id='word_1_313' title='bbox 310 2639 448 2676; x_wconf 65' lang='lat' dir='ltr'>potmu,</span> <span class='ocrx_word' id='word_1_314' title='bbox 485 2631 576 2662; x_wconf 78' lang='lat' dir='ltr'>iuxta</span> <span class='ocrx_word' id='word_1_315' title='bbox 605 2627 707 2659; x_wconf 86' lang='lat' dir='ltr'>ittiid:</span> <span class='ocrx_word' id='word_1_316' title='bbox 737 2622 830 2657; x_wconf 81' lang='lat' dir='ltr'>Mihi</span> <span class='ocrx_word' id='word_1_317' title='bbox 856 2623 1066 2661; x_wconf 75' lang='lat' dir='ltr'>vindictam,</span> <span class='ocrx_word' id='word_1_318' title='bbox 1095 2628 1126 2655; x_wconf 88' lang='lat' dir='ltr'>et</span> <span class='ocrx_word' id='word_1_319' title='bbox 1149 2632 1210 2664; x_wconf 79' lang='lat' dir='ltr'>rgo</span> <span class='ocrx_word' id='word_1_320' title='bbox 1236 2633 1290 2654; x_wconf 84' lang='lat' dir='ltr'>re-</span> 
     </span>
    </p>
   </div>
   <div class='ocr_carea' id='block_1_10' title="bbox 889 66 1713 106">
    <p class='ocr_par' dir='ltr' id='par_1_12' title="bbox 889 66 1713 106">
     <span class='ocr_line' id='line_1_51' title="bbox 889 66 1713 106; baseline -0.002 0"><span class='ocrx_word' id='word_1_321' title='bbox 889 71 1014 106; x_wconf 82' lang='lat' dir='ltr'><strong>PHIL.</strong></span> <span class='ocrx_word' id='word_1_322' title='bbox 1040 69 1156 106; x_wconf 84' lang='lat' dir='ltr'><strong>MEL.</strong></span> <span class='ocrx_word' id='word_1_323' title='bbox 1181 67 1389 104; x_wconf 80' lang='lat' dir='ltr'><strong>SCRIPTA</strong></span> <span class='ocrx_word' id='word_1_324' title='bbox 1415 66 1713 104; x_wconf 82' lang='lat' dir='ltr'><strong>EXEGETICA.</strong></span> 
     </span>
    </p>
   </div>
   <div class='ocr_carea' id='block_1_11' title="bbox 1314 749 1323 2003">
    <p class='ocr_par' dir='ltr' id='par_1_13' title="bbox 1314 749 1323 2003">
     <span class='ocr_line' id='line_1_52' title="bbox 1314 749 1323 2003; baseline 0 0"><span class='ocrx_word' id='word_1_325' title='bbox 1314 749 1323 2003; x_wconf 95' lang='lat' dir='ltr'> </span> 
     </span>
    </p>
   </div>
   <div class='ocr_carea' id='block_1_12' title="bbox 2237 72 2312 109">
    <p class='ocr_par' dir='ltr' id='par_1_14' title="bbox 2237 72 2312 109">
     <span class='ocr_line' id='line_1_53' title="bbox 2237 72 2312 109; baseline 0.04 -3"><span class='ocrx_word' id='word_1_326' title='bbox 2237 72 2312 109; x_wconf 81' lang='lat'>388</span> 
     </span>
    </p>
   </div>
   <div class='ocr_carea' id='block_1_13' title="bbox 1332 151 2312 200">
    <p class='ocr_par' dir='ltr' id='par_1_15' title="bbox 1332 151 2312 200">
     <span class='ocr_line' id='line_1_54' title="bbox 1332 151 2312 200; baseline 0.004 -14"><span class='ocrx_word' id='word_1_327' title='bbox 1332 153 1499 189; x_wconf 82' lang='lat' dir='ltr'>tribuam.</span> <span class='ocrx_word' id='word_1_328' title='bbox 1554 153 1640 188; x_wconf 65' lang='lat' dir='ltr'>Vult</span> <span class='ocrx_word' id='word_1_329' title='bbox 1655 153 1761 197; x_wconf 82' lang='lat' dir='ltr'>igitur</span> <span class='ocrx_word' id='word_1_330' title='bbox 1777 151 1871 188; x_wconf 88' lang='lat' dir='ltr'>Deus</span> <span class='ocrx_word' id='word_1_331' title='bbox 1890 165 1954 187; x_wconf 91' lang='lat' dir='ltr'>nos</span> <span class='ocrx_word' id='word_1_332' title='bbox 1968 153 2128 188; x_wconf 86' lang='lat' dir='ltr'>omittere</span> <span class='ocrx_word' id='word_1_333' title='bbox 2141 155 2312 200; x_wconf 84' lang='lat' dir='ltr'>privatam</span> 
     </span>
    </p>
   </div>
   <div class='ocr_carea' id='block_1_14' title="bbox 1334 204 2372 1098">
    <p class='ocr_par' dir='ltr' id='par_1_16' title="bbox 1334 204 1535 238">
     <span class='ocr_line' id='line_1_55' title="bbox 1334 204 1535 238; baseline -0.01 0"><span class='ocrx_word' id='word_1_334' title='bbox 1334 204 1535 238; x_wconf 87' lang='lat' dir='ltr'>vindictam.</span> 
     </span>
    </p>

    <p class='ocr_par' dir='ltr' id='par_1_17' title="bbox 1335 253 2319 694">
     <span class='ocr_line' id='line_1_56' title="bbox 1438 253 2313 299; baseline 0.005 -13"><span class='ocrx_word' id='word_1_335' title='bbox 1438 253 1578 292; x_wconf 85' lang='lat' dir='ltr'>Tertia,</span> <span class='ocrx_word' id='word_1_336' title='bbox 1613 254 1694 299; x_wconf 85' lang='lat' dir='ltr'>quia</span> <span class='ocrx_word' id='word_1_337' title='bbox 1727 266 1790 287; x_wconf 89' lang='lat' dir='ltr'>nos</span> <span class='ocrx_word' id='word_1_338' title='bbox 1819 266 2004 296; x_wconf 72' lang='lat' dir='ltr'>agnoscere</span> <span class='ocrx_word' id='word_1_339' title='bbox 2034 255 2217 296; x_wconf 89' lang='lat' dir='ltr'>debemus,</span> <span class='ocrx_word' id='word_1_340' title='bbox 2248 267 2313 290; x_wconf 83' lang='lat' dir='ltr'>nos</span> 
     </span>
     <span class='ocr_line' id='line_1_57' title="bbox 1336 302 2314 349; baseline 0.002 -13"><span class='ocrx_word' id='word_1_341' title='bbox 1336 316 1475 349; x_wconf 87' lang='lat' dir='ltr'>quoque</span> <span class='ocrx_word' id='word_1_342' title='bbox 1498 302 1628 337; x_wconf 85' lang='lat' dir='ltr'>habere</span> <span class='ocrx_word' id='word_1_343' title='bbox 1653 312 1790 347; x_wconf 88' lang='lat' dir='ltr'>peccata</span> <span class='ocrx_word' id='word_1_344' title='bbox 1816 305 1922 347; x_wconf 85' lang='lat' dir='ltr'>digna</span> <span class='ocrx_word' id='word_1_345' title='bbox 1939 305 2078 349; x_wconf 86' lang='lat' dir='ltr'>poenis,</span> <span class='ocrx_word' id='word_1_346' title='bbox 2105 311 2230 338; x_wconf 84' lang='lat' dir='ltr'>etcum</span> <span class='ocrx_word' id='word_1_347' title='bbox 2247 318 2314 339; x_wconf 87' lang='lat' dir='ltr'>no-</span> 
     </span>
     <span class='ocr_line' id='line_1_58' title="bbox 1335 354 2316 398; baseline 0.003 -12"><span class='ocrx_word' id='word_1_348' title='bbox 1335 356 1391 387; x_wconf 90' lang='lat' dir='ltr'>bis</span> <span class='ocrx_word' id='word_1_349' title='bbox 1423 354 1518 398; x_wconf 83' lang='lat' dir='ltr'>parci</span> <span class='ocrx_word' id='word_1_350' title='bbox 1550 354 1718 392; x_wconf 90' lang='lat' dir='ltr'>velimus,</span> <span class='ocrx_word' id='word_1_351' title='bbox 1751 355 1800 388; x_wconf 88' lang='lat' dir='ltr'>sic</span> <span class='ocrx_word' id='word_1_352' title='bbox 1830 355 1939 388; x_wconf 89' lang='lat' dir='ltr'>simus</span> <span class='ocrx_word' id='word_1_353' title='bbox 1973 355 2087 388; x_wconf 85' lang='lat' dir='ltr'>affecti</span> <span class='ocrx_word' id='word_1_354' title='bbox 2113 367 2193 398; x_wconf 85' lang='lat' dir='ltr'>erga</span> <span class='ocrx_word' id='word_1_355' title='bbox 2217 355 2316 397; x_wconf 85' lang='lat' dir='ltr'>alios,</span> 
     </span>
     <span class='ocr_line' id='line_1_59' title="bbox 1338 403 2316 446; baseline 0.003 -9"><span class='ocrx_word' id='word_1_356' title='bbox 1338 406 1433 438; x_wconf 83' lang='lat' dir='ltr'>iuxta</span> <span class='ocrx_word' id='word_1_357' title='bbox 1450 405 1555 438; x_wconf 90' lang='lat' dir='ltr'>illud:</span> <span class='ocrx_word' id='word_1_358' title='bbox 1584 403 1689 446; x_wconf 89' lang='lat' dir='ltr'>Quod</span> <span class='ocrx_word' id='word_1_359' title='bbox 1708 405 1771 437; x_wconf 89' lang='lat' dir='ltr'>tibi</span> <span class='ocrx_word' id='word_1_360' title='bbox 1788 405 1838 438; x_wconf 92' lang='lat' dir='ltr'>vis</span> <span class='ocrx_word' id='word_1_361' title='bbox 1854 406 1938 445; x_wconf 86' lang='lat' dir='ltr'>fieri,</span> <span class='ocrx_word' id='word_1_362' title='bbox 1966 406 2067 439; x_wconf 89' lang='lat' dir='ltr'>alteri</span> <span class='ocrx_word' id='word_1_363' title='bbox 2083 406 2216 439; x_wconf 86' lang='lat' dir='ltr'>seceris.</span> <span class='ocrx_word' id='word_1_364' title='bbox 2257 405 2316 440; x_wconf 87' lang='lat' dir='ltr'>Sic</span> 
     </span>
     <span class='ocr_line' id='line_1_60' title="bbox 1337 454 2317 499; baseline 0.001 -11"><span class='ocrx_word' id='word_1_365' title='bbox 1337 455 1450 489; x_wconf 85' lang='lat' dir='ltr'>David</span> <span class='ocrx_word' id='word_1_366' title='bbox 1473 455 1625 499; x_wconf 78' lang='lat' dir='ltr'>pepercit</span> <span class='ocrx_word' id='word_1_367' title='bbox 1644 455 1813 488; x_wconf 89' lang='lat' dir='ltr'>maledico</span> <span class='ocrx_word' id='word_1_368' title='bbox 1824 454 1949 496; x_wconf 86' lang='lat' dir='ltr'>Simei‚</span> <span class='ocrx_word' id='word_1_369' title='bbox 1978 457 2110 489; x_wconf 85' lang='lat' dir='ltr'>addens</span> <span class='ocrx_word' id='word_1_370' title='bbox 2126 456 2226 489; x_wconf 85' lang='lat' dir='ltr'>valde</span> <span class='ocrx_word' id='word_1_371' title='bbox 2242 467 2317 489; x_wconf 88' lang='lat' dir='ltr'>me-</span> 
     </span>
     <span class='ocr_line' id='line_1_61' title="bbox 1338 504 2317 540; baseline 0.001 -3"><span class='ocrx_word' id='word_1_372' title='bbox 1338 506 1509 538; x_wconf 79' lang='lat' dir='ltr'>morabile</span> <span class='ocrx_word' id='word_1_373' title='bbox 1534 505 1682 538; x_wconf 78' lang='lat' dir='ltr'>dictum:</span> <span class='ocrx_word' id='word_1_374' title='bbox 1711 504 1850 539; x_wconf 84' lang='lat' dir='ltr'>Reddet</span> <span class='ocrx_word' id='word_1_375' title='bbox 1876 504 1962 539; x_wconf 85' lang='lat' dir='ltr'>milii</span> <span class='ocrx_word' id='word_1_376' title='bbox 1984 507 2162 539; x_wconf 87' lang='lat' dir='ltr'>Dominus</span> <span class='ocrx_word' id='word_1_377' title='bbox 2183 507 2317 540; x_wconf 90' lang='lat' dir='ltr'>bonum</span> 
     </span>
     <span class='ocr_line' id='line_1_62' title="bbox 1339 553 2319 601; baseline 0.002 -13"><span class='ocrx_word' id='word_1_378' title='bbox 1339 568 1402 599; x_wconf 90' lang='lat' dir='ltr'>pro</span> <span class='ocrx_word' id='word_1_379' title='bbox 1425 553 1480 589; x_wconf 86' lang='lat' dir='ltr'>his</span> <span class='ocrx_word' id='word_1_380' title='bbox 1504 555 1708 588; x_wconf 86' lang='lat' dir='ltr'>maledictis.</span> <span class='ocrx_word' id='word_1_381' title='bbox 1763 554 1943 598; x_wconf 79' lang='lat' dir='ltr'>Significat</span> <span class='ocrx_word' id='word_1_382' title='bbox 1964 557 2056 589; x_wconf 90' lang='lat' dir='ltr'>enim</span> <span class='ocrx_word' id='word_1_383' title='bbox 2075 555 2165 590; x_wconf 91' lang='lat' dir='ltr'>hanc</span> <span class='ocrx_word' id='word_1_384' title='bbox 2181 557 2319 601; x_wconf 86' lang='lat' dir='ltr'>patien-</span> 
     </span>
     <span class='ocr_line' id='line_1_63' title="bbox 1339 604 2319 648; baseline 0.001 -9"><span class='ocrx_word' id='word_1_385' title='bbox 1339 607 1422 639; x_wconf 88' lang='lat' dir='ltr'>tiam</span> <span class='ocrx_word' id='word_1_386' title='bbox 1441 606 1514 639; x_wconf 83' lang='lat' dir='ltr'>Deo</span> <span class='ocrx_word' id='word_1_387' title='bbox 1537 613 1668 648; x_wconf 82' lang='lat' dir='ltr'>gratam</span> <span class='ocrx_word' id='word_1_388' title='bbox 1688 616 1779 645; x_wconf 84' lang='lat' dir='ltr'>esse,</span> <span class='ocrx_word' id='word_1_389' title='bbox 1805 611 1838 638; x_wconf 91' lang='lat' dir='ltr'>et</span> <span class='ocrx_word' id='word_1_390' title='bbox 1853 604 1928 639; x_wconf 93' lang='lat' dir='ltr'>Deo</span> <span class='ocrx_word' id='word_1_391' title='bbox 1945 618 2047 639; x_wconf 90' lang='lat' dir='ltr'>curae</span> <span class='ocrx_word' id='word_1_392' title='bbox 2064 618 2155 646; x_wconf 90' lang='lat' dir='ltr'>esse,</span> <span class='ocrx_word' id='word_1_393' title='bbox 2182 613 2221 641; x_wconf 89' lang='lat' dir='ltr'>ut</span> <span class='ocrx_word' id='word_1_394' title='bbox 2238 617 2319 640; x_wconf 89' lang='lat' dir='ltr'>rur-</span> 
     </span>
     <span class='ocr_line' id='line_1_64' title="bbox 1340 655 2318 694; baseline 0.001 -5"><span class='ocrx_word' id='word_1_395' title='bbox 1340 668 1396 689; x_wconf 91' lang='lat' dir='ltr'>sus</span> <span class='ocrx_word' id='word_1_396' title='bbox 1414 668 1600 694; x_wconf 89' lang='lat' dir='ltr'>ornemnr,</span> <span class='ocrx_word' id='word_1_397' title='bbox 1628 655 1731 688; x_wconf 87' lang='lat' dir='ltr'>etiam</span> <span class='ocrx_word' id='word_1_398' title='bbox 1750 667 1828 688; x_wconf 87' lang='lat' dir='ltr'>cum</span> <span class='ocrx_word' id='word_1_399' title='bbox 1846 655 1974 690; x_wconf 91' lang='lat' dir='ltr'>iniuste</span> <span class='ocrx_word' id='word_1_400' title='bbox 1988 657 2172 690; x_wconf 88' lang='lat' dir='ltr'>deformati</span> <span class='ocrx_word' id='word_1_401' title='bbox 2186 668 2318 691; x_wconf 87' lang='lat' dir='ltr'>sumus.</span> 
     </span>
    </p>

    <p class='ocr_par' dir='ltr' id='par_1_18' title="bbox 1339 705 2322 841">
     <span class='ocr_line' id='line_1_65' title="bbox 1444 705 2320 751; baseline 0.002 -13"><span class='ocrx_word' id='word_1_402' title='bbox 1444 705 1578 748; x_wconf 82' lang='lat' dir='ltr'>Quarta</span> <span class='ocrx_word' id='word_1_403' title='bbox 1603 717 1703 739; x_wconf 84' lang='lat' dir='ltr'>causa</span> <span class='ocrx_word' id='word_1_404' title='bbox 1729 713 1794 743; x_wconf 76' lang='lat' dir='ltr'>est,</span> <span class='ocrx_word' id='word_1_405' title='bbox 1822 706 1903 750; x_wconf 84' lang='lat' dir='ltr'>quia</span> <span class='ocrx_word' id='word_1_406' title='bbox 1931 707 2005 740; x_wconf 88' lang='lat' dir='ltr'>vult</span> <span class='ocrx_word' id='word_1_407' title='bbox 2030 717 2094 739; x_wconf 90' lang='lat' dir='ltr'>nos</span> <span class='ocrx_word' id='word_1_408' title='bbox 2119 706 2213 741; x_wconf 92' lang='lat' dir='ltr'>Deus</span> <span class='ocrx_word' id='word_1_409' title='bbox 2237 718 2320 751; x_wconf 90' lang='lat' dir='ltr'>par-</span> 
     </span>
     <span class='ocr_line' id='line_1_66' title="bbox 1341 754 2322 803; baseline 0.002 -14"><span class='ocrx_word' id='word_1_410' title='bbox 1341 769 1417 790; x_wconf 88' lang='lat' dir='ltr'>cere</span> <span class='ocrx_word' id='word_1_411' title='bbox 1442 756 1621 789; x_wconf 88' lang='lat' dir='ltr'>communi</span> <span class='ocrx_word' id='word_1_412' title='bbox 1647 756 1894 801; x_wconf 84' lang='lat' dir='ltr'>tranquillitati</span> <span class='ocrx_word' id='word_1_413' title='bbox 1916 754 2110 799; x_wconf 85' lang='lat' dir='ltr'>Ecclesiae,</span> <span class='ocrx_word' id='word_1_414' title='bbox 2135 769 2224 803; x_wconf 91' lang='lat' dir='ltr'>quae</span> <span class='ocrx_word' id='word_1_415' title='bbox 2246 763 2322 791; x_wconf 82' lang='lat' dir='ltr'>tur-</span> 
     </span>
     <span class='ocr_line' id='line_1_67' title="bbox 1339 807 1917 841; baseline 0 0"><span class='ocrx_word' id='word_1_416' title='bbox 1339 808 1444 841; x_wconf 90' lang='lat' dir='ltr'>batur</span> <span class='ocrx_word' id='word_1_417' title='bbox 1461 819 1540 839; x_wconf 90' lang='lat' dir='ltr'>cum</span> <span class='ocrx_word' id='word_1_418' title='bbox 1558 807 1701 839; x_wconf 89' lang='lat' dir='ltr'>aluntur</span> <span class='ocrx_word' id='word_1_419' title='bbox 1717 807 1917 841; x_wconf 87' lang='lat' dir='ltr'>certamina.</span> 
     </span>
    </p>

    <p class='ocr_par' dir='ltr' id='par_1_19' title="bbox 1341 856 2372 941">
     <span class='ocr_line' id='line_1_68' title="bbox 1443 856 2372 901; baseline 0 -11"><span class='ocrx_word' id='word_1_420' title='bbox 1443 856 1596 899; x_wconf 87' lang='lat' dir='ltr'>Quinta,</span> <span class='ocrx_word' id='word_1_421' title='bbox 1631 857 1885 891; x_wconf 85' lang='lat' dir='ltr'>interturbatur</span> <span class='ocrx_word' id='word_1_422' title='bbox 1910 857 2062 901; x_wconf 88' lang='lat' dir='ltr'>precatio</span> <span class='ocrx_word' id='word_1_423' title='bbox 2087 857 2323 892; x_wconf 83' lang='lat' dir='ltr'>crescentibus</span> <span class='ocrx_word' id='word_1_424' title='bbox 2364 875 2372 880; x_wconf 96' lang='lat'>-</span> 
     </span>
     <span class='ocr_line' id='line_1_69' title="bbox 1341 907 1672 941; baseline -0.003 0"><span class='ocrx_word' id='word_1_425' title='bbox 1341 907 1432 941; x_wconf 90' lang='lat' dir='ltr'>odiis</span> <span class='ocrx_word' id='word_1_426' title='bbox 1450 907 1487 939; x_wconf 91' lang='lat' dir='ltr'>in</span> <span class='ocrx_word' id='word_1_427' title='bbox 1507 907 1672 941; x_wconf 88' lang='lat' dir='ltr'>vindicta.</span> 
     </span>
    </p>

    <p class='ocr_par' dir='ltr' id='par_1_20' title="bbox 1342 956 2368 1098">
     <span class='ocr_line' id='line_1_70' title="bbox 1443 956 2368 1000; baseline 0 -10"><span class='ocrx_word' id='word_1_428' title='bbox 1443 956 1563 996; x_wconf 82' lang='lat' dir='ltr'>Sexta,</span> <span class='ocrx_word' id='word_1_429' title='bbox 1598 956 1840 1000; x_wconf 84' lang='lat' dir='ltr'>impediuntur</span> <span class='ocrx_word' id='word_1_430' title='bbox 1869 957 1937 990; x_wconf 85' lang='lat' dir='ltr'>alia</span> <span class='ocrx_word' id='word_1_431' title='bbox 1962 958 2104 1000; x_wconf 84' lang='lat' dir='ltr'>negocia</span> <span class='ocrx_word' id='word_1_432' title='bbox 2128 957 2237 1000; x_wconf 82' lang='lat' dir='ltr'>magis</span> <span class='ocrx_word' id='word_1_433' title='bbox 2261 968 2325 990; x_wconf 90' lang='lat' dir='ltr'>ne-</span> <span class='ocrx_word' id='word_1_434' title='bbox 2365 966 2368 970; x_wconf 88' lang='grc'><em>·</em></span> 
     </span>
     <span class='ocr_line' id='line_1_71' title="bbox 1342 1005 2327 1050; baseline 0.001 -10"><span class='ocrx_word' id='word_1_435' title='bbox 1342 1007 1500 1041; x_wconf 89' lang='lat' dir='ltr'>cessaria.</span> <span class='ocrx_word' id='word_1_436' title='bbox 1555 1005 1628 1043; x_wconf 75' lang='lat' dir='ltr'>Has</span> <span class='ocrx_word' id='word_1_437' title='bbox 1651 1018 1770 1040; x_wconf 86' lang='lat' dir='ltr'>causas</span> <span class='ocrx_word' id='word_1_438' title='bbox 1785 1007 1972 1050; x_wconf 86' lang='lat' dir='ltr'>diligenter</span> <span class='ocrx_word' id='word_1_439' title='bbox 1990 1007 2269 1048; x_wconf 87' lang='lat' dir='ltr'>consideremus,</span> <span class='ocrx_word' id='word_1_440' title='bbox 2292 1013 2327 1041; x_wconf 86' lang='lat' dir='ltr'>et</span> 
     </span>
     <span class='ocr_line' id='line_1_72' title="bbox 1342 1054 2326 1098; baseline -0.001 -7"><span class='ocrx_word' id='word_1_441' title='bbox 1342 1069 1407 1091; x_wconf 90' lang='lat' dir='ltr'>nos</span> <span class='ocrx_word' id='word_1_442' title='bbox 1432 1058 1474 1090; x_wconf 87' lang='lat' dir='ltr'>ad</span> <span class='ocrx_word' id='word_1_443' title='bbox 1500 1054 1592 1091; x_wconf 88' lang='lat' dir='ltr'>hanc</span> <span class='ocrx_word' id='word_1_444' title='bbox 1616 1057 1800 1098; x_wconf 88' lang='lat' dir='ltr'>virtutem,</span> <span class='ocrx_word' id='word_1_445' title='bbox 1825 1057 1988 1091; x_wconf 87' lang='lat' dir='ltr'>videlicet</span> <span class='ocrx_word' id='word_1_446' title='bbox 2014 1059 2057 1091; x_wconf 91' lang='lat' dir='ltr'>ad</span> <span class='ocrx_word' id='word_1_447' title='bbox 2085 1057 2326 1092; x_wconf 89' lang='lat' dir='ltr'>mansuetudi-</span> 
     </span>
    </p>
   </div>
   <div class='ocr_carea' id='block_1_15' title="bbox 1314 1107 2326 1151">
    <p class='ocr_par' dir='ltr' id='par_1_21' title="bbox 1314 1107 2326 1151">
     <span class='ocr_line' id='line_1_73' title="bbox 1314 1107 2326 1151; baseline -0.001 -10"><span class='ocrx_word' id='word_1_448' title='bbox 1314 1126 1316 1150; x_wconf 77' lang='lat'><strong>;</strong></span> <span class='ocrx_word' id='word_1_449' title='bbox 1342 1121 1422 1141; x_wconf 88' lang='lat' dir='ltr'>nem</span> <span class='ocrx_word' id='word_1_450' title='bbox 1453 1107 1737 1147; x_wconf 83' lang='lat' dir='ltr'>assuefaciamus,</span> <span class='ocrx_word' id='word_1_451' title='bbox 1779 1119 1843 1141; x_wconf 91' lang='lat' dir='ltr'>nec</span> <span class='ocrx_word' id='word_1_452' title='bbox 1876 1108 2120 1151; x_wconf 84' lang='lat' dir='ltr'>indulgeamus</span> <span class='ocrx_word' id='word_1_453' title='bbox 2151 1108 2259 1149; x_wconf 86' lang='lat' dir='ltr'>odiis,</span> <span class='ocrx_word' id='word_1_454' title='bbox 2293 1114 2326 1141; x_wconf 85' lang='lat' dir='ltr'>et</span> 
     </span>
    </p>
   </div>
   <div class='ocr_carea' id='block_1_16' title="bbox 1343 1158 1802 1203">
    <p class='ocr_par' dir='ltr' id='par_1_22' title="bbox 1343 1158 1802 1203">
     <span class='ocr_line' id='line_1_74' title="bbox 1343 1158 1802 1203; baseline 0 -12"><span class='ocrx_word' id='word_1_455' title='bbox 1343 1158 1596 1203; x_wconf 82' lang='lat' dir='ltr'>cupiditatibus</span> <span class='ocrx_word' id='word_1_456' title='bbox 1615 1158 1802 1191; x_wconf 83' lang='lat' dir='ltr'>vindictae.</span> 
     </span>
    </p>
   </div>
   <div class='ocr_carea' id='block_1_17' title="bbox 1713 1257 1960 1283">
    <p class='ocr_par' dir='ltr' id='par_1_23' title="bbox 1713 1257 1960 1283">
     <span class='ocr_line' id='line_1_75' title="bbox 1713 1257 1960 1283; baseline 0.004 -2"><span class='ocrx_word' id='word_1_457' title='bbox 1713 1257 1760 1281; x_wconf 82' lang='lat' dir='ltr'>De</span> <span class='ocrx_word' id='word_1_458' title='bbox 1790 1257 1960 1283; x_wconf 81' lang='lat' dir='ltr'>secundo.</span> 
     </span>
    </p>
   </div>
   <div class='ocr_carea' id='block_1_18' title="bbox 1344 1307 2330 1502">
    <p class='ocr_par' dir='ltr' id='par_1_24' title="bbox 1344 1307 2330 1502">
     <span class='ocr_line' id='line_1_76' title="bbox 1446 1307 2328 1351; baseline 0 -10"><span class='ocrx_word' id='word_1_459' title='bbox 1446 1308 1583 1351; x_wconf 78' lang='lat' dir='ltr'>Duplex</span> <span class='ocrx_word' id='word_1_460' title='bbox 1606 1314 1657 1341; x_wconf 87' lang='lat' dir='ltr'>est</span> <span class='ocrx_word' id='word_1_461' title='bbox 1679 1308 1926 1342; x_wconf 84' lang='lat' dir='ltr'>ministerium.</span> <span class='ocrx_word' id='word_1_462' title='bbox 1978 1307 2167 1351; x_wconf 89' lang='lat' dir='ltr'>Quoddam</span> <span class='ocrx_word' id='word_1_463' title='bbox 2190 1314 2239 1342; x_wconf 87' lang='lat' dir='ltr'>est</span> <span class='ocrx_word' id='word_1_464' title='bbox 2265 1319 2328 1341; x_wconf 90' lang='lat' dir='ltr'>an-</span> 
     </span>
     <span class='ocr_line' id='line_1_77' title="bbox 1345 1356 2328 1403; baseline 0 -11"><span class='ocrx_word' id='word_1_465' title='bbox 1345 1359 1528 1392; x_wconf 89' lang='lat' dir='ltr'>nunciatio</span> <span class='ocrx_word' id='word_1_466' title='bbox 1553 1356 1755 1400; x_wconf 77' lang='lat' dir='ltr'>Evangelii,</span> <span class='ocrx_word' id='word_1_467' title='bbox 1792 1370 1859 1403; x_wconf 86' lang='lat' dir='ltr'>qua</span> <span class='ocrx_word' id='word_1_468' title='bbox 1883 1364 1964 1391; x_wconf 87' lang='lat' dir='ltr'>nota</span> <span class='ocrx_word' id='word_1_469' title='bbox 1989 1365 2021 1391; x_wconf 90' lang='lat' dir='ltr'>et</span> <span class='ocrx_word' id='word_1_470' title='bbox 2047 1358 2164 1401; x_wconf 83' lang='lat' dir='ltr'>ignota</span> <span class='ocrx_word' id='word_1_471' title='bbox 2190 1365 2328 1402; x_wconf 87' lang='lat' dir='ltr'>peccata</span> 
     </span>
     <span class='ocr_line' id='line_1_78' title="bbox 1344 1406 2329 1453; baseline -0.002 -10"><span class='ocrx_word' id='word_1_472' title='bbox 1344 1409 1586 1443; x_wconf 87' lang='lat' dir='ltr'>remittuntur.</span> <span class='ocrx_word' id='word_1_473' title='bbox 1645 1407 1697 1441; x_wconf 91' lang='lat' dir='ltr'>De</span> <span class='ocrx_word' id='word_1_474' title='bbox 1723 1406 1788 1441; x_wconf 91' lang='lat' dir='ltr'>lioc</span> <span class='ocrx_word' id='word_1_475' title='bbox 1811 1409 2004 1442; x_wconf 87' lang='lat' dir='ltr'>ministerio</span> <span class='ocrx_word' id='word_1_476' title='bbox 2030 1409 2172 1453; x_wconf 87' lang='lat' dir='ltr'>proprie</span> <span class='ocrx_word' id='word_1_477' title='bbox 2195 1409 2329 1442; x_wconf 88' lang='lat' dir='ltr'>dictum</span> 
     </span>
     <span class='ocr_line' id='line_1_79' title="bbox 1346 1458 2330 1502; baseline -0.001 -10"><span class='ocrx_word' id='word_1_478' title='bbox 1346 1467 1411 1493; x_wconf 87' lang='lat' dir='ltr'>est:</span> <span class='ocrx_word' id='word_1_479' title='bbox 1440 1458 1602 1502; x_wconf 83' lang='lat' dir='ltr'>Quorum</span> <span class='ocrx_word' id='word_1_480' title='bbox 1626 1459 1829 1491; x_wconf 88' lang='lat' dir='ltr'>remiseritis</span> <span class='ocrx_word' id='word_1_481' title='bbox 1848 1466 2002 1502; x_wconf 84' lang='lat' dir='ltr'>peccata,</span> <span class='ocrx_word' id='word_1_482' title='bbox 2030 1459 2253 1493; x_wconf 86' lang='lat' dir='ltr'>remittentur</span> <span class='ocrx_word' id='word_1_483' title='bbox 2270 1459 2330 1492; x_wconf 86' lang='lat' dir='ltr'>eis.</span> 
     </span>
    </p>
   </div>
   <div class='ocr_carea' id='block_1_19' title="bbox 1347 1557 2332 1905">
    <p class='ocr_par' dir='ltr' id='par_1_25' title="bbox 1347 1557 2332 1905">
     <span class='ocr_line' id='line_1_80' title="bbox 2069 1557 2332 1604; baseline 0 -11"><span class='ocrx_word' id='word_1_484' title='bbox 2069 1559 2231 1604; x_wconf 88' lang='lat' dir='ltr'>Denique</span> <span class='ocrx_word' id='word_1_485' title='bbox 2247 1557 2332 1593; x_wconf 80' lang='lat' dir='ltr'>haec</span> 
     </span>
     <span class='ocr_line' id='line_1_81' title="bbox 1347 1608 2332 1654; baseline -0.001 -10"><span class='ocrx_word' id='word_1_486' title='bbox 1347 1617 1396 1644; x_wconf 89' lang='lat' dir='ltr'>est</span> <span class='ocrx_word' id='word_1_487' title='bbox 1414 1610 1554 1653; x_wconf 88' lang='lat' dir='ltr'>propria</span> <span class='ocrx_word' id='word_1_488' title='bbox 1573 1621 1638 1642; x_wconf 72' lang='lat' dir='ltr'>vox</span> <span class='ocrx_word' id='word_1_489' title='bbox 1655 1608 1859 1652; x_wconf 83' lang='lat' dir='ltr'>Evangelii,</span> <span class='ocrx_word' id='word_1_490' title='bbox 1885 1621 1946 1652; x_wconf 86' lang='lat' dir='ltr'>per</span> <span class='ocrx_word' id='word_1_491' title='bbox 1962 1621 2066 1654; x_wconf 89' lang='lat' dir='ltr'>quam</span> <span class='ocrx_word' id='word_1_492' title='bbox 2077 1608 2172 1643; x_wconf 89' lang='lat' dir='ltr'>Deus</span> <span class='ocrx_word' id='word_1_493' title='bbox 2187 1610 2332 1643; x_wconf 89' lang='lat' dir='ltr'>creden-</span> 
     </span>
     <span class='ocr_line' id='line_1_82' title="bbox 1347 1659 2331 1702; baseline 0 -9"><span class='ocrx_word' id='word_1_494' title='bbox 1347 1661 1441 1694; x_wconf 88' lang='lat' dir='ltr'>tibus</span> <span class='ocrx_word' id='word_1_495' title='bbox 1465 1659 1631 1702; x_wconf 87' lang='lat' dir='ltr'>ignoscit,</span> <span class='ocrx_word' id='word_1_496' title='bbox 1658 1659 1900 1693; x_wconf 84' lang='lat' dir='ltr'>administrata</span> <span class='ocrx_word' id='word_1_497' title='bbox 1926 1671 1985 1693; x_wconf 88' lang='lat' dir='ltr'>seu</span> <span class='ocrx_word' id='word_1_498' title='bbox 2009 1660 2147 1700; x_wconf 83' lang='lat' dir='ltr'>multis,</span> <span class='ocrx_word' id='word_1_499' title='bbox 2173 1671 2233 1694; x_wconf 92' lang='lat' dir='ltr'>seu</span> <span class='ocrx_word' id='word_1_500' title='bbox 2258 1660 2331 1693; x_wconf 89' lang='lat' dir='ltr'>sin-</span> 
     </span>
     <span class='ocr_line' id='line_1_83' title="bbox 1348 1708 2332 1754; baseline 0.001 -11"><span class='ocrx_word' id='word_1_501' title='bbox 1348 1711 1457 1753; x_wconf 79' lang='lat' dir='ltr'>gulis,</span> <span class='ocrx_word' id='word_1_502' title='bbox 1493 1717 1530 1744; x_wconf 89' lang='lat' dir='ltr'>ut</span> <span class='ocrx_word' id='word_1_503' title='bbox 1565 1710 1602 1742; x_wconf 91' lang='lat' dir='ltr'>in</span> <span class='ocrx_word' id='word_1_504' title='bbox 1632 1710 1769 1754; x_wconf 86' lang='lat' dir='ltr'>privata</span> <span class='ocrx_word' id='word_1_505' title='bbox 1800 1710 2033 1744; x_wconf 87' lang='lat' dir='ltr'>absolutione.</span> <span class='ocrx_word' id='word_1_506' title='bbox 2092 1708 2174 1744; x_wconf 84' lang='lat' dir='ltr'>Alia</span> <span class='ocrx_word' id='word_1_507' title='bbox 2199 1722 2254 1744; x_wconf 89' lang='lat' dir='ltr'>res</span> <span class='ocrx_word' id='word_1_508' title='bbox 2281 1716 2332 1744; x_wconf 85' lang='lat' dir='ltr'>est</span> 
     </span>
     <span class='ocr_line' id='line_1_84' title="bbox 1350 1761 2332 1804; baseline 0 -10"><span class='ocrx_word' id='word_1_509' title='bbox 1350 1761 1564 1800; x_wconf 87' lang='lat' dir='ltr'>iurisdictio,</span> <span class='ocrx_word' id='word_1_510' title='bbox 1599 1773 1687 1804; x_wconf 87' lang='lat' dir='ltr'>quae</span> <span class='ocrx_word' id='word_1_511' title='bbox 1716 1761 1928 1803; x_wconf 87' lang='lat' dir='ltr'>pronunciat</span> <span class='ocrx_word' id='word_1_512' title='bbox 1953 1761 1996 1794; x_wconf 88' lang='lat' dir='ltr'>de</span> <span class='ocrx_word' id='word_1_513' title='bbox 2022 1761 2215 1795; x_wconf 84' lang='lat' dir='ltr'>manifestis</span> <span class='ocrx_word' id='word_1_514' title='bbox 2242 1761 2332 1795; x_wconf 88' lang='lat' dir='ltr'>deli-</span> 
     </span>
     <span class='ocr_line' id='line_1_85' title="bbox 1348 1808 2332 1846; baseline 0.001 -2"><span class='ocrx_word' id='word_1_515' title='bbox 1348 1813 1420 1846; x_wconf 77' lang='lat' dir='ltr'>ctis.</span> <span class='ocrx_word' id='word_1_516' title='bbox 1477 1810 1599 1844; x_wconf 75' lang='lat' dir='ltr'>Voluit</span> <span class='ocrx_word' id='word_1_517' title='bbox 1623 1811 1715 1843; x_wconf 80' lang='lat' dir='ltr'>enim</span> <span class='ocrx_word' id='word_1_518' title='bbox 1741 1808 1903 1844; x_wconf 82' lang='lat' dir='ltr'>Christus</span> <span class='ocrx_word' id='word_1_519' title='bbox 1928 1811 1963 1844; x_wconf 91' lang='lat' dir='ltr'>in</span> <span class='ocrx_word' id='word_1_520' title='bbox 1990 1809 2143 1845; x_wconf 86' lang='lat' dir='ltr'>Ecclesia</span> <span class='ocrx_word' id='word_1_521' title='bbox 2168 1823 2228 1845; x_wconf 87' lang='lat' dir='ltr'>sua</span> <span class='ocrx_word' id='word_1_522' title='bbox 2253 1823 2332 1845; x_wconf 88' lang='lat' dir='ltr'>cor·</span> 
     </span>
     <span class='ocr_line' id='line_1_86' title="bbox 1348 1861 2331 1905; baseline 0 -10"><span class='ocrx_word' id='word_1_523' title='bbox 1348 1862 1538 1896; x_wconf 88' lang='lat' dir='ltr'>rectionem</span> <span class='ocrx_word' id='word_1_524' title='bbox 1563 1872 1635 1894; x_wconf 91' lang='lat' dir='ltr'>esse</span> <span class='ocrx_word' id='word_1_525' title='bbox 1660 1861 1836 1905; x_wconf 82' lang='lat' dir='ltr'>publicam</span> <span class='ocrx_word' id='word_1_526' title='bbox 1856 1861 2084 1903; x_wconf 85' lang='lat' dir='ltr'>peccantium.</span> <span class='ocrx_word' id='word_1_527' title='bbox 2138 1861 2231 1904; x_wconf 85' lang='lat' dir='ltr'>Quia</span> <span class='ocrx_word' id='word_1_528' title='bbox 2248 1874 2331 1895; x_wconf 76' lang='lat' dir='ltr'>vero</span> 
     </span>
    </p>
   </div>
   <div class='ocr_carea' id='block_1_20' title="bbox 1320 1909 2332 1953">
    <p class='ocr_par' dir='ltr' id='par_1_26' title="bbox 1320 1909 2332 1953">
     <span class='ocr_line' id='line_1_87' title="bbox 1320 1909 2332 1953; baseline 0 -8"><span class='ocrx_word' id='word_1_529' title='bbox 1320 1934 1321 1939; x_wconf 62' lang='lat'>,</span> <span class='ocrx_word' id='word_1_530' title='bbox 1348 1911 1502 1945; x_wconf 83' lang='lat' dir='ltr'>Ecclesia</span> <span class='ocrx_word' id='word_1_531' title='bbox 1520 1923 1591 1944; x_wconf 93' lang='lat' dir='ltr'>non</span> <span class='ocrx_word' id='word_1_532' title='bbox 1608 1918 1656 1944; x_wconf 89' lang='lat' dir='ltr'>est</span> <span class='ocrx_word' id='word_1_533' title='bbox 1675 1911 1796 1953; x_wconf 84' lang='lat' dir='ltr'>politia</span> <span class='ocrx_word' id='word_1_534' title='bbox 1812 1911 1936 1944; x_wconf 88' lang='lat' dir='ltr'>similis</span> <span class='ocrx_word' id='word_1_535' title='bbox 1953 1912 2159 1951; x_wconf 82' lang='lat' dir='ltr'>mundanis,</span> <span class='ocrx_word' id='word_1_536' title='bbox 2187 1909 2252 1945; x_wconf 79' lang='lat' dir='ltr'>boc</span> <span class='ocrx_word' id='word_1_537' title='bbox 2269 1919 2332 1952; x_wconf 79' lang='lat' dir='ltr'>est,</span> 
     </span>
    </p>
   </div>
   <div class='ocr_carea' id='block_1_21' title="bbox 1344 1960 2332 2664">
    <p class='ocr_par' dir='ltr' id='par_1_27' title="bbox 1347 1960 2332 2401">
     <span class='ocr_line' id='line_1_88' title="bbox 1347 1960 2332 2005; baseline 0.002 -11"><span class='ocrx_word' id='word_1_538' title='bbox 1347 1962 1499 1994; x_wconf 84' lang='lat' dir='ltr'>ministri</span> <span class='ocrx_word' id='word_1_539' title='bbox 1518 1960 1703 2004; x_wconf 87' lang='lat' dir='ltr'>Evangelii</span> <span class='ocrx_word' id='word_1_540' title='bbox 1730 1973 1800 1993; x_wconf 90' lang='lat' dir='ltr'>non</span> <span class='ocrx_word' id='word_1_541' title='bbox 1824 1968 1950 2003; x_wconf 79' lang='lat' dir='ltr'>gerunt</span> <span class='ocrx_word' id='word_1_542' title='bbox 1971 1962 2142 2005; x_wconf 80' lang='lat' dir='ltr'>gladium:</span> <span class='ocrx_word' id='word_1_543' title='bbox 2171 1960 2332 1996; x_wconf 80' lang='lat' dir='ltr'>Christus</span> 
     </span>
     <span class='ocr_line' id='line_1_89' title="bbox 1349 2013 2332 2057; baseline 0.002 -13"><span class='ocrx_word' id='word_1_544' title='bbox 1349 2013 1499 2045; x_wconf 84' lang='lat' dir='ltr'>instituit</span> <span class='ocrx_word' id='word_1_545' title='bbox 1519 2013 1621 2045; x_wconf 80' lang='lat' dir='ltr'>talem</span> <span class='ocrx_word' id='word_1_546' title='bbox 1639 2013 1889 2045; x_wconf 76' lang='lat' dir='ltr'>coi-rectionem</span> <span class='ocrx_word' id='word_1_547' title='bbox 1903 2037 1912 2050; x_wconf 89' lang='lat'>,</span> <span class='ocrx_word' id='word_1_548' title='bbox 1939 2025 2028 2056; x_wconf 84' lang='lat' dir='ltr'>quac</span> <span class='ocrx_word' id='word_1_549' title='bbox 2046 2025 2117 2045; x_wconf 88' lang='lat' dir='ltr'>non</span> <span class='ocrx_word' id='word_1_550' title='bbox 2136 2020 2205 2046; x_wconf 85' lang='lat' dir='ltr'>tani</span> <span class='ocrx_word' id='word_1_551' title='bbox 2225 2025 2332 2057; x_wconf 81' lang='lat' dir='ltr'>quae-</span> 
     </span>
     <span class='ocr_line' id='line_1_90' title="bbox 1349 2063 2331 2107; baseline 0.001 -12"><span class='ocrx_word' id='word_1_552' title='bbox 1349 2063 1392 2096; x_wconf 90' lang='lat' dir='ltr'>rit</span> <span class='ocrx_word' id='word_1_553' title='bbox 1422 2075 1589 2106; x_wconf 78' lang='lat' dir='ltr'>poenam,</span> <span class='ocrx_word' id='word_1_554' title='bbox 1617 2075 1720 2106; x_wconf 87' lang='lat' dir='ltr'>quam</span> <span class='ocrx_word' id='word_1_555' title='bbox 1746 2075 1868 2095; x_wconf 79' lang='lat' dir='ltr'>sanare</span> <span class='ocrx_word' id='word_1_556' title='bbox 1892 2064 2027 2104; x_wconf 81' lang='lat' dir='ltr'>studet,</span> <span class='ocrx_word' id='word_1_557' title='bbox 2053 2063 2150 2097; x_wconf 89' lang='lat' dir='ltr'>iubet</span> <span class='ocrx_word' id='word_1_558' title='bbox 2177 2063 2331 2107; x_wconf 85' lang='lat' dir='ltr'>primum</span> 
     </span>
     <span class='ocr_line' id='line_1_91' title="bbox 1348 2113 2331 2156; baseline 0.001 -10"><span class='ocrx_word' id='word_1_559' title='bbox 1348 2113 1529 2146; x_wconf 79' lang='lat' dir='ltr'>admoneri</span> <span class='ocrx_word' id='word_1_560' title='bbox 1558 2113 1711 2156; x_wconf 76' lang='lat' dir='ltr'>lapsum.</span> <span class='ocrx_word' id='word_1_561' title='bbox 1745 2121 1783 2147; x_wconf 89' lang='lat' dir='ltr'>ut</span> <span class='ocrx_word' id='word_1_562' title='bbox 1809 2113 1903 2146; x_wconf 88' lang='lat' dir='ltr'>ultro</span> <span class='ocrx_word' id='word_1_563' title='bbox 1932 2114 2048 2147; x_wconf 84' lang='lat' dir='ltr'>redeat</span> <span class='ocrx_word' id='word_1_564' title='bbox 2073 2113 2108 2146; x_wconf 94' lang='lat' dir='ltr'>in</span> <span class='ocrx_word' id='word_1_565' title='bbox 2134 2113 2237 2147; x_wconf 80' lang='lat' dir='ltr'>viam.</span> <span class='ocrx_word' id='word_1_566' title='bbox 2293 2114 2331 2147; x_wconf 88' lang='lat' dir='ltr'>Si</span> 
     </span>
     <span class='ocr_line' id='line_1_92' title="bbox 1349 2163 2332 2206; baseline 0 -9"><span class='ocrx_word' id='word_1_567' title='bbox 1349 2164 1452 2203; x_wconf 81' lang='lat' dir='ltr'>redit,</span> <span class='ocrx_word' id='word_1_568' title='bbox 1481 2164 1574 2197; x_wconf 84' lang='lat' dir='ltr'>iubet</span> <span class='ocrx_word' id='word_1_569' title='bbox 1592 2175 1670 2196; x_wconf 86' lang='lat' dir='ltr'>euni</span> <span class='ocrx_word' id='word_1_570' title='bbox 1689 2164 1809 2206; x_wconf 76' lang='lat' dir='ltr'>recipi,</span> <span class='ocrx_word' id='word_1_571' title='bbox 1836 2164 1922 2197; x_wconf 88' lang='lat' dir='ltr'>sicut</span> <span class='ocrx_word' id='word_1_572' title='bbox 1940 2163 2070 2197; x_wconf 88' lang='lat' dir='ltr'>dictum</span> <span class='ocrx_word' id='word_1_573' title='bbox 2089 2171 2153 2197; x_wconf 83' lang='lat' dir='ltr'>est:</span> <span class='ocrx_word' id='word_1_574' title='bbox 2182 2164 2332 2206; x_wconf 74' lang='lat' dir='ltr'>Septua-</span> 
     </span>
     <span class='ocr_line' id='line_1_93' title="bbox 1348 2212 2332 2259; baseline 0.001 -12"><span class='ocrx_word' id='word_1_575' title='bbox 1348 2215 1456 2257; x_wconf 78' lang='lat' dir='ltr'>gesies</span> <span class='ocrx_word' id='word_1_576' title='bbox 1479 2215 1623 2257; x_wconf 85' lang='lat' dir='ltr'>septies,</span> <span class='ocrx_word' id='word_1_577' title='bbox 1653 2215 1734 2259; x_wconf 82' lang='lat' dir='ltr'>quia</span> <span class='ocrx_word' id='word_1_578' title='bbox 1752 2212 1914 2247; x_wconf 82' lang='lat' dir='ltr'>Christus</span> <span class='ocrx_word' id='word_1_579' title='bbox 1935 2214 1996 2247; x_wconf 89' lang='lat' dir='ltr'>scit</span> <span class='ocrx_word' id='word_1_580' title='bbox 2016 2214 2126 2248; x_wconf 81' lang='lat' dir='ltr'>inulto</span> <span class='ocrx_word' id='word_1_581' title='bbox 2147 2215 2264 2258; x_wconf 84' lang='lat' dir='ltr'>plures</span> <span class='ocrx_word' id='word_1_582' title='bbox 2283 2214 2332 2248; x_wconf 83' lang='lat' dir='ltr'>la-</span> 
     </span>
     <span class='ocr_line' id='line_1_94' title="bbox 1349 2265 2329 2309; baseline 0.001 -12"><span class='ocrx_word' id='word_1_583' title='bbox 1349 2277 1447 2309; x_wconf 80' lang='lat' dir='ltr'>psus,</span> <span class='ocrx_word' id='word_1_584' title='bbox 1485 2277 1590 2309; x_wconf 76' lang='lat' dir='ltr'>quain</span> <span class='ocrx_word' id='word_1_585' title='bbox 1622 2277 1684 2297; x_wconf 90' lang='lat' dir='ltr'>nos</span> <span class='ocrx_word' id='word_1_586' title='bbox 1714 2265 1960 2299; x_wconf 79' lang='lat' dir='ltr'>existimamus.</span> <span class='ocrx_word' id='word_1_587' title='bbox 2014 2265 2078 2297; x_wconf 80' lang='lat' dir='ltr'>Sin</span> <span class='ocrx_word' id='word_1_588' title='bbox 2113 2272 2228 2298; x_wconf 70' lang='lat' dir='ltr'>autem</span> <span class='ocrx_word' id='word_1_589' title='bbox 2258 2277 2329 2298; x_wconf 89' lang='lat' dir='ltr'>non</span> 
     </span>
     <span class='ocr_line' id='line_1_95' title="bbox 1349 2315 2328 2356; baseline 0.001 -8"><span class='ocrx_word' id='word_1_590' title='bbox 1349 2317 1449 2356; x_wconf 74' lang='lat' dir='ltr'>redit,</span> <span class='ocrx_word' id='word_1_591' title='bbox 1479 2316 1573 2348; x_wconf 90' lang='lat' dir='ltr'>iubet</span> <span class='ocrx_word' id='word_1_592' title='bbox 1591 2327 1669 2348; x_wconf 83' lang='lat' dir='ltr'>eum</span> <span class='ocrx_word' id='word_1_593' title='bbox 1688 2316 1765 2348; x_wconf 85' lang='lat' dir='ltr'>eiici</span> <span class='ocrx_word' id='word_1_594' title='bbox 1783 2328 1822 2349; x_wconf 83' lang='lat' dir='ltr'>ex</span> <span class='ocrx_word' id='word_1_595' title='bbox 1833 2315 2001 2355; x_wconf 78' lang='lat' dir='ltr'>Ecclesia,</span> <span class='ocrx_word' id='word_1_596' title='bbox 2030 2315 2051 2349; x_wconf 88' lang='lat' dir='ltr'>i.</span> <span class='ocrx_word' id='word_1_597' title='bbox 2067 2326 2096 2348; x_wconf 79' lang='lat' dir='ltr'>e.</span> <span class='ocrx_word' id='word_1_598' title='bbox 2117 2315 2212 2348; x_wconf 84' lang='lat' dir='ltr'>feriri</span> <span class='ocrx_word' id='word_1_599' title='bbox 2233 2327 2328 2349; x_wconf 85' lang='lat' dir='ltr'>corn-</span> 
     </span>
     <span class='ocr_line' id='line_1_96' title="bbox 1349 2366 1799 2401; baseline -0.002 -3"><span class='ocrx_word' id='word_1_600' title='bbox 1349 2366 1541 2399; x_wconf 85' lang='lat' dir='ltr'>iniiiatioiie</span> <span class='ocrx_word' id='word_1_601' title='bbox 1559 2366 1700 2399; x_wconf 63' lang='lat' dir='ltr'>divinae,</span> <span class='ocrx_word' id='word_1_602' title='bbox 1720 2367 1799 2401; x_wconf 83' lang='lat' dir='ltr'>irae.</span> 
     </span>
    </p>

    <p class='ocr_par' dir='ltr' id='par_1_28' title="bbox 1344 2413 2330 2664">
     <span class='ocr_line' id='line_1_97' title="bbox 1451 2413 2330 2460; baseline 0 -11"><span class='ocrx_word' id='word_1_603' title='bbox 1451 2416 1517 2450; x_wconf 90' lang='lat' dir='ltr'>llic</span> <span class='ocrx_word' id='word_1_604' title='bbox 1536 2423 1585 2450; x_wconf 85' lang='lat' dir='ltr'>cst</span> <span class='ocrx_word' id='word_1_605' title='bbox 1601 2428 1727 2450; x_wconf 80' lang='lat' dir='ltr'>nei-vus</span> <span class='ocrx_word' id='word_1_606' title='bbox 1745 2416 1968 2456; x_wconf 73' lang='lat' dir='ltr'>disciplinae,</span> <span class='ocrx_word' id='word_1_607' title='bbox 1996 2427 2098 2460; x_wconf 85' lang='lat' dir='ltr'>quem</span> <span class='ocrx_word' id='word_1_608' title='bbox 2114 2413 2275 2449; x_wconf 75' lang='lat' dir='ltr'>Ctirisins</span> <span class='ocrx_word' id='word_1_609' title='bbox 2293 2415 2330 2449; x_wconf 86' lang='lat' dir='ltr'>in</span> 
     </span>
     <span class='ocr_line' id='line_1_98' title="bbox 1348 2464 2329 2509; baseline -0.002 -8"><span class='ocrx_word' id='word_1_610' title='bbox 1348 2465 1502 2501; x_wconf 81' lang='lat' dir='ltr'>Ecclesia</span> <span class='ocrx_word' id='word_1_611' title='bbox 1525 2467 1723 2505; x_wconf 75' lang='lat' dir='ltr'>constituit,</span> <span class='ocrx_word' id='word_1_612' title='bbox 1750 2473 1782 2499; x_wconf 86' lang='lat' dir='ltr'>et</span> <span class='ocrx_word' id='word_1_613' title='bbox 1806 2466 1879 2499; x_wconf 72' lang='lat' dir='ltr'>vult</span> <span class='ocrx_word' id='word_1_614' title='bbox 1905 2466 2052 2504; x_wconf 71' lang='lat' dir='ltr'>sci-vari.</span> <span class='ocrx_word' id='word_1_615' title='bbox 2080 2466 2166 2499; x_wconf 86' lang='lat' dir='ltr'>sicut</span> <span class='ocrx_word' id='word_1_616' title='bbox 2187 2473 2217 2499; x_wconf 88' lang='lat' dir='ltr'>et</span> <span class='ocrx_word' id='word_1_617' title='bbox 2233 2464 2329 2509; x_wconf 79' lang='lat' dir='ltr'>Apo-</span> 
     </span>
     <span class='ocr_line' id='line_1_99' title="bbox 1347 2515 2330 2562; baseline 0 -12"><span class='ocrx_word' id='word_1_618' title='bbox 1347 2519 1446 2559; x_wconf 80' lang='lat' dir='ltr'>stoli,</span> <span class='ocrx_word' id='word_1_619' title='bbox 1480 2525 1510 2551; x_wconf 87' lang='lat' dir='ltr'>et</span> <span class='ocrx_word' id='word_1_620' title='bbox 1539 2518 1667 2550; x_wconf 80' lang='lat' dir='ltr'>deinde</span> <span class='ocrx_word' id='word_1_621' title='bbox 1699 2517 1747 2562; x_wconf 82' lang='lat' dir='ltr'>pii</span> <span class='ocrx_word' id='word_1_622' title='bbox 1775 2515 1938 2560; x_wconf 77' lang='lat' dir='ltr'>Episcopi</span> <span class='ocrx_word' id='word_1_623' title='bbox 1970 2516 2330 2550; x_wconf 73' lang='lat' dir='ltr'>excommunicatione</span> 
     </span>
     <span class='ocr_line' id='line_1_100' title="bbox 1347 2564 2330 2601; baseline 0.001 -2"><span class='ocrx_word' id='word_1_624' title='bbox 1347 2566 1413 2601; x_wconf 82' lang='lat' dir='ltr'>linc</span> <span class='ocrx_word' id='word_1_625' title='bbox 1443 2569 1546 2601; x_wconf 90' lang='lat' dir='ltr'>modo</span> <span class='ocrx_word' id='word_1_626' title='bbox 1572 2567 1704 2601; x_wconf 82' lang='lat' dir='ltr'>executi</span> <span class='ocrx_word' id='word_1_627' title='bbox 1731 2575 1823 2600; x_wconf 85' lang='lat' dir='ltr'>sinit.</span> <span class='ocrx_word' id='word_1_628' title='bbox 1887 2564 2064 2601; x_wconf 80' lang='lat' dir='ltr'>Corinthii</span> <span class='ocrx_word' id='word_1_629' title='bbox 2089 2567 2330 2600; x_wconf 77' lang='lat' dir='ltr'>excommnni-</span> 
     </span>
     <span class='ocr_line' id='line_1_101' title="bbox 1344 2617 2329 2664; baseline -0.001 -11"><span class='ocrx_word' id='word_1_630' title='bbox 1344 2626 1423 2653; x_wconf 84' lang='lat' dir='ltr'>caiit</span> <span class='ocrx_word' id='word_1_631' title='bbox 1457 2619 1644 2659; x_wconf 82' lang='lat' dir='ltr'>incestum,</span> <span class='ocrx_word' id='word_1_632' title='bbox 1680 2625 1712 2652; x_wconf 83' lang='lat' dir='ltr'>ct</span> <span class='ocrx_word' id='word_1_633' title='bbox 1735 2617 1864 2652; x_wconf 80' lang='lat' dir='ltr'>Paulus</span> <span class='ocrx_word' id='word_1_634' title='bbox 1897 2619 2030 2664; x_wconf 83' lang='lat' dir='ltr'>inquit,</span> <span class='ocrx_word' id='word_1_635' title='bbox 2065 2617 2231 2651; x_wconf 81' lang='lat' dir='ltr'>traditum</span> <span class='ocrx_word' id='word_1_636' title='bbox 2256 2629 2329 2652; x_wconf 78' lang='lat' dir='ltr'>esse</span> 
     </span>
    </p>
   </div>
   <div class='ocr_carea' id='block_1_22' title="bbox 2370 0 2409 1706">
    <p class='ocr_par' dir='ltr' id='par_1_29' title="bbox 2370 0 2409 1706">
     <span class='ocr_line' id='line_1_102' title="bbox 2370 0 2409 1706; baseline 0 0"><span class='ocrx_word' id='word_1_637' title='bbox 2370 0 2409 1706; x_wconf 95' lang='lat' dir='ltr'> </span> 
     </span>
    </p>
   </div>
  </div>
 </body>
</html>
