2409 2915
271 126 343 162 671

271 209 412 254 crapula
436 213 470 240 et
493 204 672 239 ebrietate.
733 200 807 236 Cur
828 211 912 234 vero
937 199 1022 234 dicit
1048 200 1152 234 corda
1176 210 1258 243 gra-

274 260 371 295 vari?
398 257 537 290 videtur
561 254 654 288 enim
674 252 791 297 potius
807 251 995 285 dicendum
1013 250 1138 291 fuisse,
1170 260 1258 283 ven-

275 320 364 345 trem
389 314 490 352 pastu
512 311 668 350 potuque
692 302 882 336 immodico
906 301 1078 344 repletum
1098 312 1136 333 ac
1151 300 1259 333 refer-

275 369 348 394 tum
366 357 472 392 inerti
490 356 581 389 mole
596 353 755 398 gravari?
806 351 1030 395 Respondeo.
1083 349 1260 384 Dominus

276 412 356 444 ideo
387 405 601 441 nominatim
635 406 678 438 de
704 405 808 437 corde
833 401 1008 446 loquitur,
1045 401 1127 446 quia
1150 401 1187 432 in
1210 406 1261 432 te-

277 459 444 494 mulentis
459 455 692 499 exstinguitur
707 452 882 486 invocatio
893 450 971 486 Dei.
1000 449 1119 494 Quare
1135 450 1262 493 guber-

279 511 376 545 natio
394 520 455 542 seu
473 507 563 541 actio
583 505 702 539 divina
723 503 915 547 impeditur
932 501 969 534 in
987 501 1108 541 nobis,
1137 501 1264 532 intem-

279 560 437 606 perantia
466 556 636 600 templum
659 554 747 594 Dei,
778 564 903 596 nempe
930 563 991 585 cor
1015 558 1046 585 et
1071 550 1264 592 cerebrum,

280 609 508 645 violantibus.
562 605 638 639 Hoc
656 604 762 637 modo
782 603 885 637 corda
903 609 1092 646 gravantur
1109 599 1265 643 ingluvie

281 669 312 695 et
330 657 617 694 helluationibus.

384 716 426 751 In
449 716 595 750 eandem
618 723 759 758 quoque
782 711 988 745 sententiam
1006 709 1129 743 Petrus
1152 707 1268 752 inquit

285 774 316 804 1.
332 767 428 803 Petri
449 766 501 801 4.:
528 763 649 800 Estote
674 769 906 807 temperantes
930 768 963 795 et
987 760 1096 794 sobrii
1121 760 1162 792 ad
1189 769 1268 802 pre-

283 820 448 855 candum.

384 873 432 910 Et
446 873 582 908 Hoseae
595 870 631 906 4.
648 870 815 913 seriptum
833 875 898 901 est:
927 867 1119 905 scortatio,
1147 865 1269 899 vinum

285 935 319 963 et
334 926 484 961 ebrietas
499 923 663 957 auferunt
680 932 758 960 cor,
785 917 851 951 hoc
868 925 934 956 est,
964 919 1080 950 laxant
1097 914 1271 949 humanos

286 979 443 1015 animm,
469 980 501 1007 et
518 972 705 1006 effrenatos
723 970 759 1001 in
778 969 933 1001 furorem
951 974 1077 1011 agunt,
1105 978 1143 999 ac
1161 967 1269 1008 impe-

287 1030 390 1063 diunt
415 1023 647 1058 intentionem
673 1019 710 1052 in
733 1019 973 1056 invocatione,
1000 1018 1178 1061 ipsiusque
1197 1014 1274 1048 Dei

288 1076 475 1113 efficaciam
493 1085 552 1106 seu
572 1070 771 1104 effectiones
788 1069 825 1101 in
841 1069 1018 1103 cordibus.

389 1133 510 1178 Itaque
532 1128 708 1175 principio
734 1134 857 1160 notum
883 1127 925 1159 sit
951 1126 1050 1159 vobis
1071 1123 1137 1158 hoc
1154 1136 1273 1158 neces-

290 1186 420 1221 sarium
453 1187 694 1227 praeceptum,
730 1178 825 1222 quod
858 1177 1020 1210 videlicet
1044 1175 1274 1219 temperantia

291 1239 327 1271 in
353 1236 431 1270 cibo
455 1244 494 1266 ac
516 1237 601 1276 potu
625 1229 669 1262 sit
693 1239 782 1272 opus
806 1227 1039 1260 necessarium
1064 1237 1274 1270 quocunque

291 1296 459 1330 tempore.
515 1282 567 1316 Ac
593 1281 635 1313 de
661 1277 716 1312 his
739 1278 911 1311 mandatis
936 1276 1108 1310 exercitiis
1124 1275 1275 1309 ieiunio-

290 1349 370 1372 rum
387 1333 548 1380 loquitur
564 1329 810 1372 Evangelium.

392 1391 487 1426 Haec
503 1389 575 1422 sive
590 1385 799 1421 abstinentia
816 1385 888 1418 sive
903 1383 1014 1416 forma
1033 1383 1176 1423 ieiunii,
1203 1394 1276 1416 non

295 1453 345 1480 est
371 1438 586 1487 hvpocrisis,
612 1449 650 1470 ac
673 1434 833 1469 hilariter
859 1434 931 1467 fieri
956 1445 1015 1466 seu
1034 1433 1200 1476 praestari
1216 1434 1277 1466 de-

293 1498 352 1531 bet
376 1483 411 1527 in
436 1492 523 1530 fide,
550 1487 792 1525 invocatione,
820 1491 852 1518 et
870 1483 1060 1530 gratiarum
1080 1483 1216 1517 actione
1234 1484 1275 1516 ad

293 1546 421 1581 Deum.
464 1539 597 1583 Estque
612 1538 696 1570 fides
712 1543 744 1569 et
762 1535 891 1568 laetitia
911 1534 945 1566 in
963 1532 1037 1567 Deo
1056 1534 1143 1566 illud
1162 1535 1277 1577 ipsum

294 1591 602 1641 generosissimum
634 1599 672 1620 ac
702 1585 893 1629 pretiosum
926 1584 1140 1623 balsamum,
1180 1584 1279 1616 cuius

295 1645 353 1680 hic
369 1645 406 1677 fit
422 1640 553 1675 mentio
565 1665 574 1678 ‚
601 1649 670 1682 quo
688 1635 856 1669 nimirum
875 1646 909 1667 se
926 1633 1135 1677 perfundere
1152 1634 1279 1666 debent

298 1697 506 1730 ieiunantes.
568 1689 619 1722 Ac
643 1699 686 1719 ne
710 1692 821 1729 potest
846 1684 985 1730 quidem
1011 1681 1191 1727 hilariter,
1224 1695 1279 1716 ar-

298 1750 423 1781 denter
445 1748 478 1775 et
502 1752 542 1773 ex
565 1739 683 1772 animo
707 1737 780 1769 fieri
806 1742 878 1769 tum
904 1734 1078 1767 invocatio
1102 1741 1176 1767 tum
1203 1746 1280 1776 gra-

298 1799 427 1831 tiarum
451 1791 560 1830 actio,
586 1800 690 1833 quam
713 1787 774 1820 diu
797 1786 860 1819 tibi
884 1785 962 1818 cibo
981 1791 1134 1829 potuque
1150 1785 1280 1817 disten-

300 1857 356 1887 to,
389 1844 442 1877 vel
473 1840 606 1875 balanti
642 1839 833 1871 etiamnum
866 1835 1062 1878 pridianam
1093 1835 1283 1878 crapulam,

302 1897 446 1942 spiritus
469 1892 658 1925 turbantur
682 1894 715 1920 et
737 1892 934 1919 exaestuant
961 1886 996 1916 in
1017 1886 1168 1917 cerebro.
1226 1885 1282 1917 ln-
1308 1893 1311 1948 ἱ

302 1953 440 1982 tueatur
463 1949 495 1975 et
519 1935 715 1973 consid‘eret
732 1947 803 1969 sese
823 1935 1082 1978 uuusquisque,
1109 1942 1191 1966 tunc
1208 1935 1283 1966 ani-

303 1997 494 2032 madvertet
518 2001 556 2023 ae
577 1985 835 2031 deprehendet,
863 1992 980 2017 utrum
1001 1984 1107 2016 ieiuni
1129 1991 1156 2015 et
1176 1985 1283 2016 sobrii
1311 2026 1313 2031 Ι

302 2049 346 2082 sit
373 2042 554 2079 ardentior
577 2037 769 2076 invocatio,
797 2047 840 2067 an
860 2034 1040 2067 temulenti
1062 2041 1094 2067 et
1111 2034 1192 2066 viuo
1211 2047 1284 2066 cra-

305 2098 456 2144 pulaque
471 2089 626 2125 distenti.
1311 2101 1314 2143 1

381 2153 569 2195 Propterea
582 2144 763 2186 coniungit
776 2150 963 2186 utrumque
976 2143 1145 2185 scriptura
1161 2140 1286 2176 Mnuh.

310 2208 385 2242 17.:
417 2202 456 2236 ln
482 2196 617 2232 ieiunio
639 2203 671 2229 et
694 2194 874 2228 oratione.
905 2201 938 2224 ut
960 2193 1126 2232 significet
1145 2193 1286 2225 invoca-

308 2260 440 2293 tionem
470 2250 577 2283 nimis
608 2258 679 2279 esse
707 2245 906 2287 languidam
932 2243 1180 2286 frigidamque,
1219 2244 1288 2275 imo
1314 2237 1316 2257 ¹

309 2314 453 2354 prorsus
478 2297 640 2343 impediri
659 2303 688 2330 et
706 2294 876 2337 exstingui
897 2294 930 2325 iu
950 2293 1019 2326 vita
1038 2294 1190 2330 ebriosa,
1218 2293 1288 2339 C)-

310 2357 440 2401 clopica
459 2359 489 2385 ct
507 2349 661 2383 beluina.

413 2408 575 2445 Secundo
589 2433 596 2443 ,
625 2401 851 2443 lis-angelium
877 2401 1033 2445 loquitur
1057 2401 1098 2432 de
1117 2401 1185 2433 alio
1203 2414 1289 2446 quo-

312 2469 392 2501 ‹lam
414 2470 538 2506 genere
560 2455 681 2489 ieiunii
706 2454 807 2495 longe
830 2451 1026 2484 difficiliore
1044 2452 1220 2496 magisque
1239 2465 1289 2485 se-

314 2519 385 2555 rio,
410 2523 488 2546 cum
513 2507 673 2540 videlicet
698 2515 757 2537 cor
781 2504 866 2535 adeo
890 2502 1030 2546 plenum
1054 2503 1143 2534 veris
1159 2503 1290 2535 dolori·
1315 2514 1319 2573 Ι

314 2571 379 2602 bus
413 2559 671 2603 auguribusque
705 2554 899 2586 confectum
934 2559 1000 2591 est,
1041 2559 1075 2585 ut
1105 2553 1148 2584 al»
1174 2554 1290 2585 auimo

867 113 993 151 PHIL.
1020 111 1138 152 MEL.
1164 110 1372 149 SCRIPTA
1395 110 1696 150 EXEGETICA.

2217 114 2292 152 672

1312 197 1418 234 allato
1440 199 1558 244 possit.
1615 198 1704 234 Tale
1724 199 1792 234 fuit
1812 198 1984 234 ieiunium
1999 198 2147 235 Davidis
2167 201 2290 236 obiur-

1311 249 1382 292 gati
1403 261 1422 283 a
1445 247 1621 294 Propheta
1639 248 1791 286 Nathan.
1859 249 1918 285 Sic
1942 251 1980 284 in
2002 249 2132 284 Ninive
2155 251 2290 286 ieiuna-

1312 305 1397 332 runt
1417 299 1527 344 aliqui
1546 301 1656 335 sancti
1674 298 1836 334 homines
1852 301 1971 335 audita
1988 300 2158 334 concione
2173 301 2292 337 Ionae.

1314 347 1366 382 lta
1397 347 1568 383 Matthaei
1583 349 1619 386 9.
1650 351 1767 396 inquit
1797 351 1870 395 ipse
1898 350 2092 391 Dominus,
2126 351 2220 390 fore,
2252 357 2293 385 ut

1314 398 1479 442 discipuli
1503 399 1557 433 sui
1578 400 1737 435 ieiunent
1767 408 1868 442 tunc,
1906 413 1985 435 cum
2009 411 2156 445 sponsus
2179 401 2223 434 ab
2243 401 2293 435 eis

1315 449 1503 483 auferetur.
1561 449 1638 484 Hoc
1665 452 1772 485 modo
1801 450 1972 486 ieiunavit
2002 459 2035 485 et
2062 450 2192 484 Paulus
2215 457 2294 495 post

1317 499 1595 534 conversionem.
1649 498 1755 539 Item,
1781 500 1830 534 sic
1852 513 2020 546 pauperes
2041 501 2195 534 familiae
2211 512 2296 545 pro·

1317 555 1394 593 pter
1418 549 1574 593 inopiam
1601 557 1775 593 coguntur
1797 551 1953 585 ieiunare
1977 563 2016 585 ac
2041 551 2296 596 propemodum

1319 599 1572 634 contabescunt
1595 600 1705 639 fame,
1731 600 1813 645 quia
1837 601 1962 636 desunt
1981 602 2029 635 eis
2045 601 2236 635 necessaria
2253 601 2295 634 ad

1319 649 1469 690 victum,
1502 661 1562 683 seu
1594 661 1648 684 res
1679 657 1825 684 naturae
1856 652 2112 686 conveniente&
2181 650 2240 685 Sic
2264 657 2298 685 et

1320 697 1416 742 Agar
1431 711 1508 733 cum
1526 699 1599 733 filio
1613 711 1724 745 paene
1741 701 1797 735 siti
1814 701 1938 748 periit,
1962 702 1998 735 in
2018 701 2208 736 solitudine
2225 712 2298 734 non

1321 746 1455 784 habens
1475 761 1611 795 aquam.

1424 805 1501 841 Hoc
1517 807 1642 842 ieiunii
1659 819 1768 852 genus
1783 807 1959 842 Ecclesiae
1973 809 2153 852 proprium
2167 818 2301 854 nequa·

1322 868 1427 902 quam
1445 864 1496 891 est
1513 858 1690 892 simulatio
1708 859 1763 892 vel
1781 856 1992 904 hypocrisis,
2017 858 2047 891 si
2063 870 2123 892 cor
2136 859 2211 892 Deo
2228 869 2302 892 sese

1323 907 1514 941 subiiciens
1536 909 1708 952 patienter
1725 909 1864 943 obediat
1882 909 1919 941 in
1937 908 2198 944 afflictionibus.
2250 907 2303 942 Ae

1323 964 1408 991 tunc
1437 958 1580 1002 quidem
1610 956 1695 992 haec
1721 959 1912 993 consolatio
1941 958 2090 992 maxime
2112 959 2304 993 necessaria

1326 1014 1394 1045 est,
1422 1014 1460 1041 ut
1477 1009 1618 1042 accedat
1633 1009 1766 1043 laetitia
1781 1015 1815 1043 et
1830 1007 2001 1047 hilaritas,
2026 1015 2130 1053 atque
2144 1009 2303 1052 fragran-

1325 1058 1461 1091 tissimo
1485 1058 1641 1093 balsamo
1664 1065 1766 1103 caput
1789 1060 2032 1103 perfundatur.
2092 1057 2186 1092 Haec
2209 1059 2305 1091 enim

1327 1107 1458 1142 laetitia
1488 1114 1521 1142 et
1548 1109 1694 1142 balsami
1717 1109 1905 1152 fragrantia
1927 1116 1977 1142 est
2003 1109 2076 1152 ipsa
2101 1108 2306 1149 consolatio,

1327 1169 1394 1202 qua
1419 1169 1478 1191 cor
1501 1158 1569 1191 fide
1587 1170 1625 1192 ae
1644 1169 1702 1203 spe
1718 1159 1931 1193 vivificatum
1949 1159 2111 1201 erigitur,
2137 1165 2170 1192 et
2190 1159 2227 1192 in
2243 1160 2306 1191 ad-

1327 1209 1437 1241 versis
1452 1209 1644 1242 tolerandis
1661 1209 1829 1242 obediens
1846 1210 1984 1242 invocat
1994 1208 2127 1246 Deum,
2144 1215 2307 1253 certoque

1327 1259 1448 1292 statuit
1471 1256 1586 1292 Deum
1618 1259 1708 1292 velle
1740 1259 1932 1303 propitium
1958 1270 2048 1297 esse,
2082 1270 2121 1292 ac
2142 1259 2307 1301 mitigatis

1328 1308 1506 1341 aerumnis
1523 1309 1641 1342 adesse
1657 1309 1758 1342 nobis
1775 1316 1879 1354 atque
1893 1309 2081 1352 opitulari,
2107 1320 2152 1342 ne
2166 1319 2308 1353 prorsus

1330 1369 1528 1401 mergamur
1552 1364 1584 1392 et
1607 1365 1773 1403 tanquam
1798 1359 1961 1392 fluctibus
1984 1360 2194 1400 obruamur,
2220 1359 2310 1392 sicut

1330 1408 1504 1441 affirmant
1521 1406 1604 1442 haec
1619 1409 1722 1444 dicta.

1433 1464 1571 1499 Psalmo
1588 1465 1666 1501 49.:
1702 1465 1828 1501 lnvoca
1853 1478 1908 1499 me
1934 1466 1970 1499 iu
1993 1467 2050 1500 die
2072 1465 2310 1500 tribulationis

1331 1523 1431 1557 tuae,
1457 1523 1490 1550 et
1507 1516 1653 1560 eripiam
1672 1523 1723 1554 te,
1750 1523 1782 1550 et
1800 1516 2009 1559 glorificabis
2025 1528 2092 1549 me.

1434 1573 1573 1608 Psalmo
1593 1575 1668 1610 83.:
1698 1574 1810 1619 Prope
1833 1581 1881 1608 est
1899 1575 2075 1608 Dominus
2097 1572 2153 1608 his
2171 1574 2230 1620 qui
2248 1575 2312 1609 tri-

1332 1624 1451 1658 bulato
1471 1632 1551 1658 sunt
1571 1625 1686 1658 corde.

1435 1679 1576 1715 Nahum
1597 1682 1642 1715 1.:
1673 1681 1793 1715 Bonus
1810 1688 1859 1715 est
1876 1679 2050 1715 Dominus
2066 1689 2097 1715 et
2113 1683 2315 1719 confortans

1334 1732 1371 1765 in
1393 1732 1643 1771 tribulatione,
1676 1739 1708 1766 et
1732 1743 1922 1776 agnoscens
1945 1743 2006 1765 seu
2030 1741 2212 1778 acceptans
2236 1747 2316 1781 spe-

1335 1789 1450 1816 rantes
1470 1794 1505 1815 m
1524 1793 1570 1815 se.

1439 1832 1484 1865 lis
1500 1833 1625 1875 igitur,
1651 1837 1689 1865 ut
1706 1831 1795 1871 dixi,
1823 1832 1937 1864 modis
1965 1831 2185 1876 patientiam,
2211 1835 2314 1869 fidem

1337 1889 1369 1916 et
1394 1894 1489 1926 spem
1516 1883 1550 1914 in
1579 1879 1643 1914 hoc
1667 1893 1792 1924 genere
1808 1881 1930 1915 ieiunii
1950 1893 2179 1919 exerceamus.
2231 1884 2315 1919 Ete-

1338 1933 1412 1965 nim
1439 1931 1522 1964 haec
1548 1932 1619 1975 ipsa
1643 1931 1835 1965 consolatio
1858 1938 1907 1965 est
1933 1932 2020 1965 illud
2046 1932 2314 1969 saluberrimum

1338 1983 1532 2015 balsamum
1544 2006 1552 2019 ,
1586 1994 1654 2026 quo
1673 1989 1755 2015 tunc
1770 1982 1934 2025 ungimus
1947 1994 1985 2015 ac
2002 1981 2245 2026 perfundimus
2259 1998 2317 2020 ca-

1339 2033 1408 2076 pita
1430 2038 1558 2064 nostra.

1441 2088 1514 2122 Etsi
1539 2088 1632 2120 enim
1658 2087 1820 2121 iuvenilis
1838 2095 1929 2122 actas
1946 2089 1988 2122 de
2007 2087 2072 2123 hoc
2090 2090 2238 2132 ieiunio,
2264 2092 2319 2127 vi-

1341 2140 1462 2172 delicet
1476 2166 1484 2177 ,
1510 2139 1552 2171 de
1579 2138 1763 2171 tolerantia
1790 2138 1824 2170 in
1843 2150 1941 2172 cruce
1961 2145 1993 2173 et
2010 2141 2143 2183 magnis
2158 2142 2319 2189 verisque

1342 2189 1542 2227 doloribus,
1575 2188 1734 2220 nondum
1757 2189 1818 2222 scit
1843 2195 1902 2222 aut
1926 2189 2088 2233 intelligit
2112 2191 2242 2234 multa,
2267 2199 2320 2228 ta·

1343 2252 1421 2273 men
1452 2239 1674 2281 grandiores.
1719 2250 1869 2283 quorum
1913 2239 1981 2272 iam
2019 2241 2186 2275 maturuit
2215 2249 2318 2285 aetas,

1343 2297 1494 2329 norunt,
1526 2301 1597 2322 non
1626 2289 1744 2321 deesse
1776 2289 1867 2322 veris
1889 2288 2063 2324 Ecclesiae
2092 2292 2257 2327 membris
2285 2301 2319 2329 et

1315 2332 1317 2354 ¹
1344 2340 1537 2374 vocationis
1561 2350 1679 2378 curas,
1706 2345 1738 2372 et
1761 2350 1854 2373 acres
1878 2339 1986 2373 animi
2009 2341 2167 2382 dolores,
2193 2343 2322 2388 quibus

1343 2403 1444 2435 saepe
1461 2392 1548 2423 adeo
1568 2389 1702 2422 duriter
1719 2395 1948 2428 exercentur,
1973 2397 2011 2425 ut
2029 2403 2072 2424 ne
2091 2391 2225 2437 possint
2240 2394 2320 2440 qui-

1343 2443 1422 2475 dem
1442 2441 1625 2474 admittere
1643 2439 1760 2472 cibum
1779 2445 1838 2472 aut
1855 2446 1990 2483 potum.

1447 2499 1627 2533 Praeterea
1650 2497 1751 2530 multi
1775 2504 1855 2531 suut
1871 2501 2065 2542 pauperes.
2089 2499 2150 2545 qui
2168 2512 2248 2536 vere
2266 2502 2320 2537 in-

1345 2550 1462 2592 digent
1492 2549 1596 2582 rebus
1626 2548 1668 2580 ad
1695 2547 1823 2580 victum
1848 2549 2069 2588 necessariis.
2103 2561 2166 2585 nec
2191 2549 2322 2589 habent

316 2614 486 2651 „qm-„ma
515 2617 548 2644 et
572 2607 664 2642 curis
687 2610 853 2647 oceitpato
878 2602 1091 2635 ventriculus
1115 2603 1290 2642 langiu-sa-
1315 2596 1318 2633 ί
1345 2601 1462 2634 cibum
1485 2606 1516 2632 et
1540 2605 1659 2643 potum
1684 2605 1829 2632 naturae
1850 2599 2128 2635 convenientem.
2181 2600 2233 2637 De
2255 2601 2322 2639 hoc

318 2677 390 2701 su„
422 2676 464 2697 m·
493 2661 634 2705 quidem
666 2656 824 2690 admittat
855 2654 990 2688 cibum.
1024 2665 1085 2686 nec
1117 2654 1183 2685 srui
1209 2661 1290 2697 potu
1316 2640 1318 2666 ἱ
1345 2650 1498 2688 difficili,
1525 2648 1636 2689 serio,
1664 2649 1824 2694 tristique
1842 2649 1991 2689 ieiunio.
2016 2651 2110 2695 quod
2129 2663 2191 2687 nec
2209 2651 2323 2702 hypo-
