2409 2915
288 92 362 131 955

296 179 361 214 Iob
379 175 423 210 sit
440 171 586 207 infixum
602 165 748 204 animis:
783 162 932 201 Etiamsi
947 161 1084 197 occidet
1103 173 1178 204 me,
1203 172 1282 207 spe-

400 237 436 259 m
453 235 545 258 eum.

235 261 241 271 ’
296 230 383 264 mbo
399 274 500 310 Aliae
528 277 610 307 sunt
636 266 886 315 promissiones
912 265 1091 299 bonorum
1119 273 1286 307 corpora·
1335 266 1407 300 iam
1438 265 1551 299 victor
1575 264 1719 299 abstulit
1743 263 1845 298 vobis
1867 260 1959 297 hanc
1987 263 2187 308 pecuniam.

296 329 406 367 lium,
444 324 525 371 quia
557 332 679 355 verum
703 325 772 359 est,
812 315 903 350 hane
930 315 1038 349 vitam
1067 314 1286 358 corporalem

294 376 472 415 Ecclesiae
499 373 604 408 etiam
636 381 738 404 curae
766 379 839 401 esse
870 365 968 406 Deo,
1007 364 1097 399 sicut
1126 364 1288 398 Psalmus

297 429 399 465 dicit:
441 425 524 460 Non
552 421 683 457 mortui
708 419 906 453 laudabunt
925 423 960 450 te
984 415 1148 451 Domine.
1200 413 1290 447 Pro-

297 480 395 515 misit
411 477 520 522 igitur
541 475 634 509 bona
657 469 872 515 corporalia,
899 474 933 501 et
955 467 1031 500 vult
1054 477 1094 500 ea
1116 477 1135 500 a
1159 475 1195 498 se
1218 462 1291 509 peti

301 538 336 566 et
361 525 563 573 exspectari.
615 523 685 558 Sed
711 519 777 554 hae
803 517 1052 564 promissiones
1076 526 1212 560 semper
1234 514 1292 547 in-

300 579 510 623 telligendae
526 581 607 610 sunt
628 585 707 607 cum
724 569 929 615 exceptione
951 568 1064 602 crucis
1088 574 1121 601 et
1145 565 1292 609 castiga-

302 631 423 668 tionis.
465 628 561 663 Deus
578 635 677 668 saepe
699 622 800 667 punit
816 626 952 654 sanctos
967 625 1000 652 et
1017 624 1160 663 propter
1174 616 1294 661 aliqua

300 688 442 728 peccata
473 678 578 722 eripit
607 675 656 709 eis
678 674 773 707 bona
796 669 1015 716 temporalia.
1066 667 1165 702 Sicut
1188 665 1295 714 eripit

300 731 431 768 Davidi
448 739 616 771 regnum,
649 731 682 759 et
701 731 813 758 totum
833 721 1003 766 populum
1029 718 1138 752 mittit
1162 718 1198 751 in
1222 716 1295 750 exi-

301 785 390 817 lium
414 781 452 814 in
477 778 711 824 Babylonem.
768 772 813 808 Et
842 770 1002 818 quotidie
1030 769 1161 803 multos
1190 767 1296 802 etiam

301 839 442 870 sanctos
457 830 562 876 punit
579 833 723 873 propter
739 829 890 869 peccata.

406 889 460 925 De
481 886 538 921 liis
560 881 855 931 promissionibus
875 877 1058 912 sciendum
1089 881 1160 917 est,
1200 874 1296 921 quod
1323 906 1326 934 ι

305 941 382 978 Deo
399 940 567 974 debemus
589 932 828 969 obedientiam
857 929 894 962 in
919 939 1053 973 poena,
1086 933 1120 960 et
1139 932 1298 959 nostram
1324 936 1325 941 ¹

307 990 574 1028 conversionem
598 992 632 1019 et
657 984 759 1017 fidem
786 982 822 1013 in
849 980 909 1012 illa
941 977 1142 1012 obedientia
1180 983 1299 1010 osten-
1324 985 1325 992 ¹

308 1045 410 1083 dere,
435 1046 467 1074 et
483 1044 600 1083 petere
617 1044 810 1080 poenarum
826 1029 1098 1073 mitigationem.
1134 1026 1183 1061 {ta
1203 1025 1300 1061 Deus

307 1093 444 1136 mitigat
460 1099 582 1123 rursus
598 1095 739 1131 poenas.
780 1081 839 1116 Sic
856 1080 988 1126 populo
1009 1078 1116 1113 lsrael
1134 1077 1201 1111 suit
1217 1089 1301 1122 pro-

306 1145 411 1179 missa
430 1141 573 1175 libertas
586 1143 619 1170 et
634 1135 745 1181 patria
760 1139 865 1166 certa.
917 1130 987 1165 Sed
1002 1136 1145 1175 propter
1163 1134 1300 1173 peccata

307 1205 410 1239 saepe
428 1195 602 1225 venerunt
626 1188 664 1220 in
686 1184 890 1219 servitutem
916 1188 949 1215 et
976 1181 1013 1213 in
1036 1180 1192 1216 exilium,
1245 1178 1300 1212 Ibi

310 1247 348 1279 in
366 1243 470 1278 exilio
489 1239 665 1275 debebant
692 1247 764 1270 esse
784 1233 1006 1272 obedientes,
1033 1237 1067 1265 et
1081 1229 1238 1264 converti
1257 1229 1301 1262 ad

309 1297 445 1333 Deum,
481 1299 516 1326 et
537 1297 652 1335 petere
675 1285 932 1322 liberationem.
987 1281 1059 1316 Nec
1087 1281 1156 1315 suit
1179 1291 1302 1324 pecca-

310 1355 405 1387 tum,
431 1351 493 1378 aut
516 1340 651 1386 aliquid
668 1344 789 1372 contra
808 1336 938 1378 legem,
966 1332 1037 1377 pati
1057 1332 1214 1366 exilium.

414 1403 472 1438 Sic
490 1408 646 1444 tempore
655 1395 788 1432 Christi
807 1405 879 1427 non
896 1391 962 1425 suit
979 1397 1172 1435 peccatum,
1199 1389 1304 1422 amis-

312 1455 366 1491 sio
401 1454 498 1487 illius
529 1448 715 1495 pecuniae,
767 1445 825 1479 sed
857 1443 924 1477 fuit
955 1453 1067 1486 poena
1102 1439 1306 1485 corporalis,

313 1517 418 1553 quam
437 1503 586 1538 tolerare
603 1498 787 1533 debebant.

416 1563 494 1598 Hoc
510 1561 592 1595 satis
609 1558 653 1592 sit
671 1557 803 1591 dictum
820 1554 863 1587 ‹le
879 1549 1083 1586 discrimine
1100 1548 1307 1594 promissio-

315 1628 402 1652 num
416 1641 424 1657 ,
453 1620 484 1647 et
502 1610 592 1645 hanc
609 1607 806 1643 doctrinam
822 1605 912 1638 bene
935 1600 1135 1635 meminisse
1159 1599 1304 1633 debetis.

417 1673 521 1708 Nunc
539 1670 696 1704 dicamus
713 1667 755 1699 de
769 1669 977 1708 argumento
994 1658 1281 1694 Pharisaeorum.

419 1732 500 1767 lura
526 1728 648 1773 templi
673 1732 756 1760 suut
783 1721 1024 1761 defendenda,
1058 1719 1208 1759 scilicet,
1241 1719 1307 1752 do-

318 1786 431 1822 ctrina
456 1790 490 1817 et
507 1792 609 1814 verus
632 1778 747 1812 cultus
771 1776 900 1809 debent
931 1770 1072 1805 defendi
1098 1777 1129 1804 et
1163 1768 1307 1804 retineri

318 1836 447 1872 debitis
467 1832 598 1870 modis,
626 1827 786 1863 docendo
804 1832 836 1859 et
853 1822 1052 1858 confitendo
1076 1827 1107 1855 et
1128 1820 1308 1865 patiendo.

317 1889 407 1924 Cum
435 1896 517 1918 vero
543 1880 690 1927 pecunia
716 1877 885 1921 eripitur,
931 1885 1003 1906 non
1037 1879 1086 1906 est
1117 1878 1308 1915 peccatum,

319 1938 491 1973 sustinere
507 1943 676 1978 poenam,
703 1929 773 1961 imo
791 1931 970 1971 peccatum
993 1929 1096 1961 esset,
1124 1929 1208 1955 tunc
1231 1933 1306 1979 mo-

318 2001 400 2023 vere
416 1985 624 2023 seditiones,
651 1979 794 2026 quando
812 1976 906 2011 Deus
936 1986 1006 2007 non
1027 1974 1086 2006 dat
1109 1973 1213 2007 duces
1231 1973 1307 2005 ido-

319 2050 417 2074 neos.

423 2083 602 2122 Pharisaei
621 2081 772 2115 multum
790 2077 1073 2111 vociferabantur
1090 2076 1133 2108 de
1150 2074 1310 2119 pecunia,

321 2150 355 2177 et
370 2137 593 2183 negligebant
619 2131 816 2166 doctrinam
840 2135 871 2161 et
898 2140 1013 2161 veram
1036 2126 1307 2160 invocationem.

878 76 1007 113 PIllL.
1033 73 1149 111 MEL.
1175 73 1384 113 SCRIPTA
1409 73 1711 115 ExEGETICA.

1320 808 1324 876 i
1347 837 1477 872 frustra
1495 837 1564 871 iam
1583 837 1626 871 de
1641 836 1789 882 pecunia
1809 835 2007 880 disputatis.

2241 75 2318 114 956
2365 103 2376 145 ,Ι

1436 161 1522 198 Ideo
1537 160 1702 198 Christus
1726 158 1870 206 inspicit
1886 160 2081 201 numisma,
2105 163 2222 197 ut'eos
2238 175 2326 198 con·
2371 154 2377 187 ἶ

1334 213 1470 255 vincat,
1496 214 1678 260 quodiam
1695 213 1818 247 sintin
1837 212 2020 248 servitute:
2047 209 2144 247 Estis
2156 214 2267 255 servi,
2293 221 2328 248 et

2247 263 2329 298 Me·-

1337 321 1494 350 mentote
1519 315 1648 359 igitur,
1682 326 1744 349 vos
1769 313 1912 360 puniri,
1945 320 1979 348 et
2011 314 2262 349 convertimini
2286 315 2331 348 ad
2368 333 2371 337 Δ

1340 365 1470 400 Deum.

1442 413 1489 450 Et
1512 415 1596 461 quia
1620 414 1669 449 ihi
1690 414 1895 450 nominatur
1923 412 2071 454 Caesar,
2109 414 2214 450 etiam
2242 415 2332 450 duae

1341 466 1698 504 commonefactiones
1715 465 1820 499 simul
1835 466 2089 510 significantur.

1443 524 1548 559 Prior
1570 524 1878 559 commonefactio:
1920 522 2011 559 Cum
2037 524 2082 558 sit
2104 530 2229 570 quarta
2250 523 2336 558 Mo-

1344 573 1509 618 narchia,
1533 583 1566 611 et
1588 586 1651 609 vos
1673 573 1830 609 habeatis
1852 574 1891 608 in
1913 574 1988 618 ipsa
2012 581 2104 610 terra
2130 575 2338 620 peregrinos

1319 646 1321 672 ⁴,
1344 626 1588 671 magistratus,
1615 625 1819 661 Romanum
1838 625 2052 670 praesidem,
2077 625 2224 669 cogitate
2248 632 2337 659 tem·

1320 703 1322 706 ψ
1345 690 1412 724 pus
1429 678 1559 719 adesse,
1580 689 1651 723 quo
1660 675 1828 710 Messiam
1845 682 2035 710 venturum
2048 677 2264 721 praedictum
2276 683 2339 712 est.

1450 734 1574 770 Altera
1599 734 1909 769 commonefactio:
1952 732 2111 778 Cogitate
2135 735 2240 769 finem
2267 747 2339 770 esse

1347 786 1457 822 totius
1489 786 1634 832 politiae
1663 792 1815 824 vestrae,
1856 792 1890 819 et
1921 785 2044 833 templi
2072 786 2191 822 vestri.
2254 785 2338 821 Ideo

1323 878 1326 900 ι
1451 895 1515 930 Est
1544 906 1624 939 ergo
1654 902 1688 929 et
1709 892 1795 928 haec
1824 895 1933 928 altera
1964 893 2094 928 solutio
2124 894 2341 938 argumenti:

1324 972 1325 981 1
1351 945 1433 981 Iura
1449 946 1571 990 templi
1590 951 1672 979 sunt
1694 945 1932 986 defendenda,
1958 951 1991 978 et
2008 944 2102 979 Deus
2119 945 2248 985 aderit,
2273 946 2342 980 sci-

1351 998 1452 1036 licet,
1476 998 1589 1030 donec
1605 996 1681 1029 vult
1697 1007 1839 1029 manere
1856 993 1923 1029 hoc
1942 995 2127 1039 templum.

1455 1046 1551 1080 Haec
1569 1054 1652 1081 sunt
1675 1046 1751 1080 iura
1769 1046 1909 1090 templi,
1931 1045 2082 1087 scilicet,
2108 1045 2220 1080 donec
2243 1046 2342 1082 venit

1352 1096 1518 1139 Messias,
1554 1098 1614 1131 sed
1644 1097 1713 1130 iam
1738 1096 1834 1130 adest
1860 1095 2026 1138 Messias,
2063 1106 2146 1139 ergo
2176 1096 2244 1130 iam
2267 1109 2343 1131 non

1353 1148 1596 1182 dimicandum
1614 1154 1664 1182 est
1681 1148 1725 1181 de
1741 1146 1886 1181 tributo·

1457 1199 1552 1234 Haec
1583 1205 1633 1233 est
1659 1209 1795 1232 summa
1818 1195 1925 1231 huius
1948 1197 2181 1240 narrationis,
2215 1197 2252 1231 in
2274 1209 2344 1245 qua

1353 1250 1541 1295 praecipue
1557 1247 1642 1283 haec
1659 1249 1730 1283 duo
1748 1248 1945 1282 observate:

1456 1299 1616 1334 Primum
1634 1300 1727 1345 quod
1753 1298 1946 1332 necessaria
1968 1304 2019 1333 est
2041 1297 2183 1333 collatio
2207 1298 2250 1333 ad
2276 1298 2345 1333 mi-

1353 1349 1539 1384 nisterium
1561 1348 1758 1393 Evangelii.

1457 1400 1674 1441 Secundum,
1690 1399 1785 1444 quod
1805 1399 2006 1433 differentia
2022 1405 2073 1432 est
2086 1397 2177 1433 inter
2194 1400 2346 1443 promis-

1329 1464 1331 1488 ε
1355 1451 1489 1485 sionem
1507 1450 1656 1495 gratiae,
1689 1456 1722 1484 et
1743 1449 1995 1495 promissiones
2018 1449 2196 1483 bonorum
2218 1462 2345 1496 corpo-

1359 1502 1500 1536 ralium.

1649 1601 1716 1635 De
1745 1598 1897 1635 dictis
1924 1602 2051 1636 istis.

1383 1677 1487 1714 Date
1504 1675 1607 1719 Deo,
1633 1687 1727 1724 quae
1743 1672 1821 1708 Dei
1846 1680 1952 1720 sunt,
1977 1680 2007 1710 e!
2025 1670 2201 1718 Caesari,
2229 1689 2324 1726 quae

1707 1730 1793 1760 sunl
1813 1722 2002 1761 Caesaris.

1631 1801 1716 1828 Tria
1744 1800 1799 1826 hic
1827 1794 2067 1829 continentur.

1462 1856 1495 1892 1.
1547 1851 1652 1889 Ordo
1686 1861 1973 1898 praeceptorum,
2013 1863 2052 1890 ut
2085 1855 2250 1891 mandata
2281 1854 2349 1892 Dei

1357 1908 1603 1943 anteferantur
1620 1903 1795 1938 humanis.

1461 1967 1496 2001 2.
1551 1964 1623 2008 Qui
1643 1964 1757 1998 cultus
1778 1963 1849 1997 veri
1870 1963 1940 1998 sint
1959 1962 2037 2001 Dei.

1461 2025 1496 2061 8.
1550 2024 1650 2066 Quae
1675 2022 1877 2056 obedientia
1904 2024 2064 2067 potestati
2090 2023 2278 2060 tribuenda
2294 2026 2351 2066 sit,

1359 2083 1393 2111 et
1409 2087 1498 2122 quae
1516 2087 1570 2108 res
1587 2074 1657 2107 sint
1675 2073 1865 2118 potestatis.

1461 2134 1512 2169 De
1533 2132 1659 2166 ordine
1681 2133 1862 2177 perspicua
1887 2131 2047 2167 doctrina
2070 2139 2140 2171 est,
2174 2133 2268 2169 iuxta
2293 2147 2349 2172 re-

323 2193 407 2227 ldeo
432 2187 596 2223 Christus
621 2182 763 2216 invertit
788 2186 1032 2223 argumentum
1057 2185 1177 2210 contra
1197 2177 1308 2221 ipsos:
1333 2197 1336 2234 Ι
1360 2186 1497 2230 gulam:
1525 2183 1677 2228 0901401
1693 2181 1768 2217 Deo
1785 2183 1893 2226 magis
1917 2183 2082 2222 obedire,
2109 2195 2213 2229 quam
2231 2183 2349 2220 homi·
2393 2195 2409 2229 ᾗ,

323 2243 405 2278 lura
430 2238 551 2282 ῙΗΠΡΗ
577 2241 658 2269 5““ῑ
681 2231 920 2267 ‘¹⁶s⁰¹¹d⁰¹¹‘¹³·
954 2229 1103 2268 “ilism’
1131 2235 1221 2261 ‘⁰⁸¹⁰
1247 2228 1310 2260 ‘¹⁰'
1334 2264 1336 2271 .
1362 2238 1479 2272 nibus.
1542 2235 1838 2278 Quandocunque
1869 2246 1940 2267 non
1965 2242 2164 2279 congruunt
2185 2239 2349 2273 mandata

324 2294 454 2331 cendo,
488 2297 521 2323 ct
547 2286 636 2320 veris
660 2283 824 2318 cultibus.
887 2280 981 2313 llaec
1006 2281 1084 2312 date
1108 2277 1202 2319 Deo,
1227 2275 1310 2311 haec
1361 2287 1547 2322 hominum
1583 2297 1661 2319 cnm
1694 2284 1869 2318 mammis
1897 2285 2046 2325 ,nvink'
2090 2292 2175 2320 mne
2213 2299 2349 2323 necesse

324 2351 406 2379 sunt
423 2341 538 2374 debita
560 2337 653 2374 Deo,
681 2346 742 2368 ⁶¹¹¹*
765 2334 807 2365 ⁴¹⁰
824 2331 970 2375 P‘TUUid
988 2330 1164 2386 ‘¹³¹¹¹{⁵¹{5⁵·
1193 2336 1225 2362 (Ἴ
1251 2341 1312 2386 ¹¹‘{·
1335 2333 1337 2353 ¹¹
1362 2346 1409 2373 est
1429 2339 1591 2371 oinittere
1612 2334 1766 2370 humana
1793 2336 1954 2370 mandata
1985 2343 2017 2370 et
2040 2336 2184 2371 obedire
2208 2339 2352 2381 divinis.
2394 2356 2409 2390 p

324 2394 454 2439 gligitis
473 2401 589 2423 veram
604 2384 827 2420 doctrinam?
858 2382 934 2416 lura
962 2381 1080 2424 templi
1108 2380 1311 2414 immutaln-
1335 2381 1338 2395 ¹
1362 2397 1400 2424 m
1433 2390 1588 2423 fecerum
1625 2386 1802 2422 131-3515230
1826 2386 1861 2419 fin
1887 2385 2071 2432 Babylone
2098 2399 2169 2421 non
2195 2389 2351 2425 volentes

325 2448 372 2480 lia
390 2450 492 2482 sunt,
520 2452 599 2473 vera
618 2437 777 2470 doctriua
797 2442 829 2468 et
846 2433 918 2467 vcri
936 2432 1061 2466 cultus.
1336 2431 1339 2464 Ι
1363 2441 1510 2475 adm-ar(-
1526 2445 1688 2472 stainam,

427 2502 494 2536 Sed
513 2496 680 2543 pecuniae
697 2493 837 2528 collatio
866 2499 915 2526 est
936 2503 989 2524 res
1007 2489 1207 2526 mutabilis.
1233 2501 1311 2522 cnm
1469 2490 1518 2525 lta
1538 2497 1568 2523 ct
1587 2500 1681 2521 nunc
1699 2487 1868 2521 debemus
1894 2487 2025 2527 facere,
2051 2499 2130 2522 cnm
2150 2491 2353 2532 mandatur,
2397 2512 2409 2531 ,-

325 2555 421 2590 Deus
447 2551 549 2600 punit
573 2559 636 2581 nos
660 2545 847 2579 amissione
873 2542 1061 2587 pecuniae,
1096 2541 1237 2573 sere-uda
1263 2547 1313 2573 est
1338 2584 1339 2589 1
1365 2549 1403 2577 nt
1428 2540 1601 2586 l'apistica
1627 2538 1735 2572 Missa
1764 2539 1987 2578 restituatur.
2015 2540 2068 2573 vel
2094 2540 2151 2574 fiat
2175 2540 2352 2577 huot-atio
2399 2536 2402 2566 ξ

325 2618 445 2651 poena.
502 2599 546 2635 Et
565 2607 681 2633 tamen
698 2608 814 2629 veram
833 2594 1029 2628 doctrinam
1054 2598 1086 2625 ct
1102 2591 1216 2625 cultus
1238 2591 1313 2635 pios
1365 2601 1607 2629 mortuorum.
1634 2589 1688 2621 vel
1708 2589 1791 2622 salsa
1810 2590 1970 2622 doctrina
1988 2590 2186 2635 recipiatur.
2215 2605 2352 2627 necesse

325 2655 466 2690 retineri
486 2657 635 2697 oportet.
1337 2648 1342 2689 ᾗ
1365 2652 1414 2678 est
1441 2641 1692 2677 contradicere.
1755 2638 1841 2674 ltem
1867 2641 1915 2684 pii
1939 2640 2165 2686 Sacerdotes,
2193 2644 2254 2689 qui
2279 2656 2352 2679 non
