2409 2915
103 121 174 157 841
353 123 434 160 Xll.

203 207 285 242 Ideo
309 209 410 243 dicit:
437 208 518 243 Non
540 210 690 244 surrexit
712 210 844 253 maior,
870 212 1020 254 scilicet,
1048 213 1085 246 in

100 259 226 296 officio.
286 259 378 303 Quia
404 261 537 294 nullius
560 260 715 294 officium
740 269 790 296 est
814 263 944 302 maius,
978 276 1083 310 quam

101 309 289 350 Iohannis,
319 318 395 356 post
411 310 605 345 Christum.

203 379 286 413 Ideo
297 377 457 413 Christus
473 390 545 412 sese
561 378 709 423 excipit,
738 392 818 413 cum
835 380 899 414 ait:
928 379 1000 423 Qui
1017 381 1084 413 mi-

101 431 218 464 nimus
241 438 289 464 est
313 430 350 462 in
376 442 482 473 regno
506 429 705 473 coelorum,
734 438 783 464 est
805 431 938 470 maior,
966 431 1000 464 id
1022 438 1083 473 est,

99 479 279 522 Christus,
306 480 366 525 qui
390 487 438 514 est
461 480 612 513 maxime
638 477 843 514 humiliatus
868 493 951 525 prae
966 483 1084 515 omni-

100 534 164 566 bus
200 529 422 572 hominibus,
464 528 522 564 hic
550 537 601 564 est
631 532 746 565 maior
776 530 946 566 Iohanne.
1014 531 1083 567 Hic

98 583 249 626 baptizat
266 581 402 625 Spiritu
427 588 567 622 sancto,
594 589 644 615 est
667 584 844 617 redemtor
867 590 899 617 et
921 584 1082 625 salvator,

97 633 186 667 sicut
206 629 381 666 Iohannes
400 632 532 678 inquit:
558 630 612 666 Ex
632 632 705 667 eius
721 634 942 678 plenitudine
960 646 1081 668 omnes

95 682 301 728 accepimus.

250 778 462 812 Cecinimus
478 776 578 813 vobis
594 782 631 812 et
646 789 721 813 non
736 779 924 813 saltastis.

195 845 287 879 Tota
314 843 397 879 haec
420 857 569 891 sequens
595 857 676 889 pars
699 853 748 880 est
774 847 914 890 querela
932 847 975 879 de
994 858 1079 880 con-

92 903 202 931 temtu
217 895 405 939 Evangelii
422 897 459 929 in
477 897 624 930 mundo.
679 896 723 930 Et
740 904 789 930 est
806 897 915 931 tristis
932 898 1078 931 commi-

92 949 189 982 natio
213 959 426 991 poenarum:
462 946 536 980 Vae
560 946 727 987 Corazin,
761 960 823 980 vae
845 947 1078 992 Capernaum.

89 998 292 1033 Cecinimus
315 999 439 1038 vobis,
464 997 499 1031 id
523 1005 591 1036 est,
619 998 898 1042 praedicavimus
915 997 1076 1042 Evange-

91 1050 178 1083 lium
197 1057 229 1083 et
245 1049 506 1094 promissiones,
559 1047 799 1090 Ploravimus‚
827 1049 862 1082 id
880 1056 947 1088 est,
975 1061 1076 1093 prae-

90 1101 285 1134 dicavimus
305 1101 414 1143 legem
432 1106 465 1133 et
478 1111 626 1143 poenas,
653 1105 687 1133 et
703 1106 866 1133 neutrum
884 1101 1040 1134 curastis.

192 1167 273 1201 Huc
304 1168 454 1201 addatur
484 1166 617 1200 dictum
651 1167 688 1199 in
712 1166 824 1200 Luca:
859 1166 989 1201 Servus
1014 1168 1075 1212 qui

89 1219 152 1253 scit
181 1219 398 1252 voluntatem
427 1217 592 1258 Domini,
627 1224 660 1251 et
690 1229 763 1250 non
796 1218 898 1259 facit,
930 1218 1076 1263 accipiet

87 1271 206 1315 plures
225 1269 354 1314 plagas.

188 1335 424 1370 Bletuendum
449 1342 498 1369 est
524 1342 557 1369 et
579 1335 683 1368 nobis
706 1335 809 1379 ipsis,
834 1336 935 1380 pauci
954 1348 1073 1369 emen-

86 1389 236 1427 dantur,
263 1394 296 1420 et
321 1386 423 1419 multi
448 1393 628 1429 praetextu
646 1384 879 1428 Evangelicae
903 1387 1073 1420 libertatis

85 1439 165 1483 plus
189 1438 257 1471 sibi
279 1437 443 1470 licentiae
465 1443 622 1472 sumunt.
675 1435 759 1470 Ideo
782 1437 840 1471 fiet
861 1434 946 1478 hoc,
978 1438 1071 1483 quod

84 1489 174 1524 dixit
189 1487 367 1522 Dominus
384 1488 426 1521 de
444 1487 532 1529 ficu,
557 1486 674 1521 Lucae
693 1487 750 1521 13.

185 1555 363 1590 Dominus
379 1553 540 1588 concedit
554 1560 691 1598 tempus
702 1581 712 1595 ,
738 1561 777 1588 ut
791 1554 909 1599 plures
924 1567 1071 1588 conver-

84 1615 226 1648 tantur,
266 1607 325 1639 sed
356 1605 499 1650 quando
531 1605 640 1637 nimis
669 1602 785 1648 pauci
804 1611 1070 1646 convertuntur,

83 1668 168 1695 tunc
195 1657 336 1692 tandem
371 1656 463 1690 delet
495 1662 566 1689 tota
594 1667 719 1699 regna,
754 1663 788 1690 et
819 1662 910 1690 totas
941 1664 1070 1699 gentes,

82 1711 173 1745 sicut
187 1708 316 1743 delevit
331 1706 495 1741 Sodoma.

184 1775 288 1810 Nunc
305 1779 388 1807 sunt
404 1783 530 1817 parvae
547 1772 791 1815 castigationes
810 1773 847 1807 in
865 1773 1069 1817 Germania,

82 1836 122 1864 ut
145 1825 273 1861 moniti
299 1824 407 1858 simus
428 1823 646 1857 ardentiores
670 1823 707 1856 in
732 1826 979 1868 conversione,
1010 1827 1068 1860 in-

82 1877 285 1915 vocatione,
321 1881 354 1908 et
382 1873 549 1907 omnibus
581 1874 755 1908 exercitiis
788 1876 938 1920 pietatis.
998 1876 1067 1912 Sed

81 1930 164 1977 quia
190 1927 297 1961 nimis
326 1924 428 1969 pauci
458 1925 710 1966 emendantur,
745 1933 778 1960 et
809 1927 955 1971 plurimi
980 1929 1069 1962 fiunt

79 1979 306 2017 furiosior-es,
331 1977 410 2009 ideo
429 1982 589 2009 crescunt
607 1988 760 2019 poenae,
785 1978 875 2012 sicut
891 1976 958 2012 hoc
974 1991 1067 2012 anno

78 2032 185 2066 urbes
213 2028 346 2061 multae
376 2026 551 2059 incendiis
584 2027 785 2070 perierunt,
823 2036 862 2063 ut
893 2029 931 2062 in
963 2030 1068 2071 bello,

81 2078 327 2126 &dmeinfutt'
371 2076 563 2121 outmbad),
605 2077 783 2121 memstabt.
854 2078 941 2114 Item
974 2087 1067 2114 extra

80 2133 235 2171 bellum,
268 2128 414 2169 ssaubcn'
450 2127 636 2173 Θοῐδῢεϊς,
670 2138 733 2163 etc.
806 2127 854 2164 Et
883 2132 1066 2176 aliquanto

79 2190 158 2230 post
180 2181 324 2214 venient
348 2179 477 2219 Turci,
510 2186 544 2212 et
566 2186 674 2213 totam
700 2179 928 2214 Germaniam
954 2190 1067 2215 vasta-

79 2237 187 2273 bunt,
227 2232 316 2265 sicut
348 2230 416 2262 iam
450 2230 721 2264 combusserunt
749 2230 888 2264 Novum
916 2232 1066 2274 Solium,

77 2287 202 2322 §liemon
221 2283 341 2319 &olett-
394 2278 440 2314 Et
458 2277 657 2313 Monachus
678 2280 919 2315 lsennacensis
937 2281 1066 2316 lohan—

76 2349 138 2371 nes
153 2335 275 2369 Hilten
301 2331 492 2378 praedixit,
522 2330 659 2364 Turcos
673 2343 766 2365 anno
785 2333 893 2367 1600.
910 2334 984 2367 fore
1000 2335 1068 2367 do-

79 2389 195 2421 minos
217 2385 336 2419 ltaliae
354 2390 386 2416 et
404 2381 627 2416 Germaniae.

477 2490 661 2521 Quaestio.

177 2546 258 2582 Scio
291 2543 349 2578 hic
378 2544 485 2577 obiici
516 2544 560 2577 ab
583 2543 777 2589 aliquibus:
813 2544 885 2579 Cur
910 2546 997 2580 dicis
1022 2549 1064 2581 de

77 2599 216 2644 poenis,
246 2608 324 2631 cum
351 2602 468 2628 tamt-n
494 2595 685 2628 debeamus
709 2595 828 2628 Deum
852 2597 958 2639 gratis
981 2599 1063 2632 dili-

78 2650 181 2696 gere?
234 2647 322 2682 Item
347 2645 563 2690 poenitentia
580 2645 684 2679 debet
702 2643 861 2680 inchoari
881 2648 924 2681 ab
944 2661 1062 2684 amore

79 2701 246 2741 iustitiae,
274 2705 306 2732 et
324 2709 401 2730 non
418 2710 435 2730 a
456 2697 583 2731 timore
600 2697 756 2741 poenae?

487 122 876 161 ANNOTATIONES
902 124 968 161 ET
996 124 1280 162 CONCIONES
1310 126 1358 162 lN
1386 126 1568 164 EVANG.
1595 128 1873 165 MATTHAEL

2053 133 2126 168 842

1516 214 1747 245 Responsio.-

1240 261 1335 298 Deus
1365 266 1444 299 ideo
1475 267 1596 310 punit,
1631 275 1670 301 ut
1697 268 1748 301 ira
1773 267 1882 312 ipsius
1907 277 2126 313 agnoscatur,

1138 320 1170 347 et
1189 314 1265 348 vult
1281 316 1367 348 iram
1386 317 1536 360 intelligi
1553 325 1587 351 et
1604 318 1724 352 metui.

1238 371 1392 408 Econtra
1415 376 1494 409 ideo
1520 377 1695 420 promittit
1721 383 1754 410 et
1779 378 1838 412 dat
1854 378 1969 419 bona,
1995 386 2034 413 ut
2050 380 2125 413 eins

1137 423 1273 457 bonitas
1298 432 1329 459 ct
1355 426 1595 460 misericordia
1625 434 1852 470 agnoscatur,
1886 429 1963 462 vult
1987 437 2125 464 utrum-

1136 487 1205 519 que
1235 477 1418 518 cognosci,
1448 477 1536 510 iram
1557 485 1591 511 et
1615 478 1911 518 misericordiam,
1944 480 2022 513 ideo
2047 482 2125 515 vult

1136 525 1330 569 praedicari
1356 540 1484 571 poenas
1507 534 1540 561 et
1563 529 1749 569 beneficia,
1780 535 1813 561 et
1838 529 1911 572 ipse
1934 537 2124 577 utrumque

1135 576 1236 616 facit,
1263 578 1366 621 punit
1385 585 1418 612 et
1436 579 1579 620 liberat,
1604 591 1684 623 ergo
1702 590 1839 612 necesse
1855 586 1904 613 est
1922 577 2005 615 haec
2023 594 2123 625 prae-

1135 626 1257 662 dicari.
1310 627 1391 662 Non
1415 630 1492 663 vult
1514 642 1579 663 nos
1601 641 1673 663 esse
1699 631 1850 670 ferreos,
1881 637 1920 664 ut
1946 643 2019 664 non
2044 645 2122 666 mo—

1135 689 1280 711 veamur
1311 679 1443 722 poeniS.
1508 680 1583 714 Imo
1612 679 1704 714 hanc
1734 681 1900 714 duritiem
1934 688 2043 722 taxat,
2086 691 2124 717 ut

1134 739 1212 760 cum
1237 730 1329 772 apud
1348 728 1489 763 Esaiam
1510 732 1596 765 dicit
1615 732 1724 776 capite
1741 730 1817 765 48.:
1846 731 1925 765 Scio
1943 735 2037 777 quod
2056 735 2123 768 du-

1134 790 1192 812 rus
1209 791 1262 819 es,
1287 781 1385 813 frons
1402 788 1460 815 tua
1476 794 1581 815 aenea
1600 789 1660 816 est.

1237 837 1324 872 Item
1355 838 1480 874 Esaiae
1498 841 1561 877 28.
1590 841 1754 884 obiurgat
1786 842 1913 876 duros:
1953 843 2120 885 (Togitatis

1133 900 1194 922 vos
1217 887 1346 923 habere
1368 891 1493 924 foedus
1518 904 1596 925 cum
1619 899 1751 931 morte,
1778 893 1907 935 fingitis
1928 894 2039 926 securi
2064 895 2121 927 ni-

1132 937 1184 972 hil
1206 941 1280 974 sore
1297 942 1401 983 mali,
1427 954 1489 986 ego
1507 955 1592 976 vero
1607 943 1753 987 puniam
1770 955 1843 979 vos,
1895 943 1938 976 lit
1959 944 2037 977 ideo
2056 957 2121 988 pu-

1131 991 1248 1032 niam,
1279 999 1316 1025 ut
1347 993 1457 1038 aliqui
1488 1001 1757 1035 convertantur,
1792 995 1874 1040 quia
1902 995 2039 1029 vexatio
2061 997 2119 1029 dat

1131 1041 1368 1085 intellectum,
1395 1051 1458 1077 etc.

1231 1100 1450 1146 Reputemus
1474 1115 1555 1147 ergo
1579 1104 1711 1147 singuli
1734 1110 1870 1137 nostras
1890 1116 2018 1148 poenas
2037 1116 2119 1148 pro-

1132 1152 1224 1195 prias
1247 1159 1280 1186 et
1297 1153 1476 1195 publicas,
1499 1162 1532 1188 et
1548 1167 1612 1187 nos
1631 1156 1673 1187 ad
1693 1155 1946 1199 poenitentiam
1967 1155 2118 1188 exsusci-

1130 1209 1262 1245 temus,
1297 1204 1386 1237 sicut
1409 1205 1501 1238 filius
1524 1206 1712 1249 prodigus,
1744 1212 1777 1239 et
1801 1206 1930 1238 deinde
1956 1206 2118 1250 proficia-

1129 1266 1226 1294 mus,
1253 1255 1438 1288 timeamus
1461 1256 1547 1289 iram
1565 1257 1635 1290 Dei
1655 1263 1688 1290 et
1704 1257 1818 1300 ipsum
1836 1257 1967 1292 Deum.
2021 1255 2118 1291 Rur-

1129 1316 1188 1338 sus
1212 1305 1318 1338 etiam
1336 1317 1565 1349 agnoscamus
1583 1307 1860 1341 misericordiam
1878 1307 1944 1341 Dei
1962 1313 1994 1341 et
2010 1308 2118 1349 bona,

1128 1362 1161 1388 et
1187 1362 1346 1399 petamus
1362 1363 1395 1389 et
1412 1364 1646 1400 exspectemus
1663 1369 1682 1390 a
1698 1357 1774 1391 Deo
1793 1358 1905 1401 bona,
1932 1358 2118 1391 laudemus

1129 1406 1203 1439 eius
1235 1407 1532 1447 misericordiam,
1572 1414 1606 1441 et
1638 1408 1753 1451 ipsum
1782 1408 1989 1451 diligamus,
2028 1408 2118 1442 sicut

1128 1457 1200 1501 ipse
1224 1468 1288 1491 nos
1312 1458 1431 1498 docet,
1457 1459 1577 1491 dicens
1595 1470 1631 1491 se
1647 1459 1759 1492 facere
1774 1459 1928 1492 alienum
1946 1470 2053 1503 opus,
2078 1465 2118 1492 ut
2145 1457 2149 1461 ⁴

1127 1507 1229 1541 faciat
1255 1509 1458 1552 proprium,
1485 1509 1521 1541 id
1549 1516 1617 1550 est,
1641 1509 1727 1543 dicit
1746 1521 1780 1543 se
1800 1510 1925 1553 punire
1942 1516 1974 1544 et
1991 1509 2117 1543 morti-

1126 1558 1246 1600 ficare,
1271 1566 1310 1593 ut
1329 1571 1451 1593 rursus
1469 1560 1634 1601 vivificet,
1662 1567 1694 1594 et
1711 1561 1768 1594 det
1786 1562 1890 1597 bona.

1407 1643 1591 1692 Confiteor
1617 1644 1686 1679 tibi
1710 1648 1837 1680 Pater.

1228 1709 1314 1743 Tria
1337 1711 1494 1744 membra
1513 1718 1596 1745 sunt
1613 1709 1718 1745 huius
1734 1712 1968 1756 pulcerrimae
1984 1718 2017 1746 et
2031 1712 2114 1746 dul—

1124 1760 1281 1794 cissimae
1298 1761 1479 1795 concionis
1494 1759 1639 1796 Christi.

1226 1819 1253 1853 I.
1308 1819 1467 1854 Primum
1487 1827 1537 1855 est
1551 1821 1741 1863 gratiarum
1760 1821 1850 1855 actio
1866 1820 2016 1863 Christi,
2045 1835 2113 1867 qua

1123 1871 1192 1914 agit
1215 1871 1343 1914 gratias
1365 1878 1507 1904 aeterno
1532 1871 1646 1915 patri,
1674 1872 1769 1917 quod
1792 1873 1947 1916 aliquam
1973 1873 2114 1917 colligat

1121 1920 1334 1962 Ecclesiam,
1361 1929 1394 1956 et
1410 1922 1516 1955 simul
1531 1923 1650 1963 docet,
1678 1923 1817 1968 qualem
1837 1924 1991 1967 colligat.

1224 1980 1269 2014 ll.
1325 1980 1528 2015 Secundum
1552 1983 1750 2015 membrum
1777 1989 1848 2024 est,
1875 1983 1954 2028 quis
1977 1984 2020 2017 sit
2038 1984 2111 2028 ipse

1121 2030 1304 2072 Christus,
1332 2039 1365 2065 et
1389 2044 1497 2076 quare
1520 2032 1647 2066 missus
1670 2034 1730 2075 sit,
1757 2041 1790 2067 et
1813 2034 1892 2078 quis
1916 2034 1960 2068 sit
1985 2036 2111 2068 modus

1122 2083 1339 2126 colligendae
1354 2080 1542 2116 Ecclesiae.

1224 2141 1289 2177 ΙΙΙ.
1349 2141 1554 2176 Membrum
1588 2149 1638 2176 est
1677 2144 1901 2182 mandatum,
1941 2152 1979 2177 nt
2015 2142 2109 2177 hunc

1121 2193 1232 2226 filium
1263 2205 1512 2237 agnoscamus,
1547 2201 1580 2227 et
1608 2195 1650 2227 ad
1677 2206 1757 2227 eum
1781 2195 2042 2237 confugiamus,
2077 2202 2109 2228 et

1121 2244 1240 2277 addita
1263 2251 1315 2278 est
1338 2245 1545 2289 promissio,
1571 2256 1660 2289 quae
1682 2251 1732 2278 est
1755 2256 1889 2278 summa
1908 2245 2107 2289 Evangelii:

1120 2292 1196 2338 Ego
1215 2294 1367 2328 reficiam
1386 2307 1457 2328 vos.
1511 2294 1614 2329 Item:
1644 2293 1836 2329 Invenietis
1855 2296 2012 2342 requiem
2031 2297 2107 2329 ani-

1120 2346 1245 2380 mabus
1261 2346 1402 2387 vestris,
1430 2353 1491 2381 etc.

1437 2446 1484 2470 De
1503 2446 1612 2476 primo
1631 2448 1789 2472 membro.

1221 2498 1319 2533 Sicut
1342 2495 1398 2531 hic
1414 2495 1576 2531 Christus
1597 2499 1666 2541 agit
1689 2498 1819 2545 gratias
1843 2505 1984 2531 aeterno
2004 2499 2106 2541 patri,

1118 2562 1182 2594 pro
1208 2547 1276 2583 hoc
1298 2549 1471 2581 immenso
1497 2549 1684 2589 beneficio,
1711 2550 1805 2594 quod
1831 2550 1963 2593 colligit
1982 2549 2105 2583 Eccle-

1118 2602 1224 2642 siam,
1253 2601 1299 2634 ita
1324 2599 1473 2632 sciamus
1497 2612 1576 2633 eum
1603 2612 1739 2644 semper
1756 2608 1933 2644 precatum
1951 2612 2023 2634 esse
2042 2615 2104 2645 pro

1117 2664 1241 2697 genere
1267 2649 1440 2691 hnmano,
1473 2658 1505 2684 et
1529 2651 1682 2694 precari,
1717 2658 1755 2684 ut
1782 2648 1935 2684 Ecclesia
1961 2652 2104 2695 colliga-

1115 2711 1174 2738 tur
1197 2710 1229 2737 et
1253 2709 1427 2743 servetur,
1462 2701 1551 2735 sicut
1576 2701 1702 2736 Psalm.
1720 2704 1754 2737 2.
1779 2702 1925 2736 dicitur:
1962 2703 2103 2737 Postula
