2409 2915
301 90 376 127 355

301 183 441 211 nostrae
464 171 596 207 salutis.
647 170 739 206 Sunt
760 171 868 215 igitur
882 170 986 205 etiam
1003 171 1113 213 muti,
1138 183 1212 205 non
1228 172 1284 205 in-

301 232 444 264 vocant,
470 235 534 257 nec
550 229 675 256 curant
691 229 866 267 praestare
883 222 1041 268 reliquos
1059 223 1185 258 cultus.

401 282 444 316 V.
496 280 560 316 Est
577 293 657 325 ergo
673 279 731 315 hic
746 282 873 315 surdus
889 288 922 315 et
938 289 1066 322 mutus,
1094 281 1202 315 totius
1218 278 1284 314 hu-

299 334 394 368 mani
411 332 547 377 generis
564 338 677 377 typus,
697 338 729 365 et
747 332 820 365 eius
835 331 970 365 sanatio
987 339 1036 366 est
1053 332 1168 375 imago
1184 342 1284 375 prae-

300 386 483 429 cipuorum
515 394 661 427 operum
687 380 830 417 Christi.
885 381 1044 415 Mundus
1072 389 1121 415 est
1147 383 1285 421 surdus,

299 447 372 468 non
396 434 495 468 audit
511 434 658 466 verbum
677 432 760 474 Dei,
786 445 850 465 nec
867 432 1069 466 assentitur.
1120 431 1202 466 Ideo
1221 443 1284 464 nec

299 485 415 525 novit,
441 496 506 518 nec
528 491 625 517 curat
642 482 766 516 Deum.
820 482 958 516 Deinde
981 489 1030 515 est
1047 489 1184 522 mutus,
1211 494 1284 514 non

300 536 440 569 invocat
457 546 570 579 neque
587 534 682 567 colit.
734 532 841 565 Venit
857 532 964 575 igitur
979 530 1140 566 Christus
1158 540 1196 566 ut
1214 533 1284 566 tol-

300 587 348 620 lat
363 584 447 618 haec
463 585 551 617 mala
562 609 571 622 ,
599 581 900 625 datEvangelium
913 609 921 623 ‚
948 589 982 616 et
997 583 1151 617 ostendit
1167 594 1284 615 veram

299 635 366 670 Dei
383 635 568 673 noticiam,
594 645 699 677 quam
716 633 844 666 deinde
858 640 1072 679 sequuntur,
1098 633 1286 673 invocatio,

300 685 490 725 confessio,
519 691 552 717 et
569 683 697 728 reliqui
714 684 839 716 cultus.

401 742 466 776 Vl.
514 741 586 776 Nec
616 743 730 775 solum
763 743 823 775 dat
853 741 999 774 verbum
1030 739 1211 780 Christus,
1246 747 1285 775 ut

299 793 426 828 caeteri
449 791 666 836 Prophetae,
702 793 761 825 sed
788 792 860 836 ipse
881 793 1044 824 admovet
1071 803 1214 831 manu5‚
1246 798 1283 825 ut

297 851 443 878 testetur
464 855 500 877 se
519 843 692 876 efficacem
708 854 798 883 esse,
826 849 859 876 et
877 853 950 875 non
965 842 1135 877 ociosum.
1185 841 1284 875 Talis

298 895 392 928 enim
426 894 595 927 liberator
621 900 690 932 est,
725 900 764 926 ut
788 893 862 936 ipse
885 904 966 924 vere
990 892 1174 925 nobiscum
1197 899 1284 935 agat,

298 946 355 978 det
373 946 464 978 dona
482 943 700 988 petentibus,
726 943 876 986 depellat
894 942 1095 980 diabolum,
1121 942 1210 992 sigut
1227 943 1283 975 in-

297 995 374 1040 quit
405 994 568 1028 loannes:
603 991 766 1027 Christus
796 992 893 1026 venit
916 999 954 1025 ut
988 993 1144 1027 destruat
1175 1005 1282 1037 opera

297 1045 443 1080 diaboli.
494 1044 593 1077 Sicut
610 1041 694 1076 haec
710 1043 782 1086 ipsa
801 1042 970 1075 miracula
989 1043 1024 1074 in
1044 1054 1169 1085 genere
1186 1043 1283 1077 testi-

297 1096 417 1129 monia
449 1101 531 1128 sunt
561 1093 857 1137 promissionum,
893 1094 987 1138 quod
1019 1093 1064 1126 ita
1095 1105 1175 1126 vere
1199 1094 1282 1127 velit

297 1146 482 1179 nobiscum
507 1155 627 1187 agere,
661 1144 757 1176 iuxta
782 1155 861 1177 suas
889 1143 1160 1187 promissiones,
1194 1143 1284 1178 sicut

297 1208 375 1230 cum
395 1196 465 1228 illis
483 1195 570 1238 agit,
597 1205 686 1240 quos
703 1194 830 1228 liberat
848 1194 883 1226 in
903 1191 956 1226 his
974 1193 1164 1227 miraculis.

399 1254 468 1289 Sed
500 1260 596 1287 tanta
620 1259 671 1286 est
693 1253 845 1286 surditas
869 1251 1045 1286 hum-‘inne
1068 1253 1212 1294 mentis,
1244 1259 1283 1287 ut

297 1305 401 1339 etiam
426 1305 537 1338 sancti
562 1304 620 1337 vix
639 1304 786 1336 obscure
803 1300 887 1336 haec
902 1303 1068 1342 audiant,
1097 1303 1283 1337 infirmiter

297 1355 543 1389 assentiantur.
608 1354 772 1387 Petamus
803 1354 910 1396 igitur
938 1365 956 1386 a
984 1351 1146 1391 Christo,
1179 1360 1219 1387 ut
1249 1361 1282 1388 et

297 1406 399 1439 nobis
426 1405 559 1449 aperiat
581 1415 682 1437 aures
703 1411 736 1437 et
760 1415 817 1443 os,
841 1410 879 1437 ut
901 1403 1083 1436 credamus
1103 1415 1182 1436 eum
1201 1416 1282 1437 vere

296 1456 387 1490 affici
417 1467 499 1489 cura
524 1461 663 1487 nostrae
686 1454 828 1493 salutis,
861 1465 941 1487 vere
965 1454 1190 1495 ingemiscere
1214 1454 1282 1486 mi-

296 1506 482 1539 sericordia
510 1512 650 1539 nostrae
673 1504 906 1544 infirmitatis,
941 1511 973 1537 et
1001 1511 1039 1537 nt
1065 1501 1127 1537 hac
1155 1505 1280 1537 fiducia

295 1557 409 1600 ipsum
434 1557 654 1595 invocemus,
681 1561 714 1588 et
735 1555 810 1587 eius
834 1555 1041 1588 beneficium
1067 1554 1281 1589 celebremus

295 1614 413 1641 nostra
432 1605 661 1640 confessione.

405 1728 626 1770 Dominica
655 1726 774 1769 XIII.
802 1730 899 1780 post
931 1726 1167 1768 Trinitatis.

559 1801 793 1847 Evangelium
818 1802 934 1836 Lucae
957 1802 1013 1838 10.

346 1874 400 1913 Et
430 1889 618 1912 conversus
649 1874 704 1910 ad
729 1874 930 1921 discipulos
955 1876 1126 1917 seorsim,
1160 1875 1280 1912 dimit.-

394 1928 508 1963 Beati
536 1926 634 1961 oculi
661 1926 726 1974 qui
756 1924 896 1966 vident,
931 1938 1024 1973 quae
1056 1939 1115 1960 vos
1141 1926 1280 1964 videtis.

397 1979 495 2013 Dico
518 1978 612 2012 enim
636 1976 752 2018 vobis,
779 1974 880 2024 quod
899 1975 1009 2010 multi
1027 1974 1232 2023 Prophetae
1249 1984 1280 2012 el

396 2028 517 2075 Reges
551 2027 737 2062 voluerunt
768 2025 903 2065 videre,
937 2039 1030 2074 :luae
1053 2040 1113 2061 vos
1139 2027 1279 2066 ridelis.

396 2086 426 2115 et
453 2092 525 2113 non
544 2077 727 2118 viderunt,
755 2083 785 2111 el
803 2076 932 2111 audire
949 2090 1042 2125 quae
1059 2076 1221 2120 auditis,
1248 2085 1279 2113 el

397 2143 468 2165 non
486 2128 695 2164 audierunt.

344 2183 397 2218 Et
413 2193 484 2216 erce
499 2179 650 2229 quidam
664 2177 916 2226 Legisperitus
929 2178 1109 2219 surre.1·it‚
1133 2183 1279 2215 ientans

397 2232 523 2270 illum,
551 2236 580 2264 rt
605 2229 744 2264 dicens:
778 2227 988 2273 Allagister,
1023 2228 1117 2275 quid
1129 2232 1279 2279 sacien-

397 2282 459 2320 dn,
488 2283 598 2314 vitam
622 2285 806 2313 aeternam
830 2277 1095 2312 haereditabo?
1146 2282 1193 2315 A!
1215 2281 1278 2316 ille

399 2332 496 2367 dclvi!
521 2331 575 2365 all
598 2344 694 2366 eum:
726 2330 772 2364 In
792 2328 890 2375 Lege
914 2328 1008 2376 quid
1023 2331 1196 2376 scriptum
1217 2338 1277 2370 est,

394 2382 574 2433 quomodo
600 2382 718 2426 legis?
768 2379 1007 2427 Iit-spondens
1025 2387 1144 2415 autem
1163 2382 1277 2417 (Νι-17,-

394 2434 545 2479 lh'liges
559 2432 761 2466 Dominum
772 2431 892 2465 Deum
909 2436 1008 2464 tuum
1026 2444 1071 2465 ω’
1086 2438 1158 2466 toto
1174 2433 1277 2467 corde

395 2493 478 2523 tuo.
506 2490 536 2518 rt
561 2495 606 2517 m·
630 2487 705 2517 tola
731 2483 860 2516 anima
883 2488 966 2520 tua,
996 2487 1026 2516 et
1047 2494 1092 2516 m·
1107 2485 1275 2518 omnibus

395 2535 534 2571 ritihus
558 2535 648 2574 luis,
675 2539 704 2567 el
730 2546 775 2567 rs?
801 2538 877 2566 tota
902 2539 1014 2567 mente
1035 2538 1117 2573 tun,
1145 2540 1175 2567 c!
1191 2548 1275 2581 pro-

391 2590 534 2622 :rimnm
561 2591 661 2619 tuum
685 2585 777 2619 sicut
801 2586 966 2630 teipsum.
1020 2583 1136 2619 J)i.1·i1
1156 2591 1274 2619 autrm

394 2638 473 2672 illc:
506 2635 614 2671 Recte
638 2633 875 2684 respondisti,
911 2631 978 2669 hoc
992 2635 1082 2683 sac,
1114 2641 1145 2670 el
1172 2637 1274 2672 νεὶ-ις.

894 83 1020 120 PHIL.
1047 82 1164 121 MEL.
1191 84 1401 122 SCRIPTA
1427 84 1728 124 EXEGETICA.

1439 168 1515 205 Ille
1537 177 1657 206 autem
1673 171 1795 208 volens
1810 171 2007 220 iustificare
2020 173 2197 221 seipsum,
2221 174 2322 213 dixit
2353 166 2362 214 ¹,

1447 220 1503 256 ad
1516 221 1659 257 Iesum:
1685 222 1740 257 Ei
1754 223 1837 272 quis
1853 229 1904 259 est
1920 237 2020 260 meus
2034 224 2254 271 proximus?
2346 223 2366 233 ¹*

1388 270 1629 320 Respondeas
1656 279 1775 308 autem
1797 273 1925 315 Iesus,
1953 273 2069 309 dixit:
2095 274 2216 310 Homo
2239 277 2324 325 qui—

1440 322 1527 356 dam
1555 322 1789 358 descendebat
1812 325 1860 360 ab
1881 324 2086 360 Ierusalem
2108 325 2147 359 in
2164 325 2324 368 Iericho,

1440 379 1470 407 et
1495 372 1623 408 incidit
1647 374 1686 408 in
1711 373 1894 417 latrones,
1922 376 1988 424 qui
2009 376 2118 410 etiam
2139 374 2324 424 despolia-

1438 429 1562 458 verunt
1586 437 1684 467 eum,
1708 429 1739 458 el
1759 425 1888 472 plagis
1911 425 2054 461 additis
2076 425 2245 461 abierunt
2267 439 2325 461 se·
2354 449 2364 460 .

1438 474 1634 510 mimorluo
1672 474 1805 511 relicto.
1868 473 1971 511 Casu
1997 482 2118 512 aulem
2143 475 2323 512 Sacerdos
2360 497 2361 501 =

1437 524 1590 572 quidam
1614 524 1794 560 descendit
1820 525 1942 561 eadem
1969 528 2048 567 via,
2084 532 2115 561 et
2141 527 2216 561 viso
2242 526 2324 570 illo,
2358 538 2362 564 ;

1434 576 1656 621 praeteris-it.
1712 576 1892 612 Similiter
1912 582 1943 611 et
1958 574 2094 612 Levita
2111 589 2189 612 cum
2207 578 2326 612 venis-
2359 572 2373 618 ⁸,

1436 631 1487 659 set
1510 638 1610 661 secus
1634 627 1769 669 locum,
1797 633 1828 662 et
1850 626 1981 662 videret
1996 640 2096 670 eum,
2117 627 2324 675 pertransi·
2345 648 2371 672 ἓξ

1439 675 1500 711 vit.
1559 676 1828 713 Samaritanus
1849 683 1970 712 autem
1992 677 2145 726 quidam
2168 678 2236 712 iter
2251 678 2324 727 sa·

1440 726 1550 766 ciens,
1579 729 1672 762 venit
1695 741 1795 763 secus
1816 741 1912 770 eum,
1940 734 1971 763 el
1989 727 2112 763 videns
2129 741 2227 771 eum,
2252 728 2324 762 mi-
2357 730 2371 750 '⁴

1438 776 1639 813 sericordia
1665 785 1784 814 molus
1809 785 1871 815 est.
1925 778 1979 813 Et
2003 777 2193 822 accedens,
2228 777 2325 813 obli-
2347 798 2350 800 ·

1433 827 1537 873 gavit
1564 828 1715 863 vulnera
1737 830 1833 870 eius,
1859 828 2064 879 infundens
2086 829 2203 864 oleum
2220 833 2252 863 et
2270 828 2324 862 vi-
2355 857 2359 860 .
2407 851 2409 855 ι

1437 889 1540 913 num.
1609 878 1663 913 Et
1693 880 1881 927 imponens
1914 880 2022 915 illum
2055 880 2095 914 in
2124 880 2324 915 iumentum

1438 940 1563 970 suum,
1597 928 1706 964 duxit
1728 944 1805 965 eum
1830 933 1868 965 in
1890 929 2113 979 hospitium,
2145 936 2175 965 et
2198 942 2324 965 curam

1438 979 1515 1012 eins
1542 980 1624 1025 egil.
1678 979 1732 1014 Et
1757 981 1877 1016 altera
1895 981 1952 1016 die
1967 981 2173 1027 egrediens,
2195 985 2324 1028 protu-
2362 991 2368 997 ·

1437 1028 1482 1062 lit
1508 1028 1600 1064 duos
1629 1029 1816 1074 denarios,
1853 1037 1883 1066 el
1907 1031 2005 1066 dedit
2028 1030 2185 1079 hospiti,
2212 1036 2244 1065 el
2267 1031 2323 1066 all

1438 1079 1517 1113 illi:
1545 1077 1685 1114 Curam
1703 1081 1808 1117 illius
1825 1080 1939 1125 habe,
1962 1088 1992 1117 el
2008 1081 2243 1130 quodcunque
2258 1093 2325 1115 su-

1435 1132 1724 1178 pererogaveris,
1765 1145 1830 1179 ego
1859 1145 1937 1167 cum
1972 1132 2130 1172 rediero,
2171 1129 2322 1166 reddam

1437 1181 1516 1215 tibi.

1435 1233 1631 1278 proximus
1646 1233 1772 1281 fuisse
1794 1233 1871 1274 illi,
1900 1234 1966 1281 qui
1991 1232 2119 1268 incidit
2143 1233 2181 1266 in
2207 1231 2326 1267 Iatro-

1438 1282 1530 1316 nes?
1580 1284 1628 1317 At
1657 1283 1722 1318 ille
1753 1282 1868 1318 dixit:
1904 1282 1983 1331 Qui
2003 1285 2096 1332 secit
2120 1282 2325 1317 misericor-

1438 1330 1540 1366 diam
1557 1333 1595 1367 in
1616 1333 1737 1370 illum.
1791 1334 1855 1369 Ait
1871 1347 1957 1382 ergo
1971 1335 2034 1369 illi
2050 1333 2173 1369 lesus.-
2203 1331 2324 1374 Vade,

1438 1388 1469 1417 εἰ
1487 1388 1525 1417 tu
1537 1385 1610 1431 fac
1626 1384 1809 1422 simililer.

1385 1447 1558 1495 Qualuor
1572 1459 1654 1485 sunt
1673 1451 1852 1496 praecipui
1872 1451 1952 1485 loci.

1489 1517 1515 1553 1.
1569 1518 1684 1552 Locus
1702 1525 1752 1553 est
1768 1518 1929 1553 doctrina
1947 1519 1991 1552 de
2006 1517 2084 1552 fide.

1490 1568 1537 1604 ΙΙ.
1589 1569 1758 1602 Doctrina
1775 1569 1872 1612 legis.

1490 1618 1554 1654 lll.
1606 1618 1776 1653 Definitio
1793 1618 1956 1664 proximi.

1488 1668 1571 1703 llll.
1607 1668 1787 1713 Allegoria
1805 1669 1970 1714 exempli.

1730 1768 1776 1793 De
1805 1767 1926 1798 primo.

1436 1817 1708 1864 Complectenda
1738 1826 1790 1854 est
1823 1820 1980 1864 proxima
2009 1819 2149 1853 concio:
2186 1816 2320 1854 Omnia

1335 1868 1423 1903 mihi
1447 1872 1525 1903 data
1547 1877 1629 1904 sunt
1654 1883 1671 1903 a
1698 1877 1794 1914 patre
1817 1882 1917 1910 meo,
1943 1877 1977 1904 et
2001 1882 2105 1903 nemo
2126 1870 2224 1904 novit
2241 1871 2321 1915 quis

1334 1920 1519 1960 sitFilius,
1545 1921 1612 1954 nisi
1631 1927 1745 1963 pater,
1772 1927 1804 1954 et
1822 1921 1900 1965 quis
1916 1921 1960 1955 sit
1977 1927 2093 1962 pater,
2120 1921 2187 1954 nisi
2198 1920 2322 1963 Filius,

1335 1979 1364 2003 et
1384 1972 1437 2003 cui
1458 1971 1609 2004 voluerit
1623 1971 1733 2004 Filius
1750 1972 1915 2006 revelare.
1969 1970 2061 2005 Huic
2078 1971 2240 2005 concioni
2257 1973 2321 2005 ad-

1334 2021 1385 2055 dit
1412 2019 1660 2065 epiphonema:
1691 2021 1788 2055 Beati
1808 2022 1900 2055 oculi
1917 2028 1980 2055 etc.
2033 2020 2129 2055 Haec
2145 2028 2215 2056 tota
2233 2034 2320 2056 con-

1334 2072 1386 2105 cio
1411 2072 1563 2114 primnm
1588 2073 1753 2116 proponit
1776 2072 1972 2105 doctrinam
1997 2073 2177 2116 propriam
2199 2071 2321 2106 Evan-

1333 2122 1414 2166 gelii
1438 2123 1482 2155 ‹le
1506 2123 1584 2158 fide.
1636 2121 1799 2158 Christus
1820 2123 1912 2156 clare
1933 2123 2037 2161 dicit,
2065 2122 2204 2157 Patrem
2222 2135 2239 2156 a
2257 2135 2320 2158 ne—

1333 2173 1428 2206 mine.
1452 2173 1614 2216 agnosci,
1638 2174 1706 2207 nisi
1732 2174 1907 2207 revelante
1930 2172 2039 2207 Filio:
2067 2185 2148 2216 ergo
2171 2174 2237 2207 nisi
2263 2186 2319 2207 re-

1333 2224 1472 2258 velante
1498 2223 1610 2264 Filio,
1645 2225 1860 2270 impossibile
1883 2231 1931 2258 est
1957 2224 2067 2267 legem
2090 2225 2213 2259 facere.
2271 2221 2318 2258 Et

1331 2275 1380 2308 sic
1403 2276 1634 2319 respondetur
1658 2277 1700 2308 nd
1725 2268 1982 2317 obieciionem,
2010 2287 2099 2320 qnae
2122 2281 2239 2319 postea
2263 2285 2319 2308 se-

1332 2326 1472 2371 quitur,
1499 2337 1577 2359 cum
1595 2325 1634 2360 sit
1649 2326 1782 2360 mentio
1802 2326 1902 2369 legis:
1931 2324 2006 2358 Hoc
2024 2326 2074 2358 sac
2088 2351 2098 2365 ,
2125 2331 2158 2359 et
2176 2325 2283 2360 vives.

1434 2383 1500 2418 llis
1525 2385 1641 2418 verbis
1667 2386 1828 2419 addenda·
1854 2391 1902 2417 est
1925 2384 2032 2417 altera
2049 2383 2184 2417 contio.
2234 2383 2315 2418 Non

1331 2435 1413 2468 satis
1439 2443 1490 2469 est
1512 2436 1634 2469 audire
1658 2437 1783 2478 legem,
1811 2435 1868 2467 sm!
1897 2433 2009 2467 Filius
2032 2435 2231 2468 audiendus
2255 2442 2317 2476 est,
2359 2443 2361 2460 ι’

1332 2486 1490 2519 revelans
1519 2493 1671 2530 patrem,
1704 2483 1770 2518 linc
1797 2492 1863 2521 est,
1898 2485 2113 2519 voluntatem
2139 2484 2248 2529 patris
2270 2485 2315 2519 de
2358 2510 2360 2537 {

1333 2536 1442 2574 Filio,
1476 2549 1547 2569 non
1573 2543 1708 2570 tantum
1731 2538 1774 2568 de
1800 2536 1892 2577 lege,
1917 2537 1975 2569 sed
2000 2536 2240 2579 cognoscenda
2263 2541 2314 2570 est
2356 2551 2358 2563 ι

1330 2588 1493 2620 voluntas
1511 2587 1638 2631 patris,
1665 2599 1727 2620 cnr
1746 2586 1875 2620 Filium
1903 2587 2054 2626 miserit.
2079 2585 2166 2630 quid
2185 2585 2216 2619 ei
2240 2593 2312 2620 tra·
2356 2591 2358 2611 ἵ

1328 2638 1476 2676 diderit.
1505 2637 1636 2672 scilicet
1655 2638 1846 2682 potentiam
1865 2637 2038 2671 liberandi
2057 2647 2166 2680 genus
2184 2633 2312 2671 huma-
2354 2647 2355 2666 1

1569 1181 1666 1230 Quis
1691 1195 1775 1229 ergo
1796 1181 1927 1217 horum
1951 1183 2062 1217 trium
2089 1181 2229 1217 videtur
2254 1181 2325 1217 tibi
2371 1193 2375 1198 ’
2407 1204 2409 1211 ι
