2409 2915
281 84 354 119 583

286 170 369 204 Ideo
394 166 555 202 Christus
580 171 619 198 ut
643 161 758 196 fidelis
782 160 907 194 doctor
930 157 1147 202 Decalogum
1173 170 1273 203 saepe

287 218 469 264 repetivit,
497 224 529 250 et
551 216 654 249 falsas
675 211 981 256 interpretationes
1004 209 1136 244 taxavit
1158 217 1192 245 et
1215 211 1275 242 de-

290 271 390 310 levit,
417 268 505 302 sicut
520 273 642 300 nostro
658 272 815 308 tempore
831 261 1007 296 Dominus
1025 259 1159 294 Doctor
1176 260 1275 294 Mar-

288 321 383 354 tinus
406 319 443 352 in
466 317 725 363 praedicatione
748 312 917 356 Decalogi
946 312 1030 346 tales
1065 309 1276 356 pharisaicas

291 369 598 415 interpretationes
616 367 756 400 delevit.

393 435 532 469 Interea
547 441 662 468 tamen
679 432 776 471 scias,
804 429 901 463 aliud
921 440 993 462 esse
1010 428 1277 472 promissionem

293 487 472 532 propriam
485 484 682 528 Evangelii,
710 479 932 516 etChristum
950 477 1080 513 habere
1097 479 1163 512 alia
1180 478 1279 522 prin-

293 538 419 582 cipalia
441 537 573 577 officia,
603 534 751 573 scilicet,
785 542 910 565 sonare
935 543 1056 564 vocem
1081 528 1281 572 Evangelii,

294 596 327 623 et
350 589 425 622 fieri
448 587 646 626 victimam,
687 591 720 617 et
745 584 828 616 dare
852 581 1094 615 remissionem
1121 587 1280 625 peccato-

294 651 392 679 rum,
424 638 599 672 iusticiam
624 642 656 670 et
682 635 789 669 vitam
813 640 1003 668 aeternam.

295 690 413 723 verba.

399 756 481 790 Non
497 755 578 788 veni
604 755 741 788 solvere
764 753 888 796 legem.
940 751 1086 786 Solvere
1110 749 1282 793 significat

296 808 430 848 delere,
461 806 646 852 megtbun,
676 806 739 840 nub
757 804 934 848 austilgcn.

401 873 565 908 Affirmat
579 873 689 917 igitur
703 873 805 911 clare,
832 870 926 915 quod
943 868 1015 912 ipse
1033 879 1105 901 non
1121 867 1206 901 velit
1221 869 1280 901 de-

297 927 368 959 lere
385 926 516 969 legem,
544 924 706 957 videlicet
717 922 942 963 Decalogum.
989 917 1284 962 NamDecalogus

298 983 348 1010 est
366 977 425 1009 illa
443 987 522 1020 pars
542 975 646 1017 legis,
674 985 763 1018 quae
779 979 828 1005 est
845 971 1117 1004 fundamentum
1133 969 1283 1002 aliarum

297 1028 412 1070 legum
425 1054 433 1066 ‚
459 1034 490 1059 et
508 1032 558 1059 est
572 1024 743 1058 sententia
762 1028 946 1067 perpetua,
983 1027 1014 1054 et
1031 1021 1074 1053 ad
1091 1027 1204 1054 totum
1221 1031 1284 1063 ge-

297 1089 364 1110 nus
380 1075 574 1110 humanum
592 1075 762 1120 pertinet,
798 1085 871 1106 non
897 1078 1032 1106 tantum
1051 1072 1093 1104 ad
1113 1071 1284 1116 populum

299 1127 491 1161 Iudaicum.

401 1194 519 1238 Quare
536 1199 651 1226 autem
669 1204 743 1225 non
767 1191 905 1224 deletur
921 1187 1138 1232 Decalogus‘?
1193 1187 1286 1231 Quia

298 1258 370 1280 non
397 1253 447 1279 est
472 1251 610 1279 tantum
638 1244 775 1288 pictura
804 1242 842 1274 in
868 1241 970 1274 libris
998 1240 1053 1272 vel
1082 1239 1286 1283 parietibus,

298 1298 357 1331 sed
382 1303 432 1330 est
456 1295 531 1340 ipsa
553 1294 725 1338 sapientia
750 1300 784 1327 et
807 1292 970 1326 voluntas
991 1290 1075 1331 Dei,
1117 1301 1204 1334 quae
1238 1297 1288 1323 est

299 1355 459 1386 aeterna,
486 1347 577 1379 sicut
600 1346 673 1389 ipse
692 1343 799 1378 Deus.

402 1413 501 1448 Sicut
532 1412 638 1455 igitur
671 1409 840 1455 sapientia
875 1415 909 1442 et
939 1408 1101 1441 voluntas
1126 1406 1192 1441 Dei
1215 1419 1288 1440 non

300 1473 447 1511 possunt
472 1463 604 1503 deleri,
647 1462 692 1496 ita
718 1462 772 1494 lex
797 1472 870 1493 non
894 1465 1004 1503 potest
1028 1458 1158 1499 deleri,
1200 1458 1289 1491 sicut

303 1517 464 1550 videmus
491 1525 632 1547 manere
658 1523 788 1557 poenas
812 1511 849 1543 in
876 1509 979 1542 nobis
1004 1509 1107 1553 ipsis,
1136 1509 1216 1554 quia
1234 1519 1290 1542 eas

303 1568 376 1607 lex,
405 1567 439 1599 id
458 1572 525 1605 est,
554 1564 643 1597 iusta
662 1563 825 1596 voluntas
839 1559 905 1594 Dei
924 1560 1088 1603 imponit.

402 1631 464 1666 Ait
480 1642 578 1674 ergo:
607 1629 686 1663 Non
706 1627 787 1662 veni
815 1627 950 1661 solvere
976 1627 1105 1669 legem,
1138 1625 1197 1658 sed
1223 1625 1290 1658 im-

301 1684 405 1728 plere.

403 1741 497 1775 Ilaec
521 1740 627 1773 verba
653 1739 757 1783 plena
781 1744 864 1771 sunt
886 1737 1057 1770 maximae
1089 1734 1290 1778 sapientiae,

300 1801 333 1827 et
356 1794 484 1827 debent
509 1803 582 1824 esse
605 1789 787 1823 notissima
804 1788 990 1828 omnihus,
1017 1793 1050 1820 et
1073 1797 1176 1829 saepe
1198 1786 1292 1829 cogi-

301 1846 406 1878 tanda
425 1850 522 1882 sunt,
550 1848 588 1875 ut
607 1840 775 1884 paulatim
795 1839 903 1882 magis
918 1838 1098 1882 magisque
1123 1848 1160 1870 ea
1187 1836 1291 1870 intel—

302 1895 408 1938 ligere
427 1894 614 1927 discamus.

397 1952 444 1988 Ut
464 1959 579 1985 autem
598 1961 661 1994 pro
680 1955 798 1981 nostra
816 1946 1018 1980 infirmitate
1037 1953 1216 1990 utcunque
1231 1946 1292 1978 de-

301 2006 474 2039 claremus
499 2000 583 2035 haec
602 2001 725 2041 verba,
759 1998 940 2032 sciendum
970 2004 1038 2038 est,
1072 1997 1166 2042 quod
1187 1994 1293 2030 Chri-

302 2063 375 2090 stus
402 2054 522 2098 implet
548 2053 657 2095 legem
676 2053 837 2097 quatuor
853 2048 979 2082 modis.

406 2113 566 2146 Primum
581 2138 590 2152 ,
641 2122 722 2142 suae
760 2108 923 2153 propriae
957 2107 1177 2141 obedientiae
1214 2118 1293 2151 per-

303 2166 470 2204 fectione,
492 2163 574 2208 quia
592 2161 688 2194 solus
701 2158 864 2194 Christus
881 2159 1028 2203 perfecte
1048 2158 1126 2191 facit
1148 2158 1268 2201 legem.

406 2223 588 2261 Secundo,
615 2220 785 2254 solvendo
803 2230 932 2263 poenas
951 2231 1013 2262 pro
1033 2217 1144 2251 nobis.

406 2282 549 2325 Tertio,
577 2281 760 2314 efficiendo
779 2279 887 2322 legem
907 2278 941 2310 in
960 2277 1080 2317 nobis,
1108 2278 1195 2310 dans
1211 2275 1292 2320 Spi-

305 2336 412 2369 ritum
438 2339 614 2371 sanctum,
641 2338 673 2365 et
696 2341 906 2374 regenerans
931 2340 1012 2367 nos,
1049 2335 1080 2361 et
1107 2328 1292 2361 restituens

303 2386 406 2420 nobis
440 2384 546 2417 vitam
575 2389 773 2421 aeternam,
815 2386 853 2414 ut
877 2380 922 2414 ita
950 2380 1008 2413 fiat
1035 2379 1086 2412 lex
1115 2379 1149 2411 in
1178 2379 1291 2418 nobis,

301 2437 384 2483 quia
400 2441 537 2480 oportet
554 2440 690 2467 nostras
708 2433 905 2466 voluntates
922 2442 1113 2474 congruere
1136 2442 1213 2463 cum
1238 2441 1291 2464 sa-

301 2487 432 2532 pientia
450 2493 482 2520 et
499 2485 679 2519 voluntate
696 2482 774 2517 Dei.

403 2545 561 2588 Quarto,
594 2542 676 2587 quia
703 2542 776 2586 ipse
796 2553 870 2575 eam
895 2541 998 2574 etiam
1026 2540 1126 2572 docet
1151 2546 1182 2573 et
1208 2539 1290 2573 illu-

299 2603 404 2637 strat,
430 2602 462 2629 et
480 2601 625 2629 testatur
641 2593 878 2627 obedientiam
896 2604 968 2626 esse
985 2591 1227 2625 necessariam.

882 71 1007 108 PHlL.
1034 69 1150 107 MEL.
1179 68 1390 108 SCRIPTA
1418 69 1716 107 EXEGETICA.

1064 631 1137 665 Iam
1166 631 1280 665 videte
1316 659 1319 661 .

2235 73 2311 110 584

1723 160 1780 193 De
1808 159 1920 193 dicto:

1464 217 1541 248 Non
1564 216 1638 249 veni
1659 215 1782 248 solvere
1804 215 1925 258 Ieyem,
1953 214 2011 246 sed
2032 213 2176 254 implere.

1430 294 1618 339 Coepimus
1654 308 1768 340 nuper
1802 295 1918 328 dicere
1952 295 1994 328 de
2021 291 2087 327 hac
2112 291 2316 336 gravissima

1331 346 1519 379 sententia:
1548 345 1629 379 Non
1655 347 1734 379 veni
1758 347 1893 380 solvere
1914 346 2045 389 legem,
2071 345 2131 377 sed
2157 342 2313 386 implere.

1331 395 1374 430 Et
1391 408 1453 430 vos
1469 394 1660 438 adhortor,
1686 403 1727 431 ut
1743 409 1817 430 eam
1837 403 2006 441 perpetuo
2023 393 2223 428 meminisse
2243 398 2318 426 stu-

1332 448 1442 481 deatis
1451 472 1462 488 ‚
1491 454 1524 481 et
1540 459 1641 492 saepe
1656 448 1823 491 cogitetis.

1434 497 1516 532 Dixi
1541 505 1677 541 autem,
1720 497 1913 533 Dominum
1937 505 2089 544 quatuor
2111 494 2227 528 modis
2250 493 2317 526 im-

1333 549 1428 594 plere
1447 550 1570 593 legem.
2363 566 2383 596 -

1434 599 1614 641 Primum,
1642 599 1854 644 perfectione
1874 600 2037 644 propriae
2051 596 2283 632 obedientiae.

1436 649 1618 692 Secundo,
1643 651 1850 684 sustinendo
1868 662 2032 695 poenam,
2059 660 2163 693 quarn
2180 659 2245 681 nos
2262 649 2323 680 de-

1335 703 1459 736 bemus
1477 702 1635 736 iusticiae
1655 701 1732 737 Dei.

1439 752 1583 794 Tertio,
1612 754 1815 787 renovando
1845 764 1928 794 n05‚
1954 758 1993 786 ut
2014 750 2189 799 possimus
2212 749 2324 792 legem
2407 738 2409 777 ⁴}

1335 803 1460 838 facere.

1439 854 1597 898 Quarto,
1624 855 1804 898 docendo,
1839 861 1872 888 et
1895 853 2053 888 tollendo
2077 863 2212 885 errores
2237 848 2326 895 pha-

1337 917 1489 940 r1sa1c0s.

1439 955 1492 990 De
1521 956 1636 1001 primo
1661 958 1766 990 modo
1791 969 1863 991 non
1894 963 1943 991 est
1966 955 2099 1001 prolixe
2124 954 2327 993 dicendum,

1338 1009 1397 1040 sed
1421 1006 1488 1041 hoc
1510 1009 1647 1041 moneri
1671 1020 1759 1052 opus
1781 1015 1849 1048 est,
1891 1009 1984 1053 quod
2010 1006 2129 1039 nullus
2155 1003 2262 1038 homo
2288 1003 2325 1036 in

1338 1066 1412 1093 toto
1427 1070 1554 1103 genere
1573 1057 1730 1092 humano
1747 1059 1814 1092 suit
1828 1059 1904 1092 sine
1919 1065 2058 1103 peccato
2071 1084 2078 1097 ‚
2112 1063 2145 1090 et
2161 1054 2327 1089 satisfecit

1338 1110 1426 1153 legi,
1469 1110 1536 1143 nisi
1553 1110 1648 1143 solus
1669 1107 1727 1143 hic
1747 1108 1923 1143 Dominus
1940 1109 2033 1143 lesus
2050 1105 2230 1145 Christus,
2267 1104 2330 1151 qui

1339 1167 1442 1194 natus
1466 1168 1515 1194 est
1540 1173 1580 1194 ex
1596 1160 1713 1194 Maria
1740 1160 1888 1203 virgine.
1947 1158 1991 1194 Et
2017 1157 2113 1192 hunc
2130 1156 2327 1191 Dominum

1339 1212 1497 1256 oportuit
1514 1223 1586 1245 esse
1600 1212 1676 1244 siue
1692 1218 1832 1255 peccato
1844 1236 1853 1248 ,
1880 1216 1919 1245 ut
1944 1222 2055 1254 poena
2074 1210 2112 1242 in
2128 1209 2243 1253 ipsum
2265 1208 2328 1240 de-

1340 1264 1451 1297 rivata
1469 1263 1618 1303 valeret,
1646 1275 1719 1296 non
1736 1274 1800 1307 pro
1817 1262 1912 1306 ipso,
1940 1263 1999 1295 sed
2018 1273 2082 1306 pro
2097 1260 2185 1295 aliis.

2358 939 2379 1055 -5’05‘
2359 818 2374 923 arv-..-

1653 1361 1699 1385 De
1725 1362 1884 1386 secundo
1912 1361 2020 1386 modo.

1441 1423 1633 1468 Praecipue
1668 1423 1826 1468 loquitur
1856 1421 2034 1457 Dominus
2062 1419 2129 1455 hoc
2167 1420 2244 1454 loco
2285 1422 2329 1454 de

1340 1476 1494 1509 secundo
1512 1475 1637 1515 modo,
1664 1474 1801 1508 tametsi
1821 1473 1946 1509 caeteri
1968 1472 2063 1507 modi
2088 1473 2130 1505 ad
2149 1471 2250 1505 illum
2276 1482 2330 1504 se-

1341 1533 1511 1572 quuntur.

1432 1574 1497 1610 Est
1515 1583 1630 1609 autem
1650 1575 1824 1609 secundus
1842 1576 1968 1609 modus
1984 1574 2135 1608 maxime
2151 1572 2331 1606 admiran-

1342 1629 1418 1662 dus.
1479 1625 1644 1662 Christus
1667 1626 1791 1671 implet
1813 1626 1944 1671 legem,
1979 1625 2112 1660 scilicet
2134 1623 2330 1658 derivando

1342 1680 1379 1712 in
1404 1691 1440 1712 se
1464 1690 1634 1724 poenam,
1667 1684 1700 1711 et
1726 1678 1773 1711 ita
1800 1689 1863 1721 pro
1885 1677 1988 1711 nobis
2013 1675 2265 1721 persolvendo,
2292 1680 2332 1708 ut

1341 1742 1405 1763 nos
1423 1736 1567 1773 propter
1583 1741 1662 1761 eum
1679 1728 1905 1771 recipiamur.

1445 1779 1513 1813 Hic
1531 1779 1706 1812 discamus
1723 1784 1902 1822 peccatum
1920 1789 1992 1811 esse
2019 1789 2092 1809 rem
2117 1774 2332 1809 horrendam

1342 1838 1375 1865 et
1391 1831 1600 1879 pessimam,
1627 1829 1801 1874 siquidem
1819 1826 1916 1862 Deus
1930 1840 2002 1861 non
2021 1827 2134 1861 voluit
2155 1827 2333 1860 remittere

1344 1889 1534 1927 peccatum,
1561 1880 1627 1913 nisi
1646 1886 1740 1914 tanta
1759 1879 2044 1924 compensatione
2063 1877 2332 1912 interveniente.

1444 1930 1490 1967 Et
1506 1931 1769 1965 consideremus
1787 1926 1861 1968 hic,
1889 1930 2068 1975 quomodo
2089 1928 2250 1961 miranda
2276 1938 2332 1961 sa-

1344 1984 1474 2029 pientia
1491 1981 1555 2015 Dei
1573 1982 1608 2014 in
1627 1981 1844 2015 redemtione
1864 1979 2020 2015 hominis
2037 1979 2248 2024 copulentur
2262 1978 2331 2012 mi-

1343 2034 1533 2069 sericordia
1553 2040 1585 2067 et
1606 2033 1754 2066 iusticia.

1448 2084 1588 2119 lusticia
1607 2083 1672 2117 Dei
1689 2090 1736 2117 est
1749 2110 1756 2123 ,
1782 2089 1819 2115 ut
1839 2089 1914 2127 post
1932 2083 2067 2127 lapsum
2083 2080 2195 2115 Adam
2215 2078 2333 2116 etEva

1344 2137 1413 2171 sint
1429 2136 1588 2170 damnati
1608 2136 1649 2168 ad
1672 2145 1800 2179 poenas
1817 2141 1986 2175 aeternas,
2008 2133 2096 2167 sicut
2112 2132 2258 2168 diaboli.
2286 2129 2333 2167 Et

1343 2189 1390 2223 ita
1408 2187 1641 2222 ratiocinatur
1658 2187 1792 2226 Adam,
1819 2197 1898 2218 cum
1917 2198 1934 2218 a
1953 2183 2028 2219 Deo
2045 2190 2237 2218 accusatur.
2406 2197 2409 2236 Ι

1446 2238 1515 2273 Sed
1535 2237 1646 2271 Filius
1658 2236 1723 2271 Dei
1744 2236 1956 2276 intervenit,
1983 2242 2015 2269 et
2032 2242 2108 2269 orat
2125 2246 2187 2279 pro
2205 2246 2331 2278 genere

1343 2288 1522 2333 humano,
1566 2296 1597 2323 et
1623 2295 1660 2322 ut
1688 2288 1844 2322 iusticiae
1868 2288 1976 2331 patris
2001 2286 2160 2326 satisfiat,
2203 2286 2239 2319 fit
2265 2283 2332 2320 hoc

1342 2342 1546 2376 mirandum
1565 2341 1757 2379 decretum,
1783 2345 1819 2372 ut
1834 2338 1945 2372 Filius
1963 2338 2122 2371 adsumat
2138 2334 2330 2371 humanam

1344 2400 1524 2433 naturam,
1552 2399 1588 2427 et.
1603 2391 1744 2425 obediat
1768 2390 1853 2433 legi,
1880 2396 1914 2424 et
1940 2389 2109 2423 sustineat
2134 2385 2329 2422 horrendas

1342 2455 1474 2490 poenas
1489 2455 1552 2488 pro
1572 2454 1697 2486 genere
1717 2439 1884 2474 humano.

1446 2494 1496 2528 lta
1512 2494 1607 2529 Deus
1626 2505 1687 2537 per
1711 2492 1986 2526 misericordiam
2011 2490 2135 2535 recipit
2157 2487 2330 2529 homines,

1341 2547 1470 2580 scilicet
1489 2551 1631 2591 propter
1647 2545 1892 2588 deprecantem
1902 2542 2045 2582 Fitium,
2061 2542 2118 2576 sed
2137 2548 2252 2575 tamen
2270 2551 2330 2573 co-

1342 2598 1460 2643 pulata
1479 2604 1528 2631 est
1546 2596 1700 2635 iusticia,
1730 2595 1776 2628 sic
1789 2623 1797 2637 ,
1824 2602 1861 2629 ut
1880 2594 1993 2629 Filius
2009 2592 2194 2627 sustineret
2211 2597 2327 2625 tamen

1342 2662 1489 2694 poenam
1510 2660 1574 2694 pro
1593 2646 1747 2681 caeteris.

2397 1513 2407 1951 *u-d—:2>-:1-·-v——vf——.-

2407 2244 2409 2255 -
2402 1954 2409 2189 -ffl———suoe
