2409 2915
83 89 183 129 1117
357 87 437 122 XII.

199 171 279 207 Hoc
305 177 425 208 autem
453 170 622 207 dicebant
648 176 828 206 tentantes
855 185 947 210 eum.

182 243 276 286 Quia
292 242 449 275 sciebant
468 242 577 284 legem
597 241 666 274 iam
692 248 791 282 ante,
818 249 857 275 ut
875 240 965 275 nibil
984 253 1073 285 opus

79 294 185 328 fuerit
210 294 445 336 interrogare,
479 290 651 338 (sciebant
678 299 793 325 autem
822 293 900 326 aliis
930 293 1071 326 remissa

81 356 152 379 esse
178 348 332 388 peccata)
363 345 442 377 ideo
467 343 633 376 volebant
655 343 826 387 experiri,
870 356 954 377 num
979 344 1072 377 idem

80 392 138 429 hic
169 396 323 428 facturus
357 400 462 435 esset,
497 393 558 427 ubi
589 395 641 427 lex
667 400 735 427 tam
761 406 878 427 severe
903 395 1074 439 praecipit

80 445 326 481 animadverti.
386 445 458 478 Lex
480 452 612 488 pugnat
635 457 714 478 cum
738 443 943 488 Evangelio.
1002 445 1074 479 Lex

81 497 185 541 exigit
201 508 349 541 poenam
370 506 433 540 pro
450 502 590 539 peccato
605 523 614 538 ,
641 493 874 539 Evangelium
897 497 1074 530 condonat

79 549 198 591 gratis.

278 603 416 651 Digito
443 603 624 639 scribebat
653 604 691 638 in
728 609 873 641 terram.

178 672 268 708 Cum
291 673 414 706 scribit
439 673 475 706 in
502 679 629 706 terram
657 681 918 717 repraesentare
934 674 1074 707 videtur

78 725 216 760 tabulas
240 724 334 757 Mosi
359 736 498 764 saxeas,
539 724 576 756 in
607 735 693 769 quas
724 725 779 757 lex
801 737 818 757 a
847 724 921 758 Deo
945 725 1072 769 scripta

80 782 149 817 est,
175 783 208 810 et
235 775 313 808 ideo
339 775 376 808 in
394 787 535 815 saxum,
564 774 652 808 sicut
670 775 862 819 Apostolus
891 776 961 816 ait,
990 776 1072 821 quia

79 827 180 860 litera
198 832 333 860 tantum
357 832 426 866 est3
456 823 522 858 hoc
543 831 610 858 est:
647 827 761 869 quoad
780 833 904 860 natura
921 838 983 871 per
999 838 1070 860 sese

79 877 178 912 audit
196 877 306 920 legem
320 903 328 916 ‚
355 888 427 909 non
446 876 490 909 sit
510 876 610 909 vix-us
625 876 768 910 affectus
794 884 826 910 et
852 878 930 910 viva
948 884 1070 911 natura

79 928 240 962 cordium
272 935 475 960 nostrorum
510 927 580 967 lex;
628 927 686 960 sed
723 929 817 972 qnod
848 928 901 961 bis
939 928 1071 966 scribit,

79 979 196 1012 nescio
214 990 258 1011 an
274 978 316 1010 ad
336 978 493 1021 duplices
508 978 646 1011 tabulas
665 979 849 1021 pertineat.
903 977 1071 1026 Dupliccs

79 1036 196 1063 autem
222 1028 362 1063 tabulae
376 1028 571 1071 significare
590 1029 756 1062 videntur
775 1029 952 1074 duplicem
969 1041 1070 1062 usum

77 1080 174 1124 legis.
230 1079 329 1113 Alter
346 1086 396 1113 est
413 1091 491 1112 cum
514 1079 670 1112 auditam
699 1080 809 1121 legem
832 1092 1001 1114 conamur
1020 1081 1071 1113 sa-

79 1143 170 1164 cere:
207 1142 244 1164 ea
270 1130 352 1162 facit
379 1130 491 1168 idola,
527 1130 676 1170 vitulos,
711 1143 788 1163 cum
813 1143 893 1164 caro
918 1143 990 1164 non
1016 1132 1072 1164 in-

77 1182 204 1225 telligit
231 1181 470 1214 infirmitatem
501 1192 599 1213 suam
626 1188 658 1214 et
683 1187 800 1214 tamen
825 1182 935 1225 legem
960 1183 1072 1215 facere

78 1240 244 1270 conatur,
273 1238 306 1264 et
321 1244 383 1275 per
401 1232 460 1264 illa
480 1244 584 1275 opera
607 1239 703 1275 putat
721 1244 755 1265 se
773 1232 968 1266 iustificari.
1005 1233 1071 1266 Al-

78 1291 132 1317 ter
155 1290 221 1323 est,
248 1294 328 1315 cum
353 1283 406 1315 lex
432 1282 479 1315 sic
505 1283 658 1315 ostendit
685 1290 883 1326 peccatum,
916 1284 1072 1326 coarguit

78 1346 162 1374 1105,
203 1334 352 1367 intentat
393 1340 562 1373 mortem,
610 1340 649 1366 ut
678 1334 794 1377 adigat
829 1335 872 1366 ad
908 1335 1073 1381 despera-

80 1385 223 1419 tionem.

355 1438 433 1488 Qui
457 1440 535 1475 sine
558 1445 703 1488 peccato
733 1446 795 1478 est.

179 1508 316 1543 Omnes
353 1520 474 1541 sumus
512 1515 708 1553 peccatores
740 1517 772 1543 et
796 1510 919 1543 inanes
961 1511 1072 1553 gloria

79 1561 164 1599 Dei,
200 1567 238 1594 ut
261 1560 310 1593 ait
330 1557 436 1593 Rom.
454 1558 514 1594 ΙΙΙ.
535 1566 597 1593 etc.
619 1579 669 1584 —
705 1558 877 1601 Exibunt,
905 1561 926 1593 i.
946 1573 976 1596 e.
999 1573 1070 1594 non

80 1613 258 1650 redibant,
294 1617 331 1643 nt
358 1610 425 1641 fide
449 1609 743 1651 iustificarentur‚
771 1611 852 1656 qnia
875 1611 961 1654 legis
986 1624 1072 1656 ope—

79 1663 178 1697 ribus
201 1673 236 1695 se
255 1660 441 1694 iustificare
460 1661 637 1695 volebant.

354 1742 430 1778 lVec
454 1756 518 1790 ego
541 1748 572 1777 le
595 1742 802 1779 condemno.

181 1811 274 1855 Quia
293 1823 366 1845 non
385 1822 462 1845 sum
488 1812 649 1846 minister
670 1813 862 1856 corporalis
884 1813 1073 1846 ministerii

81 1864 177 1907 legis.
230 1862 344 1903 Vade,
372 1863 445 1896 noli
464 1875 604 1907 peccare
620 1864 789 1907 amplius,
818 1865 839 1897 i.
857 1876 885 1897 e.
906 1876 966 1907 age
989 1876 1073 1908 poe-

80 1914 281 1949 nitentiam.

352 1976 440 2024 Ego
464 1990 547 2012 sum
573 1977 643 2013 lux·
665 1976 806 2013 mundi.

183 2047 226 2081 In
243 2058 378 2080 summa
404 2045 462 2080 hic
489 2048 709 2092 disputatur,
737 2049 822 2094 quid
843 2049 892 2087 ,sit
911 2049 1072 2094 Evange-

80 2100 188 2139 lium,
212 2105 245 2131 et
270 2109 358 2142 quae
381 2098 425 2132 sit
450 2098 523 2131 eius
548 2099 745 2132 auctoritas.
798 2098 874 2143 Ego
900 2112 976 2133 sum
1003 2102 1073 2143 lux,

80 2151 102 2186 i.
118 2163 147 2185 e.
166 2161 238 2183 non
258 2150 402 2187 doctor,
429 2149 488 2181 sed
506 2149 566 2194 qui
593 2149 791 2183 illuminem
818 2159 849 2184 et
876 2163 987 2184 creem
1006 2165 1072 2185 no-

80 2213 163 2235 vum
183 2201 302 2234 lumen
328 2199 364 2232 in
385 2200 551 2233 cordibus
575 2200 806 2236 credentium.
860 2200 930 2244 Qui
955 2203 1072 2248 seq-ii-

79 2259 138 2286 tur
154 2263 229 2292 me,
256 2251 291 2283 id
307 2257 378 2290 est,
405 2250 466 2295 qui
483 2250 593 2284 credit
611 2251 648 2283 in
669 2263 742 2291 me,
769 2263 842 2284 non
859 2253 1016 2287 ambulat
1035 2254 1071 2286 in

80 2302 254 2341 tenebris,
281 2301 362 2346 quia
385 2301 445 2346 qui
470 2298 705 2346 apprehendit
731 2299 796 2335 hoc
821 2302 939 2336 lumen
964 2301 1069 2337 habe-

81 2353 135 2388 bit
159 2353 279 2387 lumen
307 2352 416 2393 vitae,
446 2352 468 2387 i.
492 2365 519 2388 e.
551 2352 740 2386 vivificum.
810 2351 1071 2388 Testimonium

82 2412 183 2439 tuum
207 2415 281 2436 non
299 2410 349 2437 est
364 2409 444 2442 etc„
472 2401 538 2437 hoc
556 2409 623 2442 est,
659 2403 805 2436 verbnm
825 2403 892 2437 Dei
916 2407 1072 2449 postula-

82 2466 160 2489 mus
178 2466 250 2487 non
271 2461 383 2488 tuum.

266 2535 402 2571 Verum
425 2541 475 2571 est
500 2537 746 2572 testimonium
768 2550 896 2579 meum,

83 2607 215 2641 scilicet
232 2605 314 2651 quia
332 2603 428 2639 Deus
449 2616 537 2640 sum.
589 2604 636 2640 Et
662 2608 756 2640 unde
784 2607 864 2641 veni
889 2607 979 2648 scio,
1006 2608 1072 2641 sci-

82 2658 164 2693 licet
180 2657 249 2692 scio
269 2657 363 2703 quod
381 2667 398 2689 a
417 2662 514 2701 patre
531 2658 770 2701 processerim.
824 2657 869 2692 Et
885 2671 954 2705 quo
973 2659 1073 2698 vado,

495 85 885 122 ANNOTATlONES
913 85 982 129 ΕΤ
1009 84 1287 122 CONCIONES
1323 86 1373 122 IN
1407 87 1591 124 EVANG.
1621 87 1833 124 IOANNlS.

2012 91 2107 126 1118

1122 172 1253 207 scilicet
1275 175 1316 206 ad
1337 181 1481 217 patrem.
1535 174 1607 208 Vos
1632 182 1749 209 autem
1767 175 1927 217 nescitis,
1954 175 2035 221 quia
2056 187 2107 208 se-

1121 224 1275 256 cundum
1299 237 1437 258 carnem
1462 226 1644 266 iudicatis,
1673 234 1704 260 et
1721 228 1915 261 secundum
1934 239 1990 265 en,
2019 238 2107 271 quae

1121 272 1389 317 comprehendit
1422 277 1511 310 ratio
1546 274 1710 310 bumana.
1772 276 1846 321 Ego
1879 289 1951 311 non
1990 277 2107 310 iudico

1121 336 1339 370 quenquam,
1366 327 1457 360 sicut
1479 339 1581 371 supra
1609 329 1711 361 dixit:
1741 328 1824 362 Non
1842 329 1921 361 veni
1941 328 2109 368 indicare,

1121 376 1201 420 quia
1231 378 1310 409 veni
1338 377 1488 415 salvare,
1532 390 1604 410 non
1630 379 1797 414 iudicare.
1857 377 1902 413 Et
1928 379 1954 411 si
1981 379 2108 419 indico,

1121 427 1253 460 scilicet
1271 428 1352 472 quia
1383 440 1460 462 sum
1495 428 1730 470 iudicaturus,
1764 430 1859 463 iuxta
1888 431 1980 475 quod
2004 441 2108 473 supra

1121 484 1171 511 est
1187 478 1298 522 capite
1316 479 1453 523 quinto.
1508 478 1545 512 Si
1565 480 1716 518 sciretis,
1745 480 1891 513 forsitan
1916 488 1948 514 et
1973 487 2108 524 patrem

1122 535 1186 564 etc.
1239 528 1402 563 Forsitan
1426 530 1616 563 delendum
1641 537 1702 566 est.
1755 530 1914 571 Sciretis,
1940 531 2020 575 quia
2048 542 2109 575 per

1121 577 1300 613 Christum
1319 587 1416 624 pater
1431 581 1664 627 cognoscitur,
1691 588 1867 625 utsupra:
1895 581 2021 620 Filius,
2048 580 2107 626 qni

1121 636 1172 663 est
1193 630 1229 662 in
1255 631 1335 664 sinu
1361 631 1486 675 patris,
1521 633 1594 675 ipse
1619 633 1803 666 enarravit.
1829 652 1880 657 —
1915 631 1988 675 Ego
2008 633 2109 670 vado,

1121 687 1153 714 et
1175 682 1342 726 quaeritis
1366 694 1440 723 me3
1483 683 1603 727 quales
1627 691 1729 721 sunt,
1763 683 1823 728 qui
1850 695 1922 716 non
1949 684 2108 716 credunt.

1121 730 1211 774 Quis
1222 739 1270 765 est
1287 733 1420 766 fructus
1437 733 1715 766 incredulitatis?
1741 733 1821 767 Non
1838 734 1997 767 invenire
2011 745 2108 777 posse

1120 780 1312 816 Christum.
1335 804 1385 809 —
1419 783 1615 826 Quaeritis,
1644 785 1773 817 scilicet
1791 797 1852 828 per
1879 785 2033 817 iusticias
2051 796 2110 816 ve—

1120 840 1216 868 stras,
1236 853 1285 858 -—
1324 834 1369 868 Et
1402 835 1438 867 in
1471 842 1609 879 peccato
1643 842 1757 868 vestro
1789 835 2008 875 moriemini;
2037 834 2111 868 scil.

1122 885 1210 917 adeo
1227 883 1317 917 nihil
1335 886 1489 918 efficiunt
1509 886 1669 918 iusticiae
1687 893 1830 924 vestrae,
1858 887 1986 931 quibus
2003 884 2111 929 vos¹).

1121 934 1202 977 Quo
1224 947 1286 979 ego
1311 938 1421 975 vado,
1447 936 1521 968 scil.
1545 939 1587 968 ad
1615 943 1765 980 patrem,
1794 948 1856 970 vos
1876 949 1949 970 non
1969 936 2110 980 potestis

1120 986 1259 1026 venire,
1288 987 1370 1031 quia
1389 999 1427 1019 ex
1445 987 1510 1019 fide
1534 998 1573 1020 eo
1595 999 1667 1020 non
1692 987 1855 1028 tenditis,
1884 988 1944 1020 sed
1971 999 2032 1031 per
2051 999 2110 1019 ve-

1120 1043 1210 1070 stras
1232 1037 1397 1071 iusticias.

1221 1087 1391 1133 Nunquid
1419 1089 1604 1123 interficiet
1636 1100 1670 1121 se
1704 1089 1843 1132 ipsum'.>
1877 1089 2006 1122 scilicet
2031 1088 2111 1132 quia

1120 1150 1200 1171 caro
1216 1146 1284 1183 est,
1313 1140 1402 1173 sicut
1422 1153 1485 1174 nos
1500 1151 1638 1180 sumus3
1666 1152 1745 1172 caro
1775 1140 1881 1183 igitur
1906 1152 1978 1172 nou
2001 1146 2113 1182 potest

1120 1189 1238 1234 aliquo
1257 1192 1458 1234 pervenire,
1487 1204 1555 1236 quo
1576 1202 1639 1223 nos
1663 1202 1734 1223 non
1760 1191 1944 1234 possimus.
2000 1188 2113 1228 vado,

1122 1241 1197 1274 scil.
1214 1252 1274 1284 per
1300 1249 1447 1275 mortem
1476 1244 1517 1275 ad
1547 1249 1691 1285 patrem.
1747 1240 1818 1274 Vos
1835 1243 1999 1275 deorsum
2021 1240 2114 1279 estis,

1122 1291 1146 1324 i.
1166 1303 1192 1324 e.
1218 1292 1366 1330 terreni,
1396 1305 1477 1335 ergo
1505 1300 1641 1325 terrena
1668 1292 1798 1335 sapitis.
1853 1291 1930 1336 Ego
1955 1293 2114 1335 desuper,

1122 1341 1158 1374 id
1197 1349 1247 1375 est
1276 1343 1455 1383 coelestis,
1497 1356 1577 1386 ergo
1608 1343 1766 1375 coelestia
1799 1344 1907 1387 sapio.
1970 1341 2041 1375 Vos
2072 1343 2114 1374 de

1123 1393 1275 1433 mundo,
1303 1404 1384 1435 ergo
1407 1395 1588 1426 mundana
1615 1393 1753 1436 sapitis;
1783 1394 1891 1436 igitur
1916 1393 1997 1437 qnia
2022 1390 2113 1424 nihil

1123 1443 1191 1476 nisi
1207 1443 1360 1476 carnalia
1379 1444 1512 1488 sapitis,
1539 1443 1740 1477 moriemini
1761 1444 1796 1476 in
1814 1444 1962 1488 pcccatis
1980 1443 2115 1475 vestris.

1122 1493 1161 1527 Si
1179 1494 1272 1526 enim
1295 1506 1367 1527 non
1386 1495 1627 1535 credideritis,
1655 1494 1736 1538 quia
1765 1507 1826 1538 ego
1854 1507 1950 1537 sum,
1984 1494 2115 1526 scilicet

1122 1544 1344 1578 illuminator
1366 1552 1400 1578 et
1427 1546 1633 1580 vivificator.
1651 1563 1703 1569 -—
1744 1544 1980 1589 PrIncipium:
2011 1545 2114 1588 plane

1122 1595 1157 1627 id
1176 1597 1269 1640 quod
1298 1596 1426 1640 loquor
1450 1597 1561 1629 vobis.
1614 1593 1776 1629 Nonnus
1805 1597 1852 1630 sic
1876 1595 2035 1640 exponit:
2075 1594 2113 1628 ld

1122 1646 1236 1690 ipsum
1254 1657 1353 1687 sum,
1381 1648 1477 1691 quod
1497 1647 1565 1679 iam
1586 1654 1686 1680 antea
1705 1647 1789 1681 dixi.

1182 1725 1301 1761 Loci
1328 1739 1585 1763 communes
1619 1725 1760 1763 huius
1791 1733 2050 1766 contextus.

1224 1794 1401 1833 Primum,
1429 1796 1522 1841 quod
1543 1796 1674 1841 inquit:
1713 1794 1789 1840 Ego
1805 1807 1883 1830 sum
1899 1796 1959 1830 lux
1978 1797 2116 1837 mundi,

1122 1853 1268 1880 testatur
1284 1857 1319 1879 se
1336 1844 1497 1880 Christus
1522 1847 1801 1881 illuminatorem
1829 1859 1900 1881 esse
1913 1875 1922 1889 ,
1948 1860 1965 1880 e
1981 1860 2050 1893 quo
2068 1848 2115 1885 fit,

1122 1897 1241 1931 lumen
1262 1904 1408 1931 naturae
1426 1898 1663 1940 ignorantiam
1684 1905 1716 1932 et
1735 1898 1935 1932 caecitatem
1953 1910 2037 1934 esse.
2066 1897 2115 1932 ll-

1123 1948 1274 1981 luminat
1291 1955 1408 1982 autem
1435 1948 1636 1992 cognitione
1656 1947 1740 1989 Dei,
1766 1956 1805 1982 ut
1822 1949 2008 1983 timeamus
2025 1962 2116 1988 eum,

1123 2007 1156 2032 et
1174 2000 1356 2032 credamus
1374 1999 1415 2032 ei.

1226 2049 1389 2083 Secundo
1408 2049 1507 2083 nullo
1528 2050 1657 2091 verbo,
1686 2049 1754 2083 nisi
1770 2051 1878 2083 verbo
1896 2050 1964 2084 Dei
1983 2062 2042 2084 cor
2062 2052 2115 2083 vi-

1125 2100 1257 2133 vificari
1276 2107 1398 2144 potest.
1452 2099 1570 2145 Atque
1597 2098 1663 2133 hoc
1687 2107 1756 2139 cst,
1785 2113 1847 2134 cnr
1871 2108 2115 2145 proponantur

1125 2151 1367 2185 contentiones
1394 2151 1475 2185 illae
1498 2153 1540 2185 de
1560 2151 1746 2185 autoritate
1762 2152 1871 2184 verbi.
1926 2152 2114 2196 Propterea

1125 2214 1198 2235 non
1215 2208 1264 2235 est
1279 2202 1479 2246 accipienda
1498 2202 1658 2236 doctrina
1675 2201 1761 2246 ulla,
1789 2202 1857 2235 nisi
1874 2203 2004 2237 sciatur
2021 2210 2114 2237 certo

1125 2265 1164 2286 ex
1181 2253 1254 2287 Deo
1283 2264 1364 2288 esse.
1418 2252 1523 2296 Quod
1548 2251 1710 2287 Christus
1735 2253 1869 2298 inquit,
1904 2265 1938 2286 se
1963 2266 2034 2287 non
2062 2254 2116 2286 iu-

1126 2303 1242 2337 dicare
1265 2316 1486 2349 quenquam,
1523 2304 1589 2336 tale
1610 2310 1678 2342 est,
1708 2304 1809 2348 quale
1835 2304 1868 2336 id
1894 2306 1987 2348 quod
2012 2316 2114 2347 supra

1125 2354 1234 2395 dixit,
1260 2366 1296 2387 se
1322 2366 1394 2387 non
1419 2355 1553 2388 venisse
1574 2355 1617 2387 ad
1642 2354 1869 2388 iudicandum
1895 2357 1951 2387 scd
1978 2355 2116 2388 salvan-

1126 2407 1208 2439 dum
1221 2432 1230 2445 ,
1257 2406 1350 2450 quod
1367 2412 1417 2438 est
1436 2406 1478 2437 de
1498 2406 1611 2449 primo
1630 2405 1704 2437 eius
1724 2407 1877 2438 adventu
1898 2413 1929 2438 et
1948 2407 1989 2438 de
2008 2407 2115 2440 verbo

1126 2456 1199 2489 eius
1215 2456 1495 2498 intelligendum.
1550 2454 1657 2489 Venit
1684 2456 1776 2488 enim
1796 2463 1832 2489 ut
1849 2457 1975 2497 salvet,
2007 2457 2116 2491 factus

1126 2504 1238 2540 hostia
1260 2518 1321 2550 pro
1343 2506 1510 2549 peccatis,
1535 2507 1644 2540 sactus
1664 2507 1817 2550 pontifex
1831 2533 1838 2545 ,
1867 2507 1927 2552 qui
1947 2507 2115 2552 interpel-

1126 2557 1173 2592 let
1191 2570 1253 2602 pro
1272 2557 1374 2590 nobis
1387 2584 1395 2597 ,
1422 2557 1531 2590 sactus
1547 2569 1623 2597 rex,
1652 2557 1712 2602 qui
1736 2569 1798 2590 nos
1815 2559 1978 2592 defendet
1995 2566 2114 2592 contra

1163 2676 1191 2703 1)
1213 2676 1277 2701 ros]
1298 2678 1373 2699 recte
1392 2675 1458 2699 Tul).
1479 2680 1527 2704 pro
1547 2681 1619 2699 nori.
1641 2675 1711 2705 quod
1730 2678 1771 2699 est
1792 2675 1816 2699 in
1837 2676 1928 2700 secer.
