2409 2915
247 98 323 137 375

249 191 390 230 ceptum
407 184 450 216 de
477 180 664 214 dilectione
679 175 765 216 Dei,
799 173 895 219 quod
917 171 1065 217 requirit
1090 169 1237 203 interio-

250 247 325 269 rem
341 241 373 267 et
390 232 576 276 perfectam
594 226 831 262 obedientiam
849 221 997 257 humani
1021 220 1137 255 cordis
1158 230 1237 261 erga

250 284 385 322 Deum,
411 281 573 313 videlicet
588 289 705 311 veram
722 275 935 319 agnitionem
952 272 1019 305 Dei
1039 272 1132 305 iuxta
1158 280 1238 301 ver-

252 336 338 367 bum
357 331 529 365 divinitus
545 328 755 367 revelatum,
780 326 961 362 timorem,
982 321 1146 355 fiduciam
1158 345 1167 359 ‚
1184 318 1238 351 di-

252 383 450 416 lectionem.
501 378 649 413 Constat
674 383 788 411 autem
815 386 874 408 cor
897 371 1090 406 humanum
1116 367 1238 413 procul

253 434 372 466 abesse
389 432 433 464 ab
452 428 517 463 hoc
532 435 735 473 praecepto,
761 425 842 470 quia
860 423 1003 466 plenum
1025 427 1074 454 est
1092 419 1238 462 caligine

253 489 286 516 et
306 480 528 515 dubitatione
545 480 588 512 de
604 477 698 517 Deo,
729 487 802 508 non
827 474 925 507 timet
950 472 1037 504 iram
1049 470 1134 510 Dei,
1165 480 1239 501 non

253 531 399 565 confidit
415 530 488 564 Deo
500 557 508 570 ,
525 536 555 562 et
573 533 708 561 constat
726 527 842 558 deesse
860 523 1062 564 flagrantem
1080 518 1240 553 dilectio-

252 594 336 614 nem
354 581 432 615 Dei.
467 575 708 622 Reprehendit
728 575 834 618 igitur
850 571 1010 607 Christus
1024 569 1240 607 Pharisaeos,

253 632 316 676 qui
346 631 431 673 legis
465 627 639 661 iusticiam
676 626 872 664 iactabant,
906 634 984 656 curn
1009 633 1053 654 ne
1078 620 1239 654 umbram

256 681 400 726 quidem
418 677 600 712 haberent.

357 745 429 779 Iam
445 742 502 777 hic
519 742 717 788 quaeritur:
745 740 783 776 Si
802 752 873 774 non
890 740 927 774 fit
942 740 1014 778 lex,
1036 748 1142 782 quare
1160 735 1240 768 data

254 796 332 830 est?
373 794 605 838 Respondeo:
642 791 731 826 Data
757 799 826 832 est,
860 797 899 823 ut
928 793 1098 821 monstret
1120 797 1241 829 pecca-

255 853 349 886 tum,
394 851 427 878 et
461 845 670 877 condemnet
702 853 783 882 nos,
824 841 913 874 sicut
946 838 1063 882 inquit
1095 835 1240 869 Paulus:

249 896 410 930 ,Aculeus
427 895 549 927 mortis
564 901 740 937 peccatum
757 898 824 931 est,
857 890 1014 933 potentia
1030 886 1161 930 peccati
1176 886 1241 925 lex,

253 947 291 979 id
310 952 380 983 est,
404 951 546 988 propter
565 949 740 986 peccatum
757 940 928 974 sentimus
942 938 1030 971 iram
1046 935 1121 969 Dei.
1171 935 1241 969 Sed

254 996 354 1029 nulla
372 1001 457 1027 esset
474 993 662 1035 obligatio,
689 991 757 1023 nisi
776 991 828 1022 lex
846 995 945 1022 esset.
996 985 1081 1020 Ideo
1099 986 1152 1018 lex
1170 986 1240 1018 cla-

253 1047 357 1078 mitat
373 1045 408 1076 in
432 1042 674 1080 conscientiis,
708 1045 881 1073 monstrat
901 1038 990 1070 iram
1011 1036 1099 1076 Dei,
1133 1041 1167 1068 et
1189 1036 1241 1068 af-

255 1097 324 1128 fert
345 1101 505 1127 aeternos
532 1100 691 1126 terrores.
744 1091 796 1123 Ac
820 1089 926 1123 stulta
953 1085 1157 1130 imaginatio
1181 1092 1242 1125 est,

254 1145 408 1187 cogitare
434 1144 541 1185 legem
564 1141 629 1175 Dei
656 1152 727 1174 esse
750 1141 845 1172 velut
870 1138 1026 1172 tabulam
1051 1137 1087 1169 in
1113 1135 1242 1179 pariete

256 1195 490 1238 pendentem,
521 1203 609 1237 quae
632 1191 762 1225 auferri
786 1196 846 1223 aut
867 1187 971 1221 abiici
995 1186 1114 1231 possit.
1166 1185 1241 1218 Iino

258 1246 372 1277 donec
388 1249 529 1275 manent
546 1248 724 1285 peccatum
742 1247 775 1274 et
792 1250 902 1277 mors,
930 1243 1047 1270 manet
1064 1237 1119 1269 lex
1141 1247 1243 1268 accu-

256 1306 355 1331 sans,
384 1293 614 1331 maledicens,
648 1292 734 1325 iram
751 1289 817 1323 Dei
841 1289 1043 1327 ostendens,
1078 1298 1141 1319 nec
1162 1285 1243 1318 vin-

253 1345 345 1378 citur
361 1343 426 1375 nisi
444 1343 621 1385 agnitione
637 1348 670 1375 et
688 1341 812 1375 fiducia
830 1338 913 1372 Filii
930 1337 1006 1370 Dei.
1058 1335 1243 1369 Caeterum

255 1397 300 1426 de
327 1393 524 1425 incoatione
546 1392 631 1434 legis
654 1393 739 1425 alias
757 1389 904 1428 dicitur,
932 1399 1011 1420 cum
1028 1387 1095 1419 fide
1118 1385 1241 1419 iustifi-

255 1443 323 1476 cati
348 1454 486 1482 sumus,
523 1441 654 1475 accedit
675 1441 848 1486 quaedam
870 1438 1007 1471 incoata
1032 1436 1243 1476 obedIentia‚

246 1500 294 1536 ‚ut
310 1504 410 1537 saepe
427 1493 559 1526 dictum
574 1498 634 1526 est.

626 1581 674 1606 De
701 1561 877 1605 secundo.

356 1633 578 1668 Paradoxum
607 1639 674 1673 est,
710 1633 804 1676 quod
831 1630 947 1675 inquit
973 1627 1156 1672 Christus,
1187 1640 1241 1662 se-

251 1686 404 1721 cundam
436 1684 594 1717 tabulam
623 1681 774 1715 similem
801 1692 873 1714 esse
898 1680 1052 1724 primae,
1087 1686 1120 1712 et
1147 1677 1239 1712 haud

250 1737 359 1771 dnhie
375 1734 528 1777 graviter
549 1733 698 1765 offendit
715 1729 939 1770 Pharisaeos,
965 1736 1005 1763 ut
1030 1730 1058 1762 si
1083 1730 1162 1774 quis
1184 1730 1238 1762 di-

250 1793 342 1821 ceret
368 1781 568 1821 Monaclio,
611 1795 699 1825 opus
731 1782 779 1825 pii
812 1781 944 1814 lictoris
972 1780 1238 1813 anteferendum

250 1849 324 1871 esse
351 1835 460 1878 ipsius
483 1834 585 1866 votis.
641 1830 735 1865 llaec
757 1831 863 1873 igitur
887 1830 1026 1863 collatio
1051 1830 1239 1875 diligenter

250 1886 471 1919 observanda
503 1890 564 1916 est.
626 1881 711 1915 Vult
743 1881 838 1913 enim
862 1878 1024 1913 Christus
1056 1880 1239 1923 praecipue

252 1949 310 1970 eos
345 1937 488 1973 docere,
526 1932 639 1964 officia
671 1932 843 1963 secundae
875 1929 1011 1961 tabulae
1040 1941 1112 1961 esse
1149 1929 1239 1962 inter

245 1986 457 2031 praecipuos
475 1983 605 2022 cultus,
622 1981 708 2014 sicut
727 1979 867 2012 dilectio
884 1977 948 2012 Dei
966 1985 1013 2011 est
1031 1979 1236 2022 praecipuus

250 2037 386 2073 cultus,
414 2033 511 2078 qnasi
529 2033 638 2071 (licat,
663 2031 775 2063 oslicia
793 2030 964 2062 secundae
983 2029 1122 2061 tabulae
1137 2036 1235 2062 ante.-

249 2087 376 2120 cellere
392 2082 616 2120 ceremoniis,
643 2082 731 2114 sicut
747 2080 830 2112 alibi
850 2080 980 2123 inquit:
1019 2078 1129 2120 Magis
1157 2080 1236 2112 volo

249 2135 547 2170 misericordiam,
573 2144 677 2177 quam
694 2129 911 2163 sacrificium.
966 2128 1059 2161 llaec
1077 2130 1235 2162 doctrina

247 2194 299 2219 est
318 2187 433 2222 utilis,
461 2191 493 2217 et
511 2189 613 2216 ornat
629 2182 739 2214 officia
758 2180 871 2213 civilis
889 2179 996 2217 vitae,
1024 2186 1062 2212 nt
1087 2180 1236 2213 sciamus

250 2250 288 2269 va
306 2236 380 2268 Deo
401 2235 552 2277 placere,
588 2239 619 2266 et
642 2243 714 2265 esse
736 2231 849 2264 cultus
867 2229 943 2264 Dei.
996 2227 1078 2263 ldeo
1105 2230 1235 2263 maiore

249 2298 333 2319 cura
352 2285 510 2319 facienda
527 2290 622 2317 sunt.

635 2366 681 2390 De
712 2362 844 2388 tertio.

348 2418 438 2452 Cum
460 2419 502 2451 de
528 2417 600 2459 lege
623 2424 690 2450 tam
715 2415 878 2448 sublimia
901 2413 1106 2457 disputasset
1125 2410 1231 2446 Chri-

245 2480 338 2511 stus,
367 2469 487 2512 incipit
510 2479 696 2509 coarguere
724 2467 934 2508 impietatem
953 2463 1229 2503 1¹}1aris;w·»rum,

249 2523 467 2561 interrog-ins
487 2521 527 2551 d·-
551 2517 695 2556 vassia,
723 2517 818 2561 qnasi
834 2517 922 2548 (licat
936 2541 944 2553 ,
973 2527 1032 2547 vos
1051 2515 1141 2547 rocci
1164 2517 1227 2545 ‹le›-

246 2579 356 2605 ctnres
373 2573 407 2604 in
429 2569 531 2602 ism-l
547 2595 554 2607 ,
583 2570 624 2600 ‹lc-
643 2568 714 2608 lege
732 2566 914 2607 qnaeritis.
944 2572 974 2598 rt
993 2578 1065 2598 vam
1085 2578 1154 2597 nun
1174 2565 1226 2596 in-

244 2623 416 2665 telligitis,
445 2620 580 2665 quiade
600 2617 726 2651 Messia
749 2615 882 2651 habetis
906 2616 1006 2650 salsas
1031 2617 1227 2661 opiniones,

845 88 973 126 PHIL.
997 86 1114 122 MEL.
1147 79 1358 121 SCRIPTA
1390 76 1688 116 EXEGETICA0·

2197 79 2274 115 376

1288 164 1418 209 putatis
1450 162 1611 198 futurum
1645 174 1717 196 esse
1751 173 1885 206 regem,
1924 160 1986 206 qni
2014 161 2114 194 vobis
2133 163 2221 205 opes'
2239 171 2274 198 et

1289 215 1436 258 imperia
1454 213 1578 248 mundi
1596 213 1738 246 daturus
1753 212 1809 247 sit.
1851 211 2000 254 Quaerit
2015 211 2122 254 igitur
2138 212 2180 245 de
2193 224 2274 256 per-

1289 276 1374 298 sona
1390 271 1424 297 et
1440 262 1556 297 officio
1572 263 1741 304 Messiae,
1775 262 1875 295 cuius
1899 261 1991 294 filius
2013 261 2096 301 erit,
2130 268 2165 294 et
2188 262 2274 306 quid

1296 320 1390 357 aget,
1416 325 1493 346 cum
1519 313 1636 346 David
1657 319 1756 346 vocet
1780 324 1859 345 eum
1881 310 2101 352 Dominum?
2134 309 2174 344 Si
2196 317 2275 344 tan-

1293 371 1367 397 tum
1383 370 1470 396 esset
1484 374 1543 395 rex
1565 362 1745 406 politicus,
1774 362 1928 405 profecto
1954 373 2027 394 non
2050 367 2137 394 esset
2160 361 2275 393 domi-

1293 426 1360 447 nus
1376 412 1522 446 Davidis
1535 439 1544 453 ‚
1561 412 1644 457 quia
1662 410 1783 445 haeres
1802 423 2021 456 nequaquam
2037 417 2088 444 est
2111 410 2276 444 dominus

1292 463 1527 507 superiorum.
1580 461 1688 502 Item,
1718 461 1747 494 si
1769 468 1904 495 tantum
1929 467 2017 494 esset
2038 462 2184 494 daturus
2208 460 2279 493 im·-

1292 514 1388 557 peria
1412 512 1555 554 mundi,
1586 509 1677 544 nihil
1700 513 1877 555 prodesset
1895 511 2041 552 Davidi‚
2073 518 2111 545 ut
2126 509 2276 545 Camillo

1293 561 1385 596 nihil
1409 564 1551 606 prodest
1574 563 1765 604 Augustus.
1816 559 1889 594 Cur
1912 561 2019 604 igitur
2033 559 2148 594 David
2174 572 2278 594 voca-

1293 614 1344 648 vit
1362 612 1527 646 Messiam
1543 611 1764 645 Dominum?
1789 610 1884 643 Haec
1898 611 1963 644 suit
1978 611 2181 654 gravissima
2205 611 2278 644 dis-

1293 663 1448 707 putatio,
1475 669 1506 696 et
1528 661 1784 705 inexplicabilis
1801 658 1998 693 Pharisaeis
2022 661 2278 694 somniantibus

1293 713 1482 757 imperium
1498 713 1642 754 mundi,
1670 719 1704 746 et
1728 723 1801 745 non
1825 710 2103 754 intelligentibus
2125 708 2279 755 prophe-

1294 764 1360 798 tias
1377 764 1419 796 de
1437 761 1580 798 Messia.

1396 820 1465 855 Sed
1482 821 1594 854 facilis
1611 827 1661 854 est
1678 820 1861 865 explicatio
1883 826 1976 854 recte
2002 819 2280 863 intelligentibus

1293 868 1505 915 prophetias.
1557 869 1714 904 Primum
1738 877 1875 904 constat
1891 868 2092 915 prophetias
2117 869 2216 914 loqui
2236 870 2280 903 de

1294 921 1504 955 liberatione
1520 932 1538 954 a
1557 928 1696 964 peccato
1715 929 1747 954 et
1766 934 1783 954 a
1802 927 1928 961 morte,
1955 928 1989 954 et
2003 921 2046 954 de
2060 932 2151 954 nova
2169 926 2203 953 et
2222 931 2281 953 ae-

1296 979 1394 1006 terna
1410 971 1480 1003 vita
1493 997 1502 1011 ‚
1529 977 1568 1004 ut
1584 971 1621 1003 in
1636 968 1859 1011 hocPsalmo
1877 970 2022 1004 dicitur:
2041 970 2099 1004 Tu
2114 982 2149 1003 es
2168 981 2281 1003 sacer·
2337 967 2340 971 ’

1295 1023 1358 1055 dos
1389 1022 1426 1054 in
1451 1027 1651 1060 aeternum,
1686 1022 1878 1054 secundum
1903 1021 2065 1054 ordinem
2091 1018 2281 1054 Melchise-

1295 1069 1396 1105 dech.
1449 1069 1559 1104 Vocat
1575 1071 1682 1114 igitur
1696 1069 1910 1111 Dominum,
1943 1071 2025 1115 quia
2042 1071 2106 1104 scit
2130 1081 2165 1103 se
2189 1069 2281 1104 acci-

1295 1134 1377 1166 pere
1393 1122 1437 1155 ab
1453 1133 1492 1154 eo
1519 1118 1602 1153 haec
1625 1120 1809 1161 beneficia,
1835 1121 2079 1154 liberationem
2102 1132 2121 1154 a
2143 1126 2282 1164 peccato

1297 1179 1328 1204 et
1350 1184 1369 1204 a
1392 1178 1522 1211 morte,
1547 1178 1580 1204 et
1602 1171 1710 1203 vitam
1733 1178 1921 1204 aeternam.
1976 1169 2063 1204 Item
2089 1177 2186 1204 vocat
2205 1171 2282 1204 Do-

1295 1222 1450 1262 minum,
1468 1221 1549 1266 quia
1568 1221 1632 1254 scit
1650 1233 1728 1254 eum
1747 1221 1868 1253 divina
1886 1221 2038 1263 potentia
2056 1227 2283 1263 regnaturum

1297 1283 1388 1311 esse,
1422 1272 1510 1304 sicut
1536 1271 1668 1315 inquit:
1704 1270 1793 1304 Sede
1816 1282 1835 1303 a
1859 1270 1990 1304 dextris
2018 1271 2116 1304 meis.
2180 1269 2282 1313 ltem,

1296 1322 1359 1354 scit
1378 1321 1476 1354 illum
1495 1322 1705 1364 promissum
1724 1321 1952 1359 liberatorem
1969 1332 2041 1354 esse
2055 1320 2186 1354 Filium
2201 1319 2280 1364 Dei,

1296 1371 1386 1404 sicut
1403 1378 1503 1404 antea
1521 1371 1652 1415 inquit:
1672 1370 1788 1403 Hodie
1804 1371 1908 1414 genui
1927 1378 1970 1405 te.
2022 1369 2096 1404 Scit
2113 1382 2193 1404 eum
2211 1371 2280 1404 iam

1296 1433 1459 1464 regnare,
1486 1427 1519 1454 et
1544 1421 1740 1463 belligerari
1767 1433 1845 1454 cum
1867 1420 2027 1461 diabolo,
2053 1420 2143 1454 sicut
2160 1419 2282 1455 Esaias

1296 1478 1395 1504 vocat
1412 1483 1489 1504 eum
1508 1469 1701 1510 Emanuel,
1730 1478 1762 1505 et
1780 1470 1868 1504 Psal.
1888 1470 1947 1506 71.
1964 1471 2108 1504 dicitur:
2135 1470 2179 1505 Et
2194 1472 2281 1505 ado-

1296 1523 1425 1554 rabunt
1442 1533 1557 1554 coram
1576 1521 1651 1564 ipso
1667 1533 1821 1565 semper,
1848 1521 1910 1554 ubi
1933 1527 2026 1555 totus
2044 1519 2202 1555 psalmus
2227 1522 2283 1555 lo-

1296 1572 1417 1616 quitur
1434 1572 1478 1603 de
1500 1578 1649 1604 venturo
1668 1571 1815 1611 Messia,
1850 1571 1931 1615 quia
1956 1578 2074 1604 tamen
2097 1577 2148 1606 est
2170 1578 2281 1606 aeter-

1294 1633 1373 1657 nus.
1423 1621 1501 1655 Erit
1521 1633 1650 1654 nomen
1666 1622 1740 1654 eius
1757 1627 1957 1661 aeternum,
1984 1627 2066 1655 ante
2083 1621 2191 1655 solem
2207 1622 2281 1657 exi—

1293 1672 1351 1705 stit
1378 1683 1507 1705 nomen
1529 1671 1622 1713 eius,
1665 1679 1699 1706 et
1719 1671 1976 1706 benedicentur
1999 1671 2036 1705 in
2060 1671 2136 1716 ipso
2159 1684 2281 1707 omnes

1293 1729 1424 1766 gentes.

1429 1821 1647 1862 Dominica
1666 1821 1785 1863 xlx
1803 1825 1897 1873 post
1916 1822 2149 1862 Trinitatis

1569 1892 1803 1938 Evangelium
1824 1892 1951 1929 Matth.
1965 1895 2001 1929 9.

1343 1959 1397 1994 Et
1423 1957 1619 1993 ascendens
1645 1961 1683 1992 in
1708 1959 1919 1994 naviculam
1945 1962 2219 2010 transfretavit,
2247 1968 2278 1996 et

1396 2011 1487 2043 venit
1507 2011 1543 2043 in
1563 2010 1604 2043 ci·
1618 2011 1740 2044 itatem
1759 2023 1877 2044 suam.
1916 2010 1968 2044 Iit
1977 2024 2058 2053 ecce,
2078 2010 2278 2062 offerebant

1394 2061 1427 2094 ei
1449 2059 1698 2107 eralylisum
1722 2061 1892 2094 iacentem
1917 2063 1954 2094 in
1979 2061 2077 2096 lecto.
2145 2062 2198 2097 Et
2224 2064 2278 2097 vi-

1393 2109 1478 2144 dens
1500 2109 1718 2155 lesus-fidem
1738 2111 1906 2148 illorum,
1933 2111 2030 2145 dixit
2050 2112 2276 2160 paralytico:

1393 2159 1640 2205 Corfidcstli,
1677 2162 1908 2195 remittuntur
1935 2162 2004 2196 tibi
2022 2168 2168 2208 peccata
2200 2168 2278 2202 tua.

1392 2211 1444 2244 Ji!
1469 2223 1537 2244 cccc
1560 2209 1711 2257 quidam
1745 2211 1786 2245 dc
1814 2212 1954 2246 Scribis
1979 2211 2152 2248 deli-erunt
2176 2214 2276 2248 intra

1390 2274 1442 2295 se:
1470 2261 1538 2294 llic
1558 2261 1801 2308 blasphanat.
1846 2262 1898 2296 Iit
1916 2276 1993 2297 cum
2008 2280 2017 2296 ι
2029 2262 2154 2298 ida'sset
2171 2263 2274 2299 Iesus

1391 2312 1628 2356 cogitationes
1646 2325 1786 2353 rorum,
1813 2311 1930 2347 dcli-it.-
1957 2312 2009 2348 Ut
2025 2313 2119 2360 quid
2135 2327 2196 2349 ros
2219 2327 2276 2349 co-

1384 2362 1516 2407 gitatis
1532 2362 1635 2396 nmla
1656 2364 1693 2396 in
1712 2361 1879 2397 cordibus
1899 2365 2051 2397 restris?
2068 2363 2175 2411 Quid
2180 2366 2275 2399 mim

1386 2418 1436 2446 cs!
1448 2413 1609 2460 [ιιι-’Ἰήιε
1627 2412 1754 2450 dicen.
1784 2411 2019 2447 dimittuntur
2036 2414 2105 2448 tibi
2115 2422 2275 2460 peccata,

1384 2475 1433 2496 an
1453 2462 1585 2507 ‹lit-err,
1603 2476 1710 2507 surge
1727 2468 1757 2497 ct
1772 2463 1925 2497 ambula
1938 2465 1956 2494 :³
1969 2463 2022 2498 (st
2041 2471 2160 2499 autem
2175 2466 2272 2500 scia—

1383 2514 1450 2550 tis,
1491 2514 1579 2560 quin
1599 2511 1712 2556 silius
1741 2511 1903 2547 hominis
1926 2512 2035 2548 habet
2058 2521 2270 2563 potestatem

1385 2561 1751 2609 ‹linn'ucndipei-mm
1773 2565 1809 2598 in
1831 2570 1945 2604 trrra,
1973 2567 2124 2600 tnncait
2147 2579 2267 2614 para-

1381 2614 1507 2659 lycii-o:
1542 2614 1675 2660 Surge,
1705 2614 1790 2651 tolle
1815 2614 1943 2653 lectum
1968 2621 2087 2660 tuan»,
2119 2622 2150 2652 ct
2173 2615 2265 2652 vade
