2409 2915
286 109 362 147 979

881 99 1006 136 PHIL·
1033 96 1150 136 MEL.
1177 95 1389 135 SCRIPTA
1416 94 1738 135 EXEGETICA..

2238 100 2316 138 980

290 197 419 235 altero,
451 191 636 226 manifesta
660 196 694 224 et
718 186 995 228 incontinentia,
1022 183 1216 225 adulteria,
1243 190 1276 218 et
1327 184 1572 220 testificaretur
1592 185 1636 219 de
1656 184 1876 221 adolescente
1900 191 1985 220 nato
2006 197 2047 219 ex
2062 183 2181 220 Maria
2205 186 2317 230 virgi-

290 247 421 280 multae
437 242 687 288 turpitudines.

393 303 441 338 Et
461 303 524 337 ubi
542 300 626 335 haec
643 300 827 334 manifesta
844 298 928 332 vitia
947 304 1046 337 sunt,
1073 295 1123 331 ibi
1142 307 1202 330 cor
1221 295 1279 328 in-

293 365 349 391 tus
377 353 483 389 habet
514 353 582 387 alia
614 352 724 385 multa
749 351 853 389 vitia,
887 354 1104 384 contemtum
1127 346 1214 388 Dei,
1247 351 1281 379 et

292 404 530 454 blasphemias
558 405 753 447 epicureas,
785 409 819 435 et
848 401 916 434 alia
939 406 1089 445 peccata.
1140 396 1282 432 Praeci—

295 458 347 502 pit
369 463 486 490 autem
512 456 566 488 lex
582 453 668 497 Dei,
696 460 735 487 ut
758 453 852 486 intus
875 453 980 485 corda
1000 450 1076 503 sint
1091 456 1183 483 recta
1201 459 1281 491 erga

294 507 430 546 Deum,
456 507 546 539 sicut
571 505 723 549 primum
748 510 970 548 praeceptum
987 501 1120 546 inquit:
1149 499 1283 542 Diligas

294 558 490 593 Dominum
519 555 631 590 Deum
663 561 762 588 tuum
794 566 833 587 ex
862 560 936 588 toto
970 553 1088 586 corde.
1143 549 1194 584 lta
1225 547 1284 583 hic

297 609 399 643 dicit:
426 607 601 641 Mundate
618 605 654 640 id
675 605 769 651 quod
788 605 884 638 intus
902 611 963 639 est.

457 689 608 725 Similes
626 691 710 729 estis
727 687 903 737 sepulcris
921 685 1120 722 dealbatis.

401 759 496 793 Haec
520 759 716 792 similitudo
741 758 834 791 idem
854 757 954 790 dicit:
983 755 1085 789 Foris
1101 752 1287 787 ostendere

299 809 501 857 hypocritas
531 810 679 853 speciem
710 809 925 848 modestam,
959 813 992 840 et
1017 806 1113 839 intus
1135 815 1195 837 eos
1214 814 1287 836 esse

300 863 423 907 plenos
441 860 646 904 deceptione
664 866 696 893 et
713 857 954 892 inobedientia
971 866 1202 902 quacumque.
1277 856 1280 859 ’

403 919 471 954 Hic
496 919 611 963 posuit
636 918 796 960 generale
820 928 970 954 nomen,
998 913 1288 951 inobedientiam,

302 968 479 1016 ἆιόμιάν,
509 982 596 1015 quae
610 968 780 1011 significat
796 973 1012 1001 contemtum
1028 966 1135 999 totius
1154 964 1248 1007 legis.

404 1030 553 1065 Addidit
571 1037 600 1061 et
617 1029 711 1061 aliud
728 1039 869 1067 nomen,
895 1025 1112 1073 hypocrisin,
1139 1029 1290 1071 quaeest

301 1082 477 1126 deceptio,
509 1091 638 1123 angens
661 1080 728 1112 alia
750 1085 908 1123 peccata,
945 1077 1027 1122 quia
1051 1076 1224 1120 gloriatur
1247 1075 1290 1108 de

302 1133 433 1167 institia
461 1139 493 1165 et
518 1132 561 1163 de
585 1130 730 1162 nomine
751 1128 838 1169 Dei,
864 1136 896 1162 et
913 1127 979 1161 Dei
1005 1127 1150 1161 nomine
1173 1125 1290 1159 abuti-

302 1192 361 1218 tur
394 1189 537 1228 propter
569 1187 752 1225 quaestum
777 1186 836 1213 ant
862 1178 1074 1224 potentiam,
1110 1185 1148 1211 ut
1173 1177 1291 1209 minus

302 1242 447 1279 peccant
471 1233 665 1276 praedones
681 1231 717 1263 in
734 1231 850 1271 silvis,
876 1230 937 1275 qni
958 1229 1113 1273 eripiunt
1133 1226 1291 1261 hornini-

302 1287 369 1320 bus
387 1284 552 1329 pecunias
572 1294 632 1326 per
650 1282 719 1314 vim
732 1308 740 1322 ‚
765 1293 867 1327 qnam
887 1289 1002 1325 peccat
1023 1279 1116 1324 Papa
1136 1279 1190 1311 vel
1210 1277 1292 1311 Mo-

303 1334 408 1370 nachi
436 1335 628 1367 vendentes
646 1332 791 1373 Missas,
818 1339 849 1366 et
869 1337 1047 1375 praetextu
1065 1329 1223 1363 nominis
1238 1329 1292 1362 di-

302 1387 376 1420 vini
395 1386 567 1430 rapientes
587 1384 769 1428 pecuniam
788 1390 820 1416 et
836 1382 1042 1427 potentiam.

355 1477 456 1516 Filii
478 1478 563 1513 estt's
586 1489 726 1518 eorum,
758 1475 823 1524 qui
844 1471 1050 1520 Prophetas
1074 1471 1292 1508 occiderunt.

406 1529 460 1564 Et
505 1528 664 1575 impletis
711 1539 920 1561 mensuram
966 1529 1116 1572 patrum
1159 1529 1292 1557 vestro-

407 1593 486 1615 rum
503 1585 565 1614 etc.

406 1649 544 1693 Duplex
570 1646 742 1680 accusatio
759 1651 828 1682 est,
856 1645 949 1688 quod
969 1651 1002 1676 et
1019 1654 1115 1675 nnnc
1131 1644 1293 1676 occidant

305 1704 369 1748 ipsi
390 1699 583 1743 Prophetas
607 1705 640 1732 et
656 1695 825 1730 Doctores
846 1706 864 1727 a
882 1693 957 1727 Deo
981 1694 1124 1731 missos,
1151 1699 1181 1726 et
1198 1694 1291 1737 quod

303 1764 440 1796 semper
457 1750 645 1784 Ecclesiam
666 1751 940 1791 persequantur,
968 1744 1068 1777 multi
1090 1741 1294 1788 hypocritae

304 1805 468 1838 omnibus
502 1799 731 1843 tmuporibuS.
798 1794 842 1830 Et
874 1795 1048 1834 ostendit,
1091 1801 1220 1839 quanta
1251 1793 1293 1826 sit

304 1854 512 1897 magnitudo
537 1849 642 1884 huius
668 1848 810 1893 peccati.
862 1846 952 1880 Cum
980 1846 1145 1879 voluntas
1169 1845 1295 1878 similis

1330 248 1396 280 ne,
1431 236 1528 281 quod
1549 234 1700 270 Messias
1723 243 1829 277 esset,
1858 237 2064 271 interfectus
2085 236 2130 271 sit
2152 249 2170 271 a
2195 236 2319 271 Sacer-

1331 287 1485 322 dotibus.
1536 285 1581 322 Et
1603 287 1686 332 quia
1709 284 1793 321 haec
1817 285 1966 321 historia
1983 298 2105 321 recens
2119 294 2212 329 erat,
2237 288 2319 322 ideo

1331 335 1495 372 Christus
1527 340 1646 371 omnia
1678 344 1837 382 tempora
1867 338 2123 383 complectens,
2165 339 2320 383 primum

1333 389 1494 422 nominat
1525 388 1638 429 Abel,
1669 389 1798 423 deinde
1832 387 1929 423 hunc
1958 389 2159 434 proximum
2186 386 2322 423 Zacha-

1333 440 1435 473 riam.
1489 437 1565 472 Hac
1579 436 1728 473 historia
1741 447 1927 474 contentus
1939 452 2027 481 sum,
2049 451 2113 473 nec
2125 440 2205 473 volo
2217 439 2322 473 aliam

1335 490 1664 539 interpretationem
1683 502 1869 536 quaerere,
1895 492 1954 525 sed
1973 491 2183 533 cogitemus,
2209 502 2323 537 quan-

1335 548 1410 575 tum
1434 540 1567 575 malum
1591 541 1653 581 sit,
1679 552 1753 574 esse
1770 542 1966 576 membrum
1982 542 2078 575 illius
2096 548 2235 583 coetus,
2262 541 2325 587 qui

1336 592 1559 637 persequitur
1573 589 1787 633 Ecclesiam,
1816 591 1877 637 qui
1901 592 2056 626 cumulat
2078 590 2327 637 blasphemias,

1338 643 1597 681 idololatriam,
1632 640 1823 677 homicidia
1849 643 1886 676 in
1912 643 2066 682 mundo,
2094 650 2128 678 et
2151 643 2286 687 regitur
2306 655 2325 678 a

1324 692 1509 746 -Diabplo‚
1536 693 1598 739 qui
1614 700 1665 728 est
1682 694 1832 727 mendax
1846 699 1878 726 et
1895 690 2085 728 homicida.
2135 692 2235 728 Haec
2251 706 2326 728 ma-

1338 756 1404 789 gna
1437 745 1528 777 mala
1555 745 1836 784 consideremus,
1869 751 1904 778 et
1927 743 2102 788 fugiamus
2126 745 2328 779 societatem

1340 802 1622 840 persecutorum,
1649 802 1682 829 et
1698 793 1812 829 Deum
1830 806 1987 834 oremus,
2015 801 2054 829 ut
2072 795 2146 838 ipse
2162 807 2227 830 nos
2244 807 2330 830 con—

1340 846 1453 880 firmet
1472 846 1508 879 in
1525 846 1707 890 agnitione
1725 846 1822 880 verbi
1840 846 1893 880 sui
1912 853 1946 880 et
1965 857 2045 879 vera
2061 846 2140 883 fide.

1537 944 1690 994 Quoties
1708 945 1809 981 volui
1824 958 1884 981 cos
1901 957 2133 993 congregare.

1444 1012 1589 1058 Repetit
1616 1014 1892 1056 accusationem,
1937 1015 2032 1059 quod
2065 1025 2166 1059 saepe
2196 1015 2334 1050 miserit

1342 1062 1556 1109 Prophetas,
1583 1072 1615 1099 et
1639 1065 1712 1110 ipse
1735 1077 1829 1099 nunc
1845 1066 1984 1106 doceat,
2010 1066 2068 1098 sed
2089 1073 2205 1099 tamen
2220 1066 2333 1100 maxi·

1342 1127 1436 1149 mam
1456 1122 1587 1159 partem
1606 1117 1824 1150 adversatam
1843 1128 1914 1149 esse
1931 1116 2007 1149 voci
2024 1115 2101 1152 Dei.

1447 1174 1515 1208 Hic
1530 1175 1731 1223 disputatur
1746 1176 1789 1208 de
1805 1187 1906 1208 causa
1925 1175 2106 1210 electionis
2123 1182 2155 1209 et
2173 1175 2334 1210 reiectio-

1344 1226 1419 1266 nis,
1453 1227 1511 1259 sed
1539 1227 1643 1270 plana
1671 1234 1703 1260 et
1727 1226 1906 1260 verissima
1935 1227 2116 1270 responsio
2141 1233 2191 1260 est
2212 1229 2254 1260 de
2279 1239 2334 1260 re—

1345 1277 1514 1317 iectione,
1547 1277 1637 1311 sicut
1661 1275 1719 1310 hic
1743 1277 1900 1321 ponitur.
1955 1276 2130 1310 Voluntas
2152 1277 2188 1310 in
2216 1277 2335 1324 impiis

1345 1328 1455 1360 libere
1478 1329 1682 1361 adversatur
1707 1329 1813 1360 verbo
1837 1327 1922 1368 Dei,
1950 1340 2022 1360 non
2048 1328 2185 1371 cogitur
2207 1340 2225 1362 a
2246 1327 2335 1370 Deo,

1345 1379 1402 1411 sed
1435 1379 1506 1422 ipsa
1539 1390 1599 1421 per
1629 1390 1664 1411 se
1686 1385 1719 1411 et
1741 1377 1884 1411 incitata
1910 1389 1928 1410 a
1954 1376 2127 1418 Diabolo,
2160 1385 2209 1412 est
2232 1391 2335 1413 causa

1346 1429 1594 1463 damnationis.
1649 1429 1747 1463 Sicut
1774 1426 1831 1461 hic
1855 1428 1948 1461 clare
1966 1429 2066 1462 dicit:
2094 1428 2173 1462 Non
2192 1430 2335 1464 voluisti

1346 1481 1561 1522 congregari.
1615 1478 1743 1514 Psalm.
1766 1479 1863 1513 108⁴:
1890 1478 2015 1513 Noluit
2040 1480 2336 1523 benedictionem,

1347 1537 1379 1563 et
1406 1531 1630 1572 elongabitur
1654 1531 1697 1563 ab
1720 1541 1772 1564 eo,
1824 1528 1914 1563 Cum
1940 1542 2020 1572 ergo
2040 1531 2263 1564 manifestum
2283 1531 2338 1573 sit,

1347 1581 1564 1614 voluntatem
1582 1583 1690 1625 ipsam
1708 1577 1907 1620 hominum,
1934 1592 2073 1614 causam
2090 1592 2162 1614 esse
2178 1581 2338 1616 reiectio-

1347 1632 1422 1672 nis,
1458 1644 1529 1664 nou
1565 1633 1755 1675 cogitemus
1783 1643 1847 1664 nos
1874 1631 1971 1675 cogi,
2002 1638 2042 1665 ut
2071 1643 2274 1666 maneamus
2300 1633 2338 1667 in

1348 1683 1517 1724 peccatis,
1551 1684 1609 1716 sed
1635 1693 1922 1725 expavescamus»,
1957 1689 1990 1717 et
2015 1694 2224 1728 quaeramus
2248 1683 2338 1718 libe-

1348 1739 1531 1765 rationem.

1451 1789 1642 1832 Quomodo
1673 1795 1790 1823 autem
1816 1789 1855 1823 fit
1878 1789 2067 1823 liberatio?
2117 1789 2251 1824 Verum
2276 1799 2340 1835 est,

1349 1842 1442 1885 quod
1463 1840 1701 1874 misericordia
1719 1847 1860 1885 propter
1878 1840 2008 1874 Filium
2026 1847 2073 1874 est
2091 1853 2192 1875 causa
2210 1842 2338 1878 libera-

305 1907 349 1939 δὴ
376 1907 412 1938 i„
436 1903 603 1937 omnibus
627 1898 929 1945 persecutoribus,
958 1904 988 1930 et
1014 1907 1138 1929 omnes
1165 1908 1181 1928 a
1207 1895 1294 1927 Dia·
1320 1900 1321 1920 1
1349 1893 1456 1926 tionis
1480 1905 1496 1925 a
1521 1898 1660 1936 peccato
1685 1898 1717 1925 et
1742 1903 1760 1924 a
1779 1898 1911 1930 morte,
1937 1892 1995 1925 sed
2015 1899 2132 1926 tamen
2150 1901 2287 1936 oportet
2306 1901 2339 1929 te

305 1957 388 1991 bolo
414 1954 624 1988 incitentur,
651 1958 683 1984 et
705 1949 815 1982 velint
844 1948 955 1987 idem,
981 1948 1016 1979 id
1044 1954 1111 1984 est.
1137 1953 1175 1979 ut
1202 1946 1295 1980 Dens
1320 1983 1321 1994 ¹
1349 1944 1470 1977 andire
1506 1954 1624 1976 vocem
1649 1940 1858 1985 Evangelii,
1889 1949 2027 1986 oportet
2059 1950 2091 1976 te
2123 1955 2194 1976 non
2223 1956 2338 1988 persa

304 2003 585 2051 blasphemetur:
623 2002 725 2041 item,
755 2007 793 2033 ut
817 1998 908 2031 filins
931 1997 995 2031 Dei
1020 1994 1295 2041 blasphemetur,
1319 2000 1322 2033 t
1349 2006 1468 2027 verare
1508 1994 1543 2026 in
1577 1999 1757 2026 contemtu
1790 1991 1877 2034 Dei,
1921 2000 2044 2027 contra
2077 1995 2339 2039 conscientiam,

305 2066 337 2092 et
363 2065 401 2091 ut
427 2055 555 2088 veritas
573 2051 811 2097 opprimatur,
838 2057 871 2083 et
889 2049 1018 2092 singuli
1039 2049 1111 2081 suis
1129 2049 1294 2091 exemplis
1320 2039 1322 2099 ζ
1348 2046 1441 2090 quod
1461 2051 1507 2077 est
1527 2045 1561 2077 in
1580 2050 1637 2077 tua
1656 2043 1848 2079 voluntate.

305 2109 513 2143 confirment
533 2105 632 2137 alios.
685 2101 825 2144 Singuli
845 2101 892 2133 rei
909 2106 987 2133 sunt
1006 2100 1196 2133 multarum
1216 2111 1295 2142 pt‘r-
1319 2100 1322 2148 Ι
1448 2105 1539 2138 Cum
1572 2111 1688 2138 antem
1723 2104 1825 2138 audis
1857 2102 2112 2147 Evangelium,
2147 2103 2242 2139 Dens
2274 2117 2338 2141 suo

305 2159 547 2194 secutionum,
581 2155 660 2188 ideo
692 2151 911 2185 horribiliter
938 2162 1059 2184 omnes
1090 2150 1294 2194 punientur.
1320 2164 1321 2169 ¹
1347 2155 1483 2200 Spiritu
1508 2161 1628 2189 sancto
1650 2167 1712 2199 per
1734 2152 1801 2188 boc
1817 2155 2054 2189 ministerium
2075 2163 2125 2191 est
2141 2157 2279 2198 efficax,
2305 2155 2338 2193 ξι

307 2210 389 2244 ldeo
414 2209 499 2242 dicit
519 2205 591 2239 hic:
620 2204 726 2237 Venit
745 2214 850 2247 supet·
868 2214 929 2235 VOS
945 2202 1061 2234 omnis
1078 2200 1219 2244 sangui—‘³
1240 2201 1294 2234 3¹¹·
1348 2204 1457 2241 trahit
1481 2219 1540 2240 cor
1560 2213 1671 2241 tuum.
1726 2205 1780 2239 lbi
1800 2207 1907 2240 debes
1923 2207 2113 2249 adsentiri,
2141 2215 2174 2242 et
2192 2220 2263 2242 non
2282 2220 2338 2243 re-

305 2270 377 2296 stus
390 2288 398 2300 ,
426 2259 556 2292 effusus
574 2257 656 2289 inde
674 2256 718 2288 ab
736 2253 826 2288 Abel
843 2264 954 2298 usqne
971 2253 1012 2285 ad
1031 2250 1248 2287 Zachariam.
1348 2269 1504 2302 pugnare
1522 2257 1671 2302 Spiritui
1692 2264 1811 2291 sancto
1823 2285 1832 2297 ,
1859 2258 1965 2291 debes
1983 2258 2087 2291 etiam
2105 2266 2222 2304 petere
2240 2260 2338 2294 auxi-

406 2318 507 2352 llanc
544 2314 779 2349 tristissimam
811 2312 1121 2346 comminationem
1157 2323 1295 2356 semper
1319 2304 1321 2317 ¹
1347 2310 1455 2350 lium,
1482 2309 1570 2343 sicut
1593 2308 1708 2354 inquit
1727 2306 1918 2343 Dominus:
1948 2308 2093 2351 Quanto
2109 2310 2219 2354 magis
2234 2309 2339 2345 Pater

304 2371 586 2406 consideremus,
613 2373 644 2399 et
669 2374 878 2410 quaeramus
894 2363 1094 2400 veritatem,
1124 2374 1166 2395 ne
1183 2363 1294 2396 simus
1348 2367 1461 2394 vester
1478 2360 1637 2394 coelestis
1650 2359 1928 2405 dabitSpiritum
1939 2367 2099 2394 sanctum
2113 2361 2339 2406 petentibus?

304 2423 388 2457 socii
423 2425 704 2465 persecutorum,
744 2421 775 2448 et
810 2414 961 2448 vitemus
993 2412 1141 2447 consilia
1174 2402 1321 2468 perse-f
1449 2419 1550 2454 Hanc
1580 2419 1777 2453 doctrinam
1807 2431 1908 2464 saepe
1940 2419 2100 2463 cogitate.
2161 2420 2199 2455 Si
2233 2433 2336 2465 expa-

304 2472 490 2520 qnontium
523 2469 724 2504 veritatem,
758 2466 846 2499 sient
877 2462 1042 2499 lonfllbas
1074 2476 1146 2496 ⁰0¹¹
1182 2465 1293 2498 voluit
1347 2472 1455 2505 vescis
1479 2471 1692 2514 cogitatione
1716 2470 1837 2504 iudicii
1862 2477 1894 2505 et
1921 2470 1993 2504 irae
2016 2469 2101 2511 Dei,
2135 2473 2178 2505 ad
2205 2470 2336 2506 Fitium

303 2537 375 2558 esse
394 2523 534 2555 adiutor
550 2517 804 2564 persecutionis
821 2523 942 2550 contra
961 2514 1088 2550 David.
1317 2518 1320 2532 ⁵
1345 2521 1410 2556 Dpi
1438 2523 1612 2563 accedito,
1639 2521 1767 2564 cogites
1792 2519 1882 2555 hanc
1909 2533 2046 2555 vocem:
2077 2521 2205 2557 venne
2220 2523 2263 2556 ‚d
2282 2535 2337 2558 m,

407 2581 471 2614 llic
496 2579 660 2613 recitatur
678 2574 825 2609 historia
841 2576 884 2608 de
902 2573 1093 2615 Zacharia,
1121 2581 1152 2609 et
1173 2582 1289 2608 narrat
1345 2584 1487 2610 omnes.
1523 2574 1583 2619 qui
1618 2572 1786 2606 laboratis
1810 2579 1874 2607 etc.
1937 2571 2010 2606 lam
2035 2570 2145 2608 trahit
2170 2580 2203 2607 te
2228 2572 2337 2616 Deus,

302 2634 472 2669 Basilius.
496 2631 602 2664 fuisse
627 2639 822 2661 sermonem
846 2627 1014 2660 traditum
1040 2638 1057 2659 a
1082 2626 1290 2660 maioribus.

300 2686 394 2731 quud
425 2680 613 2715 Zacharias
643 2686 742 2724 pater
772 2675 939 2712 lobannis
970 2676 1166 2722 Baptistae,
1208 2689 1288 2711 cum

1345 2625 1372 2657 si
1399 2625 1440 2657 ad
1461 2624 1590 2658 Filium
1615 2623 1767 2663 accedis,
1793 2631 1824 2657 et
1845 2623 1941 2659 Deus
1966 2623 2031 2658 tibi
2048 2623 2218 2665 occurrit,
2238 2625 2336 2660 sicut

1345 2676 1545 2710 dulcissime
1567 2675 1698 2709 dicitur
1723 2675 1767 2709 de
1784 2674 1875 2710 Filio
1893 2675 2063 2721 prodigo,
2089 2673 2195 2710 Pater
2209 2687 2334 2710 occur-

2385 266 2400 399 -ΑΑ,,-.ἃ-“.
2408 222 2409 227 Α
