2409 2915
311 75 387 111 503

314 161 486 205 baptistae
502 159 667 193 secedunt
683 157 720 192 in
736 157 902 201 angulos,
927 157 1066 201 fingunt
1083 157 1156 192 sibi
1173 169 1294 202 specu-

314 212 481 250 laniones,
507 210 636 243 nolunt
652 207 716 242 hac
736 209 807 242 vita
823 207 920 241 civili
936 208 1075 249 vivere,
1100 206 1166 241 His
1183 208 1297 241 modis

315 267 440 304 putant
454 271 489 292 se
505 260 659 304 accipere
673 258 845 303 Spiritum
863 265 1035 300 sanctum,
1062 258 1152 292 sicut
1166 266 1199 293 et
1214 257 1297 292 Mo-

316 307 432 348 nachi,
458 317 493 344 et
508 310 714 343 idololatrae
731 308 890 357 Papistae
907 309 1065 342 iactitant
1080 320 1116 342 se
1131 308 1299 353 consequi

315 360 489 402 Spiritum
516 367 675 394 sanctum
706 372 770 404 per
794 371 872 393 suas
899 359 1052 394 ludicras
1075 359 1299 400 ceremonias,

316 409 446 444 Missas
459 418 493 444 et
508 422 614 456 opera
633 411 877 445 traditionum.

418 469 486 503 Sed
505 481 569 503 nos
586 470 760 503 discamus
775 469 850 502 dari
871 468 1043 513 Spiritum
1067 476 1224 503 sanctum
1239 480 1301 512 per

316 519 466 553 verbum
490 519 576 561 Dei,
606 520 890 565 quandocunque
912 531 977 553 nos
1001 520 1075 553 eius
1091 517 1301 563 cogitatione

318 571 562 608 consolamur,
589 570 781 610 audientes,
808 569 864 602 vel
881 569 1044 613 legentes,
1071 571 1126 603 vel
1145 570 1301 613 cogitan-

317 627 369 653 tes
393 621 539 653 verbum
566 619 651 660 Dei,
682 626 716 654 et
737 620 941 654 invocamus
968 620 1100 660 Deum,
1127 633 1165 653 ac
1188 620 1302 653 credi-

317 682 396 703 mus
412 670 513 702 nobis
527 670 658 713 ignosci
674 677 818 715 propter
833 669 1024 712 Christum,
1047 679 1079 705 et
1095 683 1160 705 nos
1176 671 1301 704 iuvari.

317 719 414 753 Haec
432 720 521 754 fiunt
543 721 580 753 in
597 733 678 754 vera
703 721 937 765 poenitentia,
965 729 998 755 et
1014 722 1221 766 quotidiana
1247 722 1303 753 in-

316 771 500 804 vocatione
518 771 676 805 omnium
695 772 756 816 qui
771 778 877 814 agunt
894 772 1158 816 poenitentiam,
1181 778 1213 805 et
1229 783 1303 804 non

316 828 542 865 perseverant
558 822 595 854 in
616 822 750 855 delictis
765 829 883 855 contra
902 822 1164 857 conscientiam.

420 879 501 913 Dixi
518 880 560 913 de
575 881 686 924 prima
703 887 811 924 parte,
833 880 973 919 scilicet,
999 881 1042 912 de
1058 880 1303 923 promissione.

316 929 421 963 Nunc
441 930 553 963 dicam
571 932 614 963 de
638 931 788 963 secunda
803 957 811 969 ,
839 929 925 973 quid
951 937 1026 972 agat
1043 930 1198 976 Spiritus
1222 942 1303 964 san-

318 987 403 1015 ctus.
456 979 523 1014 Hic
539 978 702 1014 Christus
721 980 803 1013 facit
826 977 1032 1017 antithesin.

531 1072 607 1103 Non
632 1071 816 1115 reh'nquam
841 1082 894 1104 vos
916 1072 1091 1113 orphanos.

418 1132 542 1167 Brevis
560 1141 609 1168 est
626 1134 756 1175 oratio,
783 1135 842 1168 sed
868 1140 918 1168 cst
940 1147 1022 1168 vera
1047 1135 1162 1177 imago
1180 1133 1304 1169 Eccle-

318 1184 388 1217 siae
406 1196 522 1217 coram
537 1185 684 1223 mundo,
713 1191 746 1218 et
763 1185 852 1218 sicut
869 1197 932 1218 nos
950 1185 1016 1233 ipsi
1034 1186 1230 1231 plerunque
1248 1187 1304 1220 iu-

317 1235 493 1276 dicamus,
520 1236 662 1280 quando
679 1235 849 1269 sentimus
867 1247 957 1269 onus
975 1248 1222 1270 aerumnarum
1239 1249 1303 1270 no-

318 1293 481 1321 strarum.
536 1285 626 1318 tide
641 1297 685 1319 an
703 1298 774 1319 uon
794 1298 913 1320 sumus
934 1285 1109 1333 orphani?
1144 1287 1304 1320 Mundus

318 1347 383 1367 nos
408 1337 648 1380 persequitur,
681 1348 801 1369 sumus
824 1343 942 1369 coetus
964 1338 1126 1379 exiguus,
1154 1338 1303 1380 dissipa-

318 1393 390 1425 tus,
432 1386 522 1419 male
548 1384 747 1420 cohaerens.
806 1385 886 1418 Non
913 1385 1081 1419 hahemus
1108 1384 1302 1419 humanum

318 1437 534 1480 principem,
569 1447 703 1479 regem,
740 1436 953 1480 pontificem.
1012 1435 1219 1470 Ridiculum
1255 1443 1304 1470 est

318 1486 433 1529 Papae
450 1493 482 1519 et
497 1486 647 1529 regibus,
675 1487 816 1531 quando
834 1494 898 1519 nos
918 1498 1080 1519 vocamus
1099 1485 1302 1522 Ecclesiam.

317 1535 456 1570 Deinde
474 1537 602 1579 singuli
621 1548 699 1569 suas
716 1537 872 1569 miserias
890 1537 1123 1570 considerent.
1176 1536 1303 1570 Nonne

317 1599 438 1620 sumus
461 1584 633 1629 orphani,
661 1586 736 1618 sine
753 1587 955 1626 defensore,
980 1587 1054 1619 sine
1077 1588 1180 1620 certis
1205 1588 1303 1621 auxi-

317 1637 398 1670 liis?
448 1635 495 1670 Et
511 1636 713 1681 praesertim
737 1643 821 1670 tunc
847 1637 1121 1679 intelligeremus
1146 1649 1210 1671 nos
1233 1650 1304 1672 esse

317 1685 514 1732 orphanos,
541 1687 569 1721 si
587 1687 779 1732 potentiam
803 1687 937 1721 diaboli
957 1687 1076 1732 aliquo
1100 1690 1205 1722 modo
1230 1701 1303 1722 cer-

317 1750 492 1774 ncremus.

420 1797 515 1841 Ergo
540 1799 707 1833 adversus
729 1805 843 1832 tantos
866 1795 983 1832 hostes
1006 1799 1182 1847 promittit
1199 1797 1303 1834 Chri-

319 1856 392 1883 stus
416 1848 587 1893 Spiritum
611 1857 790 1890 sanctum,
817 1850 882 1882 ait:
917 1848 996 1882 Non
1019 1850 1216 1895 relinquam
1244 1863 1304 1884 vos

318 1897 516 1943 orphanos,
540 1900 599 1932 sed
622 1911 684 1942 ego
708 1911 785 1932 sum
813 1899 968 1942 pontifex
992 1907 1121 1940 vester,
1156 1900 1304 1943 Rogabo

316 1957 463 1994 patrem.
524 1948 654 1988 Crede,
682 1961 753 1982 non
781 1949 907 1982 frustra
938 1957 1014 1982 orat
1038 1949 1165 1989 Filius,
1193 1951 1304 1998 impe-

318 2008 385 2034 trat
404 2000 505 2034 nobis
519 2012 538 2033 a
556 2007 652 2043 patre
666 1999 845 2033 auxilium.
890 1999 1020 2041 Quod?
1046 1999 1217 2043 Spiritum
1244 2014 1303 2045 pa-

317 2051 505 2092 racletum,
532 2051 592 2096 qui
611 2051 648 2083 in
666 2050 768 2083 nobis
789 2051 898 2088 lucet,
926 2051 984 2083 dat
1002 2051 1207 2090 consilium,
1235 2053 1303 2085 eri-

320 2103 369 2143 git
387 2102 562 2141 animum,
590 2102 706 2135 incoat
722 2101 828 2133 vitam
848 2107 1023 2133 aeternam
1050 2102 1085 2133 in
1109 2102 1231 2145 nobis,
1256 2104 1302 2136 si-

321 2160 377 2186 cut
397 2150 452 2186 hic
470 2152 614 2186 dicitur:
670 2150 716 2186 Ut
732 2158 868 2184 maneat
888 2151 1067 2184 vobiscum
1090 2164 1237 2197 semper.

424 2209 470 2245 Ut
487 2218 602 2245 autem
620 2211 662 2243 de
681 2207 735 2242 his
753 2209 930 2242 beneficiis
948 2209 1100 2251 cogitare
1121 2212 1304 2253 possimus,

322 2269 354 2295 et
371 2273 434 2294 nos
452 2262 543 2305 ipsos
564 2261 731 2298 excitare,
756 2271 994 2303 proponamus
1019 2261 1119 2293 nobis
1140 2262 1303 2296 dulcissi-

322 2325 417 2347 mum
435 2313 566 2345 «lictum
586 2324 625 2345 cx
642 2309 830 2349 Zacharia,
856 2309 917 2343 ubi
934 2311 1101 2354 scriptum
1117 2319 1181 2345 cst:

446 2369 638 2404 Effundam
673 2381 777 2413 super
806 2369 950 2401 domum
982 2365 1096 2402 David
1131 2369 1302 2413 Spiritum

449 2422 578 2465 gratiae
597 2427 628 2453 et
647 2432 799 2464 precum.

395 2481 490 2515 llaec
516 2492 580 2513 vox
606 2479 723 2512 omnia
750 2478 1008 2523 complectitur,
1034 2485 1065 2511 et
1091 2479 1188 2512 docet
1215 2492 1302 2524 quac·

320 2535 388 2568 sint
407 2534 498 2567 bona
516 2543 633 2574 opera,
656 2530 715 2574 qui
732 2530 802 2563 sint
818 2530 944 2562 summi
963 2536 995 2562 et
1014 2529 1086 2562 veri
1104 2529 1216 2562 cultus
1235 2529 1300 2563 Ec—

321 2585 453 2616 clesiae.
506 2581 642 2616 Omnes
664 2588 800 2622 genitos,
827 2580 929 2613 etiam
957 2580 1143 2618 barbarae,
1173 2577 1300 2614 liabent

320 2652 328 2667 ι
343 2636 433 2669 ultus
456 2634 520 2668 Dei
539 2641 716 2677 externos,
747 2629 888 2666 honesta
908 2643 1025 2675 opera.
1061 2632 1128 2665 scd
1153 2628 1187 2663 hi
1209 2643 1295 2665 uou-

904 70 1031 109 PHlL.
1056 69 1173 109 MEL.
1202 68 1414 108 SCRIPTA
1439 68 1742 108 EXEGETICA.·

2254 73 2330 111 504

1347 157 1432 190 dum
1448 163 1532 192 sunt
1548 158 1680 200 cultus,
1704 157 1833 204 quibus
1850 157 1992 202 proprie
2007 155 2137 192 colitur
2157 166 2192 194 et
2205 171 2333 205 appre-

1347 204 1517 242 henditur
1541 207 1657 251 Deus,
1685 209 1760 243 sola
1783 205 1938 242 Ecclesia
1962 206 2069 242 habet
2087 220 2188 242 veros
2208 211 2334 253 cultus,

1349 269 1438 302 quos
1469 266 1642 306 praestat,
1684 271 1764 294 cum
1797 259 1925 304 accipit
1953 257 2116 303 spiritum
2145 260 2275 302 gratiae
2300 268 2334 296 et

1347 319 1503 352 precum.

1451 358 1548 402 Quid
1567 358 1762 402 significant
1776 357 1861 393 haec
1880 359 2010 394 verba?
2037 359 2191 405 Spiritus
2203 360 2336 404 gratiae

1349 408 1521 452 significat
1538 409 1675 454 Spiritu
1691 417 1812 444 sancto
1835 421 1900 444 nos
1922 411 2056 452 iuvari,
2083 418 2122 445 ut
2143 418 2338 450 statuamus

1351 471 1415 492 nos
1440 471 1512 494 esse
1534 461 1571 493 in
1595 460 1705 503 gratia
1723 459 1811 501 Dei,
1835 467 1930 494 certo
1955 461 2091 505 placere
2108 461 2204 505 Deo,
2231 461 2337 495 nobis

1351 517 1488 554 peccata
1506 522 1577 544 esse
1592 511 1735 544 remissa
1752 517 1894 555 propter
1910 509 2103 546 Christum.
2139 511 2235 546 Haec
2252 511 2337 546 fides

1351 562 1389 593 in
1405 562 1503 595 omni
1522 561 1712 595 afflictione
1729 561 1884 605 agnoscit
1902 561 2020 595 Deum
2041 564 2159 596 adesse
2183 562 2338 607 opitula-

1351 618 1482 655 torem,
1509 623 1582 645 esse
1605 612 1818 656 propicium,
1847 623 1918 644 non
1941 623 2014 645 esse
2035 613 2255 647 deserturum
2278 624 2339 646 or-

1352 659 1499 706 phanos,
1532 661 1607 696 Hac
1624 663 1690 695 fide
1701 662 1853 707 Spiritus
1871 668 2010 696 sanctus
2027 670 2078 697 est
2093 660 2336 710 παράκλητος,

1355 713 1555 745 consolator
1571 721 1603 747 et
1620 714 1826 748 vivificator.

1455 762 1624 808 Sequitur
1644 764 1752 797 altera
1775 763 1964 809 particula,
1989 762 2160 808 Spiritum
2184 774 2341 808 precum.

1354 811 1443 847 Cum
1463 813 1573 847 simus
1589 811 1738 857 orphani
1757 815 1793 847 in
1812 815 1958 852 mundo,
1986 826 2075 859 opus
2093 821 2142 848 est
2159 814 2262 848 nobis
2278 814 2339 846 de-

1354 864 1492 897 fensore
1513 871 1546 897 et
1564 865 1770 898 auxiliatore
1786 864 1873 899 Deo.
2300 905 2303 908 Α

1355 913 1491 958 Spiritu
1507 922 1638 956 sancto,
1663 922 1702 949 ut
1719 916 1883 949 invocent
1897 915 2028 957 Deum,
2056 916 2144 949 sicut
2160 922 2193 949 et
2208 913 2341 948 Paulus

1919 864 2001 898 Ideo
2020 866 2216 899 excitantur
2233 864 2340 897 corda
2354 892 2362 898 .
2379 892 2382 893 γ

2385 774 2407 818 “z-2
2381 635 2409 762 -tjffl‘.
2384 582 2398 610 ‘a

1354 965 1487 1010 inquit:
1516 964 1670 1008 Spiritus
1695 967 1838 1000 adiuvat
1862 977 1944 1007 ηοε,
1969 974 2008 1000 ut
2031 966 2218 999 clamemus
2237 964 2342 998 Abba
2386 973 2393 981 ·

1356 1022 1464 1060 pater.
1518 1015 1601 1049 Ideo
1620 1014 1772 1049 Ecclesia
1790 1024 1838 1049 est
1854 1023 1996 1049 onerata
2021 1016 2224 1059 ingentibus
2246 1014 2342 1059 peri-

1357 1066 1445 1100 culis
1465 1073 1498 1100 et
1513 1067 1709 1107 aerumnis,
1737 1073 1775 1100 ut
1793 1064 1882 1099 hanc
1906 1066 2165 1100 invocationem
2182 1076 2341 1099 exerceas

1355 1128 1452 1157 mus,
1478 1117 1546 1150 sule
1563 1118 1752 1150 clamemus
1776 1118 1817 1150 ad
1835 1115 1969 1157 Deum,
1995 1124 2214 1160 expectemus
2239 1115 2341 1149 auxi-

1356 1168 1454 1203 lium.
1507 1167 1580 1201 Nec
1611 1175 1710 1211 putes
1741 1165 1826 1201 haec
1859 1174 1994 1200 tantum
2025 1167 2208 1211 magnifica
2233 1166 2342 1199 verba

1356 1230 1439 1253 esse.
1484 1217 1537 1251 Pii
1555 1220 1734 1252 credentes
1749 1218 1979 1261 experiuntur
1997 1229 2075 1251 vere
2091 1219 2209 1251 adesse
2226 1215 2341 1250 Deum

1355 1269 1603 1312 opitulatorem
1635 1277 1668 1303 et
1699 1269 1963 1309 auxiliatorem,
1998 1275 2031 1302 et
2055 1280 2109 1302 res
2139 1279 2286 1311 magnae
2308 1272 2343 1300 et

1355 1329 1478 1360 magna
1497 1318 1664 1351 miracula
1682 1319 1730 1350 sic
1747 1319 1834 1351 fiunt
1853 1319 1889 1350 in
1908 1319 2055 1352 mundo.
2109 1318 2167 1352 Sic
2184 1323 2343 1351 servatur

1356 1375 1412 1400 tua
1430 1368 1562 1412 familia
1579 1376 1698 1402 contra
1715 1369 1908 1401 diabolum.
1942 1368 2000 1402 Sic
2019 1375 2206 1402 servantur
2222 1379 2341 1411 regna,

1356 1425 1393 1450 ut
1410 1416 1578 1451 Ezechias
1596 1425 1628 1452 et
1645 1418 1768 1452 Esaias
1791 1419 1950 1461 precibus
1975 1419 2152 1462 pellebant
2167 1418 2342 1463 Assyrios,

1356 1468 1436 1501 Alia
1455 1469 1622 1502 miracula
1635 1493 1644 1507 ,
1672 1477 1710 1502 ut
1731 1468 1855 1508 Moisi,
1881 1469 1989 1511 magis
2007 1477 2202 1503 cernuntur
2219 1468 2342 1509 oculis,

1356 1519 1437 1563 quia
1455 1518 1551 1553 Deus
1574 1520 1650 1552 vult
1674 1526 1789 1552 extare
1817 1519 1963 1553 illustria
1989 1520 2160 1563 quaedam
2184 1519 2341 1552 testimo-

1357 1570 1425 1602 nia.
1479 1570 1548 1603 Sed
1564 1577 1680 1603 tamen
1698 1568 1854 1603 Ecclesia
1875 1580 2010 1612 semper
2029 1567 2133 1602 habet
2155 1581 2218 1602 sua
2235 1569 2343 1602 mira-

1357 1620 1445 1658 cula,
1474 1632 1562 1664 quae
1579 1620 1665 1653 fiunt
1685 1620 1720 1652 in
1740 1620 1932 1660 vocatione,
1959 1626 1996 1653 ut
2014 1619 2165 1661 Moises,
2190 1626 2230 1653 ut
2245 1616 2344 1652 Elias

1356 1670 1391 1702 in
1412 1682 1472 1703 sua
1491 1670 1674 1703 vocatione
1692 1671 1981 1713 gubernabantur
1998 1669 2135 1714 Spiritu
2150 1676 2284 1711 sancto,
2309 1675 2343 1703 et

1357 1733 1411 1754 res
1436 1732 1578 1763 magnas
1600 1727 1632 1754 et
1657 1721 1808 1753 illustres
1833 1722 2010 1763 gerebant.

1458 1771 1508 1805 lta
1526 1779 1682 1815 petamus
1699 1783 1763 1805 nos
1779 1772 1969 1813 gubernari
1990 1771 2125 1815 Spiritu
2142 1779 2261 1806 sancto
2273 1798 2282 1812 ,
2309 1778 2343 1805 et

1358 1822 1506 1855 sciamus
1532 1834 1649 1855 veram
1679 1833 1751 1855 esse
1776 1820 1908 1855 Christi
1936 1834 2072 1855 vocem:
2110 1821 2216 1856 Dabit
2242 1822 2342 1855 vobis

1357 1873 1529 1916 Spiritum
1555 1873 1779 1917 paracletum.
1833 1873 1992 1905 Sciamus
2009 1873 2084 1905 dari
2110 1873 2213 1905 nobis
2228 1872 2342 1916 Spiri-

1357 1931 1430 1957 tum
1445 1931 1620 1959 sanctum,
1648 1923 1803 1955 exaudiri
1830 1929 1966 1956 nostras
1988 1934 2116 1967 preces.
2145 1922 2259 1957 iuvari
2278 1934 2342 1955 nos

1357 1973 1393 2007 in
1413 1975 1577 2006 omnibus
1593 1974 1758 2017 periculis
1776 1974 1924 2017 publicis
1945 1980 1974 2006 et
1996 1974 2162 2017 privatis,
2191 1985 2244 2006 res
2268 1986 2342 2006 ma-

1356 2036 1440 2067 gnas
1464 2024 1550 2057 effici
1569 2031 1689 2057 contra
1706 2025 1906 2062 diabolum,
1935 2024 2068 2057 etiamsi
2094 2025 2246 2057 niundus
2269 2036 2341 2057 non

1357 2075 1483 2108 cernit:
1513 2075 1594 2120 quia
1621 2075 1752 2107 bellum
1784 2075 1874 2108 inter
1897 2072 2078 2108 Christum
2103 2082 2135 2108 et
2158 2075 2342 2109 diabolum

1356 2125 1510 2158 mirabili
1530 2127 1634 2157 modo
1653 2126 1800 2167 geritur,
1830 2138 1890 2169 per
1908 2137 1985 2158 vasa
2010 2126 2146 2158 infirma
2168 2126 2203 2158 in
2218 2123 2341 2159 Eccle-

1355 2176 1423 2213 sia,
1459 2188 1547 2221 quae
1570 2174 1731 2209 (Ilii-istus
1757 2182 1872 2209 tamen
1898 2177 2000 2210 efficit
2035 2177 2191 2220 potentia
2217 2176 2340 2209 divina

1356 2239 1416 2271 per
1434 2227 1606 2270 Spiritum
1623 2234 1793 2262 sanctum.

1459 2277 1639 2311 Memento
1655 2289 1734 2319 vrgo
1753 2274 1842 2311 banc
1858 2289 1996 2311 vocem:
2026 2275 2217 2311 Effundam
2235 2278 2340 2322 spiri-

1356 2335 1427 2362 tum
1448 2329 1576 2369 gratiae
1597 2336 1625 2361 et
1647 2340 1799 2371 precum.
1851 2326 1987 2360 Exi-ines
2007 2335 2038 2361 te
2063 2329 2139 2367 suto,
2164 2336 2200 2363 ut
2220 2330 2340 2362 credas

1355 2386 1387 2412 te
1413 2387 1552 2422 proptu-r
1569 2377 1748 2412 Christum
1775 2391 1846 2411 esse
1876 2379 1909 2410 in
1936 2380 2063 2421 gratia.
2095 2378 2207 2413 Petito
2225 2379 2338 2424 Spiri-

1355 2437 1427 2462 tum
1446 2438 1602 2463 sanctum
1621 2430 1874 2465 auxiliatorem,
1899 2429 2021 2462 invoca
2040 2428 2153 2462 Deum
2170 2430 2205 2463 in
2220 2429 2337 2463 omni·

1355 2482 1419 2513 bus
1445 2482 1615 2524 negociis,
1646 2487 1682 2513 ut
1705 2479 1893 2524 experiaris
1919 2482 2036 2514 adesse
2066 2478 2161 2514 huuc
2184 2480 2335 2524 opitula-

1353 2539 1474 2566 torem.

1457 2581 1557 2615 Nunc
1576 2581 1678 2614 ctiam
1696 2593 1835 2614 oremus
1854 2594 1917 2626 pro
1935 2579 2102 2621 Ecclesia,
2131 2587 2167 2615 ut
2184 2581 2334 2615 retinea-

2381 2543 2390 2622 ’“““’
2382 2497 2393 2513 ⁴
2383 2391 2398 2475 -ae-⁴

1353 2645 1430 2667 mus
1448 2632 1620 2677 Spiritum
1642 2633 1809 2673 veritatis,
1835 2633 1915 2677 quia
1933 2632 2094 2677 diabolus
2110 2632 2335 2667 callidissime
2378 2641 2390 2653 ⁴
