2409 2915
235 110 310 148 615

239 193 408 230 Audistis
431 189 531 240 quod
551 188 684 224 (lictum
709 193 776 223 est:
822 184 981 223 Oculum
1004 199 1072 236 pro
1099 186 1218 230 oculo,

467 246 498 275 et
521 239 658 275 dentem
680 252 747 288 pro
773 238 894 281 dente,
927 243 989 274 etc.

342 318 408 352 Hic
424 317 514 351 redit
528 315 705 351 Dominus
728 316 768 348 ad
792 321 1014 359 praeceptum
1036 314 1218 360 quintum:

241 370 320 404 Non
346 369 493 403 occides.
552 365 598 401 Et
621 366 711 399 sicut
737 377 840 410 supra
867 366 960 405 dixi,
1001 365 1153 409 praecipi
1178 365 1220 397 de

243 420 393 464 puritate
408 418 541 458 cordis,
567 424 600 451 et
616 429 688 450 non
706 423 844 450 tantum
867 417 910 449 de
934 415 1136 449 obedientia
1161 427 1220 447 ex-

241 478 441 510 ternorum,
469 469 528 502 sed
544 468 587 501 de
606 474 678 501 toto
696 464 851 506 homine,
879 465 959 500 Non
973 466 1126 509 occides,
1154 465 1221 498 sci-

242 521 320 554 licet
336 532 408 553 non
426 519 548 557 corde,
566 530 637 551 non
655 518 790 560 lingua,
814 529 886 551 non
902 529 1028 558 manu,
1049 517 1108 550 sed
1128 522 1220 550 totus

241 569 348 604 homo
365 576 533 613 congruat
549 569 615 612 legi
630 567 706 602 Dei.

345 635 394 669 lta
413 634 469 669 hic
493 635 592 669 addit
614 634 938 677 interpretationem
965 635 1006 667 ad
1032 631 1098 667 hoc
1122 645 1221 677 prae-

245 693 382 730 ceptum
411 686 665 729 pertinentem:
707 684 789 718 Non
819 685 975 726 occidas,
1009 685 1090 730 quia
1122 696 1221 728 prae-

243 744 380 780 ceptum
399 737 441 769 de
458 736 612 769 vindicta
630 733 809 768 Pharisaei
834 747 906 768 non
930 742 1020 768 recte
1046 735 1221 777 intellige-

243 788 340 827 bant,
366 787 446 831 quia
465 787 633 831 scriptum
650 793 714 820 est:
744 783 900 819 Oculum
917 798 979 829 pro
995 785 1110 820 oculo.
1140 784 1221 817 ldeo

242 837 438 881 fingebant,
465 849 538 870 rem
556 836 686 869 licitam
703 836 827 870 esseio
845 836 1079 881 unoquolibet
1101 836 1222 869 odium

243 894 276 921 et
294 887 520 931 cupiditatem
539 886 715 920 vindictae
731 893 852 920 contra
871 886 970 919 alios.

346 953 451 988 Hunc
477 965 630 988 errorem
663 960 754 987 taxat
778 951 964 988 Dominus.
1024 952 1097 986 Lex
1121 953 1222 988 dicit:

243 1002 399 1039 Oculum
418 1017 480 1048 pro
499 1005 620 1044 oculo,
646 1004 705 1037 sed
724 1003 883 1048 loquitur
900 1004 943 1037 ad
962 1003 1135 1045 iudicem,
1162 1005 1223 1049 qui

244 1062 294 1089 est
317 1055 353 1087 in
378 1055 493 1088 officio
520 1053 690 1088 divinitus
712 1054 888 1089 ordinato.
947 1053 1016 1087 Hic
1044 1054 1080 1087 in
1112 1066 1224 1099 poena

245 1105 398 1148 legitima
418 1105 520 1138 debet
535 1115 674 1139 servare
692 1101 782 1138 hanc
798 1104 974 1148 regulam,
993 1105 1068 1138 sine
1086 1105 1223 1149 privato

244 1156 345 1195 odio,
387 1156 445 1188 sed
473 1166 553 1188 vera
581 1155 783 1189 obedientia
809 1166 889 1197 erga
913 1153 1048 1196 Deum,
1086 1156 1124 1189 in
1155 1167 1224 1201 qua

244 1206 361 1239 doleat
389 1205 493 1239 etiam
524 1212 668 1250 propter
697 1217 921 1239 communem
952 1206 1128 1239 miseriam
1156 1204 1224 1239 hu-

244 1257 340 1289 mani
367 1257 522 1299 generis,
557 1263 591 1291 et
612 1263 749 1291 tantum
775 1255 819 1290 sit
843 1255 1004 1290 minister
1029 1256 1139 1291 iustae
1162 1269 1224 1290 vo-

243 1307 390 1341 luntatis
411 1306 490 1342 Dei.

345 1363 446 1398 Hanc
461 1365 588 1399 iustam
605 1372 639 1400 et
654 1364 908 1399 severissimam
928 1365 1038 1408 legem
1054 1364 1122 1400 Dei
1145 1377 1225 1400 cor-

245 1415 457 1458 rumpebant
487 1413 684 1455 Pharisaei,
733 1422 765 1449 et
796 1415 1054 1450 transferebant
1085 1417 1128 1449 ad
1164 1427 1226 1450 sua

246 1466 345 1509 odia,
373 1472 406 1499 et
428 1465 472 1499 ad
495 1466 652 1499 carnales
679 1465 833 1506 furores,
868 1472 900 1499 et
925 1466 1115 1505 docebant,
1149 1467 1226 1500 lici-

246 1523 320 1550 tum
341 1527 412 1549 esse
434 1516 548 1550 odisse
561 1517 668 1555 alios,
697 1523 730 1549 et
754 1527 912 1549 exercere
930 1516 1119 1551 vindictam
1138 1529 1228 1562 quo-

245 1577 383 1611 cunque
401 1566 517 1599 modo.

345 1623 477 1659 Contra
515 1622 605 1658 hanc
641 1624 763 1658 falsam
809 1623 1133 1667 interpretationem
1171 1623 1228 1658 hic

246 1675 423 1709 Dominus
447 1675 554 1709 tradit
576 1675 852 1709 declarationem
877 1675 981 1717 legis,
1007 1682 1040 1709 et
1063 1673 1228 1719 prohibet

245 1726 325 1759 odia
350 1732 382 1759 et
404 1725 614 1767 vindictam,
647 1737 752 1770 quam
779 1722 886 1759 homo
912 1725 998 1769 petit
1015 1733 1053 1760 et
1081 1718 1231 1770 quaerit,

246 1783 340 1810 extra
359 1776 511 1810 officium
529 1788 546 1809 a
559 1776 637 1810 Deo
653 1776 868 1809 ordinatum.
921 1774 1006 1810 Ideo
1021 1777 1123 1810 dicit:
1153 1774 1227 1819 Ego

246 1834 360 1860 autem
377 1827 455 1860 dico
478 1827 597 1861 vobis:
624 1825 704 1860 Non
721 1826 870 1860 resistite
888 1826 1000 1867 malo,
1029 1827 1086 1860 sed
1104 1826 1132 1861 si
1150 1828 1228 1871 quis

247 1877 457 1921 percusserit
480 1883 512 1910 te
530 1877 566 1909 in
584 1878 742 1911 dextram
762 1876 960 1916 maxillam,
987 1877 1131 1910 obverte
1149 1878 1176 1909 ei
1197 1885 1227 1911 et

246 1927 444 1967 sinistram,
471 1934 535 1962 etc.

832 103 956 138 PlllL.
985 102 1100 138 MEL.
1128 100 1336 140 SCRIPTA
1362 98 1662 137 EXEGETICA.

2171 104 2247 140 616

1371 185 1508 231 Duplex
1531 193 1581 220 est
1605 186 1759 220 vindicta
1784 186 1838 219 vel
1863 198 1992 230 poena,
2021 198 2090 220 una
2112 195 2163 223 est
2189 200 2248 222 or-

1270 236 1391 270 dinata
1409 248 1428 270 a
1443 235 1518 270 Deo
1536 249 1597 282 per
1613 237 1755 271 iudices.
1807 236 1902 270 Haec
1927 244 1978 271 est
2000 248 2052 270 res
2078 237 2188 280 licita,
2214 246 2248 274 et

1270 299 1288 320 a
1309 285 1384 320 Deo
1415 295 1617 331 praecepta,
1653 295 1687 321 et
1720 288 1930 327 necessaria,
1963 294 1997 322 et
2027 299 2247 333 nequaquam

1270 337 1484 377 omittenda,
1510 344 1549 371 ut
1565 339 1706 382 quando
1724 337 1827 371 iudex
1852 339 1954 382 punit
1976 339 2167 376 latronem,
2193 339 2249 372 vel

1270 388 1404 428 furem,
1430 387 1486 420 vel
1503 388 1724 430 adulterum,
1751 389 1806 422 vel
1826 389 1969 425 similes,

1371 444 1427 478 De
1443 442 1507 478 hac
1525 456 1636 488 poena
1653 446 1822 488 sciamus,
1855 449 1950 493 quod
1975 447 2019 481 sit
2041 457 2129 490 opus
2152 444 2254 480 iusti-

1271 494 1337 529 tiae
1354 493 1439 536 Dei,
1465 502 1497 529 et
1523 495 1656 529 iudices
1674 496 1709 529 in
1731 508 1772 530 eo
1790 509 1894 542 opere
1911 498 2022 532 sciant
2046 508 2081 530 se
2096 507 2168 529 esse
2182 495 2254 528 mi-

1271 545 1402 579 nistros
1419 544 1505 585 Dei,
1530 553 1564 580 et
1580 544 1670 579 nihil
1689 547 1739 580 ibi
1755 547 1866 582 faeere
1882 560 1921 582 ex
1940 547 2084 593 proprio
2102 546 2196 580 odio.

1369 602 1465 638 Deus
1496 604 1573 638 vult
1604 605 1688 637 tales
1718 616 1846 649 poenas
1876 618 1994 641 severe
2028 605 2180 640 exerceri
2214 604 2253 637 in

1271 655 1404 689 mundo
1421 661 1564 699 propter
1579 662 1731 700 quatuor
1747 667 1878 691 causas,

1377 714 1408 748 1.
1444 712 1565 747 Primo
1578 712 1595 755 ,⁷
1627 714 1709 760 quia
1743 721 1794 748 est
1823 714 1953 756 iustus,
1994 715 2069 750 vult
2095 714 2173 749 tolli
2197 713 2254 747 in-

1271 764 1400 804 iustos,
1426 770 1465 797 ut
1481 764 1633 798 latrones
1657 772 1689 799 et
1707 764 1849 800 similes.

1374 826 1408 857 2.
1443 821 1642 866 Quia‚vult
1669 824 1824 867 conspici
1858 824 1894 857 in
1927 823 2057 857 talibus
2089 821 2256 866 exemplis

1274 873 1443 907 iustitiam
1467 884 1584 914 suam,
1606 880 1640 908 et
1663 885 1727 908 nos
1752 886 1814 919 per
1834 875 1918 909 talia
1943 874 2137 918 spectacula
2160 885 2256 907 com—

1273 924 1494 957 monefacere
1519 930 1553 957 et
1573 924 1717 968 docere,
1751 926 1847 971 quod
1870 925 1915 960 sit
1939 924 2070 969 iustus,
2104 930 2138 958 et
2157 924 2256 971 quod

1272 975 1318 1011 sit
1335 974 1527 1023 puniturus
1543 981 1735 1018 peccantes.

1377 1027 1413 1060 3.
1442 1023 1514 1067 Qui
1538 1025 1723 1059 necessitas
1746 1031 1798 1059 est
1821 1025 1946 1059 tollere
1969 1024 2076 1065 tales,
2104 1035 2149 1057 ne
2176 1023 2258 1072 plus

1274 1081 1443 1117 noceant,
1469 1075 1558 1109 sicut
1575 1086 1713 1109 necesse
1730 1082 1781 1109 est
1796 1074 1955 1110 occidere
1971 1074 2128 1108 rabiosos
2145 1085 2259 1110 canes.

1375 1132 1419 1167 Et
1434 1133 1597 1167 mirabile
1614 1140 1682 1175 est,
1710 1135 1853 1179 quando
1870 1133 1998 1179 aliquis
2016 1133 2123 1167 semel
2140 1133 2260 1177 pollu-

1274 1190 1330 1218 tus
1347 1190 1398 1218 est
1416 1181 1572 1218 humano
1587 1185 1759 1228 sanguine
1782 1195 1843 1218 seu
1865 1185 1988 1225 caede,
2018 1184 2115 1231 quod
2137 1190 2258 1228 postea

1275 1245 1396 1268 rursus
1411 1235 1493 1268 facit
1511 1232 1756 1269 homicidium.

1379 1283 1412 1318 4.
1440 1284 1534 1327 Quia
1562 1283 1659 1319 Deus
1688 1285 1763 1319 vult
1798 1283 1926 1318 talibus
1951 1283 2125 1328 'exemplis
2153 1282 2258 1317 etiam

1276 1335 1363 1368 alios
1389 1335 1640 1378 perterrefieri‚
1666 1343 1706 1370 ut
1727 1342 1822 1369 metu
1841 1346 1977 1383 poenae
1999 1335 2260 1374 contineantur,

1280 1397 1324 1418 ne
1342 1385 1471 1418 saciant
1488 1383 1693 1421 homicidia.

1375 1434 1449 1468 Ilas
1475 1443 1628 1481 quatuor
1658 1446 1778 1469 causas
1805 1434 2042 1475 considerate,
2075 1441 2109 1469 et
2138 1434 2258 1468 discite

1277 1485 1399 1519 timere
1417 1486 1531 1529 legum
1550 1497 1700 1535 poenas,
1729 1486 1811 1531 quia
1828 1483 1924 1518 Deus
1940 1491 2055 1518 tamen
2073 1484 2259 1530 exequitur

1278 1537 1363 1570 tales
1387 1547 1534 1580 poenas,
1567 1537 1670 1570 etiam
1700 1548 1778 1570 cum
1801 1535 2023 1579 magistratus
2046 1547 2118 1569 non
2142 1541 2258 1583 potest

1278 1586 1414 1631 exequi,
1429 1586 1517 1620 sicut
1534 1587 1703 1632 scriptum
1718 1593 1785 1620 est:
1813 1585 1886 1629 Qui
1903 1585 2060 1629 gladium
2075 1585 2260 1630 acceperit,

1278 1637 1395 1681 gladio
1411 1637 1550 1684 peribit.

1380 1685 1428 1721 Et
1445 1687 1586 1721 discatis
1601 1686 1762 1721 venerari
1781 1692 1987 1731 potestatem
2012 1693 2045 1721 et
2060 1696 2189 1730 poenas
2204 1685 2259 1720 iu—

1278 1737 1440 1778 diciales,
1475 1744 1642 1783 tanquam
1666 1749 1772 1781 opera
1799 1737 1952 1771 iustitiae
1981 1735 2058 1771 Dei.
2110 1734 2158 1772 Et
2179 1743 2259 1771 tan-

1279 1795 1352 1822 tum
1371 1788 1415 1822 sit
1432 1788 1567 1822 dictum
1584 1789 1629 1822 de
1644 1788 1767 1835 poenis
1784 1787 2022 1821 iudicialibus.

1380 1847 1459 1880 Alia
1478 1847 1608 1890 species
1625 1853 1674 1879 est
1694 1844 1849 1879 vindicta
1868 1857 1939 1877 non
1958 1845 2119 1878 ordinata
2138 1856 2156 1878 a
2174 1844 2261 1886 Deo,

1278 1897 1337 1929 sed
1355 1904 1430 1930 orta
1448 1909 1467 1930 a
1484 1904 1604 1930 nostro
1618 1897 1719 1936 odio,
1743 1896 1846 1941 &igne
1864 1894 1956 1939 fflad)
1972 1898 2036 1930 mtb
2053 1896 2139 1940 tigne
2155 1895 2260 1938 mady

1278 1946 1442 1992 girigfcit,
1474 1954 1568 1980 extra
1598 1946 1752 1980 officium
1778 1946 1913 1980 iudicis.
1974 1945 2068 1980 Haec
2103 1946 2258 1980 vindicta

348 1985 400 2020 De
422 1983 487 2019 ¹¹⁰⁰
512 1991 606 2018 “³¹⁰¹
630 1985 739 2017 “¹⁰¹¹st
764 1984 990 2028 (¹3⁵l'‘¹¹¹³¹'¹¹¹¹t
1014 1984 1098 2016 “¹3¹''
1123 1983 1227 2017 Chri·
1252 2005 1254 2040 ᾗ
1280 1995 1336 2030 hic
1365 1995 1582 2041 prohibetur.
1640 1995 1686 2030 Et
1717 1994 1773 2030 hic
1805 2003 1918 2030 textus
1941 2003 1990 2030 est
2023 2004 2261 2044 praeceptum,

248 2037 351 2071 stiani
368 2045 400 2070 et
417 2033 571 2070 Ethnici.
623 2034 744 2079 Aliqui
766 2035 927 2067 dixerunt
948 2046 1020 2067 esse.
1039 2035 1227 2068 ridiculum

249 2094 484 2131 praeceptum:
512 2086 612 2131 quia,
639 2085 666 2118 si
694 2085 790 2118 nulla
823 2085 975 2118 vindicta
1008 2092 1093 2118 esset
1126 2086 1228 2126 lii-ita,

250 2240 346 2272 finita
380 2237 520 2271 licentia
551 2237 650 2270 malis
682 2234 899 2270 hominibus.

249 2301 320 2322 esse
353 2289 559 2327 consilinm,
601 2300 671 2320 non
707 2293 941 2331 praeceptum.

1252 2055 1254 2086 j·
1279 2054 1310 2080 et
1336 2060 1407 2080 non
1437 2054 1574 2081 tantum
1597 2047 1803 2085 consitium,
1843 2053 1881 2080 ut
1903 2047 2014 2094 aliqui
2039 2047 2136 2081 stulti
2162 2047 2260 2081 dixe-

998 2136 1004 2142 ·
1252 2107 1253 2137 J
1280 2105 1380 2136 runt,
1417 2099 1498 2143 quia
1525 2096 1619 2131 Deus
1643 2098 1716 2131 vult
1739 2105 1856 2131 nostra
1888 2099 1993 2130 corda
2019 2098 2150 2131 munda
2176 2109 2261 2142 esse,

249 2138 367 2171 nullae
390 2144 502 2171 essent
529 2148 680 2180 poenae,
711 2136 829 2168 nullae
859 2148 1094 2179 repressiones
1121 2136 1227 2169 latro-
1253 2159 1255 2162 <

250 2201 333 2221 num
352 2194 381 2221 et
399 2188 514 2220 surum
533 2194 564 2221 et
583 2187 820 2231 praedonum,
849 2193 879 2219 et
905 2187 1153 2219 concedi-retur
1174 2187 1227 2219 in-
1254 2183 1255 2214 ἶ
1282 2199 1451 2238 msfflust,
1479 2199 1566 2232 ⁵30¹„
1585 2199 1685 2231 dish:
1716 2197 1806 2232 Mffii
1827 2199 2037 2242 studitum,
2066 2206 2098 2233 Ν
2121 2211 2184 2246 ‘go
2204 2211 2259 2233 “-

968 2236 1039 2269 ᾹῙΗ
1065 2239 1227 2271 (ῙΝΊἫΜ
1253 2243 1256 2292 Ι
1281 2249 1455 2288 tribuam,
1482 2250 1612 2283 scilicet
1638 2261 1699 2293 per
1722 2262 1777 2283 me
1799 2249 2016 2289 immediate.
2042 2256 2079 2283 ut
2105 2247 2261 2284 Phano-

1009 2287 1076 2319 S‘d
1109 2301 1230 2321 ⁰¹¹¹¹W5
1253 2308 1255 2329 1
1281 2312 1359 2333 nem
1377 2301 1477 2348 punit
1504 2300 1702 2334 imm-diam
1728 2312 1790 2344 per
1816 2311 1872 2342 se,
1909 2300 1962 2332 vel
1995 2311 2056 2344 per
2085 2311 2158 2339 me·
2186 2312 2259 2334 ¹⁰²·

1280 2148 1354 2181 sine
1377 2149 1485 2187 odiis,
1527 2155 1558 2182 et
1582 2149 1655 2181 vult
1680 2160 1744 2181 nos
1769 2160 1906 2181 servare
1930 2149 2113 2189 ordinem,
2153 2161 2260 2196 quem

250 2340 328 2373 illac
343 2339 467 2372 stultae
484 2338 737 2382 disputationes
752 2345 872 2371 contra
891 2335 981 2370 liuor
998 2344 1127 2371 textum
1148 2339 1229 2371 inde
1252 2345 1255 2360 ⁸
1279 2351 1390 2391 (flate,
1422 2351 1552 2384 scincet
1576 2363 1637 2394 pfl-
1660 2351 1899 2394 magistratus,
1942 2349 2030 2384 sieut
2056 2349 2157 2397 punit
2184 2349 2260 2384 An-

250 2397 345 2423 ortae
375 2396 476 2431 sunt,
510 2390 604 2434 quod
633 2389 683 2421 ullu
714 2401 786 2421 non
823 2388 1088 2425 intellexerunt.
1124 2402 1227 2433 quiam
1280 2401 1415 2435 ,onium
1435 2414 1495 2447 per
1513 2400 1729 2446 Augmmm·
1757 2401 1810 2434 ve}
1831 2401 2000 2434 bufonem
2015 2412 2076 2445 pe,-
2096 2400 2261 2438 hunam·

251 2452 373 2482 magna
398 2451 452 2473 res
473 2440 515 2473 sit
539 2439 719 2483 politicum
747 2439 921 2482 regimen,
948 2446 980 2473 et
1002 2440 1095 2484 quod
1127 2440 1227 2481 longe

250 2491 399 2524 discerni
418 2497 576 2534 oporteat
594 2502 722 2534 poenas
742 2490 941 2530 iudiciales,
967 2502 1055 2535 quae
1075 2498 1154 2525 sunt
1172 2491 1226 2524 di-

251 2542 351 2574 vinae
363 2568 372 2581 ,
399 2553 416 2574 a
435 2541 564 2575 nostris
580 2540 671 2574 odiis
688 2553 725 2574 ac
744 2541 932 2575 furoribus.

1679 2490 1863 2521 Quae-tto.

1378 2552 1445 2586 llic
1462 2559 1624 2585 movetur
1638 2551 1811 2597 quaestio:
1840 2551 1937 2594 Quid
1961 2557 2097 2592 antem,
2122 2551 2150 2585 si
2169 2552 2262 2587 alius

352 2604 516 2639 Tenenti·
534 2617 615 2648 ergo
631 2603 721 2639 hanc
745 2606 899 2650 regulam
918 2617 982 2650 pro
1008 2617 1088 2639 vera
1113 2605 1227 2639 decla·
1279 2617 1332 2637 me
1351 2604 1404 2637 vel
1430 2614 1526 2637 meos
1552 2602 1647 2636 laesit
1663 2627 1672 2640 .
1700 2615 1772 2635 non
1796 2603 1984 2637 defendam
2007 2613 2081 2640 me.
2107 2603 2162 2636 vel
2187 2615 2261 2639 non

252 2656 385 2690 ratione
402 2653 506 2689 huius
524 2663 650 2690 textus:

1280 2663 1392 2700 petam
1410 2667 1429 2688 a
1454 2653 1585 2691 iudice.
1612 2660 1651 2688 ut
1677 2653 1868 2698 puniatur?
1896 2651 1958 2687 vet
1983 2652 2011 2687 si
2035 2653 2164 2699 aliquis
2186 2653 2263 2690 vult
