2409 2915
303 113 375 150 287

354 195 408 231 Et
426 207 521 229 nunc
537 191 622 227 dixi
638 189 756 232 vohis,
786 188 1004 237 priusquam
1018 185 1111 231 fiat,
1144 190 1181 221 ul
1207 197 1284 220 cum

397 246 544 294 sactum
564 241 701 292 fuerit,
736 237 904 276 credatis.
956 236 1045 272 Non
1071 237 1147 271 iam
1167 235 1285 270 multa

410 297 544 343 loquar
558 292 748 333 vobiscum,
767 290 860 324 venit
879 288 1147 336 enimprinceps
1157 284 1289 321 mundi

410 344 521 380 huius
533 374 541 385 ‚
571 349 601 377 et
617 344 655 377 in
673 353 726 375 me
743 354 815 376 non
832 339 940 375 habet
957 339 1164 387 quicquam.
1216 334 1291 371 Sed

411 402 447 430 111
465 398 656 442 cognoscat
676 390 853 431 mundus,
881 391 968 439 quia
996 388 1114 436 diligo
1137 393 1289 436 patrem,

412 452 442 481 el
472 447 564 481 sicul
597 441 815 477 mandalum
842 440 939 475 dedit
964 438 1060 474 mihi
1085 446 1205 487 paler,
1238 438 1290 472 sic

406 497 526 545 facio.
582 494 748 540 Surgite,
775 504 899 526 ennius
917 489 1014 527 hinc.

607 606 673 640 De
709 605 999 638 Pentecoste.

385 691 474 726 Loci
495 687 576 725 duo.

419 767 447 802 Ι.
475 765 625 802 Collatio
640 764 862 799 Pentecostes
877 764 1002 798 veteris
1019 761 1236 796 Testamenti
1252 761 1294 794 ad

467 817 693 851 Pentecosten
711 816 794 849 novi
812 814 1042 848 Testamenti.

418 875 464 911 ll.
489 878 544 911 De
554 875 689 919 Spiritu
708 881 825 908 sancto
838 902 846 916 ,
865 873 948 918 quid
960 873 1022 913 sit,
1036 873 1078 905 ad
1090 871 1174 916 quid
1184 872 1297 909 detur,

467 935 500 962 et
517 926 656 973 quibus.

682 1023 739 1046 De
774 1022 937 1052 primo.

417 1074 597 1119 Singulari
614 1074 761 1106 consilio
782 1072 996 1106 voluitDeus
1014 1074 1201 1107 convenire
1212 1081 1300 1108 tem-

318 1140 404 1176 pora
427 1125 666 1172 promulgatae
701 1123 805 1167 legis,
842 1131 874 1157 et
898 1124 970 1157 dati
997 1123 1153 1168 Spiritus
1177 1125 1301 1165 sancti,

318 1187 358 1215 ut
391 1177 532 1212 collatio
566 1176 752 1208 admoneat
779 1174 854 1218 pios
880 1175 922 1207 de
946 1175 1129 1220 utriusque
1154 1176 1301 1209 actionis

319 1232 400 1263 fine.
457 1227 525 1260 Die
552 1225 842 1271 quinquagesimo
866 1232 942 1269 post
968 1225 1099 1259 exitum
1122 1238 1161 1259 ex
1185 1227 1300 1272 Aegy-

318 1288 398 1325 pto,
425 1278 589 1311 videlicet
605 1283 679 1320 post
699 1273 832 1309 Pascha
851 1276 971 1320 populi
992 1275 1116 1317 lsrael,
1143 1278 1301 1321 promul--

319 1337 396 1375 gata
412 1336 462 1363 est
477 1329 531 1361 lex
550 1327 700 1361 terribili
718 1338 801 1359 voce
817 1328 860 1360 de
878 1327 992 1365 coelo,
1025 1327 1106 1372 quia
1123 1326 1219 1361 Deus
1240 1341 1300 1361 vo-

320 1381 389 1416 luit
406 1387 520 1414 extare
539 1378 720 1423 publicum
745 1377 988 1411 testimonium
1014 1378 1068 1411 sui
1092 1378 1214 1412 iudicii
1240 1380 1302 1412 ad-

321 1441 441 1465 versus
460 1436 598 1474 peccata
617 1425 814 1463 hominum.
866 1425 911 1461 Et
928 1440 1006 1461 cnm
1026 1429 1176 1472 populus
1202 1429 1302 1462 audi-

321 1482 429 1515 visset
451 1481 581 1522 legem,
607 1478 761 1522 expavit,
789 1489 827 1511 ac
853 1478 991 1522 petivit,
1018 1486 1056 1512 ut
1082 1491 1142 1523 per
1162 1479 1302 1513 Moisen

321 1532 543 1566 deferrentur
562 1531 727 1562 mandata
745 1528 809 1562 Dei
826 1530 867 1561 ad
886 1529 1162 1566 multitudinem.
1214 1530 1303 1565 Sen-

323 1588 445 1618 serunt
461 1580 575 1618 enim,
603 1591 637 1612 se
655 1591 727 1611 non
743 1591 842 1623 posse
858 1579 1030 1613 sustinere
1045 1593 1163 1613 vocem
1183 1582 1278 1624 legiS.

423 1654 519 1688 Haec
537 1651 685 1687 historia
702 1652 872 1695 significat
889 1653 1010 1686 eadem
1027 1666 1116 1699 quae
1133 1664 1304 1699 geruntur

322 1708 360 1741 in
392 1705 558 1748 singulis,
600 1715 679 1737 cum
704 1703 868 1736 audimus
893 1716 1012 1737 vocem
1043 1705 1145 1748 legis,
1186 1707 1218 1740 id
1245 1715 1304 1748 est,

323 1769 402 1792 cum
421 1755 590 1789 sentimus
607 1753 720 1787 Deum
740 1754 966 1790 iudicantem.
1018 1754 1098 1789 Non
1122 1758 1216 1790 enim
1242 1770 1304 1802 po-

325 1815 389 1842 test
406 1813 530 1840 natura
550 1802 735 1837 hominum
755 1815 833 1846 rea,
860 1805 1033 1839 sustinere
1058 1807 1143 1840 iram
1160 1808 1224 1842 Dei
1250 1810 1301 1842 iu-

324 1859 493 1896 dimotis,
521 1862 551 1888 et
569 1855 642 1898 lege
659 1855 822 1888 terrentis
840 1856 1088 1889 conscientiam
1102 1885 1110 1898 ‚
1144 1859 1232 1893 sicut
1250 1861 1304 1892 in-

324 1908 401 1953 quit
431 1903 613 1940 Ezechias:
657 1905 754 1938 Sicut
792 1905 845 1937 leo
881 1907 1046 1940 contrivit
1078 1910 1196 1941 omnia
1229 1922 1303 1943 ossa

325 1971 414 1992 mea.
471 1955 565 1999 Ergo
590 1955 809 1999 promulgata
833 1955 904 1998 lege
926 1965 1164 1999 agnoscuntur
1186 1971 1303 2003 pecca-

324 2016 400 2044 tum
419 2014 451 2042 et
472 2007 521 2040 ira
540 2005 617 2039 Dei.

427 2081 522 2115 llaec
553 2080 644 2114 mala
669 2092 747 2113 cum
774 2079 897 2113 tollere
921 2081 1003 2114 velit
1028 2082 1196 2117 beneficio
1222 2087 1304 2119 novi

325 2131 562 2169 Testamenti,
601 2138 638 2165 ut
656 2127 814 2163 Pascltati
838 2133 1023 2174 respondet
1047 2131 1198 2174 Pascha,
1226 2149 1305 2169 um-

323 2186 407 2219 brae
426 2195 505 2217 vera
528 2182 688 2220 victima,
722 2181 769 2214 sic
795 2182 1066 2225 promulgationi
1094 2185 1178 2225 legis
1204 2200 1304 2221 mon-

325 2235 466 2269 strantis
485 2239 661 2278 peccatum
682 2238 714 2264 et
731 2231 816 2263 iram
830 2256 838 2269 ‚
867 2235 1051 2276 respondet
1070 2235 1104 2267 in
1135 2233 1196 2270 liae
1215 2237 1304 2271 Pen-

326 2293 452 2319 tecost‹=
470 2284 690 2316 manifestum
709 2282 948 2315 testimonium
973 2285 1174 2319 donationis
1191 2288 1305 2332 Spiri-

326 2344 381 2370 tus
401 2334 527 2371 sancti,
556 2346 617 2377 per
633 2345 734 2377 quem
758 2333 916 2366 incoatur
934 2346 1064 2367 novum
1083 2347 1247 2377 regnum,
1271 2341 1304 2373 in

326 2399 396 2432 quo
427 2391 527 2418 sonat
555 2396 616 2415 vox
648 2381 827 2423 Evangelii
854 2385 896 2416 de
922 2386 1125 2420 remissione
1151 2397 1304 2432 pcccato-

325 2449 404 2470 rum
421 2463 429 2475 ,
454 2442 486 2467 et
511 2436 554 2467 de.
578 2434 769 2466 donatione
794 2434 947 2478 Spiritus
972 2437 1104 2480 sancti‚
1134 2438 1306 2474 incoantis

327 2486 499 2520 iusticiam
543 2492 574 2517 et
617 2485 723 2517 vitam
763 2492 948 2520 aeternam.
1016 2486 1109 2521 llaec
1155 2494 1304 2525 secunda

330 2537 530 2570 Pentecoste
549 2535 659 2567 multo
677 2535 862 2577 gloriosior
878 2543 924 2569 est
943 2537 1067 2580 priore.
1122 2537 1163 2572 In
1190 2543 1304 2585 priore

328 2593 568 2620 monstrantur
588 2593 765 2630 peccatum
782 2593 814 2620 et
833 2587 880 2619 ira
901 2586 985 2628 Dei,
1016 2589 1050 2621 in
1067 2594 1216 2626 secunda
1239 2596 1304 2627 tol-

329 2639 458 2672 luntnr.

891 103 1017 140 PHlL.
1043 99 1161 137 MEL.
1185 97 1394 138 SCRIPTA
1422 96 1724 135 EXEGETICA.

1667 183 1723 207 De
1758 182 1992 207 secunda.

1581 248 1672 287 Quid
1693 251 1738 280 sit
1760 248 1911 289 Spiritu
1933 253 2080 279 sanctus.

1313 319 1316 355 ι
1442 308 1593 352 Quoties
1615 310 1658 342 de
1676 308 1852 343 Trinitate
1875 309 2086 353 cogitamus,
2119 307 2322 344 intueamur

1314 360 1317 409 ζ
1343 359 1586 394 admirandam
1604 359 1854 393 revelationem
1871 359 2042 393 divinitus
2058 358 2184 392 factam
2201 359 2239 392 in
2261 359 2325 399 ba-

1314 420 1317 443 t
1341 411 1469 456 ptismo
1483 407 1633 450 Christi,
1668 409 1730 443 ubi
1753 416 1822 443 tres
1839 421 2007 454 personae
2032 409 2223 443 clarissime
2249 409 2324 444 dis-

1342 467 1545 496 cernuntur.
1592 458 1725 504 Estque
1741 459 1894 504 Spiritus
1915 467 2054 494 sanctus
2078 471 2224 504 persona
2241 471 2325 504 pro-

1344 513 1470 546 cedens
1487 524 1505 544 a
1522 510 1623 544 Patre
1639 517 1672 544 et
1689 509 1799 551 Filio,
1828 511 1962 554 agitans
1977 511 2081 544 corda
2093 537 2103 551 ,
2138 518 2171 544 et
2191 511 2327 544 exusci-

1347 571 1423 596 tans
1446 573 1556 595 novos
1582 569 1614 594 et
1639 561 1780 594 divinos
1804 567 1938 600 motus,
1978 561 2226 595 convenientes
2258 561 2326 605 legi

1345 613 1422 647 Dei.
1483 609 1530 645 Et
1559 612 1700 657 quidem
1730 612 1844 655 ipsum
1877 612 2009 645 dictum
2035 610 2140 645 loelis
2171 616 2329 652 testatur,

1348 662 1519 707 Spiritum
1542 669 1698 695 sanctum
1726 673 1798 695 esse
1823 661 2037 695 substantiae
2061 662 2220 699 divinae,
2246 663 2330 707 quia

1348 713 1481 758 inquit:
1509 710 1702 746 Effundam
1721 714 1764 745 de
1782 712 1908 756 spiritu
1925 724 2021 755 meo,
2049 711 2154 752 Meo,
2174 712 2331 757 inquam,

1349 764 1410 810 qui
1429 770 1479 797 est
1494 775 1590 796 meae
1607 763 1834 797 substantiae.

1683 852 1742 882 Ad
1763 852 1846 891 quid
1868 847 1996 881 (laturi)

1450 912 1528 946 Hoc
1544 912 1682 956 copiose
1701 914 1872 956 traditur,
1901 914 1961 946 sed
1979 924 2114 946 sumam
2141 925 2252 947 unum
2277 913 2332 947 di-

1352 970 1445 998 ctum
1462 960 1652 996 Zachariae
1673 963 1747 998 12:
1766 961 1959 997 Effundam
1979 975 2084 1007 super
2101 965 2245 997 domum
2261 963 2333 998 Da-
2380 1004 2385 1009 .

1352 1015 1432 1058 vid,
1449 1020 1481 1047 et
1499 1025 1603 1058 super
1620 1011 1833 1047 habitatores
1852 1013 2055 1055 Ierusalem,
2076 1014 2238 1058 spiritum
2255 1025 2334 1057 gra-

1352 1065 1421 1099 tiae
1446 1071 1478 1098 et
1500 1076 1656 1108 precum.
1705 1063 1799 1097 Haec
1823 1064 2023 1098 dulcissima
2045 1065 2218 1099 sententia
2234 1076 2332 1098 com-

1353 1115 1517 1160 plectitur
1533 1115 1651 1148 omnia
1668 1114 1834 1148 beneficia
1853 1115 2007 1159 Spiritus
2023 1116 2131 1150 sancti
2144 1142 2153 1156 ‚
2177 1122 2211 1149 et
2226 1125 2330 1148 veros

1354 1167 1469 1200 cultus
1492 1164 1570 1201 Dei.
1624 1165 1789 1199 Testatur
1813 1165 1938 1198 donari
1962 1165 2134 1209 Spiritum
2159 1172 2333 1205 sanctum,

1354 1224 1389 1251 et
1408 1215 1501 1249 hunc
1519 1228 1590 1249 esse
1603 1216 1765 1260 spiritum
1781 1216 1930 1260 gratiae,
1957 1216 1992 1249 id
2010 1223 2079 1257 est,
2107 1217 2145 1249 in
2169 1216 2335 1250 cordibus

1355 1268 1484 1301 nostris
1502 1267 1762 1308 testificantem,
1794 1267 1947 1312 primum
1965 1268 2059 1312 quod
2076 1267 2186 1300 simus
2202 1267 2238 1299 in
2256 1277 2336 1310 gra-

1355 1319 1402 1352 tia
1421 1317 1504 1358 Dei,
1538 1329 1598 1350 seu
1615 1317 1844 1351 inclinantem
1874 1319 2001 1361 corda,
2033 1324 2072 1351 ut
2092 1317 2337 1363 adsentiantur

1355 1368 1581 1413 promissioni
1599 1369 1740 1412 gratiae.
1794 1367 1882 1402 Nam
1900 1365 1957 1401 hic
1973 1368 2107 1413 primus
2125 1368 2268 1402 effectus
2287 1373 2338 1401 est

1356 1419 1509 1463 Spiritus
1526 1419 1658 1458 sancti,
1693 1418 1864 1452 inclinare
1880 1420 1984 1452 corda
2008 1425 2046 1452 ut
2072 1425 2259 1462 agnoscant
2276 1417 2339 1451 Pi-

1356 1470 1442 1502 lium
1461 1468 1544 1508 Dei,
1571 1475 1603 1502 et
1620 1475 1772 1502 statuant
1795 1479 1829 1501 se
1854 1469 1962 1513 recipi
1988 1469 2024 1501 in
2047 1469 2214 1511 gratiam,
2248 1468 2339 1502 sicut

1356 1518 1518 1553 Christus
1537 1519 1668 1563 inquit:
1699 1518 1776 1562 lpse
1791 1530 1846 1552 me
1862 1519 2092 1562 glorificabit,
2115 1519 2150 1551 id
2177 1525 2245 1559 est,
2272 1519 2339 1553 erit

1357 1570 1453 1604 testis
1471 1582 1531 1614 per
1549 1568 1732 1613 Evangelii
1750 1570 2044 1613 praedicationem
2059 1596 2068 1610 ,
2094 1575 2129 1603 et
2154 1569 2340 1603 inclinabit

1357 1622 1462 1655 corda
1492 1627 1530 1653 ut
1562 1620 1804 1653 adsentiantur
1829 1618 2043 1662 Evangelio,
2079 1627 2111 1654 et
2142 1631 2233 1653 nova
2264 1619 2341 1654 luce

1358 1671 1563 1715 perfundet,
1592 1677 1631 1704 ut
1652 1670 1849 1713 intelligant
1867 1669 2121 1715 Evangelium‚
2153 1677 2187 1704 et
2209 1670 2341 1704 discer-

1359 1729 1444 1756 nant
1462 1733 1480 1754 a
1498 1721 1668 1766 sapientia
1683 1721 1820 1755 mundi.

1459 1786 1547 1821 Cum
1567 1793 1682 1820 autem
1706 1787 1948 1830 cognoscimus
1970 1786 2245 1821 misericordiam
2263 1786 2342 1829 Dei,

1359 1846 1391 1873 et
1409 1839 1600 1882 accipimus
1618 1838 1878 1877 remissionem,
1904 1838 2074 1871 audemus
2090 1837 2158 1870 iam
2178 1839 2340 1872 accedere

1359 1891 1401 1923 ad
1428 1887 1562 1927 Deum,
1604 1888 1767 1921 invocare
1797 1900 1895 1927 eum,
1929 1887 2008 1933 quia
2039 1887 2107 1922 nisi
2131 1889 2222 1922 adsit
2244 1889 2342 1929 fides,

1359 1946 1514 1973 statuens
1529 1940 1572 1971 de
1587 1939 1792 1971 remissione
1809 1945 2047 1982 peccatorum,
2080 1938 2220 1982 fugiunt
2236 1940 2342 1973 corda

1360 1988 1492 2029 Deum,
1519 2001 1591 2021 non
1611 1989 1794 2028 invocant,
1822 1990 1880 2022 sed
1906 1989 1973 2022 side
1997 2001 2059 2033 per
2072 1987 2252 2024 Christum
2279 1987 2343 2024 ha-
2390 2014 2392 2019 -

1361 2041 1482 2073 bemus
1506 2050 1678 2072 accessum
1702 2041 1743 2072 ad
1772 2038 1905 2079 Deum,
1946 2047 1983 2073 ut
2008 2038 2113 2074 Rom.
2137 2039 2174 2076 5.
2198 2040 2340 2076 dicitur.

1362 2089 1468 2127 Item,
1512 2089 1616 2125 Rom.
1642 2090 1694 2125 8.:
1725 2089 1915 2134 Accepistis
1945 2090 2108 2134 spiritum
2140 2091 2342 2136 adoptionis
2390 2086 2392 2101 ἶ

1360 2141 1532 2180 filiorum,
1559 2153 1629 2185 qno
1647 2141 1835 2174 clamamus
1855 2139 1956 2174 Abba
1974 2148 2088 2185 pater,
2116 2141 2151 2175 id
2166 2148 2237 2184 cst,
2261 2154 2341 2176 cum
2389 2163 2391 2170 ι

1360 2193 1464 2225 corda
1484 2192 1669 2234 eriguntur
1693 2203 1775 2225 voce
1795 2190 1978 2235 Evangelii
2005 2198 2038 2225 et
2064 2192 2150 2232 fide,
2183 2191 2341 2226 induun-

1360 2250 1416 2276 tur
1432 2241 1567 2285 Spiritu
1583 2249 1702 2275 sancto
1716 2269 1724 2281 ,
1753 2249 1945 2285 agnoscunt
1971 2243 2246 2277 misericordiam
2264 2241 2342 2284 Dei.

1355 2304 1437 2326 ‘vere
1457 2291 1569 2325 Deum
1596 2293 1761 2327 invocant
1778 2293 1902 2326 fiducia
1920 2293 2021 2333 Filii,
2056 2300 2251 2337 agnoscunt
2278 2305 2339 2339 pa-

1361 2351 1446 2377 trem
1466 2355 1538 2376 csse
1555 2350 1616 2377 etc.

1462 2401 1543 2435 ldco
1554 2400 1740 2436 Zacharias
1759 2402 1860 2443 dicit,
1877 2401 2050 2446 Spiritum
2070 2403 2201 2445 gratiae
2217 2410 2251 2439 et
2261 2415 2343 2449 prt-

1360 2465 1456 2491 cum,
1484 2455 1573 2486 duos
1592 2454 1722 2497 primos
1747 2460 1780 2487 et
1803 2453 2008 2498 praecipuos
2032 2454 2175 2489 effeetus
2191 2454 2343 2501 Spiritus

1360 2505 1467 2538 sancti
1488 2505 1740 2548 complectens,
1767 2504 1897 2537 scilicet
1915 2505 2089 2538 testificari
2114 2506 2208 2551 quod
2233 2505 2340 2540 simus

1362 2555 1543 2598 ingratia,
1577 2561 1608 2587 et
1634 2554 1812 2599 impellere.
1836 2555 1877 2587 ad
1906 2555 2178 2590 iiixocationem.
2231 2554 2341 2591 Porro

1331 2628 1333 2640 .
1362 2606 1536 2640 inuit-otio
1566 2605 1808 2649 complectitur
1842 2606 1994 2651 reliquos
2023 2606 2099 2650 pios
2122 2614 2256 2646 motus,
2284 2607 2340 2641 di-

1329 2642 1334 2693 l
1361 2656 1564 2695 lectionem.
1593 2663 1624 2690 ct
1643 2668 1769 2689 novam
1790 2657 2038 2691 obedientiam.
