2409 2915
113 76 210 114 1153
397 77 478 113 ΧΠ.

196 159 371 210 Princeps
398 160 510 198 huius
537 161 669 197 mundi
696 163 856 198 eiicielur
871 164 998 212 foras.

211 230 370 265 Primum
393 239 498 275 nota,
540 244 557 265 a
577 232 756 276 principe,
792 231 845 278 (id
871 234 964 278 quod
989 245 1092 277 supra

109 280 291 324 diximus),
315 283 351 315 id
366 290 426 323 est,
452 295 470 316 a
483 282 610 317 satana
629 284 739 316 teneri
756 283 889 327 captiva
908 291 940 318 et
957 284 1091 327 impelli

107 332 149 365 ad
197 333 317 365 omnia
370 344 494 376 genera
544 341 763 376 peccatorum
815 335 918 367 corda
970 347 1091 368 eorum

106 383 286 423 omnium,
314 383 350 415 in
376 384 504 428 quibus
527 396 600 416 non
620 391 668 417 est
689 385 832 428 spiritus
849 382 992 419 Christi.
1044 383 1091 418 Et

105 430 213 466 Satan
242 433 310 466 iam
347 434 504 467 eiicietnr
537 435 648 472 foras,
695 436 824 468 scilicet
848 447 910 479 per
931 435 1091 478 Evange-

104 482 212 522 linm,
240 485 333 529 quod
354 491 404 516 est
429 485 583 526 potentia
609 485 686 520 Dei.
739 485 844 519 Satan
874 486 1029 526 eiicitur,
1053 493 1091 518 nt

105 531 196 566 nihil
214 535 319 578 possit
339 535 503 567 adversos
529 548 604 576 eos,
632 536 691 580 qui
718 537 865 569 credunt
885 534 1089 579 Evangelio.

103 583 182 618 Hoc
200 596 281 628 ergo
297 585 382 618 dicit
399 583 577 619 Christus:
614 585 791 619 Hactenus
814 598 885 620 non
915 595 965 621 est
990 599 1089 631 prae-

103 635 256 668 dicatum
282 636 427 669 verbum
454 637 571 670 efficax
589 639 630 669 ad
651 638 880 671 destruendas
899 645 1016 681 portas
1034 638 1088 669 in-

100 685 273 727 ferorum3
301 687 369 718 iam
397 699 492 720 nunc
516 688 775 729 praedicabitur
801 689 963 727 verbum,
990 688 1088 721 cuius

101 737 258 780 potentia
291 737 473 781 subigetur
496 737 624 779 Satan,
668 745 771 783 atque
801 738 834 771 itt
864 739 929 771 erit
954 736 1086 771 Christi

100 798 267 830 regnum,
294 788 417 821 eiicere
432 788 594 821 Satanam
613 790 720 821 verbo
747 801 821 823 sno,
872 787 966 832 Ergo
992 789 1028 821 in
1047 801 1086 821 eo

101 845 224 881 regnat
245 835 424 878 Christus,
451 851 468 871 e
494 839 592 871 cuins
615 841 718 872 corde
743 839 850 872 Satan
876 840 1003 872 eiectus
1026 846 1086 877 est,

99 895 133 921 et
156 889 364 922 innovatum
391 896 439 921 est
468 901 528 922 cor
553 890 750 933 cognitione
769 890 850 929 Dei,
877 889 962 927 fide,
990 897 1084 922 metu

98 936 185 979 Dei,
219 939 302 972 odio
329 940 584 973 desideriorum
612 941 724 973 carnis
749 947 811 974 etc.
833 959 882 965 —
917 940 1085 974 Eiicietur

98 989 211 1030 foras,
236 990 258 1024 i.
276 1002 303 1022 e.
326 991 548 1034 evulgabitur
573 991 739 1031 verbnm,
765 1003 835 1035 quo
859 1004 875 1022 a
894 1002 1000 1033 regno
1021 990 1084 1024 Sa-

99 1046 200 1073 tanae
217 1041 414 1073 liberentur
429 1042 489 1086 qui
513 1048 612 1074 antea
632 1041 706 1074 eius
724 1041 852 1085 captivi
870 1048 985 1082 erant,
1013 1054 1082 1086 qno

97 1091 286 1134 gignentur
301 1090 365 1125 filii
385 1090 461 1127 Dei.

336 1173 423 1221 Ego
449 1175 486 1209 si
511 1174 701 1210 exaltatus
719 1176 844 1224 sucro,

94 1247 130 1280 id
151 1253 218 1287 est,
245 1245 446 1285 crucifixus,
472 1246 561 1279 sicut
575 1252 607 1278 et
623 1257 726 1289 supra
741 1243 952 1280 loann.lV.:
981 1244 1081 1279 Sicut

93 1297 213 1331 Moses
229 1296 393 1330 exaltavit
409 1303 603 1340 serpentem
628 1296 664 1328 in
682 1297 818 1328 deserto
837 1302 898 1329 etc.
944 1293 1079 1328 Omnes

92 1346 228 1382 traham
251 1348 296 1379 ad
322 1359 395 1386 me,
428 1347 450 1381 i.
468 1358 496 1381 e.
522 1353 640 1389 gentes
666 1352 700 1378 et
721 1345 877 1378 Iudaeos.
942 1344 997 1377 Ad
1023 1358 1077 1378 me

91 1398 226 1442 ipsum,
255 1397 466 1441 graecismus
483 1403 549 1437 est;
577 1395 697 1429 Latini
715 1396 836 1429 dicunt
856 1394 1077 1439 simpliciter:

90 1450 145 1482 Ad
164 1460 231 1483 me.

204 1513 285 1548 Hoc
312 1517 432 1546 autem
461 1511 625 1557 dicebat,
652 1510 870 1558 sigmficans
898 1517 958 1549 etc.

193 1579 356 1615 Christus
372 1579 435 1614 hac
453 1587 522 1613 tota
541 1580 709 1613 concione
726 1581 768 1612 (le
787 1592 894 1623 regno
920 1592 982 1613 suo
1005 1580 1077 1613 dis—

90 1633 191 1670 serit,
218 1632 300 1665 inde
318 1643 428 1675 usqne
445 1632 488 1663 ab
508 1643 547 1663 eo
567 1629 658 1663 loco:
689 1629 796 1664 Venit
813 1628 898 1663 hora
913 1658 922 1671 ‚
947 1638 984 1664 ut
1002 1632 1077 1673 glo-

89 1684 244 1716 rificetur
261 1683 352 1715 filius
373 1680 538 1715 hominis.
571 1680 736 1724 Exponit,
759 1682 842 1726 quid
861 1682 912 1714 sid
932 1694 1075 1723 regnum

89 1745 192 1767 suum
224 1734 403 1773 futurum,
441 1733 547 1777 idque
573 1730 639 1764 hoc
663 1730 932 1775 epiphonemate
956 1733 1076 1765 claris—

88 1784 176 1819 sime
208 1785 406 1827 exponitur.
468 1782 549 1816 Duo
579 1794 684 1824 regna
709 1789 977 1827 proponuntur,
1021 1795 1075 1816 re-

87 1847 197 1879 gnum
215 1834 364 1868 Satanae
380 1841 412 1867 et
430 1845 576 1877 regnum
593 1832 737 1866 Christi.
791 1833 953 1875 Regnum
970 1831 1074 1867 Chri-

86 1887 129 1921 sti
156 1892 257 1928 sunt,
293 1885 331 1917 in
357 1885 484 1929 quibus
512 1885 686 1917 iudicatus
715 1891 765 1917 est
796 1886 968 1926 mundus,
1002 1891 1035 1918 et
1057 1897 1074 1917 e

86 1936 215 1982 quibus
231 1936 338 1969 Satan
357 1936 484 1968 eiectus
502 1943 572 1975 est,
600 1935 622 1967 i.
639 1947 666 1966 e.
685 1936 814 1979 quibus
831 1935 978 1967 revelari
996 1947 1074 1967 coe-

86 1987 140 2032 pit
157 1987 317 2029 impietas
334 1986 450 2019 cordis
467 1984 634 2023 humani,
658 1986 693 2017 in
713 1986 841 2030 quibus
868 1986 1071 2019 mortificari

85 2038 200 2081 coepit
224 2043 323 2069 vetus
341 2034 453 2068 Adam
466 2063 474 2075 ‚
501 2043 534 2068 et
552 2037 587 2068 in
605 2047 692 2080 quos
710 2036 839 2068 effusus
862 2042 913 2068 est
930 2037 1072 2080 spiritns

83 2086 238 2129 Christi,
265 2087 324 2131 qui
341 2098 399 2119 eos
415 2085 593 2129 agnitione
609 2085 695 2125 Dei,
723 2086 849 2119 timore
867 2085 952 2124 Dei,
981 2087 1067 2119 sidu-

83 2140 134 2173 cia
166 2138 318 2177 animat,
359 2137 555 2170 inflammat.
584 2137 626 2169 ad
655 2136 817 2178 patienda
850 2142 884 2170 et.
915 2136 1069 2169 facienda

84 2189 222 2227 omnia,
252 2200 342 2233 qnae
360 2187 466 2230 exigit
480 2186 587 2220 Deus.
641 2186 760 2225 Vides,
783 2200 854 2220 nnn
875 2186 910 2218 in
927 2193 1068 2220 extr-rna

79 2240 196 2284 aliqua
230 2239 361 2283 specie,
404 2237 630 2274 ceremoniis,
674 2249 778 2281 opere
818 2250 890 2271 esse
921 2249 1066 2280 regnum

538 77 931 115 ANNOTATIONES
956 77 1022 114 ET
1048 76 1326 117 CONCIONES
1355 82 1404 117 IN
1428 83 1605 120 EVANG.
1637 75 1852 124 IOANNIS.

2034 94 2128 130 1154

1144 166 1198 198 lus
1215 167 1248 200 2.
1264 166 1425 203 Corinth.
1445 169 1524 211 lV.,
1551 170 1666 205 Deum
1692 170 1798 207 huius
1819 176 1944 217 seculi,
1973 177 1994 212 i.
2013 190 2040 214 e.
2064 180 2128 213 Sa-

1143 223 1259 250 tanam
1288 216 1414 253 habere
1434 222 1568 265 captiva
1594 235 1714 255 eorum
1738 226 1861 265 corda,
1889 239 1933 259 ne
1948 228 2126 264 illucescat

1142 267 1179 299 in
1200 268 1247 300 eis
1263 267 1507 313 Evangelinrn.
1561 272 1671 306 Porro
1688 275 1767 318 quia
1793 277 1926 320 captiva
1941 276 2043 313 habet
2060 280 2125 312 im—

1143 318 1282 361 piorum
1300 323 1403 353 corda
1422 321 1528 354 Satan
1541 349 1548 362 ‚
1573 324 1660 356 alios
1675 326 1800 357 adalia
1821 328 1947 361 scelera
1966 330 2123 374 impellit.

1142 366 1259 413 Atque
1293 367 1377 403 haec
1409 379 1458 404 est
1487 373 1546 405 illa
1575 375 1709 416 egregia
1735 377 1925 411 voluntatis
1951 377 2125 414 humanae

1141 419 1302 460 liberum,
1329 422 1496 461 servitus,
1537 436 1602 468 qua
1627 424 1774 458 Satanae
1799 438 1934 460 sursum
1960 443 1997 463 ac
2022 433 2124 464 deor-

1141 481 1216 502 sum
1242 471 1387 513 sapienti
1413 480 1526 515 paret,
1559 475 1638 517 quia
1665 476 1724 519 qui
1749 477 1875 518 spiritu
1902 478 1966 513 Dei
1993 490 2125 522 vacant,

1141 532 1198 552 eos
1223 533 1360 553 necesse
1386 530 1434 555 cst
1459 524 1571 566 subigi
1598 525 1744 558 arbitrio
1771 527 1939 569 Satanae,
1975 532 2060 565 sient
2085 533 2120 565 in

1141 570 1266 611 Saule,
1295 571 1379 604 luda
1397 580 1429 606 et
1445 574 1522 606 aliis
1540 576 1658 607 multis
1677 583 1723 608 est
1743 589 1894 613 cernere.
1933 580 2121 622 Quomodo

1139 628 1252 654 autem
1279 622 1475 655 liberentur
1492 637 1509 656 a
1530 637 1636 666 regno
1657 626 1823 668 Satanae,
1859 630 1998 664 subiicit
2016 631 2121 666 Chri-

1139 678 1231 704 stus:
1275 670 1368 715 Ego,
1403 686 1480 706 cum
1510 676 1678 709 exaltatus
1702 677 1800 711 suero
1826 686 1969 722 merra,
2002 685 2120 716 omnia

1138 734 1272 755 mecum
1306 721 1460 764 traham,
1503 725 1537 757 id
1572 733 1640 767 est,
1685 725 1819 761 Christi
1852 742 1944 764 mors
1975 734 2120 768 destruit

1138 784 1283 815 regnum
1304 775 1431 818 peccati
1455 783 1487 809 et
1506 778 1644 817 mortis,
1672 779 1713 810 ad
1735 778 1866 813 Coloss.
1887 780 1929 815 L:
1960 782 2029 824 Qui
2051 786 2118 817 cri-

1139 824 1213 865 puit
1233 836 1297 856 nos
1313 826 1354 856 (le
1376 832 1541 867 potestate
1566 828 1788 861 tenebrarum
1802 857 1810 869 ,
1839 837 1870 864 et
1887 835 2065 868 transtulit
2082 838 2119 868 in

1137 885 1282 913 regnum
1308 876 1369 907 filii
1395 876 1594 910 dilectionis
1612 890 1693 911 suae
1711 887 1790 919 etc.;
1819 888 1851 914 et
1878 883 2023 916 deinde:
2054 885 2119 918 Pa-

1136 924 1272 957 cificans
1311 938 1372 968 per
1403 927 1608 967 sanguinem
1639 930 1749 961 crucis
1784 938 1847 965 etc.
1909 932 2120 969 Liberamur

1135 986 1214 1017 ergo
1233 988 1249 1007 a
1269 987 1376 1017 regno
1398 976 1548 1009 Satanae
1567 990 1628 1021 per
1645 978 1776 1012 Christi
1802 989 1950 1016 mortem
1974 988 2118 1019 creden-

1135 1031 1183 1057 tes
1209 1024 1419 1068 Evangelio‚
1448 1029 1666 1070 promittenti
1695 1031 1934 1066 remissionem
1960 1045 2119 1078 peccato-

1134 1087 1210 1107 rum
1231 1077 1412 1120 impetrata
1436 1085 1548 1110 morte
1564 1078 1707 1113 Christi.
1762 1081 1834 1114 Iam
1854 1090 1885 1115 et
1905 1096 1998 1118 mors
2015 1085 2120 1120 Chri-

1132 1126 1175 1159 sti
1209 1128 1378 1168 mortifica
1404 1139 1481 1169 eos,
1522 1130 1581 1174 qui
1616 1131 1652 1162 in
1682 1142 1827 1174 regnum
1863 1134 1938 1167 eius
1971 1139 2118 1172 transfe-

1134 1184 1270 1213 runtur.

1206 1253 1452 1301 S12gn1'ficans,
1479 1269 1552 1304 qua
1575 1263 1687 1292 morte
1715 1265 1802 1293 esset
1830 1261 2040 1300 moriturus.

1233 1321 1373 1355 Scilicet
1391 1324 1483 1362 fore,
1510 1331 1548 1357 ut
1575 1327 1852 1369 crucifigeretur,
1880 1331 2037 1376 adeoque
2062 1346 2118 1367 re—

1130 1382 1237 1413 gnum
1256 1383 1357 1405 suum
1380 1380 1429 1406 est
1453 1378 1752 1418 regnumcrucis,
1781 1379 1841 1411 ubi
1863 1382 2120 1418 mortificentur

1130 1421 1199 1464 pii,
1226 1428 1257 1454 et
1275 1429 1389 1455 tamen
1408 1424 1555 1458 affluant
1570 1426 1758 1467 sapientia,
1786 1428 1941 1471 iusticia,
1973 1434 2042 1466 vita
2060 1447 2119 1468 ae-

1131 1478 1226 1504 terna
1243 1485 1444 1517 quanquam
1464 1475 1718 1509 mortificentur
1737 1477 1780 1523 3).

1165 1553 1247 1589 Nos
1271 1553 1482 1589 audivimus
1507 1569 1552 1590 ex
1576 1556 1670 1603 Iege,
1705 1560 1794 1607 quia
1821 1559 1996 1598 Christus
2021 1573 2080 1604 εἰσ.

1230 1622 1355 1657 Esaiae
1380 1623 1461 1658 IX.:
1506 1625 1621 1670 Super
1651 1629 1777 1662 solium
1804 1629 1916 1665 David
1951 1642 1981 1667 et
2013 1648 2118 1681 super

1129 1685 1273 1714 regnum
1291 1675 1362 1707 eins
1377 1677 1529 1716 sedebit,
1555 1684 1593 1710 ut
1621 1681 1801 1715 confirmet
1828 1683 1914 1715 illud
1942 1692 1973 1718 et
1994 1698 2116 1720 corro-

1128 1725 1226 1757 boret
1249 1725 1284 1757 in
1303 1725 1436 1759 iudicio
1456 1734 1489 1760 et
1505 1727 1659 1769 iusticia3
1694 1727 1760 1764 hoc
1787 1739 1854 1773 est,
1884 1734 1956 1778 ipse
1981 1737 2114 1771 iudica-

1129 1776 1179 1808 bit
1198 1783 1229 1807 et
1247 1775 1445 1810 instilicabit
1466 1778 1547 1810 inde
1562 1791 1671 1824 usqne
1695 1781 1729 1813 in
1754 1785 2016 1827 sempiternum.
2068 1788 2114 1824 Et

1128 1825 1285 1858 Danielis
1309 1826 1404 1859 Vll:
1437 1826 1600 1871 Regnum
1624 1834 1717 1875 quod
1752 1845 1824 1866 non
1856 1847 2112 1880 corrumpetur.

1127 1875 1221 1909 Haec
1251 1877 1357 1910 citant
1391 1878 1454 1911 illi.
1508 1878 1667 1914 Observa
1701 1886 1938 1926 pugnantiam.
1993 1888 2111 1924 Iudaei

1126 1927 1304 1966 sentiunt,
1339 1939 1484 1971 regnum
1510 1928 1643 1963 Christi
1667 1932 1741 1966 sore
1765 1938 1982 1971 mundanum
2008 1947 2038 1973 et
2063 1943 2112 1974 ci-

1127 1978 1194 2009 vile
1214 1989 1378 2020 regnum,
1411 1986 1443 2011 et
1465 1987 1580 2012 tamen
1603 1982 1774 2024 fatentur,
1802 1984 1982 2021 Christum
2010 2003 2110 2024 man-

1125 2040 1245 2060 surum
1266 2040 1336 2060 esse
1353 2036 1384 2062 et
1400 2039 1626 2072 regnaturum
1646 2042 1827 2079 perpetuo,
1875 2037 1923 2071 Ita
1943 2052 2025 2073 suus
2043 2043 2108 2074 im-

1125 2079 1200 2121 pios
1231 2090 1344 2112 sermo
1376 2081 1564 2123 redarguit.
1626 2084 1815 2126 Quomodo
1840 2089 1933 2121 enim
1959 2094 2108 2126 munda-

1124 2141 1207 2161 num
1226 2141 1370 2172 regnum
1395 2131 1502 2165 suerit
1521 2135 1726 2167 aeternum?
1778 2136 1872 2171 Ilaec
1896 2153 1977 2173 vero
2005 2154 2106 2187 rupes

1123 2186 1189 2220 est,
1217 2180 1252 2212 in
1278 2193 1380 2224 quem
1400 2182 1599 2225 impingunt
1619 2183 1735 2218 ludaei
1759 2186 1868 2231 impii.
1913 2189 2002 2224 Tota
2020 2196 2106 2226 scri-

1121 2237 1222 2273 ptura
1246 2231 1366 2271 docet,
1400 2245 1544 2275 regnum
1564 2231 1692 2268 (Thristi
1724 2248 1796 2270 esse
1829 2241 2103 2277 administratio-

79 2288 232 2331 Christi,
258 2290 316 2323 sed
336 2290 373 2321 in
390 2290 514 2327 corde,
544 2288 605 2321 ubi
624 2285 691 2320 hoc
711 2288 880 2321 indicium
907 2289 1066 2323 sentitur.
1091 2267 1094 2332 f
1121 2292 1200 2314 nem
1219 2281 1414 2322 internam,
1445 2281 1510 2315 ¹¹0⁰
1537 2291 1583 2316 ⁰⁵l
1611 2287 1714 2318 sordi*
1751 2289 1820 2331 ‘⁰83
1853 2291 1998 2330 Virtute.
2041 2308 2102 2337 po-

78 2341 243 2384 Regnum
260 2340 410 2375 Satanae
428 2345 508 2372 sunt
521 2367 529 2378 ‚
556 2339 591 2371 in
607 2339 736 2383 quibus
752 2351 823 2371 non
840 2339 955 2382 coepit
973 2339 1065 2372 iudi-
1090 2333 1093 2366 Ῑ
1119 2332 1245 2371 tentia,
1273 2333 1399 2375 spiritu
1415 2330 1565 2377 Christi,
1594 2343 1625 2368 et
1646 2336 1733 2370 sicut
1751 2336 1944 2382 Prophetae
1963 2344 2100 2379 dicunt:

78 2393 266 2431 caricam,
295 2391 424 2436 quibus
454 2402 525 2424 non
550 2389 723 2423 revelatur
750 2390 909 2433 impietas
933 2390 1063 2431 cordis;

77 2444 102 2477 ii
119 2450 243 2476 vacant
260 2442 386 2475 timore
403 2442 486 2481 Dei,
514 2440 691 2485 agnitione
711 2439 791 2481 Dei,
816 2441 894 2480 fide,
919 2447 952 2473 et
969 2441 1061 2484 apud

76 2507 112 2528 se
139 2499 370 2527 contemnunt
393 2492 531 2532 Deum,
569 2499 602 2525 et
633 2491 746 2524 fidunt
779 2491 962 2531 creaturis,
1002 2491 1060 2523 alii

76 2557 137 2580 sua
155 2544 329 2589 potentia,
355 2544 416 2576 alii
434 2555 493 2576 sua
521 2542 719 2582 sanctitate,
746 2543 805 2574 alii
831 2542 976 2586 opibus,
1000 2542 1059 2575 alii

80 2596 172 2634 aliis,
200 2595 397 2629 cuiusmodi
418 2600 500 2627 sunt
520 2605 640 2626 omnes
666 2591 845 2631 homines,
879 2604 966 2637 quos
988 2604 1058 2625 non
1084 2605 1086 2630 J

79 2646 254 2682 renovavit
267 2645 420 2690 Spiritus
435 2651 587 2678 sanctus.
638 2643 690 2678 De
706 2642 760 2677 his
778 2644 894 2677 scribit
908 2644 1058 2691 Aposto-

124 2701 298 2731 Μειιετη.
329 2699 430 2730 Ortn.
456 2697 537 2728 von.
568 2696 659 2727 XtV.

1118 2380 1159 2415 ln
1193 2383 1317 2415 diebus
1345 2383 1419 2415 eius
1441 2384 1574 2417 orietur
1604 2385 1739 2420 iusticia
1774 2396 1805 2422 et
1835 2402 1909 2432 pax.
1974 2393 2098 2430 Inserit

1116 2433 1210 2464 enim
1240 2431 1402 2466 Christus
1433 2434 1467 2466 in
1500 2436 1604 2467 corde
1637 2439 1853 2472 credentium
1880 2444 2099 2487 sapientiam,

1115 2483 1306 2522 iusticiam,
1335 2495 1452 2526 pacem
1475 2492 1536 2517 etc.
1591 2485 1693 2530 lmpii
1716 2501 1795 2521 vero
1820 2491 2020 2535 intelligunt
2043 2510 2098 2530 re—

1085 2559 1086 2562 ,
1112 2544 1218 2577 gnum
1236 2531 1366 2567 Christi
1389 2546 1461 2568 esse
1478 2532 1659 2570 honestam
1679 2541 1853 2583 quandam
1878 2544 2015 2579 civilem
2033 2550 2094 2581 ad—

1143 2660 1173 2687 3)
1194 2658 1382 2689 siqnificans.
1403 2665 1459 2689 qua
1479 2660 1571 2683 marce
1589 2662 1638 2682 etr.
1666 2661 1728 2686 ΤιιΙ»,
1748 2669 1798 2686 non
1819 2665 1904 2690 habet.

1560 2695 1605 2730 75
