2409 2915
128 105 200 139 117
681 101 743 136 Xl.

798 101 1094 138 ENARRATIO
1125 102 1174 136 ΙΝ
1202 101 1576 142 ECCLEStAsTEN.

2067 121 2136 153 118

124 189 194 228 dit,
221 188 323 222 docet
345 189 471 222 samam
495 187 755 221 anteferendam
782 198 854 220 esse
882 188 1107 220 facultatibus
1156 198 1240 230 gnas
1258 189 1486 232 calamitates,
1505 194 1596 228 iuxta
1616 195 1720 229 illud:
1751 197 1946 234 Tolluntur
1963 202 1996 234 in
2015 204 2134 243 altum,

123 247 156 273 et
192 238 339 274 divitiis,
403 238 561 282 Sponsor
602 237 717 280 potius
753 238 889 271 amittat
926 239 1106 272 facultates

122 301 229 334 quam
244 289 384 323 samam.
436 286 504 320 Hic
521 287 662 321 dulcior
678 295 728 322 est
744 288 956 321 admonitio:
986 287 1046 321 Bo
1055 300 1104 320 na

115 339 231 388 fama
254 343 305 372 est
325 336 453 372 melior
469 336 659 376 balsamo,
687 338 722 370 id
750 345 818 378 est,
845 345 884 372 ut
910 339 1103 372 balsamum

124 398 223 425 sanat
239 397 271 424 et
287 394 420 423 recreat
435 400 600 431 corpora,
626 388 673 421 ita
693 389 783 421 bona
802 389 891 421 sama
910 401 1032 431 magna
1053 390 1104 422 le-

121 441 215 475 vatio
243 446 293 473 est
319 438 434 479 cordi,
466 438 512 472 Et
529 446 672 472 econtra
689 439 779 471 mala
801 440 891 472 fama
918 437 1101 472 horribilis

123 489 321 525 carnificina
348 496 409 523 est.
461 489 520 523 Sic
546 489 582 522 in
602 489 803 522 Proverbiis
827 490 973 523 dicitur:
1002 489 1100 523 Bona

119 542 209 574 fama
226 539 440 584 pinguefacit
455 551 543 574 ossa.
595 539 642 573 Et
662 539 837 572 Pindarus
861 540 991 585 inquit:
1020 541 1100 574 Non

117 602 208 636 aqua
232 590 347 635 tepida
370 590 419 623 sic
443 590 554 623 reficit
570 601 644 622 ossa
666 591 852 632 defatigata
872 591 957 624 sicut
975 591 1099 634 gloria.

72 667 76 673 ,
115 639 163 674 Et
178 638 424 686 Thucydides:
452 640 538 675 Seni
554 638 667 673 bonos
684 648 734 674 est
750 642 968 675 alimentum.
1005 641 1099 674 Haec

116 692 236 724 dextre
262 691 527 734 intelligantur,
554 697 587 723 et
614 691 861 724 discernantur
884 691 994 734 gloria
1013 704 1098 724 con-
1123 711 1124 717 κ

116 741 281 775 scientiae
301 748 334 775 et
351 741 620 790 adprobationis
638 739 831 779 humanae,
857 749 889 775 et
907 743 1018 785 gloria
1041 743 1096 775 iu-

116 791 236 826 sticiae
266 804 383 825 coram
414 791 508 832 Deo,
543 792 586 824 de
610 804 677 836 qua
709 792 794 825 alibi
825 793 964 826 dicitur.
1026 791 1098 835 Qui

115 843 304 885 gloriatur,
334 843 371 874 in
393 842 546 876 Domino
563 843 744 885 glorietur.

221 892 322 927 Alibi
350 905 432 926 vero
457 894 617 938 loquitur
649 895 691 925 de
723 893 979 936 adprobatione
1012 905 1096 925 con-

115 944 293 978 scientiae.
344 942 438 977 Haec
456 952 505 977 est
522 944 686 986 gloriatio
704 951 842 980 nostra,
870 943 1094 976 incolumitas

115 995 349 1028 conscientiae
373 1001 525 1029 nostrae.
590 993 692 1028 ltem:
729 993 860 1027 Probet
883 1006 970 1037 opus
992 1006 1094 1027 suum

114 1045 378 1090 unusquisque,
413 1053 446 1079 et
470 1047 518 1078 sic
543 1043 687 1078 babebit
719 1045 865 1087 gloriam
892 1046 984 1087 apud
1011 1055 1094 1084 sese,

112 1108 184 1129 non
204 1096 296 1140 apud
314 1096 419 1135 alios,
445 1096 479 1127 id
501 1104 568 1133 est,
596 1096 770 1128 examinet
791 1106 853 1128 sua
871 1095 978 1131 sacta,
1007 1107 1094 1139 quae

108 1147 137 1178 si
161 1153 251 1180 recte
277 1147 366 1179 facta
394 1153 492 1184 sunt,
521 1144 668 1178 babebis
695 1145 987 1188 adprobationem
1014 1152 1092 1178 tuae

111 1197 362 1236 conscientiae,
382 1208 469 1240 quae
485 1203 533 1229 est
552 1196 663 1239 gloria
680 1197 722 1227 de
740 1208 806 1240 qua
825 1196 992 1227 diximus:
1006 1195 1091 1231 ,Non

111 1245 179 1280 boc
201 1258 278 1290 ages
297 1248 393 1291 quod
418 1247 550 1280 faciunt
575 1242 741 1290 plurimi}
765 1252 803 1279 ut
819 1258 950 1278 crescas
974 1248 1090 1279 obtre-

111 1298 261 1331 ctatione
283 1297 434 1330 aliorum
452 1297 505 1329 vel
523 1297 693 1340 adplausu
710 1296 960 1330 multitudinis.

157 1361 302 1397 JlIelior
317 1367 366 1396 est
385 1363 460 1397 dies
477 1363 616 1401 mortis,
646 1375 756 1410 quam
776 1361 851 1396 dies
868 1363 1088 1397 nativitatis.

210 1422 288 1456 Hoc
306 1423 438 1456 dictum
463 1423 657 1456 consolatio
676 1429 737 1457 est.
774 1418 830 1456 Fit
849 1429 963 1455 autem
981 1423 1088 1455 colla-

112 1475 162 1508 tio
180 1486 252 1507 non
263 1473 568 1517 simplicitervitae
579 1480 610 1506 et
623 1473 756 1510 mortis,
781 1474 838 1505 sed
850 1473 1088 1506 calamitatum

111 1532 144 1558 et
167 1524 407 1563 liberationis,
441 1536 530 1568 quae
555 1531 670 1557 tamen
697 1525 762 1556 fide
787 1525 1005 1566 agnoscenda
1029 1531 1090 1563 est,

108 1573 153 1608 Et
170 1576 207 1608 in
221 1572 375 1608 Ecclesia
395 1572 461 1607 hoc
480 1574 611 1607 dictum
630 1587 692 1607 nec
709 1575 909 1613 obscurum,
938 1586 999 1607 nec
1017 1587 1089 1606 am-

107 1625 254 1668 biguum
270 1632 319 1658 est
339 1626 381 1658 de
405 1625 640 1657 credentibus.
693 1624 867 1667 Congruit
891 1625 983 1657 enim
1010 1637 1087 1659 cum

108 1675 171 1708 illo
197 1675 291 1708 dicto
318 1673 465 1718 Apocal.
492 1674 564 1708 14.:
596 1675 692 1707 Beati
720 1675 849 1707 mortui
875 1675 935 1718 qui
962 1675 997 1706 in
1015 1673 1090 1707 Do-

109 1726 207 1757 mino
233 1725 443 1757 moriuntur.
486 1722 532 1757 Et
554 1725 635 1757 talia
669 1725 759 1757 dicta
786 1732 866 1756 sunt
893 1725 1089 1756 testimonia

109 1776 151 1807 de
176 1775 292 1807 futura
316 1774 404 1812 vita,
437 1775 525 1806 sicut
550 1773 718 1806 proverb.
741 1773 792 1807 14.
819 1775 954 1818 inquit:
985 1774 1089 1818 Spem

107 1825 232 1858 retinet
251 1824 362 1857 iustus
381 1824 416 1855 in
438 1830 549 1856 morte
567 1836 639 1858 sua.
692 1823 736 1856 Et
755 1824 834 1857 lob:
862 1823 1010 1857 Etiamsi
1031 1837 1090 1857 oc-

107 1875 199 1908 cidet
217 1887 290 1911 me,
318 1874 464 1917 sperabo
493 1874 528 1906 in
545 1887 597 1906 eo.
653 1872 722 1906 Nec
739 1886 903 1918 quaeram
924 1874 1010 1907 alias
1034 1876 1090 1906 in-

105 1925 390 1969 terpretationes,
434 1936 497 1957 nec
536 1926 662 1957 addam
698 1925 756 1956 illa
786 1922 944 1963 ethnica,
983 1922 1090 1968 Opti-

108 1988 205 2009 mum
239 1987 310 2009 non
344 1975 458 2015 nasci,
502 1984 560 2009 aut
595 1988 699 2019 quam
732 1976 913 2008 celerrime
945 1976 1090 2009 aboleri.

105 2027 200 2060 Haec
219 2027 332 2060 aliena
345 2033 428 2059 sunt
444 2038 461 2059 a
480 2027 640 2059 doctrina
661 2024 848 2059 Ecclesiae.

155 2091 296 2127 ssIelius
328 2097 377 2125 est
410 2092 460 2125 ire
490 2090 545 2124 ml
567 2090 712 2124 domum
739 2090 874 2132 luctus,
903 2103 1013 2137 quam
1040 2089 1094 2124 ad

208 2141 354 2176 domum
374 2142 538 2177 convicii.

190 2201 283 2235 llaec
293 2202 382 2234 dicta
396 2210 681 2243 congruuntcum
700 2201 888 2234 notissimis
899 2200 1090 2239 sententiis,

104 2253 300 2288 Luxuriant
318 2252 424 2285 animi
446 2253 549 2284 rebus
567 2253 761 2296 plerunque
779 2252 949 2285 secundis.
989 2250 1087 2283 ltem:

105 2305 202 2339 Sedit
215 2303 365 2348 populus
379 2304 606 2339 manducare,
624 2309 655 2334 et
666 2303 813 2335 surm-xit
827 2303 955 2336 ludere.
987 2303 1087 2334 ltem:
1113 2317 1114 2321 ¹

1120 948 1121 958 ¹
1146 944 1188 975 de
1212 944 1335 977 timore
1361 946 1440 986 Dei,
1468 954 1501 981 et
1525 949 1567 981 de
1594 950 1827 985 invocatione.

1155 245 1192 270 ut
1210 238 1309 282 lapsu
1326 241 1487 282 graviore
1504 252 1619 279 ruant.
1671 246 1825 283 Econtra
1842 263 2031 286 aerumnae
2049 262 2131 287 sunt

1154 290 1508 325 commonefactiones
1526 295 1570 326 de
1586 303 1702 330 nostra
1721 298 1940 340 infirmitate,
1958 310 1990 336 et
2006 305 2048 336 de
2068 316 2128 347 pe-

1153 339 1259 371 tendo
1277 340 1409 373 auxilio
1427 340 1513 383 Dei,
1539 350 1571 376 et
1594 353 1676 379 sunt
1694 348 1832 383 frenum
1853 353 2043 386 multarum
2068 366 2129 387 cu-

1153 389 1350 432 piditatum.
1407 390 1488 425 Ideo
1516 391 1671 427 Ecclesia
1697 399 1850 433 subiecta
1876 409 1925 436 est
1949 405 2063 444 cruci,
2090 412 2129 438 ut

1151 451 1251 482 saepe
1277 441 1406 474 dicitur
1429 443 1512 477 alibi
1539 445 1582 477 de
1608 446 1718 479 causis
1742 449 1976 486 calamitatum
2004 452 2127 488 Eccle-

1150 489 1238 530 siae,
1265 497 1297 523 et
1315 492 1357 524 de
1374 503 1453 525 vera
1471 495 1724 532 consolatione.

1251 539 1290 573 ln
1316 542 1383 574 fine
1412 540 1535 577 barum
1559 548 1812 582 sententiarum
1839 551 2010 594 significat
2026 554 2125 589 Salo-

1149 602 1252 630 mon,
1278 603 1497 637 nequaquam
1515 596 1719 630 diuturnam
1743 612 1815 633 esse
1840 599 1930 635 banc
1958 604 2125 638 laetitiam

1149 641 1356 682 stultorum,
1384 643 1452 677 cito
1484 657 1543 678 eos
1576 659 1615 679 ex
1638 649 1842 691 securitate,
1878 659 1910 686 et
1937 653 2123 689 insolentia

1149 703 1248 723 ruere
1281 693 1316 724 in
1351 694 1498 736 tragicas
1523 697 1756 737 calamitates,
1790 708 1829 734 ut
1859 703 1963 742 Saul,
1997 704 2125 746 David,

1148 740 1314 781 Croesus,
1341 743 1491 784 Xerxes,
1520 745 1731 789 Alexander,
1760 750 1959 796 Pompeius,
1986 754 2123 795 Caesar,

1148 790 1339 833 Antonius,
1367 801 1400 828 et
1414 795 1473 827 alii
1492 796 1769 833 innumerabiles
1788 805 1944 845 oppressi
1960 813 2041 839 sunt
2059 808 2123 839 tri-

1147 843 1306 876 stissimis
1325 845 1481 886 casibus,
1509 854 1547 880 ut
1564 851 1719 892 exempla
1737 851 1806 883 irae
1822 851 1886 886 Dei
1904 856 2123 898 conspician-

1147 899 1220 932 tur,
1254 901 1292 927 ut
1318 902 1470 929 caeteros
1491 901 1807 935 commonefaciant
1833 903 1876 936 de
1899 906 2124 947 poenitentia,

1881 953 2006 989 Servat
2029 957 2122 990 enim

1146 995 1299 1036 regulam
1322 996 1413 1029 Dens
1426 1024 1434 1037 ,
1458 997 1687 1033 Abominatio
1705 1009 1754 1035 est
1772 1014 1887 1036 coram
1907 1003 1999 1044 Deo,
2018 1008 2122 1051 quid-

1145 1045 1229 1089 quid
1257 1053 1305 1079 est
1330 1047 1481 1081 sublime
1503 1061 1618 1083 coram
1649 1049 1864 1089 hominibus.
1918 1055 2022 1097 Item,
2048 1059 2121 1091 dis-

1145 1095 1258 1138 perdit
1276 1098 1443 1139 superbos
1460 1107 1574 1133 mente
1592 1102 1707 1134 cordis
1726 1104 1790 1138 sui.
1845 1103 1966 1150 Itaque
1983 1108 2026 1140 de
2045 1109 2122 1142 bre-

1143 1146 1248 1179 vitate
1276 1147 1431 1180 laeticiae
1454 1150 1641 1184 stultorum
1669 1152 1784 1197 inquit
1806 1154 1993 1197 Salomon,
2019 1159 2121 1191 talem

1142 1207 1231 1236 esse,
1259 1198 1372 1242 qualis
1390 1205 1438 1231 est
1455 1201 1590 1234 sonitus
1613 1202 1793 1246 spinarum
1812 1207 2014 1240 ardentium
2033 1221 2122 1253 quae

1142 1247 1209 1281 cito
1228 1249 1455 1291 conflagrant.

1191 1324 1396 1364 Calumnia
1416 1333 1604 1367 conturbat
1620 1335 1837 1381 sapientem,
1865 1344 1894 1371 et
1918 1338 2039 1385 perdit
2065 1354 2124 1375 cor

1238 1379 1442 1426 beneficum,

1244 1447 1434 1483 Detestatio
1459 1457 1508 1484 est
1527 1452 1741 1494 calumniae,
1766 1462 1802 1488 ut
1824 1457 2046 1491 manifestum
2075 1467 2123 1492 est

1141 1499 1178 1531 in
1199 1499 1295 1532 omni
1315 1500 1570 1541 gubernatione
1586 1505 1872 1539 nocentissimam
1892 1515 2021 1551 pestem
2050 1520 2123 1543 esse

1142 1550 1375 1590 calumniam,
1403 1558 1441 1584 ut
1463 1551 1678 1594 Palamedes,
1708 1554 1908 1598 Miltiades,
1938 1553 2123 1598 Aristides,

1141 1599 1286 1641 Cimon,
1315 1599 1591 1643 Themistocles,
1626 1605 1758 1649 optime
1787 1608 1906 1642 meriti
1937 1609 2124 1643 calumniis

1142 1651 1299 1697 oppressi
1318 1659 1410 1684 sunt.
1464 1651 1534 1685 Nec
1561 1665 1658 1692 rara,
1686 1667 1749 1688 nec
1775 1658 1921 1690 obscura
1944 1666 2027 1693 sunt
2052 1658 2124 1694 hu-

1144 1701 1196 1733 ius
1213 1701 1297 1731 mali
1315 1701 1490 1744 exempla,
1517 1709 1549 1735 et
1566 1703 1680 1737 sontes
1704 1706 1778 1738 noti
1804 1714 1895 1740 sunt.
1951 1708 2122 1743 Homines

1143 1757 1266 1782 natura
1286 1751 1428 1793 superbi
1447 1759 1547 1792 sunt,
1572 1753 1632 1785 alii
1649 1755 1778 1797 magis,
1804 1757 1863 1789 alii
1882 1758 2014 1792 minus:
2042 1761 2121 1794 ideo

1143 1801 1277 1832 alienae
1308 1801 1440 1844 gloriae
1472 1802 1650 1847 invident,
1688 1812 1718 1838 et
1751 1813 1788 1839 ut
1820 1819 1894 1840 eam
1922 1816 2124 1852 extenuent,

1143 1848 1355 1897 sophismata
1374 1859 1548 1896 quaerunt
1564 1854 1606 1886 ad
1624 1856 1845 1896 depravanda
1864 1859 2014 1892 aliorum
2039 1873 2123 1894 con-

1143 1901 1218 1933 silia
1237 1908 1267 1934 et
1285 1901 1384 1936 sacta.
1438 1902 1536 1935 Haec
1562 1902 1751 1947 sophistica
1779 1909 1981 1950 depravatio
2008 1913 2124 1944 nomi-

1143 1958 1247 1983 natur
1266 1951 1462 1985 (Jalumnia.
1518 1952 1580 1987 Est
1605 1962 1719 1988 autem
1744 1958 1855 1991 multo
1882 1962 2065 1994 nocentior
2088 1963 2122 1995 in

1143 2000 1315 2040 Ecclesia,
1350 2003 1410 2035 ubi
1435 2012 1653 2048 quaeruntur
1681 2005 1895 2053 sophismata
1921 2017 1955 2044 et
1981 2012 2123 2047 cavilla—

1142 2052 1256 2084 tiones
1282 2053 1322 2083 ad
1348 2053 1559 2086 eludendam
1582 2056 1761 2090 veritatem
1781 2058 1993 2103 simplicem,
2024 2069 2054 2095 et
2079 2065 2121 2096 ad

1143 2102 1429 2149 depravationem
1455 2116 1596 2145 eorum,
1631 2118 1720 2150 quae
1753 2115 1845 2142 recte
1877 2112 2002 2145 tradita
2028 2121 2121 2147 sunt.

1143 2153 1287 2185 Constat
1305 2160 1420 2187 autem
1432 2155 1603 2188 divinitus
1622 2158 1774 2202 praecipi
1796 2159 1831 2191 in
1851 2164 2003 2194 secundo
2020 2175 2119 2206 prae-

1142 2210 1259 2246 cepto,
1296 2215 1339 2237 ne
1361 2214 1606 2249 corrumpatur
1632 2209 1758 2241 veritas
1781 2211 1971 2246 doctrinae.
2035 2213 2119 2247 ltem

1141 2255 1183 2286 de
1213 2255 1356 2287 caeteris
1381 2257 1555 2301 negociis,
1593 2257 1673 2290 Non
1692 2259 1787 2292 dicas
1810 2261 1934 2294 falsum
1964 2264 2120 2297 testimo-

1141 2305 1250 2339 ninm.
1304 2304 1399 2338 Ilaec
1416 2314 1596 2350 praecepta
1614 2309 1820 2344 confirment
1838 2323 1919 2352 nos,
1945 2321 1982 2346 ut
2001 2313 2120 2358 sophi-

106 2355 246 2389 Bonum
265 2351 351 2387 mihi
372 2355 464 2398 qnod
486 2351 680 2385 humiliasti
701 2364 765 2389 me,
785 2360 818 2385 ut
839 2353 968 2385 discam
989 2352 1088 2384 iusti-
1112 2358 1114 2397 ἱ,
1140 2355 1247 2388 sticen
1266 2363 1298 2389 et
1315 2356 1509 2390 calumnias
1526 2359 1739 2392 detestemur
1758 2367 1791 2394 et
1810 2361 1993 2405 fugiamus⁶

103 2407 282 2440 ficationes
298 2411 386 2438 tuas.

106 2559 188 2596 Dei,
217 2558 343 2591 deinde
369 2556 456 2590 fiunt
480 2563 511 2589 et
531 2555 793 2593 insolentiores,
823 2555 1004 2589 confidunt
1027 2566 1088 2587 sua

106 2609 298 2647 industria,
340 2619 401 2640 sua
424 2607 596 2650 potentia,
637 2612 669 2638 et
692 2606 791 2638 facile
817 2605 1048 2649 impelluntur
1072 2617 1088 2637 a

109 2661 261 2694 diabolo.

427 2404 528 2437 ltem:
551 2402 693 2435 Vexatio
712 2405 766 2434 dat
788 2403 1015 2436 intellectum.
1047 2401 1085 2434 ln
1112 2421 1113 2425 =

106 2459 210 2491 rebus
233 2455 395 2489 secundis
416 2455 501 2487 fiunt
530 2452 689 2486 homines
707 2453 993 2496 negligentiores,
1021 2453 1087 2485 mi-
1111 2456 1114 2506 Ι

106 2520 172 2541 nns
189 2508 342 2549 cogitant
357 2507 399 2538 de
415 2505 465 2538 ira
478 2504 553 2543 Dei,
571 2511 603 2538 et
616 2505 732 2538 minus
742 2511 905 2547 expetunt
919 2504 1086 2537 auxilinm
1112 2515 1115 2540 ζ

307 2657 389 2691 ideo
415 2670 454 2690 ex
478 2657 538 2689 illo
554 2657 690 2699 fastigio
707 2664 821 2700 postea
840 2664 946 2689 ruunt
965 2657 1000 2689 in
1018 2668 1091 2689 ma-
1115 2663 1117 2665 ’

1189 2434 1335 2471 Melior
1350 2443 1401 2471 est
1412 2437 1506 2484 finis
1525 2439 1690 2480 consilii,
1719 2454 1829 2489 quam
1849 2443 2006 2480 initium.

1243 2503 1466 2539 Generaliter
1490 2514 1626 2547 monet,
1660 2509 1763 2541 finem
1792 2509 1825 2542 in
1854 2511 2120 2546 deliberationi-

1141 2556 1206 2588 bus
1235 2556 1521 2599 prospiciendum
1545 2569 1634 2597 esse,
1662 2559 1758 2602 quasi
1783 2559 1893 2599 dicat,
1920 2560 2050 2596 Melius
2073 2573 2121 2597 est

1143 2607 1245 2638 finem
1284 2607 1422 2639 consilii
1462 2609 1660 2652 prospicere
1690 2620 1793 2652 quam
1826 2610 1986 2649 initium.
2030 2614 2122 2647 iuxta

1146 2657 1252 2690 illud:
1284 2655 1468 2702 Quidquid
1488 2669 1589 2740 agas&
1612 2659 1804 2700 prudenter
1819 2672 1915 2704 agas,
1945 2670 1976 2696 et
1996 2665 2124 2708 respice

1601 2713 1615 2727 ι
