2409 2915
306 76 381 113 483

310 167 486 200 sanctum,
519 162 631 191 certos
653 163 769 191 motus
793 155 947 198 efficere,
970 157 1089 202 quales
1110 163 1193 192 sunt
1214 168 1295 191 san-

311 218 468 249 ctorum,
501 208 563 253 qui
593 214 675 241 sunt
707 207 866 241 membra
897 208 997 251 regni
1026 207 1225 249 coelorum,
1260 208 1296 240 id

311 267 381 301 est,
414 257 591 293 Ecclesiae
618 269 735 293 verae.
791 255 838 292 Et
868 255 907 291 hi
933 265 1049 292 motus
1071 258 1122 303 pii
1142 259 1297 293 excitan-

311 317 368 344 tur
391 310 517 350 verbo,
550 315 589 343 ut
611 306 670 342 hic
693 308 838 343 dicitur:
873 308 1063 354 Postquam
1088 310 1207 344 sonuit
1230 320 1297 343 vox

312 367 370 394 tua
388 366 454 396 etc·

349 466 635 522 Evangelium
664 466 731 507 die
762 465 932 506 Mariae
957 465 1266 521 Magdalenae,

715 539 832 573 Lucae
855 538 891 576 7.

363 604 542 652 Rogabat
568 602 693 639 Iesum
725 603 880 653 quidam
906 604 950 641 de
970 604 1212 649 Phadsaeis,
1259 609 1299 639 ut

415 654 655 690 manducaret
679 668 758 690 cum
782 656 881 704 ipso,
906 662 938 692 et
961 657 1149 704 ingressus
1170 657 1209 691 in
1233 654 1298 691 do-

415 703 737 749 mumPharisaei,
763 705 958 742 discubuit.
1009 707 1064 742 Et
1081 720 1152 743 ecce
1166 706 1300 742 mulier

417 757 456 791 in
477 757 622 791 civitate
639 769 735 806 quae
749 763 827 792 erat
841 759 1050 806 peccatrix,
1078 764 1116 793 ut
1134 757 1299 805 cognovit

415 806 517 856 quod
531 807 756 843 accubuisset
773 808 813 842 in
831 807 939 843 domo
953 807 1173 851 Pharisaei,
1199 813 1299 843 attu-

421 857 465 892 lit
497 857 734 893 alabastrum
764 860 961 905 unguenti,
1008 865 1039 893 et
1068 865 1175 894 stans
1204 864 1300 893 retro

413 920 513 943 secus
540 907 647 955 pedes
668 909 745 943 eius
758 909 878 957 flens,
911 908 1088 956 lacrymis
1112 909 1224 957 coepit
1248 910 1300 944 ri-

412 970 503 1005 gare
524 957 630 1005 pedes
656 959 750 1001 eius,
778 964 808 993 et
833 958 984 1006 capillis
1008 959 1141 1007 capitis
1157 960 1220 994 sui
1235 972 1300 995 ex·-

415 1009 596 1055 tergebat‚
623 1014 653 1043 et
678 1008 918 1044 osculabatur
938 1008 1045 1057 pedes
1061 1011 1156 1054 eius,
1182 1015 1212 1045 et
1229 1023 1300 1046 un-

411 1065 546 1106 guento
564 1059 735 1106 ungebat.

369 1108 510 1146 Videns
531 1115 654 1145 autem
669 1108 902 1145 Pharisaeus
923 1111 992 1160 qui
1005 1117 1192 1146 vocaverat
1208 1124 1299 1153 eum,

415 1161 472 1195 ait
494 1162 595 1195 intra
610 1173 666 1203 se,
691 1159 830 1196 dicens:
857 1161 929 1197 Hic
943 1163 979 1197 si
995 1167 1083 1197 esset
1099 1160 1299 1212 Propheta,

411 1212 518 1247 sciret
553 1212 692 1260 utique,
734 1224 827 1262 quae
865 1218 897 1247 et
927 1212 1054 1261 qualis
1083 1218 1133 1248 est
1165 1213 1300 1249 mulier

414 1274 507 1310 quae
531 1263 652 1309 tangit
678 1274 775 1306 eum,
806 1263 896 1311 quia
917 1264 1105 1311 peccatrix
1125 1270 1190 1301 est.
1243 1264 1297 1299 Et

413 1311 632 1361 respondens
650 1311 775 1358 Iesus,
801 1313 900 1348 dixit
921 1312 979 1348 ad
999 1314 1128 1349 illum:
1155 1315 1297 1354 Simon,
1320 1347 1323 1358 ,

412 1361 531 1398 habeo
566 1363 637 1397 tibi
672 1362 827 1411 aliquid
861 1362 988 1398 dicere.
1044 1363 1093 1397 At
1125 1363 1190 1398 ille
1220 1365 1298 1398 ait:

411 1412 626 1461 stIagister,
661 1411 729 1448 dic.
771 1412 863 1448 Duo
892 1413 1069 1448 debitores
1091 1419 1197 1448 erant
1220 1415 1297 1449 cui-

412 1463 501 1499 dam
521 1464 774 1514 soeneratori,
814 1477 909 1499 unus
941 1462 1091 1499 debebat
1123 1463 1297 1501 denarios

411 1515 653 1563 quingentos,
703 1514 801 1549 alter
843 1520 965 1549 autem
1008 1516 1296 1563 quinquaginta.

410 1563 500 1601 Non
517 1563 739 1599 habentibus
755 1569 874 1598 autem
889 1564 971 1599 illis
987 1564 1081 1600 unde
1099 1565 1297 1610 redderent,

411 1614 563 1650 donavit
596 1615 769 1663 utrisque.

409 1677 488 1700 eum
509 1665 596 1715 plus·
619 1664 774 1711 diliget?
823 1664 1066 1714 Respondens
1089 1672 1208 1702 autem
1232 1667 1296 1703 Si.

410 1730 513 1757 mon,
547 1715 663 1751 dixit:
691 1715 901 1759 Existimo,
927 1716 1029 1765 quod
1049 1717 1101 1760 is,
1127 1719 1186 1753 cui
1207 1718 1297 1766 plus

409 1766 572 1805 donavit.
625 1766 673 1801 At
691 1767 767 1815 ipse
782 1766 881 1802 dixit
897 1769 948 1802 ei.-
971 1766 1081 1803 Recte
1096 1767 1281 1805 iudicasti.

359 1817 414 1853 Et
448 1830 638 1853 conversus
669 1817 722 1852 ad
748 1818 954 1860 mulierem,
997 1818 1096 1854 dixit
1127 1820 1319 1865 Simoni:¹

415 1868 530 1904 Vides
548 1867 644 1903 hanc
660 1868 845 1903 mulierem
856 1869 876 1901 P
925 1868 1078 1903 Intravi
1089 1871 1127 1904 in
1146 1869 1294 1905 domum

408 1924 510 1953 tuam
522 1947 531 1962 ,
571 1932 710 1967 aquam
735 1918 889 1966 pedibus
923 1920 1011 1954 meis
1043 1933 1115 1954 non
1147 1919 1293 1961 dedisti,

407 1967 497 2004 haec
519 1974 638 2004 autem
656 1969 833 2015 lacrymis
849 1970 984 2016 rigavit
999 1969 1107 2018 pedes
1122 1984 1235 2013 meos,
1260 1978 1292 2006 et

409 2019 559 2068 capillis
583 2021 715 2067 capitis
734 2021 796 2054 sui
808 2022 972 2061 extersit,
1001 2019 1182 2056 Osculum
1196 2021 1293 2057 mihi
1316 2043 1317 2049 κ

413 2084 486 2105 ηοη
512 2069 663 2111 dedisti,
701 2068 792 2105 haec
813 2077 935 2107 autem
958 2084 1004 2106 ex
1030 2086 1102 2121 quo
1125 2073 1290 2115 intras-it,

409 2135 483 2156 non
513 2122 664 2156 cessavit
693 2121 857 2156 osculari
883 2122 990 2170 pedes
1023 2137 1130 2159 meos.
1197 2122 1291 2160 Oteo

407 2177 514 2219 caput
537 2185 655 2208 meum
678 2185 748 2207 non
776 2174 939 2211 unxisti.
967 2171 1055 2208 haec
1078 2180 1198 2209 autem
1222 2189 1290 2210 un-

404 2230 538 2269 guento
571 2225 681 2258 unxit
707 2222 815 2271 pedes
844 2237 950 2261 meos.
1009 2223 1162 2272 Propter
1192 2227 1294 2275 quod

406 2273 486 2308 dico
513 2274 596 2308 tibi:
635 2273 890 2309 Remittuntur
919 2276 952 2309 ei
979 2282 1126 2323 peccata
1158 2278 1290 2320 multa,

405 2327 579 2372 quoniam
612 2325 745 2360 dilexit
771 2325 945 2368 multum,
981 2324 1056 2362 Cui
1075 2333 1196 2362 autem
1218 2330 1287 2364 mi-

405 2388 472 2410 nus
492 2375 708 2416 dimittitur,
735 2377 856 2412 minus
875 2376 1013 2425 diligit.

352 2426 469 2461 Dixit
477 2433 597 2461 autem
608 2428 684 2461 illi:
699 2426 1178 2476 Remittunturtibipeccata
1189 2431 1284 2466 mul-

403 2484 453 2512 ta.
508 2479 560 2513 Et
583 2484 772 2525 coeperunt
791 2480 857 2526 qui
875 2480 992 2514 simul
1013 2481 1284 2525 accumbebant,

403 2528 516 2564 dicere
533 2531 633 2564 intra
647 2542 701 2564 se:
728 2528 824 2577 Quis
839 2536 889 2565 est
907 2529 977 2571 hic,
1002 2532 1068 2579 qui
1080 2532 1188 2566 etiam
1204 2546 1282 2580 pec-

402 2586 484 2613 cata
510 2580 683 2615 remittit?
735 2581 852 2616 Dixit
875 2588 994 2617 autem
1011 2581 1066 2616 ad
1078 2583 1284 2619 mulierem.-

399 2628 442 2665 F
439 2630 514 2665 ides
530 2638 595 2667 tua
610 2631 756 2667 salvam
773 2637 804 2667 te
822 2634 926 2677 fecit,
953 2633 1042 2668 vade
1056 2634 1095 2668 in
1108 2646 1210 2681 pace.

904 69 1029 106 PfflL.
1056 68 1174 109 MEL.
1200 69 1412 110 SCRIPTA
1437 73 1738 115 EXEGETICA.

821 1613 918 1662 Quis
947 1628 1035 1662 ergo
1062 1628 1201 1659 eorum,
1237 1616 1296 1652 dic
1320 1649 1321 1655 ,

2259 76 2337 114 484

1398 158 1491 197 Tres
1507 161 1614 199 habet
1631 163 1838 210 praecipuos
1856 163 1964 200 locos.

1501 230 1530 268 1.
1582 230 1676 266 Tota
1699 229 1847 266 historia
1868 238 1921 266 est
1939 229 2136 276 exemplum
2153 230 2336 266 doctrinae

1555 282 1598 315 de
1615 282 1832 326 poenitentia
1843 307 1854 326 ,
1881 294 1971 328 quae
1988 288 2040 316 est
2055 281 2198 327 propria
2213 280 2336 317 Evan-
2386 289 2404 301 ⁴*

1556 332 1638 376 gelii
1656 332 1830 368 doctrina.

1505 380 1552 416 11.
1605 381 1722 417 Simul
1745 383 1849 417 etiam
1871 382 2084 428 proponitur
2100 382 2242 418 collatio
2257 382 2336 429 pio·

1553 445 1633 467 rum
1651 433 1695 466 ad
1711 431 1923 479 hypocritas.

1502 482 1568 520 ΙΙΙ.
1620 481 1784 528 Denique
1811 480 1892 518 'tota
1929 481 2077 519 historia
2106 490 2158 519 est
2189 483 2336 518 mirifica

1553 534 1668 578 imago
1684 532 1874 568 Ecclesiae.
1931 552 1949 569 ο

1746 634 1792 660 De
1822 633 1940 666 primo.

1451 692 1600 740 Semper
1616 695 1766 730 dicimus
1783 696 1821 730 in
1837 694 2067 731 conversione
2084 701 2246 740 oportere
2262 694 2337 729 exi-

1350 750 1440 779 stere
1471 746 1741 786 contritionem,
1781 745 1850 781 hoc
1879 746 1958 786 est‚'
1991 757 2138 791 pavores
2169 752 2265 780 ortos
2293 757 2336 779 ex

1349 794 1529 839 agnitione
1557 796 1634 831 irae
1654 798 1721 833 Dei
1752 798 1921 832 adversus
1952 803 2153 841 peccatum,
2183 796 2273 831 sicut
2296 795 2336 829 in

1349 844 1486 888 Adam,
1517 846 1674 890 Davide,
1697 846 1867 887 Ezechia,
1892 847 2014 888 Petro,
2039 846 2171 888 Paulo,
2197 853 2231 882 et
2256 846 2337 881 aliis

1350 896 1473 931 multis
1501 898 1674 940 cernitur,
1707 905 1740 933 et
1762 897 1835 934 loel
1869 898 2002 944 inquit:
2037 897 2197 932 Scindite
2229 897 2336 932 corda
2392 906 2409 952 ῃ

1349 954 1462 982 vestra
1480 948 1518 981 in
1535 949 1727 992 planctum.
1778 949 1824 984 Et
1839 947 1964 984 Esaiae
1979 949 2056 985 66.:
2084 947 2139 982 Ad
2157 959 2261 994 quem
2279 959 2336 982 re-
2384 949 2399 969 ·'

1349 998 1520 1042 spiciam?
1551 999 1621 1033 nisi
1651 999 1694 1033 ad
1723 997 1896 1034 humilem
1926 1006 1960 1034 et
1983 999 2174 1033 contritum
2198 998 2337 1044 spiritu,

1351 1055 1384 1082 et
1401 1055 1607 1083 trementem
1623 1061 1802 1084 sermones
1818 1062 1926 1086 meos.
1957 1048 2003 1084 Et
2020 1052 2054 1085 2.
2071 1048 2154 1086 Cor.
2170 1049 2223 1084 7.:
2251 1048 2335 1083 Tri-

1348 1099 1442 1134 stitia
1469 1101 1662 1134 secundum
1677 1099 1793 1135 Deum
1817 1101 1922 1135 efficit
1944 1100 2197 1144 poenitentiam
2220 1100 2265 1133 ad
2280 1110 2336 1133 sa-

1348 1150 1470 1186 lutem.
1524 1150 1631 1192 item,
1655 1150 1763 1186 Rom.
1779 1150 1830 1184 7.;
1857 1150 2042 1186 Peccatum
2066 1162 2130 1194 per
2147 1151 2259 1195 legem
2274 1161 2336 1184 oc-

1348 1200 1435 1235 cidit
1462 1213 1536 1242 me,
1569 1209 1608 1236 ut
1631 1201 1729 1236 fieret
1750 1202 1960 1236 excellenter
1980 1208 2179 1246 peccatum,
2212 1200 2249 1234 id
2275 1206 2337 1242 est,

1347 1258 1388 1285 ut
1417 1252 1679 1296 conspiceretur
1708 1259 1824 1286 reatus
1850 1259 1884 1287 et
1908 1253 1960 1287 ira
1982 1251 2064 1288 Dei.
2122 1250 2214 1286 Cum
2238 1251 2336 1285 enim

1347 1299 1503 1335 humana
1541 1303 1712 1336 securitas
1748 1314 1822 1336 non
1857 1303 1995 1345 videat,
2035 1309 2167 1349 quanta
2205 1313 2261 1336 res
2290 1301 2336 1336 sit

1347 1357 1548 1395 peccatum,
1595 1351 1690 1386 Deus
1724 1354 1832 1386 verbo
1864 1365 1929 1387 suo
1961 1354 2068 1387 corda
2100 1353 2251 1394 iudicat,
2298 1357 2335 1386 et

1346 1402 1500 1436 ostendit
1521 1402 1610 1436 iram
1634 1414 1754 1445 suam,
1788 1400 1846 1437 hic
1868 1404 2090 1447 agnoscimus
2114 1402 2230 1437 Deum
2252 1414 2335 1436 vere

1346 1451 1467 1493 irasci,
1493 1459 1525 1487 et
1540 1454 1820 1498 expavescimus,
1846 1454 1894 1488 sic
1910 1461 2090 1499 peccatum
2106 1454 2143 1489 fit
2160 1453 2334 1488 excellen-

1345 1508 1398 1536 ter
1414 1514 1513 1537 reum
1532 1510 1593 1538 etc.

1449 1560 1596 1605 Quanto
1617 1574 1700 1596 vero
1724 1574 1778 1596 res
1802 1563 1845 1597 sit
1868 1563 2047 1597 offendere
2069 1562 2203 1604 Deum,
2229 1563 2333 1598 aesti-

1345 1618 1462 1645 metur
1486 1624 1526 1645 ex
1553 1613 1668 1657 primo
1691 1620 1851 1657 peccato,
1884 1625 1989 1659 quam
2015 1611 2196 1647 horribilis
2219 1625 2333 1659 poena

1345 1669 1460 1696 secuta
1491 1669 1542 1697 est
1563 1663 1714 1707 primam
1736 1663 2014 1698 inobedientiam
2038 1661 2248 1706 hominum,
2277 1664 2332 1698 vi-

1318 1711 1319 1716 ’
1344 1713 1490 1754 delicet,
1524 1721 1691 1758 perpetua
1721 1714 1863 1748 miseria
1892 1714 2105 1759 posteritatis
2130 1715 2331 1750 universae:

1345 1771 1474 1809 quanta
1503 1776 1615 1808 poena
1645 1771 1761 1798 secuta
1792 1772 1842 1799 est
1872 1766 2008 1810 lapsum
2033 1765 2209 1800 Davidis?
2260 1766 2331 1802 Sed

1344 1812 1499 1848 humana
1531 1826 1646 1855 mens,
1680 1822 1719 1849 ut
1749 1815 1955 1850 immensam
1987 1816 2162 1851 iusticiam
2185 1824 2220 1852 et
2242 1818 2330 1852 iram

1342 1864 1409 1899 Dei
1443 1877 1516 1899 non
1546 1863 1836 1909 comprehendit:
1872 1867 1919 1901 ita
1952 1879 2017 1901 nec
2046 1867 2328 1910 magnitudinem

1343 1916 1473 1960 peccati
1496 1914 1796 1960 comprehendere
1818 1924 1951 1962 potest,
1981 1918 2042 1951 sed
2067 1918 2328 1963 aliquantulum

1316 1984 1317 1989 =
1341 1967 1548 2009 aspicimus,
1583 1979 1662 2000 cum
1688 1968 1792 2001 corda
1817 1979 1898 2002 vere
1923 1975 2174 2012 expavescunt,
2206 1976 2246 2004 ut
2271 1969 2329 2003 in·

1341 2017 1417 2061 quit
1452 2016 1631 2051 Ieremias:
1670 2016 1860 2064 Postquam
1891 2019 2076 2054 ostendisti
2106 2017 2215 2061 mihi,
2248 2031 2328 2065 per-

1341 2068 1430 2101 cussi
1454 2068 1569 2101 femur
1590 2080 1719 2102 meum.
1777 2068 1859 2103 ideo
1883 2070 1987 2104 etiam
2008 2067 2093 2104 haec
2112 2070 2236 2114 ingens
2251 2083 2328 2105 mo-

1341 2119 1390 2152 les
1413 2119 1651 2152 calamitatum
1676 2119 1838 2163 imposita
1863 2127 1912 2154 est
1935 2121 2053 2164 generi
2077 2118 2256 2163 humano,
2288 2128 2328 2156 ut

1339 2181 1406 2203 nos
1423 2171 1465 2203 de
1485 2170 1700 2215 poenitentia
1719 2173 1922 2212 admoneat.
1947 2171 2175 2207 sicutPaulus
2192 2172 2326 2218 inquit:

1338 2220 1564 2266 Corripimur
1603 2233 1620 2254 a
1657 2221 1835 2262 Domino,
1885 2235 1930 2256 ne
1965 2234 2044 2256 cum
2084 2219 2153 2256 hoc
2190 2224 2326 2258 mundo

1338 2272 1563 2306 damnemur.
1622 2270 1756 2306 Existat
1786 2273 1893 2316 igitur
1913 2274 1949 2307 in
1974 2273 2078 2307 nobis
2103 2274 2269 2309 contritio
2292 2281 2326 2308 et

1337 2323 1470 2366 agnitio
1498 2323 1571 2357 irae
1586 2321 1672 2362 Dei,
1697 2324 1785 2358 sicut
1807 2324 1843 2357 in
1860 2322 1925 2358 hac
1940 2324 2086 2358 muliere
2101 2325 2327 2370 conspicitur,
2388 2371 2390 2374 ι

1336 2386 1426 2419 quae
1443 2375 1531 2408 nens
1544 2381 1633 2409 astat
1648 2375 1690 2407 ad
1709 2375 1815 2420 pedes
1828 2371 1975 2411 Christi.

1713 2474 1759 2498 Do
1780 2475 1947 2500 seeundo.

1435 2534 1503 2569 Sed
1522 2547 1597 2569 non
1611 2534 1694 2568 satis
1711 2542 1761 2569 est
1777 2536 1925 2570 existere
1938 2548 2103 2580 pavores,
2125 2548 2188 2571 nec
2204 2536 2319 2581 fugia-

1333 2598 1411 2620 mus
1434 2585 1567 2623 Deum.
1602 2592 1639 2619 ut
1664 2585 1773 2623 (lain.
1800 2587 1903 2627 Saul,
1931 2586 2056 2631 ludas,
2083 2588 2141 2621 sed
2166 2587 2317 2623 sciamus

1331 2639 1503 2673 ‹lomtum
1520 2636 1625 2671 nobis
1637 2648 1709 2670 esse
1727 2637 2019 2684 propiciatorem,
2044 2639 2087 2672 ad
2104 2650 2209 2685 quem
2220 2636 2319 2674 Deus
