2409 2915
74 118 146 153 937
322 117 399 154 ΧΠ.
451 114 845 152 ANNOTATIONES
872 115 938 152 ET
966 114 1244 155 CONCIONES
1272 118 1323 155 IN
1348 118 1532 159 EVANG.
1560 122 1838 162 MATTHAEI.
2018 128 2092 163 958

71 203 141 238 Sed
174 200 335 238 Christus
377 208 471 237 taxat
507 201 638 235 multos
669 213 804 235 errores
838 202 997 236 mulieris
1027 209 1059 236 et

71 252 344 300 Apostolorum,
377 259 411 287 et
432 252 604 296 significat
618 249 812 285 Ecclesiam
837 261 998 297 oportere
1021 253 1059 286 in

71 302 137 339 hac
154 305 226 339 vita
241 304 431 338 subiectam
451 314 524 336 esse
540 302 647 336 cruci.

172 362 218 398 Et
249 363 330 397 vide
361 361 544 397 stultitiam
570 359 844 405 Apostolorum,
877 363 1000 397 dicunt
1023 374 1058 397 se

70 425 172 464 posse
195 414 366 448 sustinere
389 413 486 446 illam
511 412 730 460 passionem,
766 425 872 458 quam
896 412 1058 448 Christus

72 466 254 500 subiturus
285 471 368 499 erat.
420 462 516 496 Haec
548 463 759 504 recitantur,
793 471 833 497 ut
857 464 1058 508 cogitemus,

69 527 213 559 magnas
240 522 271 548 et
294 515 422 548 multas
444 512 667 548 infirmitates
691 514 729 546 in
753 515 881 549 sanctis
904 515 1058 560 reliquas

70 578 142 601 esse
161 567 198 599 in
214 563 278 599 hac
296 565 380 600 vita.

117 640 224 676 Iesus·
246 644 367 674 aulem
393 639 528 674 vocae-it
551 652 609 674 eos
626 639 679 674 ad
701 652 756 682 se,
783 645 813 674 et
838 640 913 675 ait:
942 639 1055 675 Scitis

165 691 254 739 quia
276 691 459 739 principes
481 691 646 737 gentium
666 689 907 725 dominantur
924 703 1056 734 eorum,

165 747 195 776 et
212 742 278 790 qui
289 743 448 776 maiores
463 747 561 784 sunt,
587 747 801 789 potestatem
819 747 979 776 exercent
997 743 1056 776 in-

166 798 218 827 ter
234 805 305 828 eos.

113 850 202 888 Non
219 852 272 886 ila
291 851 357 886 erit
374 851 468 885 inler-
485 863 563 891 cos,
592 856 652 885 etc.

165 926 290 962 Postea
314 926 482 960 discernit
506 926 654 970 imperia
679 926 805 959 mundi
821 927 865 960 ab
882 925 1052 961 Ecclesia.

62 976 109 1012 Et
133 979 225 1012 clare
252 979 357 1018 dicit,
390 978 428 1010 in
455 977 612 1022 imperiis
634 988 706 1010 esse
728 978 875 1020 gradus,
908 985 942 1012 et
962 979 1051 1012 alios

63 1027 194 1063 habere
208 1029 401 1074 potentiam
420 1039 524 1072 super
540 1028 640 1063 alios.

165 1088 213 1123 Ut
228 1089 364 1133 primus
388 1088 485 1121 locus
510 1094 559 1121 est
583 1098 725 1129 regum,
752 1087 895 1129 regibus
919 1098 1052 1130 cogun—

65 1147 126 1174 tur
148 1141 292 1173 obedire
317 1140 354 1172 in
375 1138 526 1180 negotiis
548 1137 701 1182 politicis
734 1137 910 1181 principes
937 1145 969 1172 et
992 1138 1053 1170 alii

63 1191 261 1225 inferiores.
324 1188 370 1223 Et
398 1200 494 1231 reges
519 1195 552 1222 et
576 1188 755 1232 principes
778 1189 854 1222 vult
878 1187 972 1222 Deus
996 1189 1053 1221 in-

64 1249 214 1277 structos
230 1252 301 1274 esse
319 1240 474 1284 potentia
497 1246 529 1272 et
549 1239 749 1283 praesidiis,
776 1245 815 1272 ut
842 1240 975 1282 possint
991 1251 1052 1272 co-

64 1305 144 1336 gere
174 1291 373 1329 inferiores‚
417 1290 478 1335 qui
511 1291 549 1322 in
579 1289 691 1323 causis
721 1288 888 1332 legitimis
924 1290 1052 1323 nolunt

63 1345 263 1426 Obedllrtiem
287 1391 383 1424 (ledit
400 1391 499 1424 Deus
517 1395 720 1433 potestatem
743 1389 884 1432 regibus
902 1396 934 1423 et
953 1389 1052 1433 prin-

62 1444 200 1490 cipibus
216 1441 393 1476 condendi
408 1441 500 1484 leges
518 1441 560 1473 de
579 1440 683 1472 rebus
699 1439 874 1481 civilibus,
901 1441 961 1473 sed
978 1452 1051 1473 non

62 1500 259 1540 pugnantes
276 1504 355 1526 cum
374 1492 450 1525 iure
466 1496 611 1524 naturae
628 1496 662 1523 et
679 1489 812 1526 divino,

164 1544 232 1579 Sed
270 1543 308 1576 in
333 1554 468 1576 summa
491 1539 549 1574 hic
578 1547 671 1574 totus
695 1541 783 1574 ordo
812 1541 847 1573 in
880 1541 1051 1585 imperiis,

61 1608 131 1642 quo
149 1595 365 1638 gubernatur
382 1593 494 1626 civilis
518 1591 684 1631 societas,
718 1598 768 1625 est
798 1603 851 1624 res
868 1603 886 1625 a
902 1592 977 1626 Deo
994 1592 1050 1624 in-

62 1648 200 1687 stituta,
228 1651 262 1678 et
277 1643 470 1677 necessaria
488 1642 667 1676 communi
685 1641 852 1675 societati.
892 1642 962 1676 Sed
979 1644 1050 1676 dis-

61 1700 128 1733 fert
143 1710 160 1731 a
177 1694 375 1730 ministerio
391 1693 647 1727 Ecclesiastico.

161 1754 403 1790 Ministerium
430 1750 614 1795 Evangelii
643 1753 704 1786 ὓαῧ
730 1751 963 1797 ἓβτθῠὶςαῐηρΐ,
999 1758 1049 1785 est

61 1807 296 1842 ministerium
321 1804 471 1838 docendi
491 1801 745 1846 Evangelium,
778 1810 812 1837 et
834 1809 1047 1837 sacramenta

61 1855 356 1896 administrandi,
383 1861 415 1888 et
437 1865 510 1887 non
534 1851 640 1886 habet
661 1854 854 1897 potentiam
881 1865 1047 1897 corpora-

59 1912 149 1950 lem,
177 1916 211 1943 et
227 1905 401 1952 praesidia
416 1906 459 1938 ad
480 1905 654 1947 cogendos
674 1901 858 1948 homines,
887 1904 966 1937 ideo
984 1916 1048 1938 nec

62 1962 128 2006 ipsi
159 1960 252 1993 inter
273 1969 309 1991 se
331 1957 459 2000 gradus
489 1953 641 1995 babent,
682 1961 721 1988 ut
750 1961 832 1988 sunt
865 1966 985 1997 regum
1014 1962 1048 1989 et

60 2011 261 2058 principum
277 2009 417 2052 gradus.
471 2005 543 2040 Nec
560 2012 642 2039 sunt
661 2005 823 2039 instructi
841 2006 996 2050 potentia
1015 2013 1048 2039 et

59 2063 206 2107 opibus,
234 2060 322 2094 sicut
343 2068 457 2101 regeS,
491 2069 556 2090 nec
581 2054 712 2089 habent
731 2062 936 2100 potestatem
961 2068 1047 2090 con-

59 2113 166 2148 dendi
184 2121 294 2145 novas
316 2109 426 2152 leges,
453 2115 487 2142 et
504 2106 714 2141 instituendi
729 2118 840 2140 novos
858 2107 982 2142 cultus.

158 2169 255 2203 Haec
277 2166 395 2201 omnia
421 2171 666 2209 perverterunt
690 2163 785 2208 Papa
811 2171 844 2198 et
867 2162 1046 2209 Episcopi,

59 2222 122 2269 qui
145 2233 186 2255 ex
215 2217 412 2253 ministerio
435 2215 680 2249 Ecclesiastico
711 2214 870 2249 fecerunt
899 2227 1045 2259 regnum

57 2274 297 2311 mundanum,
327 2275 360 2301 et
383 2277 550 2311 oppresso
573 2264 768 2309 Evangelio
794 2266 1045 2310 quaesiverunt

56 2336 139 2370 opes
170 2329 203 2356 et
224 2318 396 2366 praesidia
422 2316 637 2361 corporalia,
665 2324 697 2348 et
723 2316 953 2357 neglexerunt
978 2317 1045 2350 mi-

56 2375 240 2409 nisterium
264 2369 466 2413 Evangelii,
499 2375 531 2401 et
554 2367 789 2400 condiderunt
809 2379 917 2400 novas
942 2368 1045 2412 leges,

55 2435 87 2461 et
106 2425 212 2459 idola.

110 2516 221 2554 Venit
242 2513 370 2550 Filius
396 2510 559 2546 hominis
583 2509 671 2544 dare
690 2510 857 2544 animam
877 2524 984 2545 suam

359 2561 495 2610 λύτρον
509 2575 576 2610 ρνο
595 2561 735 2598 multis,

1108 211 1287 247 peccatum
1299 231 1308 245 ‚
1337 213 1368 241 et
1385 215 1522 242 econtra
1538 218 1667 254 quanta
1691 211 1736 245 sit
1760 213 1923 246 severitas
1940 212 2092 246 iustitiae

1107 253 1194 295 Dei,
1221 263 1254 289 et
1270 257 1397 290 deinde
1413 266 1543 303 quanta
1560 261 1603 295 sit
1620 261 1870 296 misericordia.

1206 313 1367 349 Primum
1394 317 1500 359 igitur
1529 316 1595 352 hoc
1621 320 1809 355 discamus:
1851 322 2091 366 Agnoscamus

1106 375 1171 398 nos
1187 364 1345 399 infirmos
1369 374 1401 400 et
1419 368 1526 401 duros
1545 381 1635 411 esse,
1662 373 1757 416 quod
1776 385 1848 406 non
1867 374 1968 407 valde
1987 385 2090 417 expa-

1106 415 1279 449 vescimus
1298 417 1508 460 cogitatione
1533 427 1754 462 peccatorum
1777 431 1998 465 nostrornm,
2026 435 2090 457 nec

1106 465 1286 508 videmus,
1312 474 1442 512 quanta
1460 481 1513 502 res
1532 469 1575 504 sit
1598 479 1775 514 peccatum
1792 481 1825 507 et
1840 475 1889 507 ira
1908 473 1984 508 Dei.

1207 532 1419 579 Quanquam
1437 536 1532 568 enim
1548 535 1644 571 Deus
1659 537 1737 571 ideo
1761 550 1869 581 genus
1892 539 2088 574 humanum

1104 584 1264 618 oneravit
1288 591 1356 618 tam
1381 586 1488 619 variis
1512 593 1544 620 et
1566 594 1636 620 tam
1660 589 1781 622 multis
1798 598 1829 624 ct
1844 593 1979 635 magnis
1997 593 2089 625 cala-

1105 634 1300 676 mitatibus,
1325 642 1357 669 et
1373 643 1502 676 morte,
1529 644 1563 672 et
1587 640 1710 682 poenis
1734 640 1915 679 civilibus,
1941 649 1978 675 ut
2000 643 2089 686 pati-

1104 685 1209 726 bulo,
1236 692 1331 727 rota,
1359 694 1392 720 et
1407 687 1485 721 aliis
1504 689 1703 733 suppliciis,
1733 691 1816 724 item
1834 693 1955 732 bellis,
1983 693 2089 737 pesti—

1103 735 1222 777 lentia,
1247 737 1338 769 fame
1356 743 1390 771 et
1406 738 1540 772 morbis
1558 740 1826 784 multiplicibus,
1849 750 1888 777 ut
1903 744 1972 777 sint
1990 744 2088 786 signa

1102 798 1167 819 nos
1197 788 1546 822 commonefacientia
1571 791 1614 822 de
1650 791 1702 824 ira
1727 790 1810 825 Dei:
1872 800 1986 827 tamen
2023 792 2087 832 hac

1104 843 1173 870 tam
1199 835 1396 871 horrendae
1420 851 1552 883 poenae
1575 852 1704 884 paucos
1727 850 1889 882 movent,
1917 845 1984 877 nisi
2005 851 2089 877 tunc

1103 887 1182 920 illos
1205 888 1317 933 ipsos,
1355 889 1416 934 qui
1446 891 1640 934 patiuntur.
1704 890 1778 927 Alii
1808 894 1932 928 leviter
1965 903 2089 928 curant

1101 935 1186 971 haec
1202 939 1374 973 terribilia
1391 940 1500 983 signa.

1201 997 1270 1031 Sed
1289 995 1379 1031 hanc
1404 1006 1559 1033 nostram
1586 1001 1755 1035 duritiem
1780 1003 2022 1048 deploremus,
2047 1011 2091 1048 gt

1100 1059 1180 1080 vere
1217 1060 1509 1092 expavescamus,
1551 1058 1584 1085 et
1608 1052 1817 1095 cogitemus,
1849 1054 1964 1089 Deum
1996 1052 2087 1088 serio

1102 1098 1204 1131 irasci
1235 1100 1384 1142 peccatis
1412 1102 1579 1135 omnibus
1605 1110 1804 1137 sanctorum
1829 1111 1862 1138 et
1887 1106 2088 1149 impiorum,

1101 1149 1182 1193 quia
1199 1148 1294 1183 Deus
1311 1157 1360 1184 est
1382 1150 1513 1192 iustus,
1541 1159 1575 1186 et
1598 1165 1670 1186 non
1695 1155 1886 1198 cogitemus
1910 1168 1988 1189 eum
2007 1168 2089 1199 pec-

1100 1206 1175 1233 cata
1192 1211 1232 1232 ex
1249 1200 1388 1234 levitate
1414 1203 1608 1244 remittere,
1636 1205 1735 1248 quasi
1761 1218 1833 1238 non
1858 1219 1937 1239 vere
1962 1207 2089 1240 irasca-

1100 1257 1170 1283 tur.
1223 1249 1291 1284 Sed
1311 1252 1416 1285 simul
1434 1253 1493 1286 illa
1510 1260 1609 1294 sunt,
1633 1266 1714 1287 vere
1740 1256 1903 1290 irascitur
1927 1257 2088 1301 peccatis,

1099 1307 1132 1333 et
1148 1307 1265 1333 tamen
1282 1302 1392 1345 parcit
1409 1313 1490 1336 suae
1508 1311 1702 1346 creaturae,
1730 1313 1762 1339 et
1786 1319 1859 1341 non
1876 1308 1988 1341 voluit
2013 1321 2087 1341 eam

1099 1351 1224 1392 perire.
1286 1351 1401 1385 Simul
1431 1360 1464 1386 et
1497 1355 1609 1388 iustus
1641 1362 1673 1389 et
1696 1357 1893 1391 misericors
1918 1365 1980 1393 est.
2041 1357 2088 1392 Et

1100 1398 1190 1433 hanc
1214 1401 1414 1435 mirabilem
1440 1404 1629 1437 mixturam
1653 1406 1806 1440 iustitiae
1830 1416 1862 1442 et
1889 1409 2086 1442 misericor-

1099 1451 1176 1484 diae
1193 1463 1297 1485 nemo
1315 1453 1397 1486 satis
1415 1454 1533 1499 eloqui
1558 1462 1690 1499 potest,
1718 1458 1776 1489 sed
1796 1458 1833 1490 in
1852 1458 1921 1492 vita
1946 1466 2086 1493 aeterna

1098 1502 1282 1538 discemus.
1348 1502 1396 1537 Et
1433 1511 1550 1538 tamen
1593 1504 1649 1539 hic
1683 1507 1884 1552 incipienda
1920 1516 1970 1543 est
2003 1507 2087 1543 haec

1098 1553 1270 1586 doctrina.
1324 1552 1445 1588 Toties
1461 1555 1553 1589 enim
1571 1557 1743 1601 scriptura
1764 1560 1867 1600 dicit,
1894 1560 2005 1594 filium
2024 1572 2087 1604 pro

1097 1603 1200 1636 nobis
1223 1603 1330 1636 fuisse
1353 1606 1505 1649 pretium
1532 1600 1566 1640 ἃ
1591 1611 1926 1651 compensationem.
1988 1611 2086 1644 Tan-

1096 1660 1170 1686 tum
1189 1654 1341 1698 pretium
1359 1667 1438 1689 cum
1455 1657 1675 1700 persolutum
1692 1659 1748 1697 sit,
1777 1672 1914 1693 necesse
1931 1668 1981 1695 est
1997 1661 2085 1695 iram

1096 1715 1169 1736 esse
1190 1715 1352 1748 magnam
1378 1707 1545 1740 adversus
1569 1715 1762 1752 peccatum.
1815 1709 1910 1744 Haec
1933 1723 2033 1756 saepe
2054 1719 2086 1746 et

1095 1755 1246 1788 multum
1265 1756 1449 1799 cogitanda
1466 1765 1561 1791 sunt.

1197 1820 1336 1856 Deinde
1353 1824 1578 1868 cogitandum
1597 1834 1660 1861 est:
1689 1827 1809 1871 Quare
1820 1841 1907 1873 opus
1924 1831 1989 1864 suit
2006 1844 2085 1876 pre-

1095 1873 1146 1906 tio
1165 1879 1198 1906 et
1219 1879 1317 1907 tanto
1334 1875 1532 1909 sacrificio?
1558 1874 1615 1910 Ad
1635 1875 1701 1912 hoc
1717 1882 2004 1924 respondendum
2019 1890 2084 1916 est:

1095 1921 1191 1957 Deus
1208 1921 1315 1958 habet
1343 1921 1405 1958 has
1428 1926 1515 1959 duas
1536 1927 1702 1969 virtutes,
1729 1930 1900 1964 iustitiam
1925 1939 1959 1966 et
1980 1934 2085 1967 mise-

1095 1974 1294 2010 ricordiam.
1352 1973 1400 2009 Et
1425 1983 1613 2023 utramque
1635 1980 1763 2015 retinet
1790 1981 1945 2015 mirabili
1965 1985 2084 2020 modo.

1095 2025 1256 2058 Iustitiae
1279 2031 1397 2059 autem
1430 2033 1499 2066 est,
1528 2028 1630 2062 irasci
1655 2032 1804 2075 peccatis
1828 2039 1861 2066 et
1884 2045 1921 2066 ea
1946 2035 2083 2078 punire.

1095 2075 1184 2110 Cum
1203 2075 1312 2118 igitur
1326 2076 1429 2111 vellet
1449 2075 1544 2112 Deus
1561 2091 1701 2122 parcere
1718 2083 1834 2125 generi
1851 2080 2024 2125 humanm
2052 2093 2085 2120 et

1095 2133 1212 2159 tamen
1230 2138 1303 2160 non
1321 2127 1482 2162 omittere
1499 2130 1687 2173 iustitiam,
1715 2134 1889 2174 decrevit,
1916 2143 1953 2168 ut
1981 2136 2084 2176 filius,

1095 2177 1156 2221 qui
1178 2184 1251 2210 erat
1268 2178 1472 2222 deprecator
1490 2191 1553 2224 pro
1581 2183 1702 2222 nobis,
1731 2184 1917 2218 sustineret
1935 2198 2082 2229 poenam

1095 2239 1159 2270 pro
1185 2233 1258 2262 toto
1281 2239 1407 2272 genere
1429 2227 1599 2267 humano.
1661 2232 1705 2266 Et
1728 2234 1807 2267 ideo
1832 2233 1946 2269 voluit
1971 2237 2083 2270 filium

1094 2279 1279 2312 adsumere
1307 2287 1467 2314 naturam
1500 2278 1712 2323 humanam,
1754 2285 1836 2329 quia
1871 2298 1949 2319 cum
1974 2299 2082 2329 genus

1094 2326 1289 2363 humanum
1305 2337 1391 2365 esset
1406 2343 1503 2364 reum
1517 2358 1525 2371 ,
1552 2334 1710 2376 oportuit
1733 2335 1885 2380 aliquem
1904 2337 1940 2369 in
1957 2348 2081 2381 genere

1093 2377 1248 2413 humano
1265 2392 1414 2424 poenam
1438 2383 1626 2423 sustinere,
1654 2392 1687 2418 et
1710 2383 1805 2419 hunc
1826 2388 1985 2434 oportuit
2009 2401 2081 2423 esse

1092 2430 1330 2467 innocentem.
1389 2430 1436 2465 Ut
1465 2439 1579 2466 antem
1615 2434 1694 2467 talis
1718 2437 1894 2470 sustinens
1920 2450 2081 2482 poenam,

1092 2489 1178 2515 esset
1196 2483 1347 2526 pretium
1365 2483 1542 2516 sufficiens
1560 2492 1592 2518 et
1608 2486 1851 2530 aequivalens,
1879 2495 1911 2521 et
1936 2497 1974 2523 ut
1999 2503 2081 2533 pos—

1092 2540 1143 2566 set
1171 2533 1312 2566 vincere
1343 2539 1509 2573 mortem,
1550 2537 1706 2579 oportuit
1731 2535 1825 2570 hunc
1850 2540 2080 2575 sustinentem

1094 2590 1231 2616 tantum
1255 2596 1366 2623 onus,
1401 2596 1473 2617 esse
1495 2583 1629 2627 Deum,
1664 2588 1744 2631 qnia
1776 2596 1900 2623 natura
1926 2588 2079 2626 humana

154 2635 249 2670 Haec
274 2640 324 2667 est
345 2631 493 2675 insignis
517 2630 707 2670 sententia,
742 2642 830 2675 quae
853 2631 1042 2674 diligenter
1063 2659 1065 2681 1
1089 2634 1182 2675 sola,
1209 2646 1272 2667 nec
1304 2634 1426 2667 suisset
1460 2637 1686 2680 aequivalens
1718 2640 1889 2684 pretinm,
1925 2653 1989 2675 nec
2016 2656 2079 2687 po-

54 2686 306 2723 consideranda
336 2690 404 2724 est,
443 2689 482 2716 ut
508 2683 717 2727 cogitemuS,
760 2689 889 2726 quanta
914 2694 969 2716 res
994 2683 1038 2717 sit
1062 2689 1065 2727 Ι
1089 2685 1211 2719 tuisset
1244 2685 1415 2719 sustinere
1446 2698 1615 2730 poenam,
1651 2701 1714 2723 nec
1739 2690 1881 2725 vincere
1915 2701 2076 2728 mortem.
