2409 2915
113 90 187 127 293
656 92 738 129 XII.

334 178 463 219 Feria
477 176 557 229 ΠΙ.
585 176 874 218 Pentecostes.
1118 181 1123 244 J

473 251 643 285 Actorum
665 250 722 286 15.

161 324 408 360 Surrexerunt
425 327 545 357 autem
563 321 716 370 quidam
736 322 777 357 de
797 321 944 358 haeresi
955 321 1095 359 Phari-
1118 347 1119 368 3

211 387 399 416 saeorum,
433 374 498 421 qui
519 372 767 415 crediderant,
795 372 968 419 dicentes,
997 375 1119 423 quod*

207 430 340 474 oportet
365 423 613 459 circumcidere
635 437 712 465 eos,
740 431 770 459 et
791 426 995 471 praecipere
1019 439 1094 460 ser-
1117 427 1119 430 '

210 487 293 511 vare
311 475 422 522 legem
439 474 554 512 flIosi.
586 472 906 523 Convenerunlque
925 475 1096 523 Apostoli
1117 482 1119 486 '

209 532 239 561 el
255 526 414 561 seniores
430 524 546 560 videre
563 524 604 559 de
619 523 687 561 hoc
706 526 820 562 serbo.

157 573 251 613 Cum
275 582 394 611 autem
410 590 550 623 magna
569 575 782 623 disceptatio
790 575 913 622 ficret,
939 591 1093 624 surgens

207 627 349 667 Petrus,
376 626 475 661 dixit
492 626 544 662 ad
557 640 633 661 eos:
665 627 704 662 V
704 628 754 662 iri
761 629 920 676 fraires,
947 642 1006 663 ros
1022 629 1092 663 sci-

206 679 272 719 tis,
309 677 409 726 quod
439 678 487 712 ab
517 679 682 725 antiquis
716 677 841 713 diebus
864 679 968 713 Deus
1000 680 1092 713 inter

209 742 275 764 nos
299 729 405 775 elegit
429 741 493 776 per
514 742 552 763 os
575 742 691 763 meum
717 728 846 763 audire
869 735 992 775 gentes
1017 743 1092 764 ver-

207 780 291 815 bum
318 778 539 826 Evangelii,
566 784 596 813 el
623 779 770 817 credere.
825 780 878 814 Et
898 780 1003 815 Deus
1027 781 1094 828 qui

207 835 306 866 novit
327 829 436 865 corda
451 830 695 865 testimonium
711 828 896 878 perhibuit
913 832 974 871 eis,
995 830 1090 865 dans

209 883 258 916 eis
288 881 468 929 Spiritum
498 887 679 923 sanctum,
712 882 803 915 sicut
835 887 864 915 el
899 882 1025 923 nobis,
1060 887 1089 915 el
1115 890 1116 895 ¹

206 930 308 966 nihil
331 933 495 967 discrevit
521 933 614 966 inter
634 945 701 966 nos
720 937 750 965 el
769 932 874 973 illos,
892 931 970 977 fide
986 932 1090 979 puri-

198 981 321 1028 ficans
347 981 457 1017 corda
482 994 616 1019 eorum.
666 981 779 1018 ‚qunc
803 995 885 1028 ergo
904 981 998 1030 quid
1013 987 1090 1017 len-

206 1034 295 1067 iatis
327 1032 468 1074 Deum,
514 1039 550 1067 111
584 1034 796 1080 imponatur
825 1033 950 1079 iugum
982 1045 1115 1079 super«

205 1085 350 1118 cem'ces
382 1083 666 1130 disapulorum,
698 1082 799 1132 quod
827 1096 937 1131 neque
965 1089 1089 1130 patres

205 1135 339 1173 nostri,
369 1147 479 1183 neque
503 1147 569 1169 nos
591 1141 738 1182 portare
754 1134 967 1180 potuimus?
1017 1133 1092 1168 Sed
1112 1132 1116 1175 j

202 1198 266 1231 per
280 1186 446 1231 gratiam
464 1184 626 1219 Domini
644 1185 728 1219 Iesu
748 1180 895 1218 Christi
910 1183 1088 1219 credimus

205 1236 368 1273 ,ςαΙι-ανί,
394 1235 700 1284 quemadmodum
719 1241 749 1270 et
767 1235 839 1270 illi.

511 1324 679 1364 Quaestio.

202 1387 292 1422 Cum
310 1386 472 1432 Apostoli
492 1386 713 1420 instituerint
731 1385 964 1425 ceremonias,
990 1385 1087 1420 vide-

101 1445 159 1473 tur
183 1446 362 1484 utrunque
386 1438 501 1483 sequi,
524 1438 618 1482 quod
643 1443 675 1470 et
698 1437 783 1470 velit
800 1436 895 1470 Deus
917 1437 985 1470 coli
1007 1438 1086 1470 tali-

100 1490 166 1524 bus
191 1490 337 1529 ritibus,
365 1495 398 1522 et
415 1487 569 1522 Ecclesia
589 1487 698 1532 possit
717 1487 913 1521 imitatione
931 1486 1086 1531 Aposto-

791 89 1181 128 ANNOTATIONES
1209 89 1258 125 IN
1284 89 1583 130 EVANGELIA.

100 1541 216 1574 lorum
242 1540 424 1573 instituere
451 1539 575 1573 cultus.
646 1537 859 1581 Responde-o
884 1539 1085 1582 tripliciter:

100 1589 259 1624 Primum
278 1591 439 1635 Apostoli
463 1588 546 1623 haec
564 1601 637 1622 non
656 1589 902 1629 instituerunt,
929 1591 986 1622 sed
1008 1590 1085 1623 usi-

100 1647 168 1674 tata
190 1648 288 1674 antea
307 1642 548 1679 retinuerunt,
575 1646 719 1683 propter
738 1640 938 1682 probabiles
955 1652 1084 1680 causas,

100 1699 132 1725 et
156 1703 200 1724 ne
222 1692 415 1725 alienarent
434 1691 680 1735 imperitiores.
735 1689 828 1732 Quia
845 1701 919 1722 mos
938 1698 1010 1721 crat
1026 1700 1083 1721 ca-
1108 1697 1110 1727 ζ

99 1742 167 1784 ptis
190 1743 357 1778 urbibus,
393 1750 482 1784 quae
505 1738 721 1781 recipiebant
747 1738 819 1770 veri
843 1738 911 1771 Dei
938 1739 1082 1778 cultum,

99 1791 174 1824 sine
200 1789 407 1823 ceremoniis
433 1788 618 1829 Mosaicis,
653 1795 769 1821 tamen
794 1786 877 1821 haec
900 1790 1083 1836 imponere

97 1847 241 1887 propter
264 1840 486 1883 gravissimas
515 1851 644 1872 causas.
717 1838 789 1872 Iam
812 1839 839 1871 si
864 1838 1026 1883 Apostoli
1050 1847 1083 1873 et
1105 1878 1109 1884 ,

98 1890 193 1925 bunc
216 1903 350 1924 morem
371 1891 612 1931 sustulissent,
639 1890 807 1923 dixissent
825 1890 952 1935 aliqui,
980 1903 1082 1934 pror-

98 1954 155 1976 sus
187 1940 435 1975 ethnicismum
461 1942 546 1975 fieri.
614 1939 666 1974 Ac
690 1942 732 1973 de
758 1939 813 1974 his
837 1953 908 1973 non
931 1942 1079 1975 dubium
1106 1969 1107 1972 ,

98 2000 165 2032 est,
201 1993 430 2026 necessariam
453 2004 526 2025 esse
551 1989 828 2036 prohibitionem
848 1992 1082 2033 idololatriae,
1105 1985 1107 1997 ⁴

97 2041 376 2088 idolothytorum
395 2050 427 2077 et
442 2043 675 2078 scortationis.

198 2093 341 2127 Caetera
362 2095 450 2134 duo,
476 2095 518 2127 de
534 2094 703 2137 sanguine
721 2101 754 2127 et
770 2094 939 2127 suffocato
955 2094 1080 2126 viden-

98 2151 156 2178 tur
181 2156 253 2177 esse
276 2156 315 2177 ex
340 2140 569 2190 ἀδιαφόροις.
614 2143 697 2178 Ideo
722 2151 837 2177 autem
857 2142 941 2178 haec
961 2146 1080 2178 obser-

97 2195 190 2229 vatio
208 2193 441 2238 magniflebat,
469 2196 548 2239 quia
563 2195 691 2228 tradita
706 2193 896 2234 estNobae‚
918 2203 951 2229 et
967 2196 1079 2228 multo

97 2246 268 2280 vetustior
289 2253 338 2279 est
363 2245 495 2285 Moise,
525 2252 559 2279 et
582 2245 856 2280 circumcisione.
928 2246 1079 2290 Fuitque
1104 2270 1105 2273 η

97 2294 179 2330 huic
192 2303 373 2340 praecepto
387 2297 505 2329 addita
519 2293 713 2339 probibitio
728 2293 922 2331 homicidii.
960 2296 1079 2339 Quare
1104 2281 1106 2325 l

96 2347 201 2380 simul
225 2348 291 2381 suit
315 2347 513 2392 symbolum
538 2347 734 2394 politicum.
788 2346 845 2379 Sic
861 2347 905 2379 ab
923 2359 982 2380 esu
999 2358 1080 2379 san·
1103 2381 1105 2399 ἰ

98 2398 233 2441 guinis,
266 2411 353 2442 pene
384 2405 423 2432 ut
453 2410 470 2431 a
502 2399 606 2431 caede
637 2394 875 2430 abhorrebant
910 2395 1080 2431 homines.

98 2448 216 2491 Quare
240 2449 407 2482 credibile
429 2456 479 2482 est
504 2455 617 2492 patres
639 2446 722 2481 llaec
744 2448 950 2491 imposuisse
965 2450 1079 2491 genti·
1103 2472 1105 2493 2

99 2499 182 2537 hus,
209 2507 248 2533 ut
267 2500 425 2544 quamvis
443 2500 515 2543 lege
534 2499 640 2532 Moisi
660 2511 731 2531 non
752 2506 1000 2537 onerarentur,
1028 2507 1079 2533 ta-

99 2561 179 2583 men
197 2547 367 2583 haberent
381 2551 514 2595 aliquas
531 2550 746 2583 ceremonias
762 2550 864 2583 utiles
875 2550 1079 2594 disciplinae

100 2611 216 2640 causa,
244 2612 331 2645 quae
356 2601 586 2635 admonerent
609 2601 651 2634 de
677 2612 759 2633 vero
784 2601 880 2634 cultu
899 2601 963 2635 Dei
988 2603 1079 2635 etde

99 2651 286 2695 praeceptis
304 2651 453 2689 divinis,
480 2658 513 2685 et
528 2651 769 2686 discernerent
783 2663 894 2685 novos
911 2651 1080 2686 civesEc-

1109 1645 1111 1656 .
1136 1630 1213 1666 pter
1229 1624 1496 1658 consessionem.

2054 104 2128 140 294

1146 176 1270 210 clesiae
1298 175 1363 211 Dei
1393 179 1437 211 ab
1469 179 1546 213 aliis
1578 180 1758 223 gentibus,
1791 195 1880 228 quae
1913 184 2027 220 adhuc
2057 199 2127 222 ser-

1145 228 1286 261 viebant
1304 228 1422 262 idolis.

1246 293 1485 328 Retinuerunt
1512 307 1591 338 ergo
1612 298 1770 342 Apostoli
1797 302 1963 336 usitatum
1992 315 2125 338 morem

1144 345 1310 378 traditum
1336 357 1352 377 a
1379 346 1554 388 patribus,
1581 354 1613 380 et
1630 350 1866 384 continentem
1883 365 1953 386 non
1971 366 2125 388 ceremo-

1143 395 1218 428 nias
1241 396 1447 437 excogitatas
1472 394 1624 430 humana
1648 400 1851 438 autoritate,
1878 405 1935 436 sed
1955 405 2126 439 (livinitus

1143 446 1306 486 traditas,
1331 459 1478 491 quarum
1504 447 1619 492 aliqua
1645 457 1717 482 crat
1742 451 1884 486 utilitas.
1936 453 1982 487 Et
2006 455 2040 487 in
2060 453 2125 489 hac

1142 508 1178 529 re
1205 497 1403 530 vitaverunt
1427 498 1639 532 offensiones
1663 507 1697 533 et
1720 503 1882 535 scaudala
1899 515 2037 545 eorum,
2064 507 2125 550 qui

1141 546 1285 580 fuissent
1314 547 1456 580 alienati
1483 549 1526 581 ab
1552 547 1765 593 Evangelio,
1802 553 1830 585 si
1858 565 1901 586 ne
1926 551 2021 587 hunc
2046 556 2125 599 qui-

1142 598 1221 630 dem
1246 609 1378 630 morem
1403 599 1628 632 vetustiorem
1653 601 1725 644 lege
1743 603 1981 638 retinuissent.
2035 605 2124 639 Nam

1142 649 1235 692 quod
1269 645 1458 681 habuerint
1485 651 1640 683 scandali
1674 653 1845 686 rationem
1878 655 1914 687 in
1942 653 2007 688 hoc
2033 668 2124 695 casu,

1141 699 1223 730 inde
1258 705 1417 742 apparet,
1457 700 1552 743 quod
1584 713 1655 733 non
1686 703 1817 747 ubique
1850 705 2075 740 abstinebant
2107 719 2125 740 a

1140 760 1322 792 sanguiue.

1342 847 1493 879 Secunda
1519 852 1689 888 responsio
1713 851 1751 880 de
1775 852 1929 883 cultibus.

1243 916 1441 950 'Necessaria
1474 931 1552 951 curn
1584 919 1671 952 fiunt
1705 932 1784 953 vera
1817 922 1900 959 fide,
1934 929 1965 956 et
1999 924 2125 958 fiducia

1140 967 1223 1000 Filii
1247 968 1333 1006 Dei,
1368 975 1450 1002 sunt
1479 969 1607 1009 cultus,
1644 970 1676 1002 id
1702 978 1768 1011 est,
1802 979 1883 1005 sunt
1909 986 2012 1017 opera
2038 988 2126 1019 quae

1141 1018 1233 1051 Deus
1249 1019 1430 1062 approbat,
1459 1026 1490 1051 et
1508 1027 1705 1053 consecrata
1723 1021 1832 1064 ipsius
1850 1024 1967 1064 verbo,
1994 1032 2027 1059 et
2046 1027 2124 1070 qui-

1140 1069 1205 1101 bus
1232 1069 1362 1102 iudicat
1386 1081 1420 1102 se
1448 1067 1581 1102 bonore
1607 1071 1714 1111 affici,
1750 1084 1828 1104 cum
1852 1086 1888 1106 ea
1916 1075 2062 1108 facimus
2088 1077 2124 1110 in

1140 1120 1225 1159 fule,
1255 1132 1293 1152 ae
1317 1126 1351 1151 nt
1373 1120 1402 1152 ei
1423 1120 1646 1161 obediamus,
1677 1129 1708 1154 et
1726 1134 1804 1154 eum
1826 1125 2059 1166 celebremus,
2087 1135 2127 1161 ut

1114 1179 1115 1183 ¹
1139 1171 1257 1212 sugere
1282 1170 1393 1210 idola,
1431 1182 1502 1203 non
1529 1171 1640 1214 pollui
1667 1173 1761 1215 vagis
1787 1174 2017 1217 libidinibus,
2044 1185 2125 1211 sunt

1113 1238 1115 1258 2
1140 1222 1214 1253 veri
1237 1221 1369 1263 cultus,
1397 1221 1425 1253 si
1451 1222 1534 1255 fiant
1557 1228 1594 1254 ut
1619 1222 1749 1255 dictum
1777 1231 1844 1265 est,
1875 1228 1933 1258 sed
1961 1234 2075 1260 tamen
2093 1235 2124 1262 et

1113 1308 1115 1314 ¹
1139 1272 1182 1303 de
1207 1272 1409 1303 necessariis
1426 1273 1544 1314 regula
1566 1275 1715 1306 tenenda
1734 1281 1803 1314 est,
1833 1288 1920 1320 quae
1940 1274 1996 1310 bic
2014 1280 2125 1312 tradi-

1112 1345 1114 1355 .
1139 1326 1212 1359 tur,
1239 1322 1332 1364 quod
1361 1328 1502 1364 propter
1529 1320 1612 1354 haec
1635 1334 1707 1355 non
1731 1326 1835 1357 detur
1860 1327 2018 1360 remissio
2046 1341 2125 1372 pec-

1112 1390 1113 1395 =
1139 1377 1313 1409 catorum,
1341 1372 1398 1403 sed
1428 1379 1569 1415 propter
1585 1371 1716 1405 Filium
1736 1372 1821 1414 Dei,
1849 1376 1937 1409 sicut
1963 1375 2020 1411 bic
2037 1380 2125 1412 dici-

1138 1427 1212 1461 tur,
1244 1421 1330 1454 Fide
1357 1422 1546 1465 purificans
1570 1424 1686 1458 corda.
1739 1424 1798 1458 Sic
1819 1432 1852 1459 et
1866 1427 1952 1460 olim
1970 1440 2125 1463 ceremo-

1138 1472 1218 1504 niae
1235 1471 1411 1505 Mosaicae
1428 1480 1527 1506 erant
1545 1473 1676 1514 cultus,
1704 1486 1781 1507 curn
1801 1474 1916 1510 adhuc
1932 1480 2039 1513 verbo
2058 1479 2125 1514 Dei

1137 1530 1355 1556 consecratae
1378 1530 1409 1557 et
1435 1531 1637 1567 praeceptae
1656 1534 1787 1567 essent,
1815 1528 1843 1560 si
1860 1534 1977 1562 tamen
1995 1531 2124 1565 fiebant

1136 1573 1172 1605 in
1199 1573 1283 1613 fide,
1312 1574 1347 1606 id
1374 1581 1441 1615 est,
1468 1575 1594 1607 fiducia
1622 1578 1760 1609 venturi
1786 1577 1956 1619 Messiae,
1985 1588 2018 1614 et
2043 1594 2125 1625 pro-

1549 1624 1614 1657 Ilis
1632 1627 1758 1658 ritibus
1776 1629 1993 1663 testabantur
2010 1630 2123 1665 Israe-

1135 1674 1236 1712 litae,
1273 1672 1365 1705 bunc
1390 1684 1461 1705 esse
1485 1685 1605 1706 verum
1631 1673 1763 1717 Deum,
1800 1679 1860 1723 qui
1887 1676 1952 1713 boc
1977 1683 2121 1715 verbum

1135 1723 1338 1758 tradiderat.

1238 1790 1426 1835 Postquam
1457 1797 1572 1824 autem
1596 1791 1713 1826 illuxit
1738 1791 1971 1838 Evangelium
1999 1800 2041 1832 de
2066 1812 2123 1833 ae-

1134 1848 1231 1874 terna
1250 1841 1383 1874 iusticia
1400 1847 1431 1874 et
1448 1841 1529 1881 vita,
1553 1848 1583 1874 et
1600 1843 1686 1875 ritus
1697 1843 1845 1878 Mosaici
1862 1848 2009 1882 desituri
2024 1858 2123 1884 erant

1134 1903 1202 1924 una
1220 1903 1298 1923 cum
1318 1891 1439 1935 politia
1458 1891 1632 1932 mosaica,
1661 1894 1748 1928 ritus
1765 1896 1922 1941 plerique
1938 1898 2006 1934 iam
2024 1909 2122 1935 erant

1135 1938 1346 1987 ἀδιάφοροι.
1386 1941 1524 1974 Horum
1549 1943 1658 1988 aliqui
1678 1946 1822 1979 retineri
1841 1955 2000 1990 poterant
2016 1952 2122 1984 ‹lisci-

1134 1993 1250 2036 plinae
1277 2004 1400 2032 cansa,
1436 1993 1490 2025 vel
1515 2001 1658 2037 propter
1681 1998 1948 2035 confessionem.
2020 2001 2120 2036 Reti-

1132 2050 1287 2076 nuerunt
1306 2044 1412 2085 igitur
1429 2043 1594 2086 Apostoli
1611 2045 1717 2079 ritum
1736 2049 1779 2080 (le
1796 2051 1986 2093 sanguine,
2015 2053 2119 2085 ‹lisci-

1133 2094 1248 2137 plinae
1274 2106 1393 2134 causa,
1420 2101 1451 2126 et
1471 2102 1614 2138 propter
1629 2099 1903 2140 consessionem,
1932 2103 2012 2146 quia
2032 2103 2119 2136 ritus

1133 2145 1192 2177 ille
1222 2151 1293 2177 erat
1320 2145 1541 2190 symbolum,
1575 2158 1634 2179 seu
1660 2158 1914 2184 sacramentum
1941 2154 2118 2186 severissi-

1132 2207 1207 2228 mae
1230 2192 1481 2239 prohibitionis
1504 2198 1547 2229 ‹le
1570 2199 1690 2239 caede,
1719 2207 1749 2233 et
1767 2199 1960 2243 probibitio
1981 2204 2038 2236 illa
2057 2207 2117 2237 azl-

1131 2246 1248 2280 inncta
1265 2254 1335 2281 erat
1354 2247 1417 2289 legi
1434 2248 1476 2279 (lc
1491 2249 1671 2290 sanguine.
1726 2250 1844 2292 Quare
1863 2256 2115 2296 propemodum

1131 2297 1311 2339 sanguinis
1329 2309 1424 2330 esum
1443 2298 1490 2330 sic
1510 2299 1956 2344 abominabanturludaei,
1986 2312 2024 2338 ut
2041 2318 2116 2337 cae-

1129 2349 1209 2379 ‹lein
1236 2348 1356 2390 ipsam.
1410 2349 1498 2381 Cum
1527 2349 1632 2391 igitur
1651 2358 1697 2384 tot
1717 2365 1838 2385 causae
1858 2364 2116 2395 concurrerent,

1131 2399 1338 2442 disciplina,
1385 2400 1587 2432 scandalum
1618 2408 1648 2433 et
1688 2404 1876 2441 consessio,
1922 2406 2033 2438 visum
2066 2414 2114 2439 est

1130 2448 1310 2492 Apostolis
1338 2447 1430 2482 hunc
1454 2450 1559 2483 ritum
1587 2451 1810 2486 retinendum
1837 2467 1924 2495 esse,
1959 2469 2115 2499 praeser-

1131 2500 1192 2533 tim
1220 2500 1254 2532 in
1279 2500 1320 2533 iis
1343 2500 1428 2533 locis
1454 2501 1513 2532 ubi
1541 2513 1662 2535 causae
1689 2503 1766 2536 illae
1788 2505 1961 2540 valebant.
2016 2506 2116 2541 Reti-

1132 2558 1286 2584 nuerunt
1314 2558 1428 2584 autem
1458 2564 1530 2584 non
1556 2559 1593 2585 ut
1619 2554 1768 2592 cultum,
1803 2567 1840 2588 ac
1866 2557 1976 2590 multo
2000 2558 2116 2591 minus

1131 2602 1321 2635 voluerunt
1352 2613 1424 2634 esse
1454 2603 1617 2635 meritum
1644 2604 1859 2639 remissionis
1885 2615 2117 2651 pcccatorum,

1131 2660 1189 2686 ant
1208 2660 1389 2686 lustlclam.

1416 2700 1490 2735 19*
