2409 2915
290 111 360 144 103
875 100 1002 136 PHIL.
1028 100 1145 135 MEL.
1172 99 1380 137 SCRIPTA
1409 98 1712 136 ExEGETmA.
2239 102 2314 137 164

375 194 545 228 Rationem,
567 199 623 228 qua
646 188 778 217 Pezelius
801 186 879 214 hunc
907 185 1013 214 librum
1045 185 1181 223 collegit,
1211 185 1274 223 ipse
1304 185 1431 213 narravit
1459 186 1488 213 in
1517 184 1699 222 praefatione
1727 185 1772 213 his
1803 185 1914 213 verbis:
1947 184 2137 221 „Iustam-ata
2157 185 2315 214 Academia

293 244 382 276 „post
405 236 512 264 bellum
536 231 733 270 germanicum
756 230 824 267 quia
846 229 976 265 Hungari
1005 228 1087 255 multi
1115 229 1293 265 germanicas
1317 228 1468 256 conciones
1490 228 1519 255 in
1542 228 1660 265 templis
1687 228 1855 265 intelligere
1885 236 1942 255 non
1971 232 2125 264 poterant,
2160 227 2312 266 Philippus

293 277 526 317 „Melanchthon
550 276 578 301 in
601 274 716 300 illorum
739 272 860 310 gratiam
882 271 958 299 domi
981 279 1050 298 suae
1079 270 1201 298 instituit
1225 271 1325 298 diebus
1356 269 1438 297 sestis
1467 269 1696 307 explicationem
1718 269 1943 307 Evangeliorum
1966 269 2196 297 Dominicalium.
2245 270 2315 298 Mox

294 322 442 359 „aliorum
465 325 603 345 concursu
627 320 710 343 aucta
732 314 899 352 frequentia
921 313 1100 349 auditorum,
1135 313 1163 340 in
1187 313 1359 340 auditorium
1387 312 1532 349 publicum
1563 313 1711 340 transtulit
1742 321 1791 340 eas
1821 313 1882 340 sive
1912 311 2133 349 praelectiones*
2155 312 2216 340 sive
2242 322 2313 340 con-

293 362 483 399 „ciunculas,
505 360 533 386 in
557 359 657 395 quibus
680 356 813 384 familiari
835 364 987 391 sermone,
1024 355 1053 382 in
1084 356 1186 392 quibus
1216 355 1373 391 insigniora
1401 354 1578 391 singulorum
1610 360 1744 382 textuum
1774 355 1922 391 explicare
1951 354 2073 382 solebat.
2118 353 2193 381 Nam
2223 358 2256 382 ut
2285 355 2314 382 in

293 399 447 442 „docenda
470 403 622 429 iuventute
645 399 900 428 exercitatissimus
929 402 992 425 erat
1021 403 1050 424 et
1081 397 1161 434 copia
1190 397 1356 433 multiplicis
1385 396 1535 424 doctrinae
1564 397 1817 431 instructissimus,
1862 397 1900 424 sic
1930 396 1967 424 ad
1999 401 2114 434 captum
2139 395 2312 424 .auditorum

295 440 535 486 „praes-entium,
572 452 692 480 quorum
724 441 858 479 plerique
887 440 1090 467 adolescentes
1121 445 1220 475 erant,
1255 439 1338 466 multi
1368 439 1455 466 etiam
1478 438 1574 466 adhuc
1604 439 1706 476 pueri,
1743 439 1942 467 enarrationes
1971 448 2037 466 suas
2067 438 2214 476 dirigens,
2254 444 2316 466 tum

294 488 505 527 „grammatica
529 491 558 514 et
581 485 731 519 historica,
758 489 819 510 tum
843 491 910 509 vero
935 482 1021 509 etiam
1043 481 1219 509 catechetica
1242 487 1271 508 et
1295 480 1457 517 theologica
1478 481 1600 509 miscere
1623 481 1744 509 solebat.
1768 495 1811 501 -—
1834 496 1875 501 -—
1925 480 1988 508 Etsi
2009 486 2107 508 autem
2131 481 2241 508 dictare
2263 481 2315 508 ille

294 531 392 569 „nihil
421 530 548 565 solebat,
577 534 805 563 extemporaneo
827 524 968 551 sermonis
991 532 1102 560 genere
1124 529 1226 559 utens,
1266 529 1294 550 ut
1319 529 1348 550 et
1371 523 1502 551 subirent
1524 524 1634 551 animos
1655 523 1780 551 celerius
1803 531 1878 560 quae
1900 522 2088 559 dicebantur,
2125 529 2155 551 et
2185 523 2248 560 ipse
2277 523 2316 550 ad

293 575 409 611 „horae
438 571 622 608 clepsydram
653 568 736 605 plura
759 566 937 602 absolveret,
960 572 1075 601 tamen,
1099 566 1147 603 qui
1170 575 1234 592 cum
1258 574 1359 592 manus
1381 565 1532 593 celeritate
1554 566 1583 593 in
1607 565 1760 593 scribendo
1785 564 1936 601 valerent,
1968 565 2111 602 pleraque
2134 573 2172 592 ex
2195 573 2246 593 ore
2268 565 2316 592 t'a-

294 615 474 653 „miliariter
504 611 673 640 disserentis
705 610 860 646 excipere,
892 608 1004 636 chartas
1027 608 1142 635 referre
1165 607 1337 643 studebant,
1364 606 1477 644 fuitque
1500 613 1580 636 tanta
1599 608 1764 645 aliquorum
1789 606 1946 643 industria,
1975 613 2006 634 ut
2030 616 2068 635 ne
2090 605 2227 646 πάρεργα
2251 607 2316 645 qui-

294 660 387 696 „dem
409 654 700 694 praetermitterent,
723 652 792 689 quin
816 660 851 679 ea
874 659 990 688 quoque
1013 649 1219 678 annotarent.”

377 715 422 741 Ex
446 712 576 740 omnibus
598 711 686 747 igitur
709 709 788 737 libris
815 709 1016 745 manuscriptis
1046 708 1252 745 discipulorum
1275 705 1470 734 Melanthonis
1500 707 1528 734 in
1551 706 1710 735 Germania
1741 712 1771 734 et
1796 707 1960 744 Hungaria,
1990 716 2178 744 quoscunque
2208 715 2318 744 conge-

295 767 362 786 rere
387 757 413 784 ei
437 754 566 789 licuerit,
590 752 722 781 Pezelius
745 760 796 787 ea,
825 760 899 789 quae
923 752 977 788 ipsi
1000 750 1174 778 videbantur
1196 750 1344 786 excerpsit
1374 755 1403 777 et
1432 749 1538 777 librum
1565 759 1647 777 suum
1676 749 1813 777 confecit.
1863 750 1956 782 Quam
1989 758 2091 786 parum
2121 756 2219 777 autem
2248 749 2318 777 fidei

297 801 336 827 illi
360 800 396 827 sit
420 796 605 826 tribuendum
629 795 752 832 quisque
775 794 861 821 facile
885 793 1036 829 iudicabit,
1075 793 1123 830 qni
1147 792 1270 829 cogitet,
1315 792 1378 819 fieri
1401 801 1458 819 non
1489 800 1589 828 posse,
1632 797 1663 819 ut
1686 792 1810 829 genuina
1832 801 1848 819 a
1871 792 1990 829 spuriis,
2034 797 2115 820 recte
2138 798 2279 829 percepta
2301 801 2318 819 a

295 843 371 870 male
395 839 553 868 intellectis
577 847 652 865 nunc
676 838 750 864 bene
774 837 984 864 discernantur.

378 900 445 927 Post
470 897 577 924 obitum
602 893 797 923 Melanthonis
819 894 923 921 Paulus
945 893 1108 928 EberuS,
1130 893 1231 920 Pastor
1255 892 1402 919 Ecclesiae
1425 891 1673 929 Witebergensis,
1695 892 1856 929 Evangelia
1881 891 2063 920 dominicalia
2086 893 2115 919 in
2138 892 2318 920 commodum

295 944 431 971 iuvenum
456 949 493 968 ex
517 939 626 966 exteris
648 937 811 964 nationibus
835 936 997 971 enarravit,
1020 936 1099 962 cuius
1121 935 1273 962 conciones
1296 940 1396 971 postea
1420 934 1592 970 prodierunt
1614 935 1654 962 sic
1677 935 1849 972 inscriptae:

461 996 711 1033 „Evangeliorum
735 993 946 1021 dominicalium
971 993 1128 1030 expositio,
1151 998 1226 1020 auct.
1249 991 1340 1020 Paulo
1363 974 1496 1019 Ehem.
1539 992 1571 1019 In
1596 992 1689 1019 lucem
1713 992 1791 1020 edita
1814 993 1953 1020 aloanne
1976 991 2183 1021 Cellario.’‘
2225 992 2320 1021 Fran-

465 1039 519 1067 cos.
543 1039 578 1065 ad
601 1038 699 1065 Moen.
725 1035 815 1066 1576.
840 1035 890 1064 8.‘’
935 1034 971 1073 (2
996 1035 1082 1072 Alph.
1109 1032 1149 1062 14
1171 1034 1227 1072 pl.)

298 1109 384 1139 quem
408 1099 511 1126 librum
535 1096 753 1124 Strobelius
777 1094 1011 1122 commemoravit
1037 1094 1064 1120 in
1094 1092 1268 1120 bibliotheca
1291 1091 1531 1119 Melanthoniana
1559 1092 1612 1119 sub
1641 1101 1703 1118 nro.
1728 1090 1800 1119 658.
1845 1091 2019 1129 Quanquam
2042 1099 2139 1121 autem
2165 1093 2210 1120 vix
2234 1093 2319 1121 dubi-

299 1143 419 1171 tandum
442 1145 502 1175 est,
526 1139 653 1167 Eberum
677 1138 763 1165 etiam
786 1138 813 1164 in
839 1146 920 1163 usum
950 1144 1084 1171 vocasse,
1123 1143 1198 1172 quae
1220 1135 1268 1162 vel
1298 1135 1361 1171 ipse
1390 1143 1406 1161 a
1429 1134 1618 1162 Melantlione
1646 1134 1798 1162 audiverat
1828 1134 1875 1161 vel
1905 1134 1953 1161 alii
1982 1135 2074 1162 literis
2103 1135 2321 1171 mandaverant,

302 1193 398 1213 tamen
426 1191 511 1210 nemo
534 1191 610 1208 nunc
640 1179 763 1207 definire
793 1179 917 1216 poterit,
953 1187 1028 1215 quae
1056 1177 1181 1205 sortasse
1211 1177 1239 1204 in
1269 1177 1319 1204 illo
1351 1177 1424 1204 libro
1452 1177 1488 1204 ad
1517 1176 1754 1212 Melanthonem‚
1790 1182 1924 1213 tanquam
1955 1182 2118 1213 auctorem,
2162 1177 2320 1206 referenda

297 1229 363 1255 sint.
408 1226 551 1253 Neutrum
575 1224 673 1260 itaque
698 1222 819 1256 librum,
842 1229 898 1249 nec
920 1221 1029 1248 Pezelii
1060 1229 1115 1248 nec
1138 1219 1226 1247 Eheri
1249 1219 1310 1247 sive
1339 1219 1433 1256 potius
1456 1219 1594 1255 Cellarii,
1621 1218 1819 1246 Melanthonis
1841 1219 1956 1256 scriptis
1979 1219 2164 1248 inserendum
2189 1228 2253 1248 esse
2276 1220 2321 1247 iu-

296 1264 484 1305 dicavimus-J

382 1442 479 1482 ΧΠ.
516 1439 600 1481 AN
603 1438 642 1479 N
648 1435 988 1479 OTATIONES
1022 1436 1282 1477 PHILIPPI
1307 1435 1524 1476 MBDAN
1529 1436 1692 1477 THON
1696 1435 1751 1476 IS
1782 1435 1845 1475 IN
1875 1434 2250 1490 EVANGELIA,

700 1525 795 1555 QUAE
814 1524 961 1549 USl'rA'ro
978 1523 1082 1555 {MORE
1107 1524 1234 1549 Dfflmss
1252 1524 1432 1549 DfflttNJCls
1451 1525 1494 1548 ET
1513 1524 1635 1548 FEsrts
1656 1523 1926 1548 Pnot'oxt‘x'rcn.

482 1622 699 1663 Dominica
725 1619 855 1670 prima
881 1616 1114 1657 Adventus,
1448 1616 1572 1649 suain
1591 1616 1661 1651 via.
1719 1614 1800 1648 Alii
1814 1627 1892 1648 vero
1912 1613 2109 1649 caedebant
2133 1627 2255 1649 ramos
2281 1615 2324 1650 de

562 1691 796 1734 Evangelium
818 1687 1026 1723 Manthm‘
1447 1666 1664 1707 arboribus,
1700 1671 1730 1699 et
1762 1665 1970 1699 sternebant
2004 1667 2042 1699 in
2077 1665 2149 1701 via.
2207 1663 2326 1701 Porro

356 1755 408 1789 El
433 1767 510 1789 cum
545 1750 907 1799 appropinquassent
931 1745 1224 1793 Ilierosolymss'
1258 1753 1289 1781 et
1448 1717 1576 1751 turbae
1607 1714 1990 1800 quaedpraecedebant
2023 1721 2053 1749 et
2079 1716 2323 1775 sequebantur

353 1802 356 1806 ’
408 1805 585 1839 venissent
619 1797 841 1847 Bethplmge
867 1796 933 1832 ·ad
965 1803 1119 1832 montem
1152 1795 1287 1831 Oliva-
1445 1767 1678 1809 Clamabam'
1733 1771 1879 1802 mentes:
1913 1766 2097 1801 Hosamm
2119 1764 2211 1811 filw
2235 1767 2322 1802 Da-

860 1849 866 1856 .
894 1849 900 1856 .
1108 1850 1112 1855 .
1161 1848 1167 1855 .
1445 1817 1520 1859 vid,
1554 1817 1773 1853 Benedictus
1795 1818 1861 1864 qui
1885 1818 1978 1851 venit
2006 1830 2044 1850 in
2070 1816 2215 1852 nomine
2237 1818 2320 1853 Do-

410 1869 508 1896 rum,
559 1859 642 1888 tunc
673 1851 779 1886 Iesus
812 1855 912 1883 mtsit
945 1847 1037 1882 duos
1072 1847 1286 1895 dmmpulos,

410 1905 531 1940 dicens
551 1905 620 1939 eis:
654 1901 712 1936 Ite
735 1902 773 1934 in
799 1898 989 1934 castellum
1003 1927 1012 1940 ‚
1045 1897 1148 1945 quod
1163 1905 1288 1932 contra
1440 1881 1550 1907 'mm'
1584 1869 1771 1903 Hosamm
1791 1881 1829 1901 m
1849 1867 2062 1902 alhssnms'

411 1970 471 1991 vos
495 1961 563 1997 est,
597 1959 627 1988 et
651 1951 779 1987 statim
809 1950 996 1984 invenietis
1020 1950 1168 1982 asinam
1194 1948 1285 1983 alli-
1379 1951 1553 1999 Quatuor
1569 1960 1651 1987 snut
1667 1953 1843 1998 praecipui
1863 1953 1929 1986 loci
1949 1950 2055 1987 huius
2075 1950 2273 1998 Evangelii.

406 2013 555 2055 galam,
591 2011 621 2039 et
646 2002 792 2052 pullum
819 2014 896 2035 curn
913 2013 973 2040 ea,
1007 1999 1135 2037 solvite
1159 2004 1190 2033 el
1215 1999 1285 2034 ad-

411 2059 526 2094 ducite
558 2054 663 2091 mihi.
731 2053 784 2087 Et
817 2053 854 2086 si
883 2053 966 2099 quis
998 2050 1097 2084 cobis
1137 2050 1290 2098 aliquid

410 2109 566 2149 dixerit,
601 2106 724 2141 dicite:
761 2104 948 2137 Dominus
967 2101 1027 2135 his
1047 2115 1136 2148 opus
1165 2099 1285 2144 habet,

410 2167 440 2195 el
475 2158 665 2205 confestim
691 2156 824 2190 emittet
849 2166 918 2189 cos.
977 2153 1056 2187 Hoc
1078 2158 1197 2186 autem
1229 2159 1284 2187 to—

411 2219 485 2246 lum
510 2212 753 2259 factumest,
797 2210 833 2239 u!
863 2202 1144 2251 adimpleretur,
1187 2203 1287 2251 quod

410 2262 544 2296 dictum
578 2267 628 2295 est
648 2271 712 2307 per
735 2255 956 2304 Prophetam
980 2254 1171 2289 dicentem:
1207 2255 1282 2288 J)i-
1307 2277 1310 2292 ,

407 2315 470 2347 cite
489 2312 602 2359 filiae
625 2312 732 2350 Sion,
776 2308 867 2342 Ecca
891 2319 956 2340 rea·
979 2312 1063 2340 tuus
1089 2305 1182 2338 venit
1214 2305 1286 2339 tibi
1307 2316 1310 2346 1
1727 2308 1746 2331 Ρ
1767 2314 1780 2331 ι·
1802 2307 1809 2331 ἰ
1831 2314 1856 2332 m
1874 2314 1892 2331 ι
1909 2314 1932 2331 ε.

407 2368 637 2401 mansuetus,
679 2359 805 2395 sedens
822 2371 929 2406 super
953 2359 1104 2391 asinam
1136 2361 1165 2390 e!
1196 2356 1280 2403 pul-
1306 2362 1309 2368 '
1338 2353 1476 2403 Pompa
1507 2359 1682 2401 ingressus
1708 2367 1754 2391 est
1785 2359 1964 2403 publicum
1990 2359 2230 2393 testimonium
2259 2374 2317 2394 ex-

408 2416 483 2449 lum
514 2413 643 2461 filium
679 2410 902 2456 subietgalis.
979 2408 1121 2442 Euntcs
1161 2413 1280 2441 autcm
1338 2408 1440 2444 hihiti
1479 2410 1630 2443 Messian·
1675 2410 1735 2454 qui
1776 2409 1968 2453 promissus
2004 2410 2128 2445 suerat.
2194 2410 2317 2446 Voluit

407 2465 600 2513 discipuli,
629 2464 796 2513 fecerunt
823 2462 916 2495 sicu!
938 2464 1168 2507 praeceperat
1201 2458 1281 2492 illis
1306 2458 1308 2472 '
1338 2462 1430 2494 cuim
1457 2460 1553 2495 Dens
1579 2473 1651 2494 csse
1674 2460 1882 2502 multiplicia
1910 2461 2108 2495 testimonia
2141 2459 2317 2497 exhibitae

407 2518 521 2553 lmus.
575 2515 626 2550 Et
649 2512 887 2549 adduxerunt
905 2511 1053 2545 asinam
1071 2516 1101 2544 et
1123 2509 1280 2558 pullum.
1337 2513 1599 2555 promissionis.
1633 2512 1676 2544 ad
1695 2511 1955 2544 confirmandos
1975 2512 2069 2555 pios,
2101 2519 2136 2547 et
2161 2513 2317 2546 refutan-

405 2575 434 2602 ΓΙ
458 2570 705 2616 imposuerunt
736 2576 844 2611 super
875 2575 932 2596 ms
962 2562 1172 2596 vestimenta
1198 2574 1281 2599 sua,
1335 2564 1398 2595 «los
1415 2563 1554 2607 impios.
1595 2561 1692 2595 Sicut
1721 2561 1825 2594 initio
1852 2562 2000 2603 Augeli,
2035 2561 2211 2602 pastores.
2239 2561 2315 2597 Eli-

404 2627 534 2654 etcum
561 2632 668 2666 super
701 2615 809 2650 illam
843 2613 1119 2648 collocaverunt.
1188 2609 1280 2645 J'lu-
1304 2598 1308 2665 J
1335 2611 1480 2653 satu-th,
1516 2610 1721 2651 Zacharias,
1764 2610 1938 2646 lohannes
1959 2612 2138 2657 Baptista.
2173 2614 2315 2649 suerunt

405 2674 497 2706 rima
532 2676 650 2704 autem
684 2667 793 2701 turba
831 2669 1038 2700 straverunt
1071 2663 1279 2698 vestimenta
1304 2675 1307 2706 ζ
1335 2670 1456 2705 tostos,
1489 2672 1521 2698 et
1544 2670 1763 2697 accesserunt
1791 2663 1958 2698 miracula
1978 2664 2087 2709 ipsius
2103 2661 2257 2706 Christi,
2282 2672 2315 2700 et

1445 2019 1468 2055 Ι.
1499 2019 1629 2063 Pompa
1648 2019 1833 2063 ingressus.

1442 2070 1485 2103 ll.
1515 2071 1629 2113 Quale
1648 2071 1689 2104 sit
1708 2083 1854 2113 reguum
1874 2068 2020 2105 (hristi-

1441 2121 1500 2155 lll.
1529 2122 1600 2164 Qui
1621 2122 1690 2155 sint
1710 2122 1781 2154 veri
1802 2122 1918 2154 cultus
1936 2122 1971 2154 in
1991 2133 2031 2154 eo
2047 2132 2167 2164 regno.

1440 2171 1499 2206 IV.
1545 2172 1676 2216 Pompa
1718 2170 1942 2216 triumphalis
1987 2180 2035 2206 est
2081 2173 2215 2217 pictura
2251 2173 2319 2209 Ec-

1492 2223 1625 2257 clesiae.
