2409 2915
28 0 33 46 Ι

22 13 38 131 ιΙ
73 90 148 129 585

0 1994 8 2098 υήι-
5 1940 7 1966 ΑΛ

321 91 403 128 XII.

176 176 269 211 Hoc'
287 177 490 210 mirandum
523 174 711 209 consilium
735 174 773 206 in
796 171 862 208 hac
884 173 955 208 vita
982 185 1055 208 non
1079 175 1084 192 '

75 229 160 263 satis
175 228 423 271 intelligimus,
448 227 507 260 sed
524 225 589 258 erit
602 223 686 258 haec
703 225 873 269 sapientia
890 225 1056 259 discenda

75 280 113 313 in
130 279 225 313 coelo
243 279 280 312 in
295 285 365 313 tota
383 277 596 311 aeternitate.
629 274 732 309 Nunc
748 282 864 309 tamen
883 275 1056 309 incoanda

77 337 129 364 est
145 328 230 364 haec
246 327 489 363 consideratio.
526 324 573 360 Et
589 333 627 360 ut
642 326 854 365 incoaretur,
877 326 1057 360 institutae

75 382 218 415 fuerunt
236 386 286 414 tot
303 378 528 412 mactationes
543 377 580 409 in
597 377 682 420 lege.
735 375 810 410 Hae
836 389 959 410 omnes
980 378 1056 410 fue-

75 439 160 466 runt
189 430 263 476 typi
294 435 326 463 et
356 429 454 472 signa
486 425 592 461 huius
622 427 736 462 futuri
760 428 920 461 sacrificii
944 428 1057 462 admi-

76 481 190 516 randi.
599 523 604 525 -

175 529 263 564 Vult
277 541 342 563 nos
357 528 450 563 Deus
467 530 619 574 cogitare
636 541 708 564 esse
729 529 854 563 seriam
878 536 910 564 et
933 529 1057 572 ingen-

72 590 142 617 tem
158 581 246 614 iram
264 592 363 614 suam
379 581 545 615 adversus
562 588 752 625 peccatum,
779 587 812 614 et
825 580 931 614 fuisse
947 580 1059 613 maxi-

71 644 165 666 mam
184 643 340 672 causam,
367 643 474 676 quare
490 631 602 666 Filius
620 642 740 676 passus
756 630 812 666 sit.
846 630 961 664 Nimis
976 631 1058 664 duri

71 693 192 717 sumus
205 694 327 715 omnes
342 680 516 724 homines,
533 689 567 716 et
582 680 674 716 hanc
689 682 971 725 magnitudinem
987 682 1058 715 irae

70 732 138 767 Dei
154 745 227 766 non
245 744 430 777 possumus
448 733 654 777 intelligere.
708 732 777 766 Sed
795 739 911 766 tamen
928 733 1058 776 cogita-

71 834 127 868 bis
145 835 310 868 accendat
327 834 496 868 scintillas
512 832 618 868 huius
634 834 722 867 lucis
740 840 773 867 et
789 833 992 877 sapientiae,
1018 839 1059 867 ut

71 896 145 919 non
162 896 306 930 parvam
326 896 401 918 rem
418 885 656 918 existimemus
672 896 744 917 csse
757 892 948 928 peccatum.

173 934 386 980 Quanquam
413 936 519 978 igitur
541 936 602 969 alii
625 942 760 969 tantum
782 933 839 968 liic
862 936 1059 981 loquuntur
1084 965 1085 975 Ι

70 986 114 1019 de
129 986 234 1032 typis,
262 984 426 1020 Christus
443 987 565 1031 implet
582 987 673 1029 leges
689 987 948 1027 caeremoniales,
975 985 1058 1031 quia

70 1036 145 1080 ipse
168 1037 207 1071 fit
230 1036 394 1078 victima,
421 1049 508 1082 quae
529 1044 579 1070 est
601 1037 791 1080 significata
818 1049 880 1081 per
900 1048 1058 1070 ceremo-

69 1087 147 1120 nias
163 1094 195 1121 et
213 1088 440 1120 mactationes
457 1089 647 1131 pecudum:
680 1094 796 1120 tamen
818 1088 934 1121 sciatis
958 1087 1058 1130 prin-

70 1137 219 1182 cipalem
239 1138 482 1182 impletionem
501 1150 590 1176 esse,
625 1140 720 1183 quod
744 1138 875 1181 patitur
895 1149 1058 1183 poenam,

71 1200 176 1233 quam
201 1201 266 1222 nos
292 1189 481 1222 debuimus
503 1188 681 1228 iusticiae,
721 1195 865 1232 propter
880 1197 1057 1223 aeternam
1083 1189 1086 1241 Ι

1084 1252 1085 1258 ’
1112 1242 1206 1277 ciam
1224 1238 1524 1275 Pharisaeorum.

70 1238 199 1283 legem,
226 1251 315 1284 quae
331 1245 380 1273 est
397 1239 537 1273 recitata
556 1239 592 1271 in
608 1238 799 1281 Decalogo.

394 1339 444 1363 De
474 1337 597 1363 tertio
627 1339 732 1363 modo.

169 1398 250 1432 Non
274 1399 388 1432 solum
412 1411 560 1443 poenam
588 1399 755 1443 persolvit
780 1396 962 1440 Christus,
998 1401 1057 1434 sed

66 1450 242 1495 persoluta
263 1461 375 1493 poena
393 1456 510 1493 postea
538 1450 642 1483 nobis
668 1450 771 1483 etiam
795 1462 855 1483 sua
879 1451 972 1484 bona
995 1464 1058 1496 ap-
1084 1460 1085 1494 j

999 1502 1058 1536 Sic

67 1501 191 1545 plicat,
227 1506 261 1533 et
284 1500 438 1533 restituit
460 1501 565 1533 nobis
587 1501 759 1533 iusticiam
777 1507 809 1534 et
826 1502 945 1535 vitam.

66 1551 188 1595 implet
205 1551 313 1594 legem
325 1576 334 1589 ‚
361 1558 508 1584 renovat
524 1563 589 1584 nos
603 1552 684 1584 dato
701 1551 836 1595 Spiritu
853 1560 992 1593 sancto,
1019 1560 1058 1587 ut
1083 1550 1085 1590 J

1082 1602 1085 1614 '
1110 1598 1377 1641 terpretationes
1397 1593 1681 1628 Pharisaeorum.

65 1602 135 1635 iam
153 1601 364 1645 incipiamus
382 1613 452 1635 esse
470 1603 507 1634 in
523 1601 626 1635 nobis
644 1602 727 1635 tales
739 1626 747 1640 ‚
782 1602 900 1646 quales
915 1604 968 1638 lex
986 1615 1058 1636 esse

71 1653 184 1686 docet.

170 1701 355 1736 Renovata
377 1709 502 1735 natura
530 1710 647 1736 nostra
677 1709 709 1736 et
742 1710 858 1746 postea
891 1715 1057 1737 consum-
1082 1714 1085 1750 Ἰ

1082 1757 1084 1776 ³
1109 1748 1306 1791 Evangelii.

67 1759 160 1786 mata
185 1753 340 1785 novitate
365 1753 402 1784 iu
427 1751 721 1792 Resurrectione‚
759 1754 890 1786 erimus
914 1766 1057 1798 prorsus

67 1803 172 1843 tales,
201 1802 320 1847 quales
338 1813 411 1834 esse
431 1802 484 1834 lex
501 1803 612 1835 docet.
674 1801 808 1835 Interea
833 1815 913 1837 vero
940 1813 1056 1838 tamen

66 1860 271 1897 reputamur
288 1853 368 1886 iusti
380 1879 388 1893 ,
417 1852 588 1896 imputata
606 1853 709 1886 nobis
725 1852 834 1896 ipsius
851 1851 984 1888 Christi
1001 1855 1055 1888 iu·

66 1903 176 1939 sticia.

167 1953 269 1987 Hanc
284 1954 480 1987 doctrinam
501 1953 660 1998 quotidie
677 1954 817 1988 auditis.
863 1953 910 1988 Et
926 1962 976 1988 est
994 1967 1055 1988 ne-

66 2005 210 2039 cessaria
229 2004 436 2038 consolatio.
491 2003 532 2037 ln
551 2002 614 2038 hac
631 2005 700 2038 vita
724 2017 843 2038 sumus
865 2006 947 2039 iusti
972 2019 1054 2050 pro-

66 2062 144 2100 pter
170 2054 301 2087 Filium
329 2053 395 2087 Dei
424 2055 594 2099 imputata
630 2055 733 2089 nobis
767 2055 876 2100 ipsius
905 2057 1055 2098 iusticia,

67 2117 172 2151 quam
191 2111 327 2148 oportet
348 2105 414 2137 fide
431 2105 551 2149 accipi.

169 2154 214 2189 lit
232 2167 311 2188 cum
328 2155 364 2187 in
382 2155 473 2188 veris
488 2157 678 2199 pavoribus
696 2158 801 2190 corda
821 2158 1055 2197 vivificantur,
1078 2155 1082 2194 ἶ

66 2207 136 2240 iarn
152 2206 312 2239 incoatur
330 2205 529 2239 obedientia
548 2207 586 2239 in
601 2207 733 2248 nobis‚·
749 2219 838 2252 quae
856 2209 1056 2252 perficietur
1079 2234 1081 2238 Α

66 2263 145 2302 post
164 2254 254 2290 hanc
274 2257 392 2289 vitam.

466 85 858 126 ANNOTATIONES
884 84 952 123 ET
979 87 1261 125 CONCIONES
1289 90 1338 125 IN
1364 89 1546 126 EVA'NG.
1573 88 1854 124 MATTHAEI.

1082 764 1086 800 Ι

71 783 122 818 tio
139 784 314 817 incoanda
334 790 399 824 est,
433 789 465 817 et
482 783 579 817 Deus
594 784 749 817 orandus
768 790 836 822 est,
869 790 909 817 ut
931 783 969 816 in
991 795 1057 816 no-
1083 803 1085 827 3

1083 832 1086 842 v

1083 852 1085 862 A

167 2306 217 2342 Ita
236 2306 320 2340 dicit
338 2305 650 2342 Pa11lusR0m.8.:
678 2306 730 2340 De
748 2314 888 2352 peccato
907 2310 1054 2342 damna-

67 2358 118 2392 vit
134 2364 313 2402 peccatum
332 2357 369 2390 in
386 2369 508 2398 carne,
536 2365 575 2392 ut
598 2358 735 2392 iusticia
759 2359 844 2402 legis
867 2359 1056 2403 impleatur

69 2409 106 2442 in
121 2409 236 2444 nobis.

167 2459 237 2493 Hic
253 2458 412 2504 loquitur
427 2459 470 2492 de
485 2459 624 2493 duobus
647 2457 702 2492 his
717 2460 849 2501 modis,
874 2460 918 2493 de
935 2471 1055 2504 perso-

67 2509 202 2544 lutione
227 2521 378 2555 poenae,
416 2521 495 2543 cum
518 2510 584 2551 ait,
624 2508 806 2545 Christum
830 2511 958 2545 sactum
983 2522 1054 2545 esse
1078 2500 1082 2538 Ι

69 2567 245 2604 peceatum
262 2572 325 2605 pro
347 2560 460 2595 nobis.
1077 2554 1080 2606 Ι

169 2610 222 2645 De
243 2618 409 2657 sequente
430 2610 618 2652 beneficio,
644 2623 724 2645 cum
747 2611 814 2650 ait,
844 2609 891 2645 Ut
916 2612 1054 2646 iusticia
1077 2612 1081 2648 Ι

72 2660 155 2704 legis
168 2661 375 2707 impleretur
390 2662 428 2696 in
444 2661 567 2704 nobis,
593 2661 630 2696 id
650 2662 687 2697 fit
701 2661 900 2707 dupliciter.
1074 2670 1079 2694 i

2024 87 2097 123 586

1210 176 1368 209 Primum
1393 176 1646 221 imputatione,
1673 177 1804 209 donata
1826 174 1931 208 nobis
1956 173 2094 207 iusticia

1107 225 1253 263 Christi.
1304 227 1350 261 Et
1369 226 1459 260 hanc
1477 234 1613 270 oportet
1632 228 1698 259 fide
1719 226 1839 270 accipi.

1209 278 1345 312 Deinde
1362 285 1394 311 et
1412 278 1639 311 renovatione
1655 284 1792 311 nostrae
1807 283 1972 316 naturae,
2005 287 2093 320 quae

1107 329 1288 362 renovatio
1308 328 1345 361 in
1361 326 1425 361 hac
1441 328 1510 361 vita
1529 328 1707 367 incoatur,
1734 334 1765 360 et
1782 333 1859 371 post
1877 324 1968 360 hanc
1984 327 2091 360 vitam

1107 380 1316 425 perficietur.

1441 471 1486 494 De
1517 470 1643 501 quarto
1671 469 1773 494 modo.

1224 531 1386 566 Christus
1409 532 1530 575 implet
1554 531 1663 573 legem
1684 529 1854 563 docendo.
1906 526 1984 561 Etsi
2000 529 2094 561 enim

1108 582 1270 619 Christus
1287 594 1359 616 non
1376 583 1454 615 ideo
1473 582 1713 626 principaliter
1729 580 1826 612 venit
1838 605 1848 620 ,
1876 585 1915 612 ut
1937 579 2027 621 leges
2043 579 2092 611 fe-

1110 642 1182 676 rat,
1218 635 1299 679 quia
1324 634 1378 666 lex
1401 641 1501 666 antea
1526 639 1558 665 et
1583 638 1665 664 nota
1690 631 1773 670 suit,
1809 637 1842 663 et
1864 629 2095 674 promulgata,

1109 687 1168 719 sed
1192 692 1230 719 ut
1256 685 1329 729 ipse
1351 684 1409 716 fiat
1432 683 1590 715 victima:
1619 689 1734 715 tamen
1753 680 1878 720 simul,
1906 686 1944 712 ut
1961 679 2093 712 dictum

1110 743 1178 777 est,
1212 742 1305 769 taxat
1323 731 1760 769 erroresPharisaeorum‚
1796 738 1829 764 et
1850 730 2003 763 ostendit
2028 741 2094 773 pu—

1110 800 1183 821 ram
1203 785 1410 820 sententiam
1430 783 1534 827 legis,
1561 790 1599 816 ut
1620 789 1791 815 monstret
1815 781 2093 823 magnitudinem

1110 838 1258 882 peccati,
1286 844 1319 870 et
1336 847 1400 868 nos
1418 832 1534 868 trahat
1558 835 1601 866 ad
1628 832 1892 876 poenitentiam.
1946 829 2029 864 Ideo
2057 830 2093 862 in

1110 887 1177 922 hoc
1191 888 1302 932 capite
1319 887 1440 920 recitat
1463 885 1554 918 dicta
1570 884 1672 927 legis,
1709 890 1742 916 et
1760 879 1986 926 reprehendit
2008 878 2094 924 pha-

1109 940 1251 973 risaicas
1269 936 1573 982 interpretationes
1591 942 1654 969 etc.

1403 1020 1598 1062 Legatur
1639 1023 1800 1050 textus.

1161 1087 1240 1137 Qui
1251 1086 1399 1123 solverit
1425 1098 1537 1120 unum
1563 1082 1605 1118 (Ie
1630 1081 1820 1117 mandalis
1846 1080 2029 1120 minimis,
2065 1084 2095 1113 cl

1110 1140 1162 1175 sic
1179 1138 1337 1174 docuerit
1355 1135 1521 1171 homines
1536 1143 1600 1171 etc.

1161 1190 1254 1227 Nisi
1273 1186 1516 1223 abundaverit
1540 1184 1686 1220 iusticia
1710 1188 1826 1217 cestra
1850 1195 1963 1230 supra
1990 1180 2097 1215 iusti-

1593 1234 1784 1270 Veteribus
1809 1231 1960 1267 dictum:
2005 1230 2096 1267 IVon

1112 1291 1258 1327 occides.

1162 1342 1250 1389 Ego
1269 1345 1388 1376 autem
1409 1338 1489 1373 dico
1507 1337 1622 1371 cobis:
1651 1335 1729 1384 Qui
1747 1336 1897 1383 frustra
1923 1333 2096 1367 irascitur

1103 1393 1231 1443 fratri
1246 1405 1332 1436 suo,
1360 1403 1440 1425 reus
1458 1394 1507 1423 est
1527 1386 1658 1422 iudicii
1679 1395 1741 1421 etc.

1471 1473 1731 1510 Enarratio.

1213 1546 1281 1580 Hic
1297 1545 1421 1589 incipit
1436 1544 1611 1578 Dominus
1626 1539 1882 1585 reprehendere
1905 1539 2015 1573 malas
2039 1539 2095 1571 in-

1738 1590 1784 1624 Et
1802 1591 1869 1623 iam
1887 1591 2014 1623 iterum
2033 1590 2096 1622 ad—

1111 1656 1232 1682 monet
1245 1658 1308 1680 nos
1325 1648 1368 1679 de
1385 1643 1449 1678 hac
1469 1643 1647 1677 communi
1667 1642 1824 1675 doctrina
1837 1666 1846 1679 ,
1879 1641 1972 1685 quod
1991 1651 2096 1683 opor-

1110 1706 1159 1732 tet
1182 1709 1319 1740 semper
1341 1697 1377 1729 in
1407 1700 1595 1739 conspectu
1622 1704 1692 1725 esse
1720 1692 1908 1724 discrimen
1936 1690 2039 1733 Legis
2063 1695 2096 1722 et

1212 1796 1259 1831 Et
1282 1797 1510 1831 assuefaciant
1531 1807 1565 1828 se
1590 1805 1712 1827 omncs
1736 1791 1915 1832 homines,
1952 1797 1991 1824 ut
2015 1802 2094 1823 cum

1110 1850 1262 1884 audiunt
1278 1859 1410 1882 nomen
1427 1847 1522 1889 legiS,
1539 1845 1648 1878 sciant
1669 1845 1742 1877 fieri
1758 1843 1974 1876 mentionem
1983 1840 2095 1874 Deca-

1110 1900 1190 1943 logi.
1225 1898 1272 1933 Et
1287 1898 1370 1943 quia
1387 1895 1548 1931 Christus
1565 1895 1720 1929 vultiam
1739 1906 1810 1926 esse
1822 1893 1976 1931 Doctor‚
2003 1898 2096 1925 taxat

1109 1963 1260 1989 errores,
1288 1949 1416 1994 quibus
1434 1947 1628 1989 Decalogus
1643 1946 1853 1991 depravatus
1869 1950 1917 1976 est
1935 1955 1952 1976 a
1969 1940 2096 1975 Phari-

1108 2002 1213 2042 saeis,
1240 2007 1272 2034 et
1295 2000 1434 2033 orditur
1463 2011 1481 2031 a
1507 1997 1699 2041 praeceptis
1723 1995 1961 2028 crassioribus.
2014 1992 2095 2025 Non

1108 2052 1257 2092 occides,
1284 2050 1364 2083 Non
1382 2047 1639 2088 moechaberis,
1668 2047 1748 2092 quia
1767 2046 1804 2078 in
1820 2043 1874 2078 his
1891 2044 1999 2088 magis
2015 2055 2095 2076 sen-

1108 2103 1214 2137 timus
1236 2107 1373 2135 nostras
1391 2100 1538 2133 viciosas
1556 2098 1765 2142 cupiditates
1780 2104 1811 2130 et
1830 2093 2004 2134 ἀταξιάν,
2030 2095 2094 2128 vni)

1110 2154 1325 2197 Dnntbnung‘
1354 2163 1457 2197 quam
1477 2151 1513 2183 in
1530 2149 1644 2193 primo
1662 2155 1855 2192 praecepto.
1899 2144 1961 2178 Est
1978 2151 2093 2177 autem

1109 2205 1145 2237 in
1163 2216 1297 2238 summa
1315 2201 1372 2236 hic
1387 2201 1584 2235 communis
1600 2211 1697 2232 error
1712 2196 1994 2230 Pharisaeorum.

1210 2254 1280 2288 Lex
1297 2252 1362 2287 Dei
1382 2249 1546 2297 prohibet
1568 2262 1639 2283 non
1663 2255 1799 2282 tantum
1825 2258 1928 2291 opera
1952 2253 2093 2280 externa

1109 2305 1298 2351 pugnantia
1317 2316 1393 2337 cum
1412 2304 1501 2346 lege,
1530 2308 1569 2335 ut
1586 2307 1765 2334 externum
1785 2296 2015 2331 homicidium
2033 2303 2093 2330 aut

1079 2351 1081 2375 Ι
1107 2364 1288 2390 externum
1320 2354 1544 2388 adulterium.

1612 2350 1681 2384 Sed
1708 2349 1782 2383 vult
1806 2348 1910 2382 etiam
1936 2359 1995 2380 cor
2019 2358 2091 2380 esse

1107 2414 1198 2441 recte
1213 2407 1415 2441 ordinatum
1435 2411 1467 2437 et
1487 2402 1600 2436 simile
1617 2401 1681 2444 legi
1700 2399 1784 2440 Dei,
1818 2406 1857 2433 ut
1876 2410 1948 2431 non
1966 2398 2092 2435 solum,

1107 2470 1151 2491 ne
1175 2458 1261 2493 Saul
1284 2457 1417 2491 occidat
1439 2453 1631 2492 Davidem,
1672 2452 1729 2484 sed
1755 2450 1830 2483 vult
1855 2449 1958 2482 etiam
1984 2454 2023 2481 ut
2047 2448 2092 2482 sit

1107 2508 1191 2544 Saul
1208 2520 1268 2543 cor
1284 2514 1436 2542 rectum.
1464 2505 1557 2549 quod
1575 2509 1717 2548 propter
1737 2499 1851 2535 Deum
1870 2511 1951 2532 vero
1968 2499 2093 2532 affectu

1108 2559 1245 2605 betlglid)
1265 2559 1387 2599 diligat
1405 2554 1591 2589 Davidem.

1209 2610 1278 2645 Sed
1302 2606 1481 2642 Pharisaei
1505 2605 1696 2644 docebant,
1733 2602 1842 2645 legem
1865 2599 1931 2634 Dei
1955 2607 2093 2634 tantum

1106 2661 1204 2699 looui
1222 2661 1264 2695 de
1281 2657 1432 2694 externis
1450 2656 1560 2690 factis.
1621 2652 1667 2688 Et
1683 2664 1755 2687 non
1773 2650 1871 2697 loqui
1887 2652 1930 2685 de
1947 2651 2094 2685 interio-
