2409 2915
131 88 204 125 489
667 84 749 120 ΧΙῙ.

280 171 344 208 Ill.
399 171 516 215 Quam
538 171 646 213 igitur
671 170 747 203 vult
763 181 834 203 esse
852 170 1000 204 sormam
1021 171 1112 215 regi-

340 223 469 256 minis?
504 221 647 254 nullane
679 220 744 253 erit
773 221 932 264 superior
964 229 1112 265 potestas

335 270 558 317 gubernans?
608 269 830 314 Responsio,
857 269 1018 305 Christus
1037 273 1111 306 vult

333 323 406 365 regi
431 320 603 354 Ecclesias
626 319 821 364 Evangelio
853 333 936 364 sue,
974 329 1006 356 et
1038 335 1110 356 non

333 371 518 405 autoritate
542 368 717 413 humana,
743 384 816 405 non
841 373 1008 415 gradibus
1021 371 1110 417 Epi-

334 433 530 465 scoporum.

279 470 362 505 1111.
415 470 491 505 Etsi
517 478 566 504 est
589 470 779 516 aequalitas
805 470 1022 506 arithmetica
1047 484 1111 515 gu-

333 523 561 556 bernatorum
587 521 624 553 in
650 521 824 562 Ecclesia,
848 524 931 567 quia
951 521 1111 557 Christus

328 584 402 605 non
427 572 503 606 vult
529 583 729 616 quenquam
750 573 916 607 excellere
934 581 1112 617 potestate,

330 630 447 657 tamen
468 629 518 655 est
537 622 769 666 inaequalitas
787 624 973 657 donorum.
1008 624 1058 657 lta
1076 625 1112 657 fit

330 673 540 716 geometrica
580 675 781 716 proportio,
831 686 909 707 cum
950 675 1112 708 videlicet

332 724 537 757 excellentes
562 724 685 764 donis,
712 725 900 767 diligenter
924 725 1110 758 consulunt

333 774 578 814 inferioribus,
606 780 639 807 et
663 776 877 808 antecellunt
901 786 957 807 eos
980 775 1112 809 autori—

329 831 411 858 tate.
464 822 511 857 Et
534 831 694 865 econtra,
721 825 905 858 inferiores
928 826 1111 869 obtempe-

331 881 411 908 rant
433 881 466 908 et
489 875 619 908 cedunt
642 876 948 910 excellentioribus
970 883 1112 920 propter

329 926 476 958 verbum
493 924 568 958 Dei.

279 975 323 1010 V.
376 974 587 1008 Admonitio
610 975 653 1007 de
674 975 837 1008 cavendis
855 974 1028 1008 scandalis
1048 974 1112 1007 do-

333 1026 464 1058 ctrinae
483 1032 515 1058 et
532 1036 683 1057 morum.

278 1075 344 1109 Vl.
398 1074 450 1108 De
467 1074 622 1107 custodia
640 1075 856 1117 angelorum.

279 1124 362 1161 ΥΠ.
401 1124 453 1158 De
490 1125 685 1157 infantibus
718 1125 754 1156 in
787 1124 942 1158 Ecclesia
975 1124 1112 1168 insigne

333 1175 574 1210 testimonium
587 1201 596 1216 ‚
623 1175 717 1220 quod
735 1173 809 1208 Deo
829 1176 1000 1219 placeant.

523 1275 570 1298 De
600 1273 719 1304 primo.

229 1327 413 1363 Discamus
449 1325 487 1358 in
514 1325 645 1358 sanctis
676 1324 779 1356 etiam
812 1334 884 1356 esse
916 1334 1050 1357 errores
1080 1332 1113 1357 et

126 1386 283 1424 peccata,
335 1377 424 1410 sicut
463 1373 521 1408 hic
560 1373 725 1418 Apostoli
763 1370 876 1406 adhuc
914 1374 1110 1416 imaginan-

125 1437 202 1470 tur,
228 1439 376 1471 regnum
391 1424 525 1460 Christi
542 1425 617 1457 sore
632 1424 849 1457 mundanam
869 1424 1026 1467 politiam
1039 1451 1046 1465 ‚
1075 1425 1112 1456 in

126 1491 213 1526 qua,
239 1485 280 1512 ut
298 1479 336 1511 in
352 1488 478 1520 regno,
506 1476 576 1508 sint
593 1474 701 1508 futuri
721 1474 848 1516 gradus
867 1474 1030 1507 dissimili
1048 1487 1112 1519 po-

126 1536 258 1564 testate.
310 1527 396 1561 Plus
418 1524 501 1559 mali
524 1525 610 1563 fnit,
638 1524 666 1556 si
690 1525 793 1557 etiam
820 1525 1030 1565 ambitione,
1057 1526 1112 1557 in-

126 1580 239 1620 vidia,
266 1577 502 1611 aemulatione
519 1574 682 1618 Apostoli
700 1581 942 1617 certaverunt,
969 1582 1002 1608 et
1023 1576 1112 1608 alius

127 1631 226 1664 alteri
250 1640 284 1662 se
310 1640 372 1661 suo
397 1626 529 1660 iudicio
553 1625 736 1669 praetulit,
763 1625 866 1658 sicuti
887 1626 925 1657 in
946 1624 1042 1659 Luca
1065 1626 1112 1659 si-

126 1681 329 1725 gnificatur,
355 1677 466 1721 capite
483 1677 544 1710 22.

496 1775 542 1798 De
574 1774 746 1799 secundo.

230 1828 332 1862 Vidit
358 1825 453 1860 haud
487 1825 593 1858 dubie
616 1822 796 1864 Christus,
831 1830 1000 1868 quantum
1029 1824 1114 1857 mali

128 1881 304 1926 pariturae
339 1883 451 1911 essent
481 1874 546 1908 hae
576 1874 762 1918 opiniones
791 1874 834 1906 de
866 1875 1112 1908 constituendo

128 1943 236 1975 regno
261 1931 299 1963 in
322 1927 497 1969 Ecclesia,
532 1925 616 1959 inde
641 1925 734 1957 enim
759 1924 869 1957 multa
897 1932 1112 1969 sequuntur:

129 1981 294 2026 Episcopi
317 1978 440 2011 armati
467 1982 654 2021 potestate,
689 1975 847 2008 condunt
870 1975 980 2017 leges,
1013 1975 1113 2008 insti-

129 2038 235 2066 tuunt
259 2031 392 2067 cultus,
426 2026 661 2065 ceremonias,
683 2032 721 2058 ut
745 2024 890 2058 Missam
916 2032 949 2058 et
971 2025 1113 2061 similes.

129 2082 224 2115 Haec
247 2087 365 2125 postea
390 2085 532 2121 putatur
548 2076 683 2110 iusticia
699 2073 901 2118 Evangelii,
929 2076 974 2108 ita
993 2076 1114 2118 oppri-

132 2132 239 2165 mitur
269 2130 405 2162 veritas.
466 2127 646 2160 Praeterea
679 2138 759 2158 cum
790 2126 922 2158 accedit
956 2126 1113 2165 ambitio,

131 2181 254 2228 quanti
283 2185 398 2212 motus
426 2177 615 2211 oriuntur?
647 2184 685 2209 ut
709 2174 816 2208 Arius
847 2176 1013 2218 praeferri
1045 2176 1112 2209 sibi

131 2232 247 2267 doluit
285 2229 524 2264 Alexandrum
558 2226 604 2267 :in
641 2226 810 2258 electione
845 2223 1030 2269 Episcopi:
1082 2232 1114 2259 et

133 2294 256 2317 omnes
287 2286 414 2313 aetates
444 2278 608 2310 viderunt
640 2276 767 2308 similia
795 2277 961 2319 exempla.
1018 2276 1114 2315 Item,

130 2333 265 2369 Romae
281 2336 409 2376 quanta
428 2329 571 2361 suerunt
585 2326 774 2359 certamina
791 2326 833 2359 de
849 2326 1016 2359 electione
1035 2333 1113 2359 ante

131 2384 228 2418 mille
244 2380 378 2416 annos?
432 2378 535 2413 [nde
551 2388 615 2410 vox
632 2376 690 2408 illa
708 2382 783 2408 orta
802 2383 870 2409 est:
899 2375 1022 2409 Plures
1039 2375 1113 2411 Ro-

133 2434 220 2468 muli
251 2443 366 2472 more,
400 2441 504 2475 qnam
528 2427 623 2461 Petri
646 2426 828 2470 pervenire
853 2427 895 2458 ad
920 2424 1113 2471 Episcopa-

132 2492 218 2520 tum.
270 2482 338 2517 Sed
365 2481 474 2514 multo
500 2479 578 2522 plus
601 2477 683 2510 mali
703 2477 835 2520 peperit
854 2477 999 2510 ambitio
1017 2477 1114 2519 inge-

798 83 1189 121 ANNOTATIONES
1222 84 1272 120 IN
1306 84 1607 124 EVANGELIA.
2070 92 2144 127 490

1162 170 1261 203 sione
1283 177 1380 204 ortus
1403 179 1454 205 est
1472 170 1673 215 Mahomet‚
1700 174 1783 208 inde
1807 182 1921 209 secuta
1937 183 1987 210 est
2004 177 2143 211 vastitas

1162 219 1406 256 Ecclesiarum.
1460 221 1557 256 Haec
1579 225 1696 257 omnia
1721 226 1862 259 intuens
1880 224 2060 265 Christus,
2088 224 2143 260 hic

1161 277 1230 304 tam
1255 271 1392 304 duriter
1413 273 1642 306 concionatur
1662 275 1704 306 de
1728 277 1918 317 scandalis,
1945 283 1978 310 et
1999 288 2063 309 nos
2080 278 2144 309 ad-

1162 327 1300 362 monet,
1326 327 1364 354 ut
1389 322 1497 354 verbo
1521 323 1593 364 regi
1617 324 1784 363 velimus,
1807 332 1846 359 ut
1870 338 2052 359 caveamus
2068 338 2144 359 am-

1161 371 1288 405 bitiosa
1302 372 1496 410 ¹certamina
1514 373 1556 405 de
1573 373 1753 413 doctrina,
1780 382 1812 409 et
1828 377 1870 408 de
1887 376 2095 413 ministerio.

1556 473 1604 497 De
1635 471 1757 497 tertio.

1237 523 1352 565 Quam
1370 523 1553 558 constituit
1568 523 1625 557 hic
1640 526 1787 557 sormam
1803 525 2008 568 regiminis?
2041 527 2147 560 Prin-

1162 575 1283 618 cipalis
1303 575 1485 617 responsio
1505 582 1553 607 est
1573 576 1609 607 in
1627 572 1693 608 hoc
1710 575 1820 608 dicto:
1849 575 1887 608 Si
1906 577 1983 621 quis
1999 589 2145 621 puerum

1161 625 1285 669 recipit
1309 624 1346 656 in
1373 624 1517 657 nomine
1543 625 1643 665 Meo,
1673 637 1728 658 me
1752 626 1886 669 recipit.
1938 626 2006 660 Hie
2029 634 2147 660 osten-

1162 676 1212 709 dit
1236 686 1270 708 se
1296 674 1438 717 alligare
1456 673 1667 715 Ecclesiam,
1694 687 1766 708 non
1789 677 1831 708 ad
1858 676 1966 710 ullius
1991 675 2146 710 hominis

1162 737 1366 769 personam,
1400 725 1458 756 sed
1490 726 1531 757 ad
1563 725 1710 757 verbum
1735 734 1850 760 suum.
1908 726 1990 760 Ideo
2016 727 2143 771 inquit,

1162 776 1234 808 sive
1256 776 1346 808 alius
1363 775 1508 808 verbum
1525 786 1641 808 meum
1658 775 1824 813 attulerit,
1847 777 1975 810 audite.
2027 777 2145 810 Verbo

1162 825 1236 868 regi
1259 836 1321 858 vos
1347 825 1452 866 volo,
1487 837 1559 857 non
1584 825 1751 867 gradibus
1775 837 2015 869 personarum.
2068 826 2148 860 Hoc

1161 876 1255 916 vult,
1289 887 1367 908 cum
1392 875 1458 915 ait,
1489 874 1527 908 Si
1552 876 1630 920 quis
1656 887 1803 918 puerum
1826 877 1994 919 receperit
2017 877 2053 909 in
2081 889 2145 909 no-

1162 926 1258 959 mine
1279 937 1374 965 meo,
1402 925 1437 957 id
1460 931 1529 965 est,
1556 926 1702 957 verbum
1727 937 1843 958 meum
1867 926 2087 966 afferentem,
2113 934 2147 960 et

1162 975 1315 1020 postulat
1337 981 1376 1008 ut
1393 974 1461 1019 ipsi
1479 973 1640 1018 Apostoli
1658 975 1728 1008 sint
1745 973 1897 1008 humiles
1913 989 2009 1010 more
2028 977 2146 1009 infan-

1162 1034 1254 1066 tum,
1288 1023 1380 1058 nihil
1412 1022 1527 1058 adhuc
1553 1026 1596 1058 de
1619 1036 1726 1068 regno
1751 1026 2018 1068 disputantium.
2083 1025 2147 1060 Est

1163 1077 1256 1110 enim
1293 1075 1405 1108 facilis
1443 1081 1476 1108 et
1506 1075 1652 1108 illustris
1684 1076 1871 1119 applicatio
1902 1088 1962 1110 seu
1991 1077 2148 1111 collatio.

1164 1127 1252 1160 Nam
1269 1126 1414 1158 fortiora
1434 1126 1640 1160 naturaliter
1657 1126 1722 1158 sibi
1739 1133 1882 1160 sumunt
1901 1127 2090 1174 imperium
2110 1128 2147 1160 in

1164 1176 1344 1209 inferiora.
1398 1174 1481 1208 Ideo
1508 1175 1656 1209 infantia
1681 1177 1835 1209 sentiens
1860 1177 2148 1219 imbecillitatem,

1163 1227 1322 1259 nondum
1355 1226 1462 1258 sumit
1487 1226 1554 1259 sibi
1577 1226 1764 1270 imperium
1788 1226 1825 1259 in
1847 1227 1951 1268 alios,
1986 1228 2047 1261 etsi
2075 1228 2148 1260 sor-

1165 1276 1262 1310 tassis
1287 1276 1353 1308 alia
1378 1281 1503 1308 natura
1528 1276 1656 1318 magis,
1689 1276 1756 1309 alia
1782 1277 1900 1310 minus
1922 1278 2151 1322 obtemperat,

1163 1333 1281 1359 tamen
1298 1336 1421 1358 omnes
1439 1325 1588 1358 infantes
1605 1332 1766 1360 metuunt
1781 1328 1995 1368 grandiores.

1265 1373 1328 1408 Est
1351 1375 1459 1416 igitur
1481 1376 1662 1418 perspicua
1686 1376 1843 1416 collatio,
1869 1384 1903 1410 et
1918 1375 2069 1410 detrahit
2085 1389 2148 1420 po-

1164 1431 1321 1459 testatem
1351 1425 1645 1467 gubernatoribus
1673 1423 1860 1462 Ecclesiae.
1920 1426 1968 1461 Ut
1998 1427 2148 1460 infantes

1163 1487 1236 1508 non
1254 1481 1398 1508 sumunt
1417 1474 1483 1508 sibi
1501 1476 1688 1519 imperium
1707 1475 1745 1508 in
1762 1477 1868 1514 alios,
1896 1478 1954 1510 sed
1972 1478 2149 1521 accipiunt

1164 1526 1290 1559 dictata
1316 1537 1334 1558 a
1357 1525 1582 1566 fortioribus,
1609 1526 1657 1559 sic
1682 1526 1758 1560 vult
1777 1524 1938 1561 Christus
1955 1526 2150 1572 Episcopos

1165 1577 1239 1609 sine
1264 1575 1411 1618 imperio
1432 1575 1655 1609 circumferre
1672 1576 1799 1609 dictata
1815 1577 1851 1609 in
1867 1575 2060 1620 Evangelio
2077 1584 2149 1610 tra-

1165 1626 1251 1659 dita.
1307 1625 1475 1658 Videmus
1498 1626 1605 1668 igitur
1629 1627 1812 1669 displicere
1829 1625 1971 1660 Christo
1989 1626 2079 1660 hanc
2096 1634 2149 1660 te-

1166 1683 1254 1709 tram
1275 1675 1553 1708 dominationem
1569 1676 1605 1708 in
1615 1674 1770 1709 Ecclesia
1787 1677 2032 1716 constitutam,
2059 1689 2149 1722 quae

1165 1725 1307 1771 quidem
1333 1726 1436 1758 etiam
1464 1726 1610 1760 iniustas
1632 1727 1742 1770 leges,
1774 1727 1902 1774 impios
1926 1728 2058 1768 cultus,
2093 1735 2148 1772 ty-

1167 1775 1322 1809 rannicis
1348 1776 1504 1819 imperiis
1527 1777 1673 1818 retinet,
1710 1784 1742 1810 et
1766 1778 1932 1814 defendit.
1990 1776 2038 1812 Et
2054 1789 2149 1811 acce-

1166 1828 1257 1860 dunt
1274 1827 1383 1859 multa
1401 1827 1468 1859 alia
1488 1827 1642 1869 ingentia
1660 1834 1810 1871 peccata.

1267 1876 1460 1909 Peculiaris
1491 1877 1652 1910 doctrina
1685 1884 1735 1911 est
1764 1874 2068 1918 Christianorum,
2105 1879 2149 1911 de

1166 1928 1346 1960 voluntate
1370 1925 1436 1959 Dei
1470 1933 1620 1960 statuere
1651 1939 1690 1960 ex
1720 1927 1832 1973 *ipsius
1855 1929 1980 1969 verbo,
2013 1940 2084 1961 non
2109 1941 2149 1961 ex

1164 1977 1394 2021 opinionibus
1417 1977 1546 2010 nostris
1568 1983 1627 2011 aut
1649 1978 1842 2013 eventibus,
1895 1977 1978 2012 ldeo
1997 1985 2034 2012 ut
2049 1979 2149 2011 verbi

1164 2027 1332 2060 autoritas
1348 2027 1579 2070 amplificetur
1593 2035 1626 2061 et
1642 2028 1836 2070 magniliat‚
1863 2026 2024 2062 Christus
2038 2029 2150 2062 abdu-

1165 2078 1210 2111 cit
1233 2075 1394 2110 homines
1416 2089 1434 2109 a
1457 2085 1644 2122 conspectu
1657 2090 1904 2121 personarum,
1930 2085 1962 2112 et
1977 2085 2150 2112 monstrat

1164 2139 1285 2160 verum
1317 2139 1355 2160 ac
1384 2127 1498 2160 solum
1531 2129 1817 2171 gubernatorem,
1858 2129 2005 2167 scilicet,
2036 2129 2148 2172 ipsam

1164 2189 1283 2210 vocem
1295 2175 1489 2219 Evangelii,
1511 2179 1599 2212 sicut
1612 2180 1694 2212 alibi
1708 2191 1805 2222 saepe
1818 2179 1961 2211 dicitnr:
1989 2178 2150 2212 Lucerna

1165 2227 1311 2271 pedibus
1336 2228 1421 2260 meis
1443 2229 1587 2261 verbum
1608 2236 1717 2262 tuum.
1770 2229 1871 2262 Item:
1899 2227 2004 2261 Ilunc
2021 2229 2151 2269 audite,

1165 2278 1200 2311 Si
1233 2278 1312 2322 quis
1339 2290 1536 2311 sermonem
1561 2291 1677 2312 meum
1701 2279 1868 2318 servabit,
1904 2286 2051 2313 mortem
2076 2291 2149 2311 non

1164 2328 1307 2363 videbit.
1360 2327 1427 2362 Sed
1456 2326 1607 2361 humana
1633 2329 1720 2362 ratio
1744 2329 1866 2362 leviter
1888 2336 1984 2362 curat
2003 2330 2148 2362 verbum

1165 2377 1243 2419 Dei,
1273 2385 1306 2412 et
1321 2379 1363 2411 de
1376 2377 1527 2411 Ecclesia
1544 2379 1669 2420 cogitat
1686 2379 1775 2412 sicut
1791 2380 1835 2412 de
1850 2377 2002 2411 humana
2017 2379 2150 2422 politia,

1165 2436 1197 2462 et
1221 2429 1257 2462 in
1280 2429 1445 2462 omnibus
1467 2430 1719 2462 tentationibus
1743 2441 1852 2471 prona
1878 2436 1925 2462 est
1949 2430 1989 2461 ad
2016 2429 2149 2472 ample—

1165 2481 1288 2512 ctenda
1309 2491 1365 2517 ea,
1394 2491 1481 2524 quae
1498 2479 1587 2511 ratio
1604 2480 1766 2514 ostendit.
1822 2479 1903 2511 Ideo
1915 2477 2075 2512 Christus
2092 2477 2148 2511 bic

134 2535 274 2568 niorum
300 2534 343 2565 ‹le
367 2532 471 2564 laude
492 2528 670 2562 doctrinae
686 2528 993 2567 contendentium,
1020 2529 1114 2561 unde
1138 2519 1140 2554 Ῐ
1165 2537 1304 2564 revocat
1336 2542 1398 2562 nos
1428 2530 1470 2562 ad
1496 2530 1658 2569 verbum,
1697 2537 1728 2562 et
1755 2529 1827 2561 vult
1853 2541 1916 2561 nos
1940 2530 2150 2570 meminisse,

136 2591 215 2619 tunt
247 2590 342 2616 ortae
368 2579 544 2620 haereses,
576 2576 778 2618 schismata,
813 2584 845 2611 et
871 2578 999 2611 multae
1027 2579 1114 2612 aliae
1138 2575 1140 2603 't

137 2634 348 2682 perniciosae
371 2630 592 2665 mutationes.
645 2628 744 2663 Sicut
767 2640 806 2662 ex
824 2626 955 2662 Ariana
979 2629 1113 2662 dissen-

1166 2581 1310 2613 verbum
1332 2592 1402 2612 esse
1420 2586 1605 2620 rectorem,
1635 2592 1705 2613 non
1725 2591 1907 2626 personas,
1935 2591 2006 2612 non
2024 2578 2149 2613 huma-

1170 2643 1251 2664 nam
1268 2630 1438 2664 rationem
