<?xml version="1.0" encoding="UTF-8"?>
<!DOCTYPE html PUBLIC "-//W3C//DTD XHTML 1.0 Transitional//EN"
    "http://www.w3.org/TR/xhtml1/DTD/xhtml1-transitional.dtd">
<html xmlns="http://www.w3.org/1999/xhtml" xml:lang="en" lang="en">
 <head>
  <title>
</title>
<meta http-equiv="Content-Type" content="text/html;charset=utf-8" />
  <meta name='ocr-system' content='tesseract 3.04.00' />
  <meta name='ocr-capabilities' content='ocr_page ocr_carea ocr_par ocr_line ocrx_word'/>
</head>
<body>
  <div class='ocr_page' id='page_1' title='image "./operaquaesupersu14melauoft/operaquaesupersu14melauoft_0231.png"; bbox 0 0 2409 2915; ppageno 0'>
   <div class='ocr_carea' id='block_1_1' title="bbox 44 106 50 902">
    <p class='ocr_par' dir='ltr' id='par_1_1' title="bbox 44 106 50 902">
     <span class='ocr_line' id='line_1_1' title="bbox 44 106 50 902; baseline 0 0"><span class='ocrx_word' id='word_1_1' title='bbox 44 106 50 902; x_wconf 95' lang='lat' dir='ltr'> </span> 
     </span>
    </p>
   </div>
   <div class='ocr_carea' id='block_1_2' title="bbox 0 1040 54 2425">
    <p class='ocr_par' dir='ltr' id='par_1_2' title="bbox 0 1040 54 2425">
     <span class='ocr_line' id='line_1_2' title="bbox 0 1040 54 2425; baseline 0 0"><span class='ocrx_word' id='word_1_2' title='bbox 0 1040 54 2425; x_wconf 95' lang='lat' dir='ltr'> </span> 
     </span>
    </p>
   </div>
   <div class='ocr_carea' id='block_1_3' title="bbox 108 105 733 146">
    <p class='ocr_par' dir='ltr' id='par_1_3' title="bbox 108 105 733 146">
     <span class='ocr_line' id='line_1_3' title="bbox 108 105 733 146; baseline -0.01 0"><span class='ocrx_word' id='word_1_3' title='bbox 108 108 184 146; x_wconf 82' lang='lat'>445</span> <span class='ocrx_word' id='word_1_4' title='bbox 651 105 733 141; x_wconf 80' lang='grc' dir='ltr'>ΧΠ.</span> 
     </span>
    </p>
   </div>
   <div class='ocr_carea' id='block_1_4' title="bbox 106 191 1097 439">
    <p class='ocr_par' dir='ltr' id='par_1_4' title="bbox 106 191 1097 439">
     <span class='ocr_line' id='line_1_4' title="bbox 106 191 1094 238; baseline -0.005 -8"><span class='ocrx_word' id='word_1_5' title='bbox 106 193 307 238; x_wconf 85' lang='lat' dir='ltr'>Evangelii.</span> <span class='ocrx_word' id='word_1_6' title='bbox 360 193 438 228; x_wconf 89' lang='lat' dir='ltr'>Hoc</span> <span class='ocrx_word' id='word_1_7' title='bbox 461 191 636 227; x_wconf 89' lang='lat' dir='ltr'>somnium</span> <span class='ocrx_word' id='word_1_8' title='bbox 655 203 844 226; x_wconf 91' lang='lat' dir='ltr'>commune</span> <span class='ocrx_word' id='word_1_9' title='bbox 863 197 913 225; x_wconf 91' lang='lat' dir='ltr'>est</span> <span class='ocrx_word' id='word_1_10' title='bbox 936 191 1094 225; x_wconf 90' lang='lat' dir='ltr'>omnium</span> 
     </span>
     <span class='ocr_line' id='line_1_5' title="bbox 106 241 1097 287; baseline -0.004 -8"><span class='ocrx_word' id='word_1_11' title='bbox 106 244 294 280; x_wconf 90' lang='lat' dir='ltr'>hominum</span> <span class='ocrx_word' id='word_1_12' title='bbox 307 272 316 287; x_wconf 91' lang='lat'>,</span> <span class='ocrx_word' id='word_1_13' title='bbox 344 247 403 278; x_wconf 89' lang='lat' dir='ltr'>sed</span> <span class='ocrx_word' id='word_1_14' title='bbox 428 245 528 278; x_wconf 88' lang='lat' dir='ltr'>aliter</span> <span class='ocrx_word' id='word_1_15' title='bbox 544 244 588 277; x_wconf 93' lang='lat' dir='ltr'>de</span> <span class='ocrx_word' id='word_1_16' title='bbox 606 241 761 277; x_wconf 79' lang='lat' dir='ltr'>Ecclesia</span> <span class='ocrx_word' id='word_1_17' title='bbox 779 242 994 276; x_wconf 73' lang='lat' dir='ltr'><strong>vaticinatur</strong></span> <span class='ocrx_word' id='word_1_18' title='bbox 1011 243 1097 276; x_wconf 91' lang='lat' dir='ltr'>scri-</span> 
     </span>
     <span class='ocr_line' id='line_1_6' title="bbox 106 293 1093 341; baseline -0.004 -11"><span class='ocrx_word' id='word_1_19' title='bbox 106 303 228 341; x_wconf 84' lang='lat' dir='ltr'>ptura,</span> <span class='ocrx_word' id='word_1_20' title='bbox 270 303 304 330; x_wconf 88' lang='lat' dir='ltr'>et</span> <span class='ocrx_word' id='word_1_21' title='bbox 337 293 549 340; x_wconf 80' lang='lat' dir='ltr'>experientia</span> <span class='ocrx_word' id='word_1_22' title='bbox 587 293 761 328; x_wconf 76' lang='lat' dir='ltr'>consentit</span> <span class='ocrx_word' id='word_1_23' title='bbox 795 305 875 327; x_wconf 90' lang='lat' dir='ltr'>cum</span> <span class='ocrx_word' id='word_1_24' title='bbox 910 293 1093 338; x_wconf 88' lang='lat' dir='ltr'>scriptura.</span> 
     </span>
     <span class='ocr_line' id='line_1_7' title="bbox 106 343 1096 388; baseline -0.003 -8"><span class='ocrx_word' id='word_1_25' title='bbox 106 345 365 381; x_wconf 85' lang='lat' dir='ltr'>Confirmemus</span> <span class='ocrx_word' id='word_1_26' title='bbox 386 345 493 388; x_wconf 87' lang='lat' dir='ltr'>igitur</span> <span class='ocrx_word' id='word_1_27' title='bbox 516 343 673 383; x_wconf 88' lang='lat' dir='ltr'>animos,</span> <span class='ocrx_word' id='word_1_28' title='bbox 708 351 742 379; x_wconf 90' lang='lat' dir='ltr'>et</span> <span class='ocrx_word' id='word_1_29' title='bbox 768 344 916 378; x_wconf 89' lang='lat' dir='ltr'>sciamus</span> <span class='ocrx_word' id='word_1_30' title='bbox 942 355 1006 377; x_wconf 90' lang='lat' dir='ltr'>nos</span> <span class='ocrx_word' id='word_1_31' title='bbox 1031 356 1096 377; x_wconf 93' lang='lat' dir='ltr'>no-</span> 
     </span>
     <span class='ocr_line' id='line_1_8' title="bbox 106 393 1094 439; baseline -0.005 -8"><span class='ocrx_word' id='word_1_32' title='bbox 106 397 241 432; x_wconf 89' lang='lat' dir='ltr'>biscum</span> <span class='ocrx_word' id='word_1_33' title='bbox 269 396 493 430; x_wconf 78' lang='lat' dir='ltr'>circumferre</span> <span class='ocrx_word' id='word_1_34' title='bbox 515 393 726 435; x_wconf 81' lang='lat' dir='ltr'>Ecclesiam,</span> <span class='ocrx_word' id='word_1_35' title='bbox 759 395 962 439; x_wconf 89' lang='lat' dir='ltr'>ubicunque</span> <span class='ocrx_word' id='word_1_36' title='bbox 987 402 1094 429; x_wconf 87' lang='lat' dir='ltr'>terra·</span> 
     </span>
    </p>
   </div>
   <div class='ocr_carea' id='block_1_5' title="bbox 46 443 1096 490">
    <p class='ocr_par' dir='ltr' id='par_1_5' title="bbox 46 443 1096 490">
     <span class='ocr_line' id='line_1_9' title="bbox 46 443 1096 490; baseline -0.005 -8"><span class='ocrx_word' id='word_1_37' title='bbox 46 451 47 454; x_wconf 75' lang='grc'>’</span> <span class='ocrx_word' id='word_1_38' title='bbox 84 477 88 481; x_wconf 92' lang='grc'><strong>.</strong></span> <span class='ocrx_word' id='word_1_39' title='bbox 106 460 186 482; x_wconf 88' lang='lat' dir='ltr'>rum</span> <span class='ocrx_word' id='word_1_40' title='bbox 211 458 351 490; x_wconf 84' lang='lat' dir='ltr'>sumus,</span> <span class='ocrx_word' id='word_1_41' title='bbox 378 445 404 478; x_wconf 90' lang='lat' dir='ltr'>si</span> <span class='ocrx_word' id='word_1_42' title='bbox 422 445 651 479; x_wconf 80' lang='lat' dir='ltr'>didicerimus</span> <span class='ocrx_word' id='word_1_43' title='bbox 675 451 709 479; x_wconf 89' lang='lat' dir='ltr'>et</span> <span class='ocrx_word' id='word_1_44' title='bbox 731 445 960 479; x_wconf 82' lang='lat' dir='ltr'>retinebimus</span> <span class='ocrx_word' id='word_1_45' title='bbox 976 443 1096 478; x_wconf 84' lang='lat' dir='ltr'>Evan-</span> 
     </span>
    </p>
   </div>
   <div class='ocr_carea' id='block_1_6' title="bbox 103 493 1095 1046">
    <p class='ocr_par' dir='ltr' id='par_1_6' title="bbox 104 493 1095 733">
     <span class='ocr_line' id='line_1_10' title="bbox 106 493 1095 542; baseline -0.003 -11"><span class='ocrx_word' id='word_1_46' title='bbox 106 499 254 542; x_wconf 85' lang='lat' dir='ltr'>gelium,</span> <span class='ocrx_word' id='word_1_47' title='bbox 280 497 367 530; x_wconf 87' lang='lat' dir='ltr'>sicut</span> <span class='ocrx_word' id='word_1_48' title='bbox 382 496 497 542; x_wconf 88' lang='lat' dir='ltr'>inquit</span> <span class='ocrx_word' id='word_1_49' title='bbox 514 493 693 529; x_wconf 87' lang='lat' dir='ltr'>Christus:</span> <span class='ocrx_word' id='word_1_50' title='bbox 721 495 761 529; x_wconf 90' lang='lat' dir='ltr'>Si</span> <span class='ocrx_word' id='word_1_51' title='bbox 780 496 885 529; x_wconf 87' lang='lat' dir='ltr'>verba</span> <span class='ocrx_word' id='word_1_52' title='bbox 901 507 976 529; x_wconf 88' lang='lat' dir='ltr'>mea</span> <span class='ocrx_word' id='word_1_53' title='bbox 995 507 1095 528; x_wconf 86' lang='lat' dir='ltr'>man-</span> 
     </span>
     <span class='ocr_line' id='line_1_11' title="bbox 107 546 1095 591; baseline -0.003 -9"><span class='ocrx_word' id='word_1_54' title='bbox 107 549 217 582; x_wconf 83' lang='lat' dir='ltr'>serint</span> <span class='ocrx_word' id='word_1_55' title='bbox 243 548 279 580; x_wconf 91' lang='lat' dir='ltr'>in</span> <span class='ocrx_word' id='word_1_56' title='bbox 302 547 421 587; x_wconf 89' lang='lat' dir='ltr'>vobis,</span> <span class='ocrx_word' id='word_1_57' title='bbox 456 546 623 591; x_wconf 90' lang='lat' dir='ltr'>quicquid</span> <span class='ocrx_word' id='word_1_58' title='bbox 651 547 795 590; x_wconf 91' lang='lat' dir='ltr'>petetis,</span> <span class='ocrx_word' id='word_1_59' title='bbox 826 547 883 580; x_wconf 90' lang='lat' dir='ltr'>fiet</span> <span class='ocrx_word' id='word_1_60' title='bbox 909 546 1008 579; x_wconf 88' lang='lat' dir='ltr'>vobis</span> <span class='ocrx_word' id='word_1_61' title='bbox 1032 553 1095 582; x_wconf 90' lang='lat' dir='ltr'>etc.</span> 
     </span>
     <span class='ocr_line' id='line_1_12' title="bbox 106 596 1094 642; baseline -0.003 -10"><span class='ocrx_word' id='word_1_62' title='bbox 106 597 152 633; x_wconf 89' lang='lat' dir='ltr'>Et</span> <span class='ocrx_word' id='word_1_63' title='bbox 175 597 324 631; x_wconf 88' lang='lat' dir='ltr'>sciamus</span> <span class='ocrx_word' id='word_1_64' title='bbox 349 598 434 631; x_wconf 90' lang='lat' dir='ltr'>tales</span> <span class='ocrx_word' id='word_1_65' title='bbox 458 597 595 641; x_wconf 89' lang='lat' dir='ltr'>aliquas</span> <span class='ocrx_word' id='word_1_66' title='bbox 625 597 793 642; x_wconf 82' lang='lat' dir='ltr'>reliquias</span> <span class='ocrx_word' id='word_1_67' title='bbox 815 608 951 641; x_wconf 81' lang='lat' dir='ltr'>semper</span> <span class='ocrx_word' id='word_1_68' title='bbox 975 609 994 631; x_wconf 92' lang='lat' dir='ltr'>a</span> <span class='ocrx_word' id='word_1_69' title='bbox 1019 596 1094 630; x_wconf 92' lang='lat' dir='ltr'>Deo</span> 
     </span>
     <span class='ocr_line' id='line_1_13' title="bbox 106 647 1095 694; baseline -0.003 -12"><span class='ocrx_word' id='word_1_70' title='bbox 106 648 254 687; x_wconf 86' lang='lat' dir='ltr'>servari,</span> <span class='ocrx_word' id='word_1_71' title='bbox 289 648 442 694; x_wconf 81' lang='lat' dir='ltr'>denique</span> <span class='ocrx_word' id='word_1_72' title='bbox 475 647 587 692; x_wconf 86' lang='lat' dir='ltr'>parati</span> <span class='ocrx_word' id='word_1_73' title='bbox 617 647 728 682; x_wconf 87' lang='lat' dir='ltr'>simus</span> <span class='ocrx_word' id='word_1_74' title='bbox 757 649 802 681; x_wconf 90' lang='lat' dir='ltr'>ad</span> <span class='ocrx_word' id='word_1_75' title='bbox 825 647 927 681; x_wconf 89' lang='lat' dir='ltr'>exilia</span> <span class='ocrx_word' id='word_1_76' title='bbox 953 654 987 682; x_wconf 90' lang='lat' dir='ltr'>et</span> <span class='ocrx_word' id='word_1_77' title='bbox 1009 647 1095 680; x_wconf 85' lang='lat' dir='ltr'>alias</span> 
     </span>
     <span class='ocr_line' id='line_1_14' title="bbox 104 710 303 733; baseline 0 -1"><span class='ocrx_word' id='word_1_78' title='bbox 104 710 303 733; x_wconf 80' lang='lat' dir='ltr'>aerumnas,</span> 
     </span>
    </p>

    <p class='ocr_par' dir='ltr' id='par_1_7' title="bbox 103 747 1094 1046">
     <span class='ocr_line' id='line_1_15' title="bbox 205 747 1093 793; baseline -0.001 -11"><span class='ocrx_word' id='word_1_79' title='bbox 205 749 296 783; x_wconf 88' lang='lat' dir='ltr'>Illud</span> <span class='ocrx_word' id='word_1_80' title='bbox 315 757 430 783; x_wconf 90' lang='lat' dir='ltr'>autem</span> <span class='ocrx_word' id='word_1_81' title='bbox 450 747 507 783; x_wconf 89' lang='lat' dir='ltr'>hic</span> <span class='ocrx_word' id='word_1_82' title='bbox 528 749 787 793; x_wconf 89' lang='lat' dir='ltr'>deplorandum</span> <span class='ocrx_word' id='word_1_83' title='bbox 812 755 880 789; x_wconf 87' lang='lat' dir='ltr'>est,</span> <span class='ocrx_word' id='word_1_84' title='bbox 907 747 1093 781; x_wconf 81' lang='lat' dir='ltr'>maximam</span> 
     </span>
     <span class='ocr_line' id='line_1_16' title="bbox 105 798 1094 844; baseline -0.002 -11"><span class='ocrx_word' id='word_1_85' title='bbox 105 800 241 844; x_wconf 86' lang='lat' dir='ltr'>generis</span> <span class='ocrx_word' id='word_1_86' title='bbox 263 798 410 833; x_wconf 87' lang='lat' dir='ltr'>humani</span> <span class='ocrx_word' id='word_1_87' title='bbox 438 808 571 844; x_wconf 86' lang='lat' dir='ltr'>partem</span> <span class='ocrx_word' id='word_1_88' title='bbox 597 806 734 833; x_wconf 84' lang='lat' dir='ltr'>tantum</span> <span class='ocrx_word' id='word_1_89' title='bbox 753 801 795 833; x_wconf 87' lang='lat' dir='ltr'>ad</span> <span class='ocrx_word' id='word_1_90' title='bbox 822 800 965 833; x_wconf 80' lang='lat' dir='ltr'>exitium</span> <span class='ocrx_word' id='word_1_91' title='bbox 986 798 1094 839; x_wconf 88' lang='lat' dir='ltr'>nasci,</span> 
     </span>
     <span class='ocr_line' id='line_1_17' title="bbox 104 849 1092 894; baseline -0.002 -11"><span class='ocrx_word' id='word_1_92' title='bbox 104 857 144 884; x_wconf 90' lang='lat' dir='ltr'>ut</span> <span class='ocrx_word' id='word_1_93' title='bbox 167 850 205 883; x_wconf 89' lang='lat' dir='ltr'>in</span> <span class='ocrx_word' id='word_1_94' title='bbox 231 850 370 884; x_wconf 80' lang='lat' dir='ltr'>Psalmo</span> <span class='ocrx_word' id='word_1_95' title='bbox 403 850 601 884; x_wconf 89' lang='lat' dir='ltr'>tristissima</span> <span class='ocrx_word' id='word_1_96' title='bbox 631 862 715 883; x_wconf 88' lang='lat' dir='ltr'>voce</span> <span class='ocrx_word' id='word_1_97' title='bbox 741 851 887 885; x_wconf 88' lang='lat' dir='ltr'>dicitur:</span> <span class='ocrx_word' id='word_1_98' title='bbox 922 849 1092 894; x_wconf 87' lang='lat' dir='ltr'>Nunquid</span> 
     </span>
     <span class='ocr_line' id='line_1_18' title="bbox 105 898 1093 935; baseline -0.001 -2"><span class='ocrx_word' id='word_1_99' title='bbox 105 912 193 934; x_wconf 78' lang='lat' dir='ltr'>vane</span> <span class='ocrx_word' id='word_1_100' title='bbox 210 902 420 935; x_wconf 90' lang='lat' dir='ltr'>constituisti</span> <span class='ocrx_word' id='word_1_101' title='bbox 437 912 560 935; x_wconf 91' lang='lat' dir='ltr'>omnes</span> <span class='ocrx_word' id='word_1_102' title='bbox 576 901 666 934; x_wconf 85' lang='lat' dir='ltr'>filios</span> <span class='ocrx_word' id='word_1_103' title='bbox 684 898 894 935; x_wconf 83' lang='lat' dir='ltr'>hominum?</span> <span class='ocrx_word' id='word_1_104' title='bbox 918 899 993 933; x_wconf 89' lang='lat' dir='ltr'>Hac</span> <span class='ocrx_word' id='word_1_105' title='bbox 1009 911 1093 933; x_wconf 92' lang='lat' dir='ltr'>con-</span> 
     </span>
     <span class='ocr_line' id='line_1_19' title="bbox 104 950 1093 986; baseline -0.001 -2"><span class='ocrx_word' id='word_1_106' title='bbox 104 952 319 985; x_wconf 84' lang='lat' dir='ltr'>sideratione</span> <span class='ocrx_word' id='word_1_107' title='bbox 346 964 409 985; x_wconf 89' lang='lat' dir='ltr'>nos</span> <span class='ocrx_word' id='word_1_108' title='bbox 434 953 476 985; x_wconf 91' lang='lat' dir='ltr'>ad</span> <span class='ocrx_word' id='word_1_109' title='bbox 501 952 666 986; x_wconf 91' lang='lat' dir='ltr'>timorem</span> <span class='ocrx_word' id='word_1_110' title='bbox 692 950 758 985; x_wconf 81' lang='lat' dir='ltr'>Dei</span> <span class='ocrx_word' id='word_1_111' title='bbox 792 959 826 985; x_wconf 92' lang='lat' dir='ltr'>et</span> <span class='ocrx_word' id='word_1_112' title='bbox 861 953 905 985; x_wconf 90' lang='lat' dir='ltr'>ad</span> <span class='ocrx_word' id='word_1_113' title='bbox 938 951 1093 985; x_wconf 84' lang='lat' dir='ltr'>studium</span> 
     </span>
     <span class='ocr_line' id='line_1_20' title="bbox 103 1000 514 1046; baseline 0 -10"><span class='ocrx_word' id='word_1_114' title='bbox 103 1000 291 1046; x_wconf 77' lang='lat' dir='ltr'>Evangelii</span> <span class='ocrx_word' id='word_1_115' title='bbox 313 1003 514 1037; x_wconf 78' lang='lat' dir='ltr'>excitemus.</span> 
     </span>
    </p>
   </div>
   <div class='ocr_carea' id='block_1_7' title="bbox 479 1103 726 1129">
    <p class='ocr_par' dir='ltr' id='par_1_8' title="bbox 479 1103 726 1129">
     <span class='ocr_line' id='line_1_21' title="bbox 479 1103 726 1129; baseline 0.008 -3"><span class='ocrx_word' id='word_1_116' title='bbox 479 1103 523 1127; x_wconf 85' lang='lat' dir='ltr'>De</span> <span class='ocrx_word' id='word_1_117' title='bbox 557 1103 726 1129; x_wconf 83' lang='lat' dir='ltr'>secundo.</span> 
     </span>
    </p>
   </div>
   <div class='ocr_carea' id='block_1_8' title="bbox 100 1160 1092 1903">
    <p class='ocr_par' dir='ltr' id='par_1_9' title="bbox 100 1160 1092 1903">
     <span class='ocr_line' id='line_1_22' title="bbox 206 1160 1092 1197; baseline -0.001 -2"><span class='ocrx_word' id='word_1_118' title='bbox 206 1161 337 1197; x_wconf 86' lang='lat' dir='ltr'>Paulus</span> <span class='ocrx_word' id='word_1_119' title='bbox 354 1164 436 1197; x_wconf 87' lang='lat' dir='ltr'>citat</span> <span class='ocrx_word' id='word_1_120' title='bbox 459 1175 497 1196; x_wconf 80' lang='lat' dir='ltr'>ex</span> <span class='ocrx_word' id='word_1_121' title='bbox 516 1163 654 1197; x_wconf 85' lang='lat' dir='ltr'>Psalmo</span> <span class='ocrx_word' id='word_1_122' title='bbox 674 1163 806 1197; x_wconf 91' lang='lat' dir='ltr'>dictum</span> <span class='ocrx_word' id='word_1_123' title='bbox 826 1161 930 1194; x_wconf 88' lang='lat' dir='ltr'>illud:</span> <span class='ocrx_word' id='word_1_124' title='bbox 959 1160 1092 1195; x_wconf 88' lang='lat' dir='ltr'>Ascen-</span> 
     </span>
     <span class='ocr_line' id='line_1_23' title="bbox 103 1210 1092 1255; baseline -0.001 -9"><span class='ocrx_word' id='word_1_125' title='bbox 103 1213 176 1255; x_wconf 89' lang='lat' dir='ltr'>dit,</span> <span class='ocrx_word' id='word_1_126' title='bbox 203 1214 301 1247; x_wconf 84' lang='lat' dir='ltr'>dedit</span> <span class='ocrx_word' id='word_1_127' title='bbox 324 1216 417 1247; x_wconf 84' lang='lat' dir='ltr'>dona</span> <span class='ocrx_word' id='word_1_128' title='bbox 447 1212 663 1247; x_wconf 79' lang='lat' dir='ltr'>hominibus.</span> <span class='ocrx_word' id='word_1_129' title='bbox 718 1211 764 1247; x_wconf 79' lang='lat' dir='ltr'>Et</span> <span class='ocrx_word' id='word_1_130' title='bbox 788 1225 826 1245; x_wconf 71' lang='lat' dir='ltr'>ex</span> <span class='ocrx_word' id='word_1_131' title='bbox 846 1210 911 1244; x_wconf 85' lang='lat' dir='ltr'>hoc</span> <span class='ocrx_word' id='word_1_132' title='bbox 935 1212 1092 1245; x_wconf 87' lang='lat' dir='ltr'>testimo-</span> 
     </span>
     <span class='ocr_line' id='line_1_24' title="bbox 103 1264 1092 1305; baseline -0.002 -9"><span class='ocrx_word' id='word_1_133' title='bbox 103 1264 165 1297; x_wconf 89' lang='lat' dir='ltr'>nio</span> <span class='ocrx_word' id='word_1_134' title='bbox 182 1265 283 1297; x_wconf 91' lang='lat' dir='ltr'>docet</span> <span class='ocrx_word' id='word_1_135' title='bbox 301 1265 473 1298; x_wconf 82' lang='lat' dir='ltr'>divinitus</span> <span class='ocrx_word' id='word_1_136' title='bbox 492 1265 581 1298; x_wconf 88' lang='lat' dir='ltr'>mitti</span> <span class='ocrx_word' id='word_1_137' title='bbox 597 1266 757 1297; x_wconf 89' lang='lat' dir='ltr'>doctores</span> <span class='ocrx_word' id='word_1_138' title='bbox 783 1270 816 1296; x_wconf 92' lang='lat' dir='ltr'>et</span> <span class='ocrx_word' id='word_1_139' title='bbox 841 1264 1092 1305; x_wconf 78' lang='lat' dir='ltr'>gubernatores</span> 
     </span>
     <span class='ocr_line' id='line_1_25' title="bbox 103 1313 1092 1356; baseline -0.004 -8"><span class='ocrx_word' id='word_1_140' title='bbox 103 1313 290 1348; x_wconf 83' lang='lat' dir='ltr'>Ecclesiae.</span> <span class='ocrx_word' id='word_1_141' title='bbox 342 1314 418 1347; x_wconf 87' lang='lat' dir='ltr'>Lux</span> <span class='ocrx_word' id='word_1_142' title='bbox 436 1313 620 1356; x_wconf 77' lang='lat' dir='ltr'>Evangelii</span> <span class='ocrx_word' id='word_1_143' title='bbox 646 1314 746 1346; x_wconf 81' lang='lat' dir='ltr'>facile</span> <span class='ocrx_word' id='word_1_144' title='bbox 764 1321 796 1346; x_wconf 88' lang='lat' dir='ltr'>et</span> <span class='ocrx_word' id='word_1_145' title='bbox 812 1324 913 1355; x_wconf 88' lang='lat' dir='ltr'>saepe</span> <span class='ocrx_word' id='word_1_146' title='bbox 932 1313 968 1344; x_wconf 89' lang='lat' dir='ltr'>in</span> <span class='ocrx_word' id='word_1_147' title='bbox 987 1324 1092 1345; x_wconf 91' lang='lat' dir='ltr'>mun-</span> 
     </span>
     <span class='ocr_line' id='line_1_26' title="bbox 103 1362 1092 1405; baseline -0.003 -8"><span class='ocrx_word' id='word_1_148' title='bbox 103 1365 149 1397; x_wconf 90' lang='lat' dir='ltr'>do</span> <span class='ocrx_word' id='word_1_149' title='bbox 171 1365 395 1405; x_wconf 72' lang='lat' dir='ltr'>obscuratur,</span> <span class='ocrx_word' id='word_1_150' title='bbox 424 1365 501 1397; x_wconf 90' lang='lat' dir='ltr'>ideo</span> <span class='ocrx_word' id='word_1_151' title='bbox 521 1364 673 1397; x_wconf 86' lang='lat' dir='ltr'>subinde</span> <span class='ocrx_word' id='word_1_152' title='bbox 696 1363 791 1396; x_wconf 91' lang='lat' dir='ltr'>missi</span> <span class='ocrx_word' id='word_1_153' title='bbox 814 1369 894 1395; x_wconf 90' lang='lat' dir='ltr'>sunt</span> <span class='ocrx_word' id='word_1_154' title='bbox 918 1362 1092 1395; x_wconf 76' lang='lat' dir='ltr'>instaura-</span> 
     </span>
     <span class='ocr_line' id='line_1_27' title="bbox 102 1412 1091 1458; baseline -0.003 -10"><span class='ocrx_word' id='word_1_155' title='bbox 102 1421 195 1448; x_wconf 88' lang='lat' dir='ltr'>tores</span> <span class='ocrx_word' id='word_1_156' title='bbox 218 1426 320 1448; x_wconf 88' lang='lat' dir='ltr'>verae</span> <span class='ocrx_word' id='word_1_157' title='bbox 346 1415 545 1455; x_wconf 88' lang='lat' dir='ltr'>doctrinae,</span> <span class='ocrx_word' id='word_1_158' title='bbox 581 1421 619 1448; x_wconf 89' lang='lat' dir='ltr'>ut</span> <span class='ocrx_word' id='word_1_159' title='bbox 642 1420 719 1458; x_wconf 88' lang='lat' dir='ltr'>post</span> <span class='ocrx_word' id='word_1_160' title='bbox 743 1414 966 1446; x_wconf 90' lang='lat' dir='ltr'>interfectum</span> <span class='ocrx_word' id='word_1_161' title='bbox 988 1412 1091 1453; x_wconf 84' lang='lat' dir='ltr'>Abel,</span> 
     </span>
     <span class='ocr_line' id='line_1_28' title="bbox 103 1463 1090 1509; baseline -0.004 -10"><span class='ocrx_word' id='word_1_162' title='bbox 103 1465 271 1500; x_wconf 84' lang='lat' dir='ltr'>excitatus</span> <span class='ocrx_word' id='word_1_163' title='bbox 291 1473 341 1499; x_wconf 91' lang='lat' dir='ltr'>est</span> <span class='ocrx_word' id='word_1_164' title='bbox 358 1464 462 1505; x_wconf 83' lang='lat' dir='ltr'>Seth,</span> <span class='ocrx_word' id='word_1_165' title='bbox 492 1473 568 1509; x_wconf 87' lang='lat' dir='ltr'>post</span> <span class='ocrx_word' id='word_1_166' title='bbox 587 1463 712 1509; x_wconf 84' lang='lat' dir='ltr'>loseph</span> <span class='ocrx_word' id='word_1_167' title='bbox 731 1464 861 1497; x_wconf 80' lang='lat' dir='ltr'>Moises</span> <span class='ocrx_word' id='word_1_168' title='bbox 874 1490 881 1502; x_wconf 89' lang='lat'>,</span> <span class='ocrx_word' id='word_1_169' title='bbox 909 1471 985 1507; x_wconf 86' lang='lat' dir='ltr'>post</span> <span class='ocrx_word' id='word_1_170' title='bbox 1011 1464 1090 1496; x_wconf 74' lang='lat' dir='ltr'>lon·</span> 
     </span>
     <span class='ocr_line' id='line_1_29' title="bbox 101 1513 1090 1559; baseline -0.002 -11"><span class='ocrx_word' id='word_1_171' title='bbox 101 1527 184 1559; x_wconf 82' lang='lat' dir='ltr'>gum</span> <span class='ocrx_word' id='word_1_172' title='bbox 202 1515 427 1549; x_wconf 87' lang='lat' dir='ltr'>intervallum</span> <span class='ocrx_word' id='word_1_173' title='bbox 446 1517 605 1553; x_wconf 81' lang='lat' dir='ltr'>Samuel,</span> <span class='ocrx_word' id='word_1_174' title='bbox 635 1517 763 1548; x_wconf 76' lang='lat' dir='ltr'>deinde</span> <span class='ocrx_word' id='word_1_175' title='bbox 779 1513 895 1551; x_wconf 86' lang='lat' dir='ltr'>Elias,</span> <span class='ocrx_word' id='word_1_176' title='bbox 919 1513 1090 1552; x_wconf 77' lang='lat' dir='ltr'>Elisaeus,</span> 
     </span>
     <span class='ocr_line' id='line_1_30' title="bbox 102 1564 1090 1614; baseline -0.003 -14"><span class='ocrx_word' id='word_1_177' title='bbox 102 1573 220 1611; x_wconf 87' lang='lat' dir='ltr'>postea</span> <span class='ocrx_word' id='word_1_178' title='bbox 240 1565 413 1607; x_wconf 89' lang='lat' dir='ltr'>leremias,</span> <span class='ocrx_word' id='word_1_179' title='bbox 442 1566 582 1606; x_wconf 82' lang='lat' dir='ltr'>Daniel,</span> <span class='ocrx_word' id='word_1_180' title='bbox 609 1565 777 1614; x_wconf 83' lang='lat' dir='ltr'>Baptista,</span> <span class='ocrx_word' id='word_1_181' title='bbox 803 1564 973 1605; x_wconf 67' lang='lat' dir='ltr'>(Itu-istus,</span> <span class='ocrx_word' id='word_1_182' title='bbox 990 1566 1090 1611; x_wconf 77' lang='lat' dir='ltr'>Apo-</span> 
     </span>
     <span class='ocr_line' id='line_1_31' title="bbox 101 1614 1091 1665; baseline -0.004 -14"><span class='ocrx_word' id='word_1_183' title='bbox 101 1617 193 1657; x_wconf 81' lang='lat' dir='ltr'>stoli,</span> <span class='ocrx_word' id='word_1_184' title='bbox 220 1624 253 1650; x_wconf 88' lang='lat' dir='ltr'>et</span> <span class='ocrx_word' id='word_1_185' title='bbox 268 1617 432 1665; x_wconf 82' lang='lat' dir='ltr'>deinceps</span> <span class='ocrx_word' id='word_1_186' title='bbox 450 1618 484 1649; x_wconf 93' lang='lat' dir='ltr'>in</span> <span class='ocrx_word' id='word_1_187' title='bbox 502 1615 654 1650; x_wconf 81' lang='lat' dir='ltr'>Ecclesia</span> <span class='ocrx_word' id='word_1_188' title='bbox 675 1616 825 1649; x_wconf 87' lang='lat' dir='ltr'>subinde</span> <span class='ocrx_word' id='word_1_189' title='bbox 841 1616 978 1660; x_wconf 86' lang='lat' dir='ltr'>aliquos</span> <span class='ocrx_word' id='word_1_190' title='bbox 996 1614 1091 1648; x_wconf 89' lang='lat' dir='ltr'>Deus</span> 
     </span>
     <span class='ocr_line' id='line_1_32' title="bbox 101 1663 1090 1712; baseline -0.002 -12"><span class='ocrx_word' id='word_1_191' title='bbox 101 1668 282 1708; x_wconf 81' lang='lat' dir='ltr'>excitavit,</span> <span class='ocrx_word' id='word_1_192' title='bbox 309 1667 369 1712; x_wconf 88' lang='lat' dir='ltr'>qui</span> <span class='ocrx_word' id='word_1_193' title='bbox 388 1668 584 1700; x_wconf 84' lang='lat' dir='ltr'>doctrinam</span> <span class='ocrx_word' id='word_1_194' title='bbox 604 1673 850 1711; x_wconf 82' lang='lat' dir='ltr'>repurgarent,</span> <span class='ocrx_word' id='word_1_195' title='bbox 877 1673 916 1699; x_wconf 92' lang='lat' dir='ltr'>ut</span> <span class='ocrx_word' id='word_1_196' title='bbox 930 1663 1090 1699; x_wconf 86' lang='lat' dir='ltr'>Athana-</span> 
     </span>
     <span class='ocr_line' id='line_1_33' title="bbox 100 1715 1089 1761; baseline -0.003 -10"><span class='ocrx_word' id='word_1_197' title='bbox 100 1718 204 1758; x_wconf 83' lang='lat' dir='ltr'>sium,</span> <span class='ocrx_word' id='word_1_198' title='bbox 231 1717 483 1761; x_wconf 68' lang='lat' dir='ltr'>Augustulum,</span> <span class='ocrx_word' id='word_1_199' title='bbox 510 1717 694 1761; x_wconf 85' lang='lat' dir='ltr'>etaliquos</span> <span class='ocrx_word' id='word_1_200' title='bbox 713 1717 855 1750; x_wconf 85' lang='lat' dir='ltr'>simileS.</span> <span class='ocrx_word' id='word_1_201' title='bbox 893 1715 988 1749; x_wconf 87' lang='lat' dir='ltr'>Haec</span> <span class='ocrx_word' id='word_1_202' title='bbox 1005 1728 1089 1749; x_wconf 93' lang='lat' dir='ltr'>con-</span> 
     </span>
     <span class='ocr_line' id='line_1_34' title="bbox 100 1762 1089 1811; baseline -0.004 -9"><span class='ocrx_word' id='word_1_203' title='bbox 100 1769 313 1808; x_wconf 90' lang='lat' dir='ltr'>sideremus,</span> <span class='ocrx_word' id='word_1_204' title='bbox 357 1776 391 1803; x_wconf 86' lang='lat' dir='ltr'>et</span> <span class='ocrx_word' id='word_1_205' title='bbox 413 1767 488 1802; x_wconf 90' lang='lat' dir='ltr'>Deo</span> <span class='ocrx_word' id='word_1_206' title='bbox 519 1768 646 1811; x_wconf 81' lang='lat' dir='ltr'>gratias</span> <span class='ocrx_word' id='word_1_207' title='bbox 673 1779 815 1810; x_wconf 88' lang='lat' dir='ltr'>agamus</span> <span class='ocrx_word' id='word_1_208' title='bbox 845 1779 906 1810; x_wconf 90' lang='lat' dir='ltr'>pro</span> <span class='ocrx_word' id='word_1_209' title='bbox 931 1762 985 1799; x_wconf 86' lang='lat' dir='ltr'>his</span> <span class='ocrx_word' id='word_1_210' title='bbox 1011 1778 1089 1799; x_wconf 88' lang='lat' dir='ltr'>mu-</span> 
     </span>
     <span class='ocr_line' id='line_1_35' title="bbox 101 1815 1088 1862; baseline -0.004 -9"><span class='ocrx_word' id='word_1_211' title='bbox 101 1819 262 1859; x_wconf 89' lang='lat' dir='ltr'>neribus,</span> <span class='ocrx_word' id='word_1_212' title='bbox 289 1825 322 1852; x_wconf 86' lang='lat' dir='ltr'>et</span> <span class='ocrx_word' id='word_1_213' title='bbox 341 1819 515 1853; x_wconf 85' lang='lat' dir='ltr'>discamus</span> <span class='ocrx_word' id='word_1_214' title='bbox 531 1818 603 1862; x_wconf 86' lang='lat' dir='ltr'>regi</span> <span class='ocrx_word' id='word_1_215' title='bbox 623 1825 657 1852; x_wconf 93' lang='lat' dir='ltr'>et</span> <span class='ocrx_word' id='word_1_216' title='bbox 677 1817 809 1852; x_wconf 80' lang='lat' dir='ltr'>servari</span> <span class='ocrx_word' id='word_1_217' title='bbox 825 1815 1016 1851; x_wconf 79' lang='lat' dir='ltr'>Ecclesiam</span> <span class='ocrx_word' id='word_1_218' title='bbox 1034 1817 1088 1850; x_wconf 85' lang='lat' dir='ltr'>di-</span> 
     </span>
     <span class='ocr_line' id='line_1_36' title="bbox 102 1877 246 1903; baseline 0 0"><span class='ocrx_word' id='word_1_219' title='bbox 102 1877 246 1903; x_wconf 71' lang='lat' dir='ltr'>vnntus.</span> 
     </span>
    </p>
   </div>
   <div class='ocr_carea' id='block_1_9' title="bbox 493 1952 696 1977">
    <p class='ocr_par' dir='ltr' id='par_1_10' title="bbox 493 1952 696 1977">
     <span class='ocr_line' id='line_1_37' title="bbox 493 1952 696 1977; baseline 0 0"><span class='ocrx_word' id='word_1_220' title='bbox 493 1953 539 1977; x_wconf 89' lang='lat' dir='ltr'>De</span> <span class='ocrx_word' id='word_1_221' title='bbox 576 1952 696 1977; x_wconf 84' lang='lat' dir='ltr'>tertio.</span> 
     </span>
    </p>
   </div>
   <div class='ocr_carea' id='block_1_10' title="bbox 101 2011 1089 2718">
    <p class='ocr_par' dir='ltr' id='par_1_11' title="bbox 101 2011 1089 2718">
     <span class='ocr_line' id='line_1_38' title="bbox 202 2011 1087 2058; baseline 0 -12"><span class='ocrx_word' id='word_1_222' title='bbox 202 2012 375 2047; x_wconf 89' lang='lat' dir='ltr'>Homines</span> <span class='ocrx_word' id='word_1_223' title='bbox 392 2013 547 2058; x_wconf 89' lang='lat' dir='ltr'>politici,</span> <span class='ocrx_word' id='word_1_224' title='bbox 574 2026 653 2047; x_wconf 89' lang='lat' dir='ltr'>cum</span> <span class='ocrx_word' id='word_1_225' title='bbox 673 2011 838 2047; x_wconf 85' lang='lat' dir='ltr'>historias</span> <span class='ocrx_word' id='word_1_226' title='bbox 856 2020 987 2047; x_wconf 87' lang='lat' dir='ltr'>veteres</span> <span class='ocrx_word' id='word_1_227' title='bbox 1004 2024 1087 2047; x_wconf 88' lang='lat' dir='ltr'>con-</span> 
     </span>
     <span class='ocr_line' id='line_1_39' title="bbox 101 2062 1088 2110; baseline -0.002 -12"><span class='ocrx_word' id='word_1_228' title='bbox 101 2065 277 2105; x_wconf 90' lang='lat' dir='ltr'>siderant,</span> <span class='ocrx_word' id='word_1_229' title='bbox 311 2065 486 2098; x_wconf 89' lang='lat' dir='ltr'>mirantur</span> <span class='ocrx_word' id='word_1_230' title='bbox 511 2065 653 2110; x_wconf 89' lang='lat' dir='ltr'>quidem</span> <span class='ocrx_word' id='word_1_231' title='bbox 683 2062 895 2109; x_wconf 84' lang='lat' dir='ltr'>Prophetas,</span> <span class='ocrx_word' id='word_1_232' title='bbox 928 2064 1011 2109; x_wconf 87' lang='lat' dir='ltr'>qnia</span> <span class='ocrx_word' id='word_1_233' title='bbox 1035 2064 1088 2096; x_wconf 76' lang='lat' dir='ltr'>vi-</span> 
     </span>
     <span class='ocr_line' id='line_1_40' title="bbox 102 2113 1089 2158; baseline -0.002 -9"><span class='ocrx_word' id='word_1_234' title='bbox 102 2117 189 2149; x_wconf 88' lang='lat' dir='ltr'>dent</span> <span class='ocrx_word' id='word_1_235' title='bbox 213 2126 271 2148; x_wconf 88' lang='lat' dir='ltr'>eos</span> <span class='ocrx_word' id='word_1_236' title='bbox 293 2115 420 2148; x_wconf 86' lang='lat' dir='ltr'>rexisse</span> <span class='ocrx_word' id='word_1_237' title='bbox 453 2113 618 2158; x_wconf 69' lang='lat' dir='ltr'>imperia,</span> <span class='ocrx_word' id='word_1_238' title='bbox 650 2123 689 2150; x_wconf 92' lang='lat' dir='ltr'>ut</span> <span class='ocrx_word' id='word_1_239' title='bbox 710 2115 930 2153; x_wconf 87' lang='lat' dir='ltr'>Samuelem,</span> <span class='ocrx_word' id='word_1_240' title='bbox 961 2114 1089 2156; x_wconf 88' lang='lat' dir='ltr'>Eliam,</span> 
     </span>
     <span class='ocr_line' id='line_1_41' title="bbox 101 2163 1089 2206; baseline -0.001 -7"><span class='ocrx_word' id='word_1_241' title='bbox 101 2163 294 2203; x_wconf 83' lang='lat' dir='ltr'>Elisaeum,</span> <span class='ocrx_word' id='word_1_242' title='bbox 321 2163 473 2206; x_wconf 86' lang='lat' dir='ltr'>Esaiam,</span> <span class='ocrx_word' id='word_1_243' title='bbox 501 2165 697 2206; x_wconf 87' lang='lat' dir='ltr'>Ieremiam,</span> <span class='ocrx_word' id='word_1_244' title='bbox 724 2165 920 2204; x_wconf 90' lang='lat' dir='ltr'>Danielem,</span> <span class='ocrx_word' id='word_1_245' title='bbox 939 2172 973 2199; x_wconf 89' lang='lat' dir='ltr'>et</span> <span class='ocrx_word' id='word_1_246' title='bbox 990 2165 1089 2198; x_wconf 86' lang='lat' dir='ltr'>alios.</span> 
     </span>
     <span class='ocr_line' id='line_1_42' title="bbox 101 2215 1089 2264; baseline -0.003 -13"><span class='ocrx_word' id='word_1_247' title='bbox 101 2216 172 2251; x_wconf 88' lang='lat' dir='ltr'>Sed</span> <span class='ocrx_word' id='word_1_248' title='bbox 197 2215 388 2264; x_wconf 85' lang='lat' dir='ltr'>Apostolos</span> <span class='ocrx_word' id='word_1_249' title='bbox 420 2215 573 2258; x_wconf 86' lang='lat' dir='ltr'>cogitant</span> <span class='ocrx_word' id='word_1_250' title='bbox 603 2217 709 2249; x_wconf 77' lang='lat' dir='ltr'>fuisse</span> <span class='ocrx_word' id='word_1_251' title='bbox 739 2217 901 2259; x_wconf 80' lang='lat' dir='ltr'>ignavos,</span> <span class='ocrx_word' id='word_1_252' title='bbox 933 2228 1089 2257; x_wconf 81' lang='lat' dir='ltr'>errones,</span> 
     </span>
     <span class='ocr_line' id='line_1_43' title="bbox 103 2266 1088 2314; baseline -0.002 -13"><span class='ocrx_word' id='word_1_253' title='bbox 103 2279 166 2301; x_wconf 89' lang='lat' dir='ltr'>nec</span> <span class='ocrx_word' id='word_1_254' title='bbox 186 2266 390 2310; x_wconf 87' lang='lat' dir='ltr'>intelligunt</span> <span class='ocrx_word' id='word_1_255' title='bbox 412 2266 607 2314; x_wconf 89' lang='lat' dir='ltr'>principale</span> <span class='ocrx_word' id='word_1_256' title='bbox 625 2277 767 2300; x_wconf 88' lang='lat' dir='ltr'>munus.</span> <span class='ocrx_word' id='word_1_257' title='bbox 819 2266 888 2300; x_wconf 84' lang='lat' dir='ltr'>Sed</span> <span class='ocrx_word' id='word_1_258' title='bbox 913 2278 978 2299; x_wconf 90' lang='lat' dir='ltr'>nos</span> <span class='ocrx_word' id='word_1_259' title='bbox 1000 2266 1088 2299; x_wconf 90' lang='lat' dir='ltr'>scia-</span> 
     </span>
     <span class='ocr_line' id='line_1_44' title="bbox 103 2314 1088 2362; baseline -0.003 -10"><span class='ocrx_word' id='word_1_260' title='bbox 103 2329 180 2352; x_wconf 89' lang='lat' dir='ltr'>mus</span> <span class='ocrx_word' id='word_1_261' title='bbox 204 2317 399 2362; x_wconf 86' lang='lat' dir='ltr'>principale</span> <span class='ocrx_word' id='word_1_262' title='bbox 421 2317 574 2350; x_wconf 84' lang='lat' dir='ltr'>osticium</span> <span class='ocrx_word' id='word_1_263' title='bbox 601 2314 859 2361; x_wconf 85' lang='lat' dir='ltr'>Prophetarum</span> <span class='ocrx_word' id='word_1_264' title='bbox 882 2316 1005 2357; x_wconf 83' lang='lat' dir='ltr'>fuisse,</span> <span class='ocrx_word' id='word_1_265' title='bbox 1033 2329 1088 2350; x_wconf 84' lang='lat' dir='ltr'>re-</span> 
     </span>
     <span class='ocr_line' id='line_1_45' title="bbox 102 2366 1086 2412; baseline -0.002 -10"><span class='ocrx_word' id='word_1_266' title='bbox 102 2380 233 2407; x_wconf 81' lang='lat' dir='ltr'>novare</span> <span class='ocrx_word' id='word_1_267' title='bbox 250 2375 283 2402; x_wconf 91' lang='lat' dir='ltr'>et</span> <span class='ocrx_word' id='word_1_268' title='bbox 306 2369 481 2401; x_wconf 83' lang='lat' dir='ltr'>illustrare</span> <span class='ocrx_word' id='word_1_269' title='bbox 499 2368 767 2412; x_wconf 85' lang='lat' dir='ltr'>promissionem</span> <span class='ocrx_word' id='word_1_270' title='bbox 786 2368 830 2400; x_wconf 90' lang='lat' dir='ltr'>de</span> <span class='ocrx_word' id='word_1_271' title='bbox 847 2366 996 2409; x_wconf 86' lang='lat' dir='ltr'>Messia,</span> <span class='ocrx_word' id='word_1_272' title='bbox 1024 2368 1086 2401; x_wconf 89' lang='lat' dir='ltr'>do-</span> 
     </span>
     <span class='ocr_line' id='line_1_46' title="bbox 102 2416 1087 2463; baseline -0.004 -9"><span class='ocrx_word' id='word_1_273' title='bbox 102 2431 178 2454; x_wconf 85' lang='lat' dir='ltr'>cere</span> <span class='ocrx_word' id='word_1_274' title='bbox 202 2420 246 2453; x_wconf 87' lang='lat' dir='ltr'>de</span> <span class='ocrx_word' id='word_1_275' title='bbox 271 2419 475 2452; x_wconf 88' lang='lat' dir='ltr'>remissione</span> <span class='ocrx_word' id='word_1_276' title='bbox 499 2426 718 2463; x_wconf 87' lang='lat' dir='ltr'>peccatorum</span> <span class='ocrx_word' id='word_1_277' title='bbox 743 2425 886 2462; x_wconf 87' lang='lat' dir='ltr'>propter</span> <span class='ocrx_word' id='word_1_278' title='bbox 909 2416 1087 2457; x_wconf 86' lang='lat' dir='ltr'>Messiam,</span> 
     </span>
     <span class='ocr_line' id='line_1_47' title="bbox 103 2466 1087 2509; baseline -0.002 -4"><span class='ocrx_word' id='word_1_279' title='bbox 103 2477 138 2505; x_wconf 82' lang='lat' dir='ltr'>et</span> <span class='ocrx_word' id='word_1_280' title='bbox 155 2471 199 2504; x_wconf 91' lang='lat' dir='ltr'>de</span> <span class='ocrx_word' id='word_1_281' title='bbox 223 2482 304 2503; x_wconf 88' lang='lat' dir='ltr'>vera</span> <span class='ocrx_word' id='word_1_282' title='bbox 328 2469 551 2502; x_wconf 88' lang='lat' dir='ltr'>invocatione</span> <span class='ocrx_word' id='word_1_283' title='bbox 572 2468 656 2509; x_wconf 84' lang='lat' dir='ltr'>Dei,</span> <span class='ocrx_word' id='word_1_284' title='bbox 691 2468 779 2503; x_wconf 86' lang='lat' dir='ltr'>sicut</span> <span class='ocrx_word' id='word_1_285' title='bbox 807 2469 843 2502; x_wconf 91' lang='lat' dir='ltr'>in</span> <span class='ocrx_word' id='word_1_286' title='bbox 869 2466 968 2502; x_wconf 83' lang='lat' dir='ltr'>Actis</span> <span class='ocrx_word' id='word_1_287' title='bbox 996 2469 1087 2503; x_wconf 86' lang='lat' dir='ltr'>clarc</span> 
     </span>
     <span class='ocr_line' id='line_1_48' title="bbox 103 2518 1087 2564; baseline -0.002 -9"><span class='ocrx_word' id='word_1_288' title='bbox 103 2521 250 2555; x_wconf 87' lang='lat' dir='ltr'>dicitur:</span> <span class='ocrx_word' id='word_1_289' title='bbox 276 2519 369 2553; x_wconf 86' lang='lat' dir='ltr'>Huic</span> <span class='ocrx_word' id='word_1_290' title='bbox 392 2531 514 2553; x_wconf 89' lang='lat' dir='ltr'>omnes</span> <span class='ocrx_word' id='word_1_291' title='bbox 531 2518 726 2564; x_wconf 82' lang='lat' dir='ltr'>Prophetae</span> <span class='ocrx_word' id='word_1_292' title='bbox 750 2519 989 2554; x_wconf 88' lang='lat' dir='ltr'>testimonium</span> <span class='ocrx_word' id='word_1_293' title='bbox 1010 2531 1087 2564; x_wconf 88' lang='lat' dir='ltr'>per-</span> 
     </span>
     <span class='ocr_line' id='line_1_49' title="bbox 105 2568 1086 2615; baseline 0 -11"><span class='ocrx_word' id='word_1_294' title='bbox 105 2568 245 2612; x_wconf 82' lang='lat' dir='ltr'>hibent,</span> <span class='ocrx_word' id='word_1_295' title='bbox 271 2571 513 2605; x_wconf 85' lang='lat' dir='ltr'>remissionem</span> <span class='ocrx_word' id='word_1_296' title='bbox 530 2577 751 2615; x_wconf 74' lang='lat' dir='ltr'>peccatorum</span> <span class='ocrx_word' id='word_1_297' title='bbox 771 2570 927 2615; x_wconf 89' lang='lat' dir='ltr'>accipere</span> <span class='ocrx_word' id='word_1_298' title='bbox 943 2582 1004 2614; x_wconf 90' lang='lat' dir='ltr'>per</span> <span class='ocrx_word' id='word_1_299' title='bbox 1023 2582 1086 2604; x_wconf 88' lang='lat' dir='ltr'>no·</span> 
     </span>
     <span class='ocr_line' id='line_1_50' title="bbox 104 2620 1087 2666; baseline 0 -11"><span class='ocrx_word' id='word_1_300' title='bbox 104 2633 185 2656; x_wconf 84' lang='lat' dir='ltr'>men</span> <span class='ocrx_word' id='word_1_301' title='bbox 206 2622 281 2657; x_wconf 86' lang='lat' dir='ltr'>eius</span> <span class='ocrx_word' id='word_1_302' title='bbox 299 2633 440 2663; x_wconf 88' lang='lat' dir='ltr'>omnes,</span> <span class='ocrx_word' id='word_1_303' title='bbox 467 2621 528 2666; x_wconf 89' lang='lat' dir='ltr'>qui</span> <span class='ocrx_word' id='word_1_304' title='bbox 546 2622 694 2656; x_wconf 88' lang='lat' dir='ltr'>credunt</span> <span class='ocrx_word' id='word_1_305' title='bbox 711 2621 747 2654; x_wconf 88' lang='lat' dir='ltr'>in</span> <span class='ocrx_word' id='word_1_306' title='bbox 765 2633 857 2658; x_wconf 87' lang='lat' dir='ltr'>eum.</span> <span class='ocrx_word' id='word_1_307' title='bbox 909 2620 1003 2656; x_wconf 85' lang='lat' dir='ltr'>Haec</span> <span class='ocrx_word' id='word_1_308' title='bbox 1021 2633 1087 2656; x_wconf 89' lang='lat' dir='ltr'>vox</span> 
     </span>
     <span class='ocr_line' id='line_1_51' title="bbox 104 2671 845 2718; baseline -0.001 -12"><span class='ocrx_word' id='word_1_309' title='bbox 104 2677 157 2706; x_wconf 76' lang='lat' dir='ltr'>est</span> <span class='ocrx_word' id='word_1_310' title='bbox 171 2671 284 2718; x_wconf 80' lang='lat' dir='ltr'>ipsum</span> <span class='ocrx_word' id='word_1_311' title='bbox 300 2671 532 2717; x_wconf 83' lang='lat' dir='ltr'>Evangelium</span> <span class='ocrx_word' id='word_1_312' title='bbox 549 2673 593 2706; x_wconf 89' lang='lat' dir='ltr'>de</span> <span class='ocrx_word' id='word_1_313' title='bbox 609 2672 679 2707; x_wconf 88' lang='lat' dir='ltr'>vita</span> <span class='ocrx_word' id='word_1_314' title='bbox 694 2679 845 2707; x_wconf 85' lang='lat' dir='ltr'>aeterna.</span> 
     </span>
    </p>
   </div>
   <div class='ocr_carea' id='block_1_11' title="bbox 783 101 1583 142">
    <p class='ocr_par' dir='ltr' id='par_1_12' title="bbox 783 101 1583 142">
     <span class='ocr_line' id='line_1_52' title="bbox 783 101 1583 142; baseline 0.003 -2"><span class='ocrx_word' id='word_1_315' title='bbox 783 102 1085 140; x_wconf 74' lang='lat' dir='ltr'>ANNOTATIO</span> <span class='ocrx_word' id='word_1_316' title='bbox 1093 103 1183 140; x_wconf 86' lang='lat' dir='ltr'>NES</span> <span class='ocrx_word' id='word_1_317' title='bbox 1212 102 1261 139; x_wconf 87' lang='lat' dir='ltr'>IN</span> <span class='ocrx_word' id='word_1_318' title='bbox 1283 101 1583 142; x_wconf 69' lang='lat' dir='ltr'>EVANGELIA.</span> 
     </span>
    </p>
   </div>
   <div class='ocr_carea' id='block_1_12' title="bbox 2063 107 2136 142">
    <p class='ocr_par' dir='ltr' id='par_1_13' title="bbox 2063 107 2136 142">
     <span class='ocr_line' id='line_1_53' title="bbox 2063 107 2136 142; baseline -0.014 0"><span class='ocrx_word' id='word_1_319' title='bbox 2063 107 2136 142; x_wconf 73' lang='lat'>446</span> 
     </span>
    </p>
   </div>
   <div class='ocr_carea' id='block_1_13' title="bbox 1141 189 2134 1699">
    <p class='ocr_par' dir='ltr' id='par_1_14' title="bbox 1146 189 2134 737">
     <span class='ocr_line' id='line_1_54' title="bbox 1257 189 2134 233; baseline 0.002 -10"><span class='ocrx_word' id='word_1_320' title='bbox 1257 189 1350 233; x_wconf 85' lang='lat' dir='ltr'>Quia</span> <span class='ocrx_word' id='word_1_321' title='bbox 1369 203 1450 224; x_wconf 88' lang='lat' dir='ltr'>vero</span> <span class='ocrx_word' id='word_1_322' title='bbox 1469 189 1564 225; x_wconf 90' lang='lat' dir='ltr'>Deus</span> <span class='ocrx_word' id='word_1_323' title='bbox 1584 199 1664 227; x_wconf 83' lang='lat' dir='ltr'>ante</span> <span class='ocrx_word' id='word_1_324' title='bbox 1687 198 1807 227; x_wconf 90' lang='lat' dir='ltr'>natum</span> <span class='ocrx_word' id='word_1_325' title='bbox 1823 189 2003 226; x_wconf 86' lang='lat' dir='ltr'>Christum</span> <span class='ocrx_word' id='word_1_326' title='bbox 2023 192 2134 225; x_wconf 75' lang='lat' dir='ltr'>voluit</span> 
     </span>
     <span class='ocr_line' id='line_1_55' title="bbox 1152 240 2132 288; baseline 0.001 -14"><span class='ocrx_word' id='word_1_327' title='bbox 1152 251 1224 274; x_wconf 88' lang='lat' dir='ltr'>esse</span> <span class='ocrx_word' id='word_1_328' title='bbox 1241 248 1369 274; x_wconf 87' lang='lat' dir='ltr'>certam</span> <span class='ocrx_word' id='word_1_329' title='bbox 1397 242 1576 285; x_wconf 87' lang='lat' dir='ltr'>politiam,</span> <span class='ocrx_word' id='word_1_330' title='bbox 1603 243 1639 276; x_wconf 92' lang='lat' dir='ltr'>in</span> <span class='ocrx_word' id='word_1_331' title='bbox 1659 255 1725 288; x_wconf 86' lang='lat' dir='ltr'>qua</span> <span class='ocrx_word' id='word_1_332' title='bbox 1746 251 1945 276; x_wconf 87' lang='lat' dir='ltr'>nasceretur</span> <span class='ocrx_word' id='word_1_333' title='bbox 1960 240 2132 279; x_wconf 80' lang='lat' dir='ltr'>Christus,</span> 
     </span>
     <span class='ocr_line' id='line_1_56' title="bbox 1149 292 2132 327; baseline 0.002 -3"><span class='ocrx_word' id='word_1_334' title='bbox 1149 298 1183 325; x_wconf 93' lang='lat' dir='ltr'>et</span> <span class='ocrx_word' id='word_1_335' title='bbox 1205 298 1359 326; x_wconf 86' lang='lat' dir='ltr'>extarent</span> <span class='ocrx_word' id='word_1_336' title='bbox 1383 299 1474 325; x_wconf 88' lang='lat' dir='ltr'>certa</span> <span class='ocrx_word' id='word_1_337' title='bbox 1504 292 1705 326; x_wconf 87' lang='lat' dir='ltr'>testimonia</span> <span class='ocrx_word' id='word_1_338' title='bbox 1730 294 1772 327; x_wconf 91' lang='lat' dir='ltr'>de</span> <span class='ocrx_word' id='word_1_339' title='bbox 1797 294 1904 326; x_wconf 83' lang='lat' dir='ltr'>verbo</span> <span class='ocrx_word' id='word_1_340' title='bbox 1929 293 2018 326; x_wconf 87' lang='lat' dir='ltr'>eius:</span> <span class='ocrx_word' id='word_1_341' title='bbox 2055 294 2132 326; x_wconf 89' lang='lat' dir='ltr'>ideo</span> 
     </span>
     <span class='ocr_line' id='line_1_57' title="bbox 1147 339 2129 387; baseline 0 -12"><span class='ocrx_word' id='word_1_342' title='bbox 1147 339 1343 386; x_wconf 81' lang='lat' dir='ltr'>Prophetae</span> <span class='ocrx_word' id='word_1_343' title='bbox 1381 353 1453 375; x_wconf 88' lang='lat' dir='ltr'>non</span> <span class='ocrx_word' id='word_1_344' title='bbox 1489 342 1563 375; x_wconf 86' lang='lat' dir='ltr'>solo</span> <span class='ocrx_word' id='word_1_345' title='bbox 1599 343 1794 376; x_wconf 90' lang='lat' dir='ltr'>ministerio</span> <span class='ocrx_word' id='word_1_346' title='bbox 1828 342 2030 387; x_wconf 84' lang='lat' dir='ltr'>Evangelii,</span> <span class='ocrx_word' id='word_1_347' title='bbox 2071 345 2129 376; x_wconf 81' lang='lat' dir='ltr'>sed</span> 
     </span>
     <span class='ocr_line' id='line_1_58' title="bbox 1147 392 2133 437; baseline 0.001 -12"><span class='ocrx_word' id='word_1_348' title='bbox 1147 393 1251 426; x_wconf 87' lang='lat' dir='ltr'>etiam</span> <span class='ocrx_word' id='word_1_349' title='bbox 1272 392 1416 437; x_wconf 89' lang='lat' dir='ltr'>politico</span> <span class='ocrx_word' id='word_1_350' title='bbox 1441 393 1696 436; x_wconf 81' lang='lat' dir='ltr'>fungebantur,</span> <span class='ocrx_word' id='word_1_351' title='bbox 1727 394 1781 426; x_wconf 90' lang='lat' dir='ltr'>vel</span> <span class='ocrx_word' id='word_1_352' title='bbox 1808 401 1905 427; x_wconf 89' lang='lat' dir='ltr'>erant</span> <span class='ocrx_word' id='word_1_353' title='bbox 1927 396 2030 427; x_wconf 86' lang='lat' dir='ltr'>duces</span> <span class='ocrx_word' id='word_1_354' title='bbox 2055 395 2133 437; x_wconf 78' lang='lat' dir='ltr'>ipsi,</span> 
     </span>
     <span class='ocr_line' id='line_1_59' title="bbox 1147 441 2132 486; baseline 0.001 -10"><span class='ocrx_word' id='word_1_355' title='bbox 1147 444 1339 476; x_wconf 84' lang='lat' dir='ltr'>velducum</span> <span class='ocrx_word' id='word_1_356' title='bbox 1358 444 1620 486; x_wconf 79' lang='lat' dir='ltr'>gubernatores,</span> <span class='ocrx_word' id='word_1_357' title='bbox 1637 450 1675 477; x_wconf 91' lang='lat' dir='ltr'>ut</span> <span class='ocrx_word' id='word_1_358' title='bbox 1685 441 1856 483; x_wconf 84' lang='lat' dir='ltr'>Elisaeus,</span> <span class='ocrx_word' id='word_1_359' title='bbox 1876 442 2008 477; x_wconf 82' lang='lat' dir='ltr'>Esaias.</span> <span class='ocrx_word' id='word_1_360' title='bbox 2037 443 2132 477; x_wconf 81' lang='lat' dir='ltr'>llaec</span> 
     </span>
     <span class='ocr_line' id='line_1_60' title="bbox 1146 494 2130 540; baseline 0 -14"><span class='ocrx_word' id='word_1_361' title='bbox 1146 494 1256 537; x_wconf 85' lang='lat' dir='ltr'>gloria</span> <span class='ocrx_word' id='word_1_362' title='bbox 1275 495 1383 537; x_wconf 87' lang='lat' dir='ltr'>magis</span> <span class='ocrx_word' id='word_1_363' title='bbox 1400 494 1548 528; x_wconf 87' lang='lat' dir='ltr'>incurrit</span> <span class='ocrx_word' id='word_1_364' title='bbox 1566 494 1603 526; x_wconf 92' lang='lat' dir='ltr'>in</span> <span class='ocrx_word' id='word_1_365' title='bbox 1623 494 1754 535; x_wconf 87' lang='lat' dir='ltr'>oculos,</span> <span class='ocrx_word' id='word_1_366' title='bbox 1774 505 1877 540; x_wconf 85' lang='lat' dir='ltr'>quam</span> <span class='ocrx_word' id='word_1_367' title='bbox 1897 494 2130 528; x_wconf 74' lang='lat' dir='ltr'>ministerium</span> 
     </span>
     <span class='ocr_line' id='line_1_61' title="bbox 1146 543 2130 588; baseline -0.001 -10"><span class='ocrx_word' id='word_1_368' title='bbox 1146 547 1189 578; x_wconf 90' lang='lat' dir='ltr'>de</span> <span class='ocrx_word' id='word_1_369' title='bbox 1212 545 1315 578; x_wconf 88' lang='lat' dir='ltr'>rebus</span> <span class='ocrx_word' id='word_1_370' title='bbox 1342 545 1510 583; x_wconf 83' lang='lat' dir='ltr'>aeternis,</span> <span class='ocrx_word' id='word_1_371' title='bbox 1536 556 1614 577; x_wconf 87' lang='lat' dir='ltr'>cum</span> <span class='ocrx_word' id='word_1_372' title='bbox 1637 552 1752 579; x_wconf 88' lang='lat' dir='ltr'>tamen</span> <span class='ocrx_word' id='word_1_373' title='bbox 1778 543 1862 577; x_wconf 90' lang='lat' dir='ltr'>haec</span> <span class='ocrx_word' id='word_1_374' title='bbox 1880 545 2019 588; x_wconf 85' lang='lat' dir='ltr'>politica</span> <span class='ocrx_word' id='word_1_375' title='bbox 2040 546 2130 577; x_wconf 92' lang='lat' dir='ltr'>bona</span> 
     </span>
     <span class='ocr_line' id='line_1_62' title="bbox 1147 595 2131 639; baseline -0.001 -11"><span class='ocrx_word' id='word_1_376' title='bbox 1147 595 1216 629; x_wconf 89' lang='lat' dir='ltr'>sint</span> <span class='ocrx_word' id='word_1_377' title='bbox 1232 596 1399 638; x_wconf 86' lang='lat' dir='ltr'>peritura.</span> <span class='ocrx_word' id='word_1_378' title='bbox 1452 595 1520 628; x_wconf 78' lang='lat' dir='ltr'>sed</span> <span class='ocrx_word' id='word_1_379' title='bbox 1548 595 1606 628; x_wconf 92' lang='lat' dir='ltr'>illa</span> <span class='ocrx_word' id='word_1_380' title='bbox 1623 596 1774 639; x_wconf 85' lang='lat' dir='ltr'>gloriosa</span> <span class='ocrx_word' id='word_1_381' title='bbox 1801 595 1888 628; x_wconf 85' lang='lat' dir='ltr'>facta</span> <span class='ocrx_word' id='word_1_382' title='bbox 1913 602 2012 629; x_wconf 91' lang='lat' dir='ltr'>erant</span> <span class='ocrx_word' id='word_1_383' title='bbox 2037 595 2131 627; x_wconf 89' lang='lat' dir='ltr'>testi-</span> 
     </span>
     <span class='ocr_line' id='line_1_63' title="bbox 1146 645 2132 691; baseline 0 -13"><span class='ocrx_word' id='word_1_384' title='bbox 1146 646 1282 687; x_wconf 85' lang='lat' dir='ltr'>monia,</span> <span class='ocrx_word' id='word_1_385' title='bbox 1310 658 1398 691; x_wconf 88' lang='lat' dir='ltr'>quae</span> <span class='ocrx_word' id='word_1_386' title='bbox 1415 646 1657 687; x_wconf 84' lang='lat' dir='ltr'>ostendebant,</span> <span class='ocrx_word' id='word_1_387' title='bbox 1683 646 1739 680; x_wconf 90' lang='lat' dir='ltr'>isti</span> <span class='ocrx_word' id='word_1_388' title='bbox 1758 645 1888 689; x_wconf 91' lang='lat' dir='ltr'>populo</span> <span class='ocrx_word' id='word_1_389' title='bbox 1909 658 1988 678; x_wconf 92' lang='lat' dir='ltr'>vere</span> <span class='ocrx_word' id='word_1_390' title='bbox 2014 647 2132 678; x_wconf 84' lang='lat' dir='ltr'>adesse</span> 
     </span>
     <span class='ocr_line' id='line_1_64' title="bbox 1146 695 2030 737; baseline 0.001 -7"><span class='ocrx_word' id='word_1_391' title='bbox 1146 697 1262 730; x_wconf 87' lang='lat' dir='ltr'>Deum</span> <span class='ocrx_word' id='word_1_392' title='bbox 1275 723 1284 737; x_wconf 87' lang='lat'>,</span> <span class='ocrx_word' id='word_1_393' title='bbox 1311 704 1343 730; x_wconf 87' lang='lat' dir='ltr'>et</span> <span class='ocrx_word' id='word_1_394' title='bbox 1360 708 1439 729; x_wconf 83' lang='lat' dir='ltr'>vere</span> <span class='ocrx_word' id='word_1_395' title='bbox 1457 697 1487 729; x_wconf 87' lang='lat' dir='ltr'>ei</span> <span class='ocrx_word' id='word_1_396' title='bbox 1505 696 1673 730; x_wconf 87' lang='lat' dir='ltr'>traditum</span> <span class='ocrx_word' id='word_1_397' title='bbox 1698 708 1770 730; x_wconf 89' lang='lat' dir='ltr'>esse</span> <span class='ocrx_word' id='word_1_398' title='bbox 1787 696 1933 729; x_wconf 89' lang='lat' dir='ltr'>verbum</span> <span class='ocrx_word' id='word_1_399' title='bbox 1951 695 2030 731; x_wconf 81' lang='lat' dir='ltr'>Dei·</span> 
     </span>
    </p>

    <p class='ocr_par' dir='ltr' id='par_1_15' title="bbox 1145 745 2131 1245">
     <span class='ocr_line' id='line_1_65' title="bbox 1249 745 2129 790; baseline -0.001 -10"><span class='ocrx_word' id='word_1_400' title='bbox 1249 746 1406 781; x_wconf 86' lang='lat' dir='ltr'>Sciamus</span> <span class='ocrx_word' id='word_1_401' title='bbox 1439 758 1521 790; x_wconf 90' lang='lat' dir='ltr'>ergo</span> <span class='ocrx_word' id='word_1_402' title='bbox 1550 745 1739 790; x_wconf 86' lang='lat' dir='ltr'>Apostolos</span> <span class='ocrx_word' id='word_1_403' title='bbox 1778 746 1946 789; x_wconf 83' lang='lat' dir='ltr'>singulari</span> <span class='ocrx_word' id='word_1_404' title='bbox 1982 745 2129 780; x_wconf 86' lang='lat' dir='ltr'>consilio</span> 
     </span>
     <span class='ocr_line' id='line_1_66' title="bbox 1146 797 2129 841; baseline 0.001 -13"><span class='ocrx_word' id='word_1_405' title='bbox 1146 797 1269 830; x_wconf 88' lang='lat' dir='ltr'>missos</span> <span class='ocrx_word' id='word_1_406' title='bbox 1288 809 1360 831; x_wconf 88' lang='lat' dir='ltr'>esse</span> <span class='ocrx_word' id='word_1_407' title='bbox 1377 798 1452 831; x_wconf 92' lang='lat' dir='ltr'>sine</span> <span class='ocrx_word' id='word_1_408' title='bbox 1469 797 1612 841; x_wconf 90' lang='lat' dir='ltr'>politico</span> <span class='ocrx_word' id='word_1_409' title='bbox 1627 808 1793 836; x_wconf 87' lang='lat' dir='ltr'>munere,</span> <span class='ocrx_word' id='word_1_410' title='bbox 1821 797 1901 841; x_wconf 91' lang='lat' dir='ltr'>quia</span> <span class='ocrx_word' id='word_1_411' title='bbox 1918 797 2006 830; x_wconf 87' lang='lat' dir='ltr'>circa</span> <span class='ocrx_word' id='word_1_412' title='bbox 2025 797 2129 829; x_wconf 83' lang='lat' dir='ltr'>finem</span> 
     </span>
     <span class='ocr_line' id='line_1_67' title="bbox 1146 845 2130 892; baseline 0 -13"><span class='ocrx_word' id='word_1_413' title='bbox 1146 849 1270 880; x_wconf 89' lang='lat' dir='ltr'>mundi</span> <span class='ocrx_word' id='word_1_414' title='bbox 1288 849 1435 882; x_wconf 85' lang='lat' dir='ltr'>veniunt</span> <span class='ocrx_word' id='word_1_415' title='bbox 1452 855 1531 892; x_wconf 86' lang='lat' dir='ltr'>post</span> <span class='ocrx_word' id='word_1_416' title='bbox 1548 845 1743 882; x_wconf 80' lang='lat' dir='ltr'>exhibitum</span> <span class='ocrx_word' id='word_1_417' title='bbox 1764 845 1943 881; x_wconf 88' lang='lat' dir='ltr'>Christum</span> <span class='ocrx_word' id='word_1_418' title='bbox 1955 871 1964 885; x_wconf 92' lang='lat'>,</span> <span class='ocrx_word' id='word_1_419' title='bbox 1989 859 2130 880; x_wconf 88' lang='lat' dir='ltr'>annun-</span> 
     </span>
     <span class='ocr_line' id='line_1_68' title="bbox 1146 898 2130 932; baseline 0 -2"><span class='ocrx_word' id='word_1_420' title='bbox 1146 898 1276 932; x_wconf 87' lang='lat' dir='ltr'>ciantes</span> <span class='ocrx_word' id='word_1_421' title='bbox 1292 899 1390 932; x_wconf 89' lang='lat' dir='ltr'>brevi</span> <span class='ocrx_word' id='word_1_422' title='bbox 1405 899 1558 932; x_wconf 85' lang='lat' dir='ltr'>suturam</span> <span class='ocrx_word' id='word_1_423' title='bbox 1577 909 1650 931; x_wconf 88' lang='lat' dir='ltr'>esse</span> <span class='ocrx_word' id='word_1_424' title='bbox 1666 898 1956 932; x_wconf 87' lang='lat' dir='ltr'>resurrectionem</span> <span class='ocrx_word' id='word_1_425' title='bbox 1971 904 2130 931; x_wconf 92' lang='lat' dir='ltr'>mortuo-</span> 
     </span>
     <span class='ocr_line' id='line_1_69' title="bbox 1145 947 2131 994; baseline -0.001 -13"><span class='ocrx_word' id='word_1_426' title='bbox 1145 960 1244 989; x_wconf 85' lang='lat' dir='ltr'>rum,</span> <span class='ocrx_word' id='word_1_427' title='bbox 1271 956 1301 982; x_wconf 89' lang='lat' dir='ltr'>et</span> <span class='ocrx_word' id='word_1_428' title='bbox 1325 950 1494 993; x_wconf 88' lang='lat' dir='ltr'>colligunt</span> <span class='ocrx_word' id='word_1_429' title='bbox 1511 949 1670 994; x_wconf 89' lang='lat' dir='ltr'>undique</span> <span class='ocrx_word' id='word_1_430' title='bbox 1685 947 1878 983; x_wconf 87' lang='lat' dir='ltr'>Ecclesiam</span> <span class='ocrx_word' id='word_1_431' title='bbox 1903 960 1942 980; x_wconf 88' lang='lat' dir='ltr'>ex</span> <span class='ocrx_word' id='word_1_432' title='bbox 1966 947 2131 993; x_wconf 90' lang='lat' dir='ltr'>imperiis,</span> 
     </span>
     <span class='ocr_line' id='line_1_70' title="bbox 1146 997 2131 1043; baseline 0 -12"><span class='ocrx_word' id='word_1_433' title='bbox 1146 1011 1218 1032; x_wconf 92' lang='lat' dir='ltr'>non</span> <span class='ocrx_word' id='word_1_434' title='bbox 1238 1001 1456 1033; x_wconf 90' lang='lat' dir='ltr'>constituunt</span> <span class='ocrx_word' id='word_1_435' title='bbox 1478 1011 1568 1033; x_wconf 88' lang='lat' dir='ltr'>nova</span> <span class='ocrx_word' id='word_1_436' title='bbox 1589 1000 1752 1043; x_wconf 89' lang='lat' dir='ltr'>imperia,</span> <span class='ocrx_word' id='word_1_437' title='bbox 1775 999 1848 1032; x_wconf 90' lang='lat' dir='ltr'>sive</span> <span class='ocrx_word' id='word_1_438' title='bbox 1866 997 2032 1039; x_wconf 84' lang='lat' dir='ltr'>Romani,</span> <span class='ocrx_word' id='word_1_439' title='bbox 2060 998 2131 1031; x_wconf 89' lang='lat' dir='ltr'>sive</span> 
     </span>
     <span class='ocr_line' id='line_1_71' title="bbox 1145 1047 2131 1093; baseline -0.002 -11"><span class='ocrx_word' id='word_1_440' title='bbox 1145 1048 1285 1090; x_wconf 86' lang='lat' dir='ltr'>Parthi,</span> <span class='ocrx_word' id='word_1_441' title='bbox 1311 1051 1384 1083; x_wconf 89' lang='lat' dir='ltr'>sive</span> <span class='ocrx_word' id='word_1_442' title='bbox 1411 1048 1535 1084; x_wconf 87' lang='lat' dir='ltr'>Gotthi</span> <span class='ocrx_word' id='word_1_443' title='bbox 1561 1057 1724 1093; x_wconf 87' lang='lat' dir='ltr'>regnent,</span> <span class='ocrx_word' id='word_1_444' title='bbox 1753 1047 1845 1083; x_wconf 90' lang='lat' dir='ltr'>nihil</span> <span class='ocrx_word' id='word_1_445' title='bbox 1870 1051 1911 1082; x_wconf 90' lang='lat' dir='ltr'>ad</span> <span class='ocrx_word' id='word_1_446' title='bbox 1930 1048 2131 1093; x_wconf 83' lang='lat' dir='ltr'>Apostolos,</span> 
     </span>
     <span class='ocr_line' id='line_1_72' title="bbox 1146 1100 2131 1144; baseline -0.002 -11"><span class='ocrx_word' id='word_1_447' title='bbox 1146 1103 1205 1133; x_wconf 90' lang='lat' dir='ltr'>sed</span> <span class='ocrx_word' id='word_1_448' title='bbox 1230 1101 1295 1144; x_wconf 88' lang='lat' dir='ltr'>ipsi</span> <span class='ocrx_word' id='word_1_449' title='bbox 1320 1114 1360 1134; x_wconf 84' lang='lat' dir='ltr'>ex</span> <span class='ocrx_word' id='word_1_450' title='bbox 1384 1101 1549 1134; x_wconf 87' lang='lat' dir='ltr'>omnibus</span> <span class='ocrx_word' id='word_1_451' title='bbox 1568 1102 1738 1144; x_wconf 89' lang='lat' dir='ltr'>colligunt</span> <span class='ocrx_word' id='word_1_452' title='bbox 1757 1100 1971 1140; x_wconf 89' lang='lat' dir='ltr'>Ecclesiam,</span> <span class='ocrx_word' id='word_1_453' title='bbox 1996 1100 2044 1133; x_wconf 88' lang='lat' dir='ltr'>sic</span> <span class='ocrx_word' id='word_1_454' title='bbox 2069 1110 2131 1132; x_wconf 89' lang='lat' dir='ltr'>nos</span> 
     </span>
     <span class='ocr_line' id='line_1_73' title="bbox 1146 1151 2131 1196; baseline 0.001 -14"><span class='ocrx_word' id='word_1_455' title='bbox 1146 1151 1214 1183; x_wconf 82' lang='lat' dir='ltr'>iam</span> <span class='ocrx_word' id='word_1_456' title='bbox 1231 1163 1347 1184; x_wconf 81' lang='lat' dir='ltr'>veram</span> <span class='ocrx_word' id='word_1_457' title='bbox 1357 1152 1552 1185; x_wconf 87' lang='lat' dir='ltr'>doctrinam</span> <span class='ocrx_word' id='word_1_458' title='bbox 1569 1163 1782 1195; x_wconf 82' lang='lat' dir='ltr'>spargamus,</span> <span class='ocrx_word' id='word_1_459' title='bbox 1798 1162 2010 1196; x_wconf 90' lang='lat' dir='ltr'>quocunque</span> <span class='ocrx_word' id='word_1_460' title='bbox 2027 1156 2131 1183; x_wconf 80' lang='lat' dir='ltr'>ruant</span> 
     </span>
     <span class='ocr_line' id='line_1_74' title="bbox 1145 1201 1750 1245; baseline 0.005 -12"><span class='ocrx_word' id='word_1_461' title='bbox 1145 1201 1310 1245; x_wconf 72' lang='lat' dir='ltr'>impcrIa‚</span> <span class='ocrx_word' id='word_1_462' title='bbox 1338 1214 1401 1235; x_wconf 90' lang='lat' dir='ltr'>nec</span> <span class='ocrx_word' id='word_1_463' title='bbox 1417 1203 1482 1235; x_wconf 90' lang='lat' dir='ltr'>erit</span> <span class='ocrx_word' id='word_1_464' title='bbox 1500 1203 1600 1235; x_wconf 85' lang='lat' dir='ltr'>labor</span> <span class='ocrx_word' id='word_1_465' title='bbox 1618 1203 1750 1237; x_wconf 80' lang='lat' dir='ltr'>irritus.</span> 
     </span>
    </p>

    <p class='ocr_par' dir='ltr' id='par_1_16' title="bbox 1141 1250 2131 1699">
     <span class='ocr_line' id='line_1_75' title="bbox 1245 1250 2130 1286; baseline -0.003 -1"><span class='ocrx_word' id='word_1_466' title='bbox 1245 1250 1292 1285; x_wconf 85' lang='lat' dir='ltr'>Et</span> <span class='ocrx_word' id='word_1_467' title='bbox 1316 1253 1471 1285; x_wconf 83' lang='lat' dir='ltr'>fortassis</span> <span class='ocrx_word' id='word_1_468' title='bbox 1487 1253 1565 1285; x_wconf 90' lang='lat' dir='ltr'>ideo</span> <span class='ocrx_word' id='word_1_469' title='bbox 1586 1251 1678 1286; x_wconf 88' lang='lat' dir='ltr'>Deus</span> <span class='ocrx_word' id='word_1_470' title='bbox 1694 1252 1851 1286; x_wconf 77' lang='lat' dir='ltr'>excitavit</span> <span class='ocrx_word' id='word_1_471' title='bbox 1881 1252 1993 1284; x_wconf 90' lang='lat' dir='ltr'>lucem</span> <span class='ocrx_word' id='word_1_472' title='bbox 2010 1250 2130 1284; x_wconf 83' lang='lat' dir='ltr'>Evan-</span> 
     </span>
     <span class='ocr_line' id='line_1_76' title="bbox 1144 1301 2129 1344; baseline -0.001 -10"><span class='ocrx_word' id='word_1_473' title='bbox 1144 1302 1246 1344; x_wconf 87' lang='lat' dir='ltr'>gelii,</span> <span class='ocrx_word' id='word_1_474' title='bbox 1273 1309 1311 1335; x_wconf 93' lang='lat' dir='ltr'>ut</span> <span class='ocrx_word' id='word_1_475' title='bbox 1335 1301 1497 1335; x_wconf 86' lang='lat' dir='ltr'>homines</span> <span class='ocrx_word' id='word_1_476' title='bbox 1519 1303 1692 1336; x_wconf 89' lang='lat' dir='ltr'>retineant</span> <span class='ocrx_word' id='word_1_477' title='bbox 1710 1303 1893 1336; x_wconf 85' lang='lat' dir='ltr'>certiorem</span> <span class='ocrx_word' id='word_1_478' title='bbox 1919 1301 2129 1340; x_wconf 85' lang='lat' dir='ltr'>doctrinam,</span> 
     </span>
     <span class='ocr_line' id='line_1_77' title="bbox 1143 1352 2131 1396; baseline -0.002 -11"><span class='ocrx_word' id='word_1_479' title='bbox 1143 1352 1171 1385; x_wconf 90' lang='lat' dir='ltr'>si</span> <span class='ocrx_word' id='word_1_480' title='bbox 1195 1353 1298 1395; x_wconf 89' lang='lat' dir='ltr'>paulo</span> <span class='ocrx_word' id='word_1_481' title='bbox 1324 1360 1399 1396; x_wconf 90' lang='lat' dir='ltr'>post</span> <span class='ocrx_word' id='word_1_482' title='bbox 1421 1353 1602 1386; x_wconf 87' lang='lat' dir='ltr'>concussio</span> <span class='ocrx_word' id='word_1_483' title='bbox 1627 1366 1812 1396; x_wconf 85' lang='lat' dir='ltr'>regnorum</span> <span class='ocrx_word' id='word_1_484' title='bbox 1833 1353 1942 1394; x_wconf 81' lang='lat' dir='ltr'>magis</span> <span class='ocrx_word' id='word_1_485' title='bbox 1958 1353 2131 1394; x_wconf 79' lang='lat' dir='ltr'>disperget</span> 
     </span>
     <span class='ocr_line' id='line_1_78' title="bbox 1144 1400 2130 1444; baseline -0.002 -9"><span class='ocrx_word' id='word_1_486' title='bbox 1144 1400 1336 1441; x_wconf 70' lang='lat' dir='ltr'>Ecclesias,</span> <span class='ocrx_word' id='word_1_487' title='bbox 1373 1403 1462 1436; x_wconf 87' lang='lat' dir='ltr'>sicut</span> <span class='ocrx_word' id='word_1_488' title='bbox 1488 1416 1582 1436; x_wconf 90' lang='lat' dir='ltr'>nunc</span> <span class='ocrx_word' id='word_1_489' title='bbox 1606 1404 1642 1437; x_wconf 78' lang='lat' dir='ltr'>fit</span> <span class='ocrx_word' id='word_1_490' title='bbox 1678 1405 1713 1437; x_wconf 90' lang='lat' dir='ltr'>in</span> <span class='ocrx_word' id='word_1_491' title='bbox 1737 1403 1944 1436; x_wconf 79' lang='lat' dir='ltr'>Pannoniis.</span> <span class='ocrx_word' id='word_1_492' title='bbox 2008 1402 2130 1444; x_wconf 85' lang='lat' dir='ltr'>Quan-</span> 
     </span>
     <span class='ocr_line' id='line_1_79' title="bbox 1145 1451 2130 1499; baseline -0.001 -14"><span class='ocrx_word' id='word_1_493' title='bbox 1145 1465 1249 1497; x_wconf 82' lang='lat' dir='ltr'>quam</span> <span class='ocrx_word' id='word_1_494' title='bbox 1274 1460 1389 1486; x_wconf 90' lang='lat' dir='ltr'>autem</span> <span class='ocrx_word' id='word_1_495' title='bbox 1415 1466 1486 1486; x_wconf 89' lang='lat' dir='ltr'>non</span> <span class='ocrx_word' id='word_1_496' title='bbox 1510 1461 1591 1487; x_wconf 90' lang='lat' dir='ltr'>suut</span> <span class='ocrx_word' id='word_1_497' title='bbox 1609 1461 1699 1488; x_wconf 89' lang='lat' dir='ltr'>certa</span> <span class='ocrx_word' id='word_1_498' title='bbox 1719 1453 1864 1498; x_wconf 88' lang='lat' dir='ltr'>imperia</span> <span class='ocrx_word' id='word_1_499' title='bbox 1884 1460 1959 1496; x_wconf 74' lang='lat' dir='ltr'>post</span> <span class='ocrx_word' id='word_1_500' title='bbox 1977 1451 2130 1499; x_wconf 84' lang='lat' dir='ltr'>Aposto-</span> 
     </span>
     <span class='ocr_line' id='line_1_80' title="bbox 1142 1502 2129 1548; baseline -0.001 -13"><span class='ocrx_word' id='word_1_501' title='bbox 1142 1504 1215 1544; x_wconf 86' lang='lat' dir='ltr'>los,</span> <span class='ocrx_word' id='word_1_502' title='bbox 1244 1516 1331 1548; x_wconf 85' lang='lat' dir='ltr'>quae</span> <span class='ocrx_word' id='word_1_503' title='bbox 1355 1504 1495 1538; x_wconf 78' lang='lat' dir='ltr'>foveant</span> <span class='ocrx_word' id='word_1_504' title='bbox 1519 1503 1730 1543; x_wconf 79' lang='lat' dir='ltr'>Ecclesiam,</span> <span class='ocrx_word' id='word_1_505' title='bbox 1759 1513 1874 1539; x_wconf 90' lang='lat' dir='ltr'>tamen</span> <span class='ocrx_word' id='word_1_506' title='bbox 1892 1502 1985 1537; x_wconf 90' lang='lat' dir='ltr'>Deus</span> <span class='ocrx_word' id='word_1_507' title='bbox 2011 1503 2129 1547; x_wconf 87' lang='lat' dir='ltr'>aliqua</span> 
     </span>
     <span class='ocr_line' id='line_1_81' title="bbox 1141 1554 2128 1598; baseline 0 -12"><span class='ocrx_word' id='word_1_508' title='bbox 1141 1554 1319 1586; x_wconf 86' lang='lat' dir='ltr'>domicilia</span> <span class='ocrx_word' id='word_1_509' title='bbox 1352 1562 1468 1595; x_wconf 84' lang='lat' dir='ltr'>curat,</span> <span class='ocrx_word' id='word_1_510' title='bbox 1503 1555 1587 1588; x_wconf 89' lang='lat' dir='ltr'>alibi</span> <span class='ocrx_word' id='word_1_511' title='bbox 1615 1556 1741 1598; x_wconf 84' lang='lat' dir='ltr'>magis,</span> <span class='ocrx_word' id='word_1_512' title='bbox 1771 1554 1856 1588; x_wconf 87' lang='lat' dir='ltr'>alibi</span> <span class='ocrx_word' id='word_1_513' title='bbox 1888 1554 2004 1587; x_wconf 87' lang='lat' dir='ltr'>minus</span> <span class='ocrx_word' id='word_1_514' title='bbox 2031 1562 2128 1587; x_wconf 85' lang='lat' dir='ltr'>tran-</span> 
     </span>
     <span class='ocr_line' id='line_1_82' title="bbox 1141 1603 2126 1650; baseline -0.001 -13"><span class='ocrx_word' id='word_1_515' title='bbox 1141 1605 1271 1649; x_wconf 87' lang='lat' dir='ltr'>quilla,</span> <span class='ocrx_word' id='word_1_516' title='bbox 1298 1605 1387 1638; x_wconf 91' lang='lat' dir='ltr'>sicut</span> <span class='ocrx_word' id='word_1_517' title='bbox 1404 1603 1545 1639; x_wconf 82' lang='lat' dir='ltr'>Christo</span> <span class='ocrx_word' id='word_1_518' title='bbox 1560 1606 1656 1639; x_wconf 88' lang='lat' dir='ltr'>dedit</span> <span class='ocrx_word' id='word_1_519' title='bbox 1675 1617 1858 1650; x_wconf 87' lang='lat' dir='ltr'>praesepe,</span> <span class='ocrx_word' id='word_1_520' title='bbox 1886 1612 1918 1638; x_wconf 91' lang='lat' dir='ltr'>et</span> <span class='ocrx_word' id='word_1_521' title='bbox 1935 1604 2046 1638; x_wconf 80' lang='lat' dir='ltr'>Paulo</span> <span class='ocrx_word' id='word_1_522' title='bbox 2070 1603 2126 1636; x_wconf 90' lang='lat' dir='ltr'>in-</span> 
     </span>
     <span class='ocr_line' id='line_1_83' title="bbox 1141 1655 1673 1699; baseline -0.002 -10"><span class='ocrx_word' id='word_1_523' title='bbox 1141 1656 1280 1689; x_wconf 86' lang='lat' dir='ltr'>terdum</span> <span class='ocrx_word' id='word_1_524' title='bbox 1297 1655 1448 1699; x_wconf 88' lang='lat' dir='ltr'>aliquem</span> <span class='ocrx_word' id='word_1_525' title='bbox 1466 1656 1673 1699; x_wconf 85' lang='lat' dir='ltr'>praesidem.</span> 
     </span>
    </p>
   </div>
   <div class='ocr_carea' id='block_1_14' title="bbox 1532 1747 1743 1777">
    <p class='ocr_par' dir='ltr' id='par_1_17' title="bbox 1532 1747 1743 1777">
     <span class='ocr_line' id='line_1_84' title="bbox 1532 1747 1743 1777; baseline 0 -7"><span class='ocrx_word' id='word_1_526' title='bbox 1532 1747 1577 1770; x_wconf 86' lang='lat' dir='ltr'>De</span> <span class='ocrx_word' id='word_1_527' title='bbox 1610 1747 1743 1777; x_wconf 75' lang='lat' dir='ltr'>quarto.</span> 
     </span>
    </p>
   </div>
   <div class='ocr_carea' id='block_1_15' title="bbox 1136 1805 2127 2717">
    <p class='ocr_par' dir='ltr' id='par_1_18' title="bbox 1136 1805 2127 2717">
     <span class='ocr_line' id='line_1_85' title="bbox 1246 1805 2127 1853; baseline -0.002 -11"><span class='ocrx_word' id='word_1_528' title='bbox 1246 1807 1343 1842; x_wconf 87' lang='lat' dir='ltr'>Duae</span> <span class='ocrx_word' id='word_1_529' title='bbox 1365 1820 1419 1842; x_wconf 89' lang='lat' dir='ltr'>res</span> <span class='ocrx_word' id='word_1_530' title='bbox 1445 1809 1482 1842; x_wconf 92' lang='lat' dir='ltr'>in</span> <span class='ocrx_word' id='word_1_531' title='bbox 1509 1808 1656 1851; x_wconf 87' lang='lat' dir='ltr'>singulis</span> <span class='ocrx_word' id='word_1_532' title='bbox 1681 1805 1867 1853; x_wconf 88' lang='lat' dir='ltr'>Prophetis</span> <span class='ocrx_word' id='word_1_533' title='bbox 1892 1815 1925 1842; x_wconf 91' lang='lat' dir='ltr'>et</span> <span class='ocrx_word' id='word_1_534' title='bbox 1949 1807 2127 1852; x_wconf 78' lang='lat' dir='ltr'>Apostolis</span> 
     </span>
     <span class='ocr_line' id='line_1_86' title="bbox 1141 1859 2127 1902; baseline -0.002 -9"><span class='ocrx_word' id='word_1_535' title='bbox 1141 1859 1417 1893; x_wconf 86' lang='lat' dir='ltr'>considerandae</span> <span class='ocrx_word' id='word_1_536' title='bbox 1440 1866 1540 1900; x_wconf 85' lang='lat' dir='ltr'>sunt,</span> <span class='ocrx_word' id='word_1_537' title='bbox 1567 1859 1749 1899; x_wconf 89' lang='lat' dir='ltr'>doctrina,</span> <span class='ocrx_word' id='word_1_538' title='bbox 1777 1867 1809 1893; x_wconf 89' lang='lat' dir='ltr'>et</span> <span class='ocrx_word' id='word_1_539' title='bbox 1834 1859 1988 1902; x_wconf 87' lang='lat' dir='ltr'>privatae</span> <span class='ocrx_word' id='word_1_540' title='bbox 2014 1859 2127 1891; x_wconf 78' lang='lat' dir='ltr'>virtu-</span> 
     </span>
     <span class='ocr_line' id='line_1_87' title="bbox 1141 1909 2125 1950; baseline -0.003 -6"><span class='ocrx_word' id='word_1_541' title='bbox 1141 1917 1202 1946; x_wconf 88' lang='lat' dir='ltr'>tes.</span> <span class='ocrx_word' id='word_1_542' title='bbox 1255 1909 1345 1943; x_wconf 89' lang='lat' dir='ltr'>Cum</span> <span class='ocrx_word' id='word_1_543' title='bbox 1370 1911 1463 1943; x_wconf 87' lang='lat' dir='ltr'>enim</span> <span class='ocrx_word' id='word_1_544' title='bbox 1480 1910 1676 1944; x_wconf 89' lang='lat' dir='ltr'>doctrinam</span> <span class='ocrx_word' id='word_1_545' title='bbox 1694 1910 1975 1950; x_wconf 86' lang='lat' dir='ltr'>consideramus,</span> <span class='ocrx_word' id='word_1_546' title='bbox 2001 1915 2035 1942; x_wconf 90' lang='lat' dir='ltr'>et</span> <span class='ocrx_word' id='word_1_547' title='bbox 2053 1909 2125 1941; x_wconf 90' lang='lat' dir='ltr'>dis-</span> 
     </span>
     <span class='ocr_line' id='line_1_88' title="bbox 1139 1959 2125 2004; baseline -0.002 -10"><span class='ocrx_word' id='word_1_548' title='bbox 1139 1960 1317 1994; x_wconf 89' lang='lat' dir='ltr'>cernimus</span> <span class='ocrx_word' id='word_1_549' title='bbox 1341 1962 1386 1994; x_wconf 92' lang='lat' dir='ltr'>ab</span> <span class='ocrx_word' id='word_1_550' title='bbox 1404 1959 1558 1995; x_wconf 89' lang='lat' dir='ltr'>humana</span> <span class='ocrx_word' id='word_1_551' title='bbox 1574 1959 1766 2004; x_wconf 88' lang='lat' dir='ltr'>sapientia,</span> <span class='ocrx_word' id='word_1_552' title='bbox 1787 1961 1913 1994; x_wconf 88' lang='lat' dir='ltr'>melius</span> <span class='ocrx_word' id='word_1_553' title='bbox 1930 1959 2125 2003; x_wconf 89' lang='lat' dir='ltr'>intelligere</span> 
     </span>
     <span class='ocr_line' id='line_1_89' title="bbox 1140 2009 2124 2056; baseline -0.002 -12"><span class='ocrx_word' id='word_1_554' title='bbox 1140 2023 1194 2045; x_wconf 89' lang='lat' dir='ltr'>res</span> <span class='ocrx_word' id='word_1_555' title='bbox 1225 2023 1368 2054; x_wconf 89' lang='lat' dir='ltr'>magnas</span> <span class='ocrx_word' id='word_1_556' title='bbox 1397 2011 1582 2052; x_wconf 88' lang='lat' dir='ltr'>discimus,</span> <span class='ocrx_word' id='word_1_557' title='bbox 1621 2022 1707 2056; x_wconf 87' lang='lat' dir='ltr'>quas</span> <span class='ocrx_word' id='word_1_558' title='bbox 1736 2011 1831 2045; x_wconf 88' lang='lat' dir='ltr'>Deus</span> <span class='ocrx_word' id='word_1_559' title='bbox 1864 2011 1900 2043; x_wconf 92' lang='lat' dir='ltr'>in</span> <span class='ocrx_word' id='word_1_560' title='bbox 1930 2009 2124 2053; x_wconf 83' lang='lat' dir='ltr'>Evangelio</span> 
     </span>
     <span class='ocr_line' id='line_1_90' title="bbox 1139 2060 2123 2096; baseline -0.002 -1"><span class='ocrx_word' id='word_1_561' title='bbox 1139 2069 1311 2096; x_wconf 89' lang='lat' dir='ltr'>monstrat</span> <span class='ocrx_word' id='word_1_562' title='bbox 1326 2069 1358 2096; x_wconf 89' lang='lat' dir='ltr'>et</span> <span class='ocrx_word' id='word_1_563' title='bbox 1375 2060 1528 2096; x_wconf 86' lang='lat' dir='ltr'>exhibet.</span> <span class='ocrx_word' id='word_1_564' title='bbox 1574 2062 1715 2095; x_wconf 92' lang='lat' dir='ltr'>Deinde</span> <span class='ocrx_word' id='word_1_565' title='bbox 1732 2062 1902 2095; x_wconf 90' lang='lat' dir='ltr'>virtutum</span> <span class='ocrx_word' id='word_1_566' title='bbox 1922 2061 2123 2094; x_wconf 87' lang='lat' dir='ltr'>considera-</span> 
     </span>
     <span class='ocr_line' id='line_1_91' title="bbox 1139 2111 2124 2158; baseline -0.003 -12"><span class='ocrx_word' id='word_1_567' title='bbox 1139 2113 1187 2146; x_wconf 92' lang='lat' dir='ltr'>tio</span> <span class='ocrx_word' id='word_1_568' title='bbox 1206 2114 1358 2156; x_wconf 83' lang='lat' dir='ltr'>prodest.</span> <span class='ocrx_word' id='word_1_569' title='bbox 1412 2113 1625 2158; x_wconf 81' lang='lat' dir='ltr'>Quanquam</span> <span class='ocrx_word' id='word_1_570' title='bbox 1651 2112 1745 2145; x_wconf 88' lang='lat' dir='ltr'>enim</span> <span class='ocrx_word' id='word_1_571' title='bbox 1767 2113 1894 2156; x_wconf 87' lang='lat' dir='ltr'>gradus</span> <span class='ocrx_word' id='word_1_572' title='bbox 1916 2111 2124 2155; x_wconf 89' lang='lat' dir='ltr'>apostolicos</span> 
     </span>
     <span class='ocr_line' id='line_1_92' title="bbox 1139 2161 2120 2208; baseline -0.003 -12"><span class='ocrx_word' id='word_1_573' title='bbox 1139 2175 1212 2196; x_wconf 90' lang='lat' dir='ltr'>non</span> <span class='ocrx_word' id='word_1_574' title='bbox 1236 2163 1470 2208; x_wconf 85' lang='lat' dir='ltr'>assequimur,</span> <span class='ocrx_word' id='word_1_575' title='bbox 1498 2171 1616 2197; x_wconf 85' lang='lat' dir='ltr'>tamen</span> <span class='ocrx_word' id='word_1_576' title='bbox 1641 2163 1808 2208; x_wconf 87' lang='lat' dir='ltr'>quoniam</span> <span class='ocrx_word' id='word_1_577' title='bbox 1835 2163 1935 2196; x_wconf 87' lang='lat' dir='ltr'>initia</span> <span class='ocrx_word' id='word_1_578' title='bbox 1961 2161 2120 2195; x_wconf 89' lang='lat' dir='ltr'>omnium</span> 
     </span>
     <span class='ocr_line' id='line_1_93' title="bbox 1138 2211 2121 2257; baseline -0.002 -11"><span class='ocrx_word' id='word_1_579' title='bbox 1138 2214 1338 2247; x_wconf 87' lang='lat' dir='ltr'>communia</span> <span class='ocrx_word' id='word_1_580' title='bbox 1364 2226 1435 2247; x_wconf 88' lang='lat' dir='ltr'>esse</span> <span class='ocrx_word' id='word_1_581' title='bbox 1461 2215 1610 2255; x_wconf 86' lang='lat' dir='ltr'>debent,</span> <span class='ocrx_word' id='word_1_582' title='bbox 1644 2211 1728 2247; x_wconf 89' lang='lat' dir='ltr'>haec</span> <span class='ocrx_word' id='word_1_583' title='bbox 1760 2213 1915 2257; x_wconf 83' lang='lat' dir='ltr'>exempla</span> <span class='ocrx_word' id='word_1_584' title='bbox 1949 2212 2050 2245; x_wconf 89' lang='lat' dir='ltr'>nobis</span> <span class='ocrx_word' id='word_1_585' title='bbox 2077 2212 2121 2244; x_wconf 90' lang='lat' dir='ltr'>ad</span> 
     </span>
     <span class='ocr_line' id='line_1_94' title="bbox 1138 2261 2122 2308; baseline -0.002 -11"><span class='ocrx_word' id='word_1_586' title='bbox 1138 2264 1350 2298; x_wconf 83' lang='lat' dir='ltr'>imitandum</span> <span class='ocrx_word' id='word_1_587' title='bbox 1387 2265 1560 2298; x_wconf 90' lang='lat' dir='ltr'>divinitus</span> <span class='ocrx_word' id='word_1_588' title='bbox 1598 2263 1774 2308; x_wconf 87' lang='lat' dir='ltr'>proposita</span> <span class='ocrx_word' id='word_1_589' title='bbox 1811 2271 1904 2299; x_wconf 87' lang='lat' dir='ltr'>sunt.</span> <span class='ocrx_word' id='word_1_590' title='bbox 1971 2261 2122 2296; x_wconf 82' lang='lat' dir='ltr'>Etiamsi</span> 
     </span>
     <span class='ocr_line' id='line_1_95' title="bbox 1138 2312 2122 2358; baseline -0.002 -10"><span class='ocrx_word' id='word_1_591' title='bbox 1138 2315 1341 2358; x_wconf 87' lang='lat' dir='ltr'>languidior</span> <span class='ocrx_word' id='word_1_592' title='bbox 1357 2323 1408 2349; x_wconf 90' lang='lat' dir='ltr'>est</span> <span class='ocrx_word' id='word_1_593' title='bbox 1423 2323 1481 2350; x_wconf 87' lang='lat' dir='ltr'>tua</span> <span class='ocrx_word' id='word_1_594' title='bbox 1497 2316 1580 2349; x_wconf 84' lang='lat' dir='ltr'>fides</span> <span class='ocrx_word' id='word_1_595' title='bbox 1606 2324 1665 2348; x_wconf 87' lang='lat' dir='ltr'>aut</span> <span class='ocrx_word' id='word_1_596' title='bbox 1682 2314 1880 2347; x_wconf 83' lang='lat' dir='ltr'>ohedientia</span> <span class='ocrx_word' id='word_1_597' title='bbox 1892 2341 1900 2357; x_wconf 91' lang='lat'>‚</span> <span class='ocrx_word' id='word_1_598' title='bbox 1929 2325 2032 2358; x_wconf 87' lang='lat' dir='ltr'>quam</span> <span class='ocrx_word' id='word_1_599' title='bbox 2050 2312 2122 2346; x_wconf 84' lang='lat' dir='ltr'>Da-</span> 
     </span>
     <span class='ocr_line' id='line_1_96' title="bbox 1138 2364 2120 2407; baseline -0.004 -8"><span class='ocrx_word' id='word_1_600' title='bbox 1138 2367 1229 2399; x_wconf 91' lang='lat' dir='ltr'>vidis</span> <span class='ocrx_word' id='word_1_601' title='bbox 1247 2373 1279 2400; x_wconf 91' lang='lat' dir='ltr'>et</span> <span class='ocrx_word' id='word_1_602' title='bbox 1299 2366 1418 2407; x_wconf 88' lang='lat' dir='ltr'>Pauli,</span> <span class='ocrx_word' id='word_1_603' title='bbox 1445 2374 1561 2400; x_wconf 86' lang='lat' dir='ltr'>tamen</span> <span class='ocrx_word' id='word_1_604' title='bbox 1580 2366 1679 2399; x_wconf 86' lang='lat' dir='ltr'>initia</span> <span class='ocrx_word' id='word_1_605' title='bbox 1704 2365 1783 2398; x_wconf 84' lang='lat' dir='ltr'>fidei</span> <span class='ocrx_word' id='word_1_606' title='bbox 1800 2372 1831 2398; x_wconf 89' lang='lat' dir='ltr'>et</span> <span class='ocrx_word' id='word_1_607' title='bbox 1849 2364 2068 2398; x_wconf 83' lang='lat' dir='ltr'>obedientiae</span> <span class='ocrx_word' id='word_1_608' title='bbox 2084 2364 2120 2395; x_wconf 90' lang='lat' dir='ltr'>in</span> 
     </span>
     <span class='ocr_line' id='line_1_97' title="bbox 1137 2413 2119 2459; baseline -0.003 -9"><span class='ocrx_word' id='word_1_609' title='bbox 1137 2417 1303 2451; x_wconf 89' lang='lat' dir='ltr'>omnibus</span> <span class='ocrx_word' id='word_1_610' title='bbox 1331 2417 1435 2450; x_wconf 89' lang='lat' dir='ltr'>nobis</span> <span class='ocrx_word' id='word_1_611' title='bbox 1465 2428 1537 2450; x_wconf 90' lang='lat' dir='ltr'>esse</span> <span class='ocrx_word' id='word_1_612' title='bbox 1561 2418 1708 2457; x_wconf 90' lang='lat' dir='ltr'>debent,</span> <span class='ocrx_word' id='word_1_613' title='bbox 1740 2423 1773 2449; x_wconf 92' lang='lat' dir='ltr'>et</span> <span class='ocrx_word' id='word_1_614' title='bbox 1798 2416 1952 2459; x_wconf 84' lang='lat' dir='ltr'>exempla</span> <span class='ocrx_word' id='word_1_615' title='bbox 1973 2413 2119 2447; x_wconf 78' lang='lat' dir='ltr'>Davidis</span> 
     </span>
     <span class='ocr_line' id='line_1_98' title="bbox 1138 2465 2119 2511; baseline -0.005 -10"><span class='ocrx_word' id='word_1_616' title='bbox 1138 2474 1171 2501; x_wconf 91' lang='lat' dir='ltr'>et</span> <span class='ocrx_word' id='word_1_617' title='bbox 1186 2467 1285 2501; x_wconf 87' lang='lat' dir='ltr'>Pauli</span> <span class='ocrx_word' id='word_1_618' title='bbox 1304 2475 1466 2508; x_wconf 89' lang='lat' dir='ltr'>monent,</span> <span class='ocrx_word' id='word_1_619' title='bbox 1490 2474 1529 2502; x_wconf 90' lang='lat' dir='ltr'>ut</span> <span class='ocrx_word' id='word_1_620' title='bbox 1545 2479 1686 2511; x_wconf 85' lang='lat' dir='ltr'>agamus</span> <span class='ocrx_word' id='word_1_621' title='bbox 1704 2467 1970 2511; x_wconf 81' lang='lat' dir='ltr'>poenitentiam,</span> <span class='ocrx_word' id='word_1_622' title='bbox 1998 2465 2119 2497; x_wconf 87' lang='lat' dir='ltr'>creda-</span> 
     </span>
     <span class='ocr_line' id='line_1_99' title="bbox 1136 2515 2117 2563; baseline -0.002 -12"><span class='ocrx_word' id='word_1_623' title='bbox 1136 2530 1215 2552; x_wconf 90' lang='lat' dir='ltr'>mus</span> <span class='ocrx_word' id='word_1_624' title='bbox 1239 2530 1303 2553; x_wconf 92' lang='lat' dir='ltr'>nos</span> <span class='ocrx_word' id='word_1_625' title='bbox 1328 2519 1434 2563; x_wconf 88' lang='lat' dir='ltr'>recipi</span> <span class='ocrx_word' id='word_1_626' title='bbox 1452 2518 1488 2551; x_wconf 93' lang='lat' dir='ltr'>in</span> <span class='ocrx_word' id='word_1_627' title='bbox 1505 2519 1671 2562; x_wconf 84' lang='lat' dir='ltr'>gratiam,</span> <span class='ocrx_word' id='word_1_628' title='bbox 1697 2517 1786 2550; x_wconf 83' lang='lat' dir='ltr'>sicut</span> <span class='ocrx_word' id='word_1_629' title='bbox 1803 2516 1855 2549; x_wconf 91' lang='lat' dir='ltr'>illi</span> <span class='ocrx_word' id='word_1_630' title='bbox 1872 2515 2117 2549; x_wconf 87' lang='lat' dir='ltr'>crediderunt:</span> 
     </span>
     <span class='ocr_line' id='line_1_100' title="bbox 1137 2565 2119 2609; baseline -0.004 -7"><span class='ocrx_word' id='word_1_631' title='bbox 1137 2569 1359 2609; x_wconf 90' lang='lat' dir='ltr'>invocemus,</span> <span class='ocrx_word' id='word_1_632' title='bbox 1393 2570 1502 2603; x_wconf 84' lang='lat' dir='ltr'>simus</span> <span class='ocrx_word' id='word_1_633' title='bbox 1529 2569 1752 2607; x_wconf 89' lang='lat' dir='ltr'>obedientes,</span> <span class='ocrx_word' id='word_1_634' title='bbox 1783 2567 1967 2609; x_wconf 85' lang='lat' dir='ltr'>diligentes</span> <span class='ocrx_word' id='word_1_635' title='bbox 1996 2565 2032 2598; x_wconf 94' lang='lat' dir='ltr'>in</span> <span class='ocrx_word' id='word_1_636' title='bbox 2056 2578 2119 2599; x_wconf 77' lang='lat' dir='ltr'>vo-</span> 
     </span>
     <span class='ocr_line' id='line_1_101' title="bbox 1137 2616 2120 2662; baseline -0.004 -9"><span class='ocrx_word' id='word_1_637' title='bbox 1137 2620 1294 2662; x_wconf 89' lang='lat' dir='ltr'>catione,</span> <span class='ocrx_word' id='word_1_638' title='bbox 1323 2622 1500 2655; x_wconf 84' lang='lat' dir='ltr'>frenemus</span> <span class='ocrx_word' id='word_1_639' title='bbox 1521 2620 1625 2654; x_wconf 90' lang='lat' dir='ltr'>etiam</span> <span class='ocrx_word' id='word_1_640' title='bbox 1643 2629 1786 2662; x_wconf 90' lang='lat' dir='ltr'>corpus,</span> <span class='ocrx_word' id='word_1_641' title='bbox 1812 2617 1900 2652; x_wconf 91' lang='lat' dir='ltr'>sicut</span> <span class='ocrx_word' id='word_1_642' title='bbox 1917 2616 2047 2650; x_wconf 86' lang='lat' dir='ltr'>Paulus</span> <span class='ocrx_word' id='word_1_643' title='bbox 2064 2616 2120 2649; x_wconf 86' lang='lat' dir='ltr'>in-</span> 
     </span>
     <span class='ocr_line' id='line_1_102' title="bbox 1136 2667 2120 2717; baseline -0.006 -11"><span class='ocrx_word' id='word_1_644' title='bbox 1136 2671 1229 2717; x_wconf 84' lang='lat' dir='ltr'>quit:</span> <span class='ocrx_word' id='word_1_645' title='bbox 1257 2670 1397 2716; x_wconf 86' lang='lat' dir='ltr'>Castigo</span> <span class='ocrx_word' id='word_1_646' title='bbox 1415 2683 1542 2716; x_wconf 82' lang='lat' dir='ltr'>corpus</span> <span class='ocrx_word' id='word_1_647' title='bbox 1560 2681 1688 2706; x_wconf 86' lang='lat' dir='ltr'>meum.</span> <span class='ocrx_word' id='word_1_648' title='bbox 1741 2667 1902 2714; x_wconf 90' lang='lat' dir='ltr'>Denique</span> <span class='ocrx_word' id='word_1_649' title='bbox 1919 2667 2030 2702; x_wconf 87' lang='lat' dir='ltr'>multa</span> <span class='ocrx_word' id='word_1_650' title='bbox 2048 2667 2120 2701; x_wconf 90' lang='lat' dir='ltr'>uti-</span> 
     </span>
    </p>
   </div>
  </div>
 </body>
</html>
