2409 2915
91 91 163 128 381

93 186 211 210 rerum
235 172 462 218 essepatrem
477 170 554 206 Iesu
571 169 722 212 Christi,
749 177 877 214 negant
896 183 983 215 opus
1007 183 1077 205 esse

93 226 306 266 mediatore,
339 236 419 258 cum
447 230 563 257 tamen
587 222 686 256 Deus
717 222 926 255 revelaverit
954 233 988 254 se
1017 234 1078 266 per

93 277 246 317 Filium,
280 282 314 310 et
337 286 410 307 non
432 273 516 306 velit
537 273 712 313 invocari,
738 272 806 304 nisi
830 272 956 306 fiducia
981 271 1078 312 Filii,

94 327 185 361 sicut
207 337 307 370 saepe
331 324 478 358 dicitur:
507 322 574 355 Per
599 321 693 356 hunc
717 320 888 356 habemus
903 334 1077 356 accessum

95 378 139 411 ad
164 384 311 422 patrem.
360 374 464 408 Item:
491 372 604 407 Nemo
623 373 723 406 novit
747 379 901 417 patrem,
926 373 994 406 nisi
1017 372 1077 406 Fi-

95 428 176 466 lius,
200 434 232 460 et
249 425 304 459 cui
315 423 427 458 Filius
443 424 660 458 revelaverit.
693 422 775 456 Non
790 423 897 466 igitur
913 424 1077 457 invocant

94 476 207 512 Deum
217 475 338 509 Turci.
387 474 475 508 Item
488 475 642 508 fatentur
652 486 686 507 se
699 474 861 507 invocare
873 475 947 506 sine
959 475 1077 515 verbo,

94 528 170 561 sine
185 525 460 570 promissionib„
485 524 559 558 sine
575 525 788 565 mediatore,
816 536 893 557 cum
911 532 1076 568 perpetua

94 577 327 610 dubitatione.
368 575 438 609 Sed
456 587 535 608 vera
552 576 708 609 membra
719 573 895 608 Ecclesiae
911 576 1077 609 invocant

93 633 229 671 patrem
261 625 408 660 Domini
441 626 554 659 nostri
583 625 662 660 Iesu
693 623 828 659 Christi
865 626 1078 666 mediatoris,

93 677 311 711 conditorem
327 677 486 710 omnium
502 688 632 718 rerum,
658 683 691 710 et
707 676 848 721 quidem
866 676 990 709 fiducia
1007 674 1076 709 hu—

92 728 148 762 ius
172 727 441 775 propiciatoris‚
467 727 612 761 revelati
636 727 673 760 in
688 726 900 768 Evangelio,
929 733 961 760 et
977 724 1076 759 exhi-

92 778 178 818 biti,
204 785 328 822 petunt
343 785 376 811 et
390 783 570 821 expectant
586 778 743 812 salutem.
790 776 885 810 Haec
902 777 1076 811 invocatio

93 828 261 862 discernit
277 826 471 862 Ecclesiam
495 840 513 861 a
536 828 680 862 caeteris
697 828 869 871 gentibus.
921 827 1003 861 Ideo
1022 828 1077 861 di-

91 878 243 921 ligenter
267 879 473 913 observetur
487 879 646 921 dictum:
672 879 716 913 Et
740 879 931 923 sperabunt
956 879 992 911 in
1010 890 1076 912 no-

90 929 186 963 mine
203 928 360 963 Domini.

194 980 376 1013 Postremo
398 977 456 1012 hic
480 979 670 1022 cogitemus
691 979 793 1012 etiam
818 976 913 1012 hunc
931 979 1077 1018 cultum,

93 1029 224 1063 scilicet
238 1030 514 1070 invocationem,
536 1030 721 1073 praecipue
733 1030 978 1073 praestandum
993 1040 1075 1063 esse.

92 1078 177 1113 Ideo
199 1081 293 1114 enim
319 1087 351 1114 et
372 1081 504 1123 flagitat
526 1086 558 1112 et
581 1080 678 1113 addit
698 1080 964 1124 promissiones,
994 1079 1076 1123 quia

91 1130 169 1164 vult
191 1131 355 1164 exaudire
371 1137 434 1165 etc.
487 1129 526 1163 Si
542 1131 734 1173 cogitamus
753 1142 817 1162 nos
834 1142 905 1163 esse
921 1130 1075 1163 membra

90 1178 286 1222 Ecclesiae,
313 1181 422 1214 simus
440 1192 480 1213 ex
498 1187 597 1213 coetu
615 1181 867 1216 invocantium.

486 1277 533 1301 De
567 1278 685 1302 tertio.

183 1330 348 1364 Testatur
361 1328 419 1363 hic
429 1328 590 1363 Christus
603 1342 732 1373 poenas
744 1330 947 1374 impendere
959 1331 1076 1364 omni-

92 1381 159 1415 bus
182 1381 311 1423 gentib.
337 1388 440 1425 atque
462 1378 686 1421 hominibus,
712 1381 772 1425 qui
791 1388 873 1414 sunt
893 1388 985 1414 extra
1006 1380 1075 1414 Ec-

92 1432 231 1464 clesiam
254 1430 339 1472 Dei,
371 1432 460 1464 sicut
489 1432 680 1464 ostendunt
709 1432 864 1475 exempla
897 1433 940 1464 ab
970 1432 1073 1465 initio

91 1481 237 1519 muudi,
271 1493 359 1526 quae
380 1482 561 1525 proposuit
585 1481 701 1523 Deus,
733 1489 772 1515 ut
796 1494 860 1515 nos
883 1483 925 1515 de
949 1483 1074 1515 ultimo

91 1532 224 1566 iudicio
249 1538 281 1565 et
304 1533 346 1565 de
370 1532 519 1565 aeternis
544 1532 665 1576 poenis
692 1533 897 1573 admoneat,
925 1535 968 1565 de
994 1533 1075 1577 qui-

91 1583 158 1616 bus
183 1582 412 1616 concionatur
429 1580 608 1620 Christus,
637 1594 715 1616 cum
735 1583 867 1628 inquit:
896 1584 947 1617 Ite
966 1584 1074 1617 male-

92 1633 177 1667 dicti
195 1633 232 1666 in
248 1633 364 1676 ignem
381 1639 560 1667 aeternum
580 1639 642 1666 etc.

481 1723 529 1746 De
548 1724 684 1753 quarto.

412 1773 466 1804 De
495 1775 578 1803 veste
608 1771 758 1812 nuptiale'.

195 1834 311 1878 Supra
339 1834 473 1866 dictum
507 1840 557 1866 est
588 1834 631 1865 de
653 1833 774 1876 poenis
800 1832 977 1872 omnium,
1013 1834 1073 1879 qui

93 1891 175 1920 sunt
197 1892 292 1918 extra
306 1881 510 1918 Ecclesiam.
562 1882 664 1915 Nunc
679 1883 836 1927 sequitur
860 1884 967 1917 tristis
989 1896 1075 1917 con-

93 1938 158 1971 cio.
210 1935 326 1968 Etiam
351 1935 387 1967 in
406 1933 559 1967 Ecclesia
578 1933 641 1967 Dei
665 1940 746 1966 sunt
766 1931 985 1978 hypocritae,
1013 1935 1074 1979 qui

93 1987 251 2021 damnati
268 1986 477 2019 abiicientur
499 1985 535 2017 in
555 1995 682 2027 poenas
698 1990 874 2022 aeternas,
902 1984 990 2019 sicut
1008 1983 1073 2018 lio-

91 2045 161 2072 stes
175 2035 378 2080 Evangelii,
406 2043 446 2070 ut
460 2034 545 2069 Saul
569 2035 714 2079 perinde
737 2035 924 2068 damnatus
940 2042 1008 2077 est,
1036 2042 1074 2069 ut

93 2083 251 2121 Goliath.

197 2136 297 2179 Quae
316 2142 365 2169 est
382 2135 489 2178 igitur
504 2135 608 2168 vestis
625 2134 818 2179 nuptialis?
857 2135 960 2168 Alius
977 2134 1072 2167 aliud

94 2187 274 2227 nominat,
302 2186 360 2218 sed
385 2195 522 2218 necesse
544 2192 594 2218 est
618 2186 653 2218 id
679 2197 768 2225 esse,
795 2186 838 2218 de
859 2197 927 2230 quo
944 2184 1074 2218 Paulus

94 2238 228 2284 inquit:
263 2236 452 2279 Cupientes
485 2235 711 2278 superindui,
745 2236 772 2268 si
803 2242 919 2268 tamen
944 2235 1073 2278 vestiti,

94 2296 129 2323 et
144 2300 218 2322 non
235 2287 321 2320 nudi
338 2285 563 2329 reperiemur.
614 2284 660 2318 Et
678 2286 896 2319 consessione
913 2286 1071 2319 omnium

94 2337 182 2373 haec
214 2338 318 2371 vestis
348 2345 399 2371 est
421 2336 481 2369 lux
507 2335 716 2378 spiritualis,
752 2347 819 2380 qua
843 2336 1073 2375 renascimur,

94 2391 137 2423 de
151 2401 218 2434 qua
233 2388 317 2422 dicit
332 2388 502 2420 secundae
513 2384 719 2419 Corinthios
731 2385 849 2418 tertio:
876 2385 948 2419 Nos
961 2393 1073 2419 trans—

94 2440 289 2474 formamur
317 2449 439 2471 omnes
469 2444 595 2470 retecta
619 2436 705 2469 facie
730 2436 877 2479 gloriam
898 2434 976 2469 Dei
998 2449 1074 2480 spe-

97 2491 270 2530 culantes,
297 2501 314 2522 a
337 2488 446 2531 gloria
464 2488 501 2520 in
517 2487 683 2530 gloriam,
710 2493 875 2531 tanquam
893 2499 910 2519 a
930 2487 1075 2521 Domini

97 2541 235 2584 spiritu.
287 2538 383 2582 Quid
402 2545 450 2571 est
467 2545 580 2572 autem
598 2538 656 2570 illa
675 2537 733 2570 lux
750 2537 958 2581 spiritualis,
987 2549 1075 2582 quae

99 2591 284 2624 discrimen
307 2590 387 2622 sacit
412 2589 504 2622 inter
527 2586 727 2633 hypocritas
752 2595 782 2621 et
798 2589 961 2621 renatos?
1011 2586 1075 2622 Est

99 2637 194 2674 haud
219 2641 326 2675 dubie
354 2639 533 2683 agnitione
556 2639 626 2673 irae
649 2635 727 2671 Dei
748 2640 913 2672 adversus
939 2645 1074 2683 peccata

628 80 715 123 XII.
767 83 1158 121 ANNOTATIONES
1184 82 1246 132 ,IN
1287 85 1585 124 EVANGELIA.

2045 90 2120 126 382

1130 183 1376 215 expavescere,
1419 180 1451 206 et
1483 185 1604 208 rursus
1634 174 1702 207 fide
1734 174 1838 217 erigi,
1879 182 1912 209 et
1942 176 2117 209 confidere

1129 223 1224 268 quod
1242 220 1348 256 Deus
1371 224 1515 267 recipiat
1534 236 1615 263 nos,
1642 231 1675 258 et
1691 223 1756 258 hac
1772 225 1899 259 fiducia
1915 238 1993 259 eum
2013 226 2114 259 invo-

1130 283 1235 316 care,-
1254 274 1284 305 ei
1308 274 1452 314 subiici,
1481 280 1595 317 petere
1619 281 1651 307 et
1675 283 1854 319 expectare
1870 278 1913 310 ab
1931 289 1968 310 eo
1986 278 2113 319 guber-

1129 323 1309 356 nationem
1337 330 1370 357 et
1398 324 1655 364 defensionem,
1683 337 1756 357 non
1779 327 1996 359 diffidentem
2023 325 2114 367 Deo,

1130 385 1294 418 quaerere
1327 372 1483 408 humana
1514 375 1705 418 praesidia,
1740 387 1812 408 non
1844 378 2000 418 neglecto
2027 379 2113 417 Deo,

1130 423 1312 466 indulgere
1346 425 1499 469 propriis
1534 425 1797 468 cupiditatibus.
1864 426 1958 459 Haec
1994 428 2112 461 omnia

1129 475 1411 518 complectimur,
1448 488 1526 509 cum
1553 476 1777 509 nominamus
1800 477 2051 520 poenitentiam
2081 485 2113 510 et

1127 524 1230 558 fidem
1242 552 1250 566 ,
1276 537 1337 559 seu
1354 526 1666 569 regenerationem.

1229 590 1292 626 Est
1316 592 1423 635 igitur
1446 593 1550 626 vestis
1573 592 1742 637 nuptialis
1759 593 1819 626 illa
1838 593 1910 638 ipsa
1928 604 2110 636 regenera-

1128 642 1176 677 tio
1189 669 1197 683 ,
1239 655 1328 688 quae
1369 643 1613 687 complectitur
1652 650 1768 677 motus
1805 644 2043 687 poenitentiae
2079 651 2109 676 et

1127 693 1227 733 fidei,
1252 705 1340 738 quae
1357 694 1481 737 accipit
1497 694 1738 727 remissionem
1753 702 1972 737 peccatorum
1985 721 1994 735 ,
2022 701 2055 728 et
2074 695 2110 726 iu

1127 744 1225 776 omni
1249 744 1319 777 vita
1342 745 1429 788 petit
1446 750 1478 777 et
1494 751 1649 787 expectat
1666 756 1685 777 a
1700 743 1774 778 Deo
1792 745 1979 786 auxilium,
2007 752 2038 778 et
2054 745 2106 777 in-

1127 801 1203 828 coat
1220 806 1349 827 novam
1367 795 1622 829 obedientiam.

1230 852 1321 887 Sunt
1351 860 1467 886 autem
1498 854 1537 886 in
1567 860 1708 887 externa
1737 853 1900 887 societate
1934 851 2110 886 Ecclesiae

1128 904 1230 936 multi
1254 904 1330 936 sine
1354 901 1418 937 hac
1441 910 1534 937 veste
1555 904 1718 949 nuptiali.
1770 903 1931 936 Primum
1952 903 2011 947 qui
2033 915 2111 945 per—

1127 961 1286 987 severant
1302 954 1339 986 in
1357 955 1504 998 peccatis
1521 961 1643 989 contra
1661 954 1922 989 conscientiam.
1974 952 2111 986 Deinde

1128 1011 1161 1037 et
1184 1002 1406 1049 hypocritae,
1433 1011 1471 1038 ut
1488 1003 1622 1046 Achas,
1649 1006 1710 1050 qui
1733 1005 1796 1039 etsi
1820 1005 1959 1037 videtur
1976 1003 2029 1035 vir
2045 1001 2109 1035 lio-

1128 1062 1245 1088 nestus
1269 1062 1302 1087 et
1326 1062 1438 1088 rectae
1461 1056 1704 1099 professionis,
1730 1062 1846 1088 tamen
1864 1061 1932 1095 est,
1959 1054 2032 1086 siue
2050 1053 2110 1085 illa

1128 1105 1223 1145 luce,
1256 1106 1290 1137 id
1318 1112 1386 1146 est,
1421 1106 1495 1138 sine
1519 1106 1755 1149 poenitentia,
1783 1113 1817 1139 et
1839 1106 1913 1138 sine
1935 1103 2023 1144 fide,
2048 1115 2110 1136 cu—

1128 1156 1238 1188 mulat
1256 1156 1388 1196 cultus,
1416 1163 1514 1199 putat
1530 1168 1564 1190 se
1581 1157 1709 1190 iustum
1729 1167 1799 1189 esse
1811 1183 1819 1196 ,
1844 1155 1931 1198 gerit
1948 1167 2001 1187 res
2018 1154 2108 1186 mul-

1128 1213 1196 1246 tas,
1223 1207 1282 1238 sed
1309 1207 1432 1239 fiducia
1452 1218 1532 1239 suae
1551 1207 1758 1250 sapientiae,
1785 1218 1822 1238 ac
1840 1205 2002 1238 diffidens
2021 1203 2110 1241 Deo,

1127 1267 1190 1288 nec
1207 1257 1309 1299 petit,
1337 1268 1400 1288 nec
1418 1263 1571 1299 expectat
1589 1258 1633 1290 ab
1652 1269 1692 1289 eo
1710 1257 1898 1293 auxilium,
1925 1257 2110 1287 undecun-

1127 1317 1194 1349 que
1206 1305 1341 1350 quaerit
1353 1307 1523 1349 praesidia
1536 1304 1700 1344 humana,
1724 1305 1992 1339 dehortantibus
2004 1305 2108 1338 etiam

1127 1353 1326 1399 Prophetis,
1379 1355 1529 1390 Econtra
1548 1357 1584 1389 in
1600 1357 1755 1399 Davide,
1782 1354 1930 1389 Ezechia
1950 1362 2029 1388 sunt
2048 1367 2108 1398 pa-

1127 1418 1227 1439 vores
1244 1413 1276 1439 et
1295 1407 1566 1441 consolationes.
1618 1406 1663 1439 Hi
1683 1413 1912 1450 expavescunt
1931 1405 2108 1449 agnitione

1127 1468 1207 1490 suae
1232 1457 1466 1496 infirmitatis,
1494 1464 1527 1491 et
1550 1469 1670 1491 rursus
1692 1458 1759 1490 fide
1775 1464 1932 1490 statuunt
1949 1468 1984 1489 se
2000 1468 2017 1488 a
2034 1455 2108 1487 Deo

1126 1514 1284 1551 receptos
1307 1518 1398 1548 esse,
1425 1514 1458 1541 et
1481 1505 1545 1542 hac
1570 1508 1696 1541 fiducia
1716 1508 1900 1546 invocant,
1927 1506 2110 1544 obediunt,

1125 1564 1249 1601 petunt
1264 1557 1379 1599 aDeo,
1405 1565 1439 1591 et
1454 1566 1635 1602 expectant
1651 1559 1833 1592 auxilium.
1882 1556 1977 1590 Haec
1995 1568 2109 1589 exem-

1125 1608 1183 1651 pla
1208 1609 1244 1640 in
1261 1605 1417 1642 historiis
1434 1606 1648 1652 propheticis
1661 1609 1739 1641 ideo
1756 1608 1927 1651 descripta
1944 1613 2043 1644 sunt,
2071 1612 2110 1638 ut

1127 1658 1302 1691 discamus
1333 1656 1536 1702 hypocrisin
1561 1671 1579 1691 a
1607 1665 1699 1692 veste
1725 1658 1894 1701 nuptiali,
1927 1658 1963 1689 id
1989 1663 2054 1693 est,
2088 1668 2108 1689 a

1126 1708 1405 1751 regeneratione,
1428 1720 1487 1741 seu
1505 1709 1719 1752 poenitentia
1737 1715 1769 1742 et
1784 1708 1851 1741 fide
1867 1707 2030 1741 discerni.

1228 1773 1303 1807 Hac
1320 1781 1413 1807 veste
1428 1781 1572 1807 ornatus
1587 1781 1634 1807 est
1647 1772 1883 1816 Augustinus,
1909 1785 1986 1806 cum
2003 1773 2109 1817 paulo

1127 1832 1206 1859 ante
1229 1831 1376 1857 mortem
1401 1825 1445 1857 de
1466 1825 1681 1867 poenitentia
1703 1831 1735 1857 et
1750 1825 1817 1857 fide
1832 1824 2110 1863 concionaretur,

1127 1888 1164 1909 ac
1194 1875 1395 1918 deploraret
1424 1874 1515 1907 vitae
1543 1881 1638 1908 actae
1661 1875 1899 1914 securitatem,
1934 1880 1965 1906 et
1988 1885 2108 1906 rursus

1127 1927 1279 1970 seipsum
1316 1925 1462 1967 erigeret
1500 1925 1722 1958 invocatione
1751 1931 1784 1958 et
1816 1925 1884 1957 fide
1916 1923 2001 1957 Filii
2030 1924 2110 1957 Dei.

1126 1975 1279 2010 Econtra
1296 1973 1412 2008 Achas
1435 1982 1508 2008 erat
1524 1975 1599 2008 siue
1617 1988 1698 2009 vero
1717 1976 1862 2015 timore,
1890 1982 1921 2008 ct
1939 1975 2013 2007 sine
2028 1987 2108 2007 vera

1127 2028 1211 2068 fide,
1239 2038 1310 2058 non
1334 2026 1540 2067 agnoscebat
1564 2037 1598 2058 se
1622 2038 1781 2069 peccare,
1810 2038 1888 2059 cum
1911 2025 2023 2059 cultus
2044 2026 2108 2057 liu-

1127 2084 1219 2120 geret
1238 2089 1299 2108 suo
1318 2076 1474 2116 arbitrio,
1502 2088 1580 2109 cum
1597 2077 1795 2119 indulgeret
1810 2088 1873 2109 suo
1889 2076 1971 2109 odio
1986 2077 2108 2108 adver-

1127 2139 1184 2160 sus
1207 2123 1419 2169 Prophetas,
1453 2138 1526 2159 non
1551 2129 1707 2160 crederet
1730 2139 1765 2160 se
1788 2127 1914 2169 recipi,
1951 2126 2106 2159 exaudiri

1127 2184 1270 2220 propter
1286 2176 1552 2220 promissionem
1570 2178 1746 2217 divinam,
1778 2178 1848 2210 imo
1864 2176 2047 2209 dubitabat
2064 2188 2107 2208 an

1127 2227 1371 2265 exaudiretur,
1420 2227 1570 2272 ideoque
1613 2228 1776 2261 diffidens
1814 2227 2003 2272 quaerebat
2040 2226 2106 2260 alia

1126 2278 1311 2322 praesidia.

1227 2335 1285 2370 Sic
1316 2343 1399 2370 sunt
1426 2337 1501 2370 sine
1529 2343 1622 2370 veste
1647 2337 1798 2380 nuptiali
1823 2336 1925 2370 etiam
1951 2336 2105 2368 adiuncti

1128 2398 1228 2419 verae
1251 2387 1478 2431 professioni,
1507 2395 1539 2421 et
1559 2389 1634 2421 sine
1657 2388 1797 2431 publica
1817 2387 2036 2430 turpitudine
2053 2386 2106 2417 vi-

1127 2444 1261 2478 ventes,
1288 2439 1315 2470 si
1335 2445 1450 2470 tamen
1468 2445 1549 2472 sunt
1567 2439 1696 2474 securi,
1723 2439 1797 2471 sine
1816 2436 2046 2481 poenitentia,
2074 2444 2107 2469 et

1126 2489 1276 2532 quadam
1307 2489 1517 2531 negligentia
1543 2501 1581 2521 ac
1606 2490 1842 2525 dubitatione,
1879 2499 1949 2519 uon
1974 2493 2107 2530 petunt,

1128 2550 1190 2571 nec
1209 2545 1388 2580 expectant
1405 2551 1422 2571 a
1441 2538 1514 2572 Deo
1533 2539 1736 2584 quicquam,
1764 2540 1820 2571 sed
1840 2538 2019 2570 confidunt
2036 2537 2106 2570 suis

1127 2589 1282 2621 consiliis
1306 2595 1336 2622 et
1361 2587 1523 2621 liumanis
1546 2590 1737 2633 praesidiis.
1793 2589 1899 2628 Item,
1928 2588 1963 2620 in
1981 2590 2105 2621 adver-

1125 2640 1170 2673 sis
1189 2651 1259 2673 non
1277 2646 1469 2682 agnoscunt
1484 2652 1518 2672 se
1538 2640 1625 2673 iuste
1642 2639 1781 2683 puniri,
1807 2639 2003 2673 existimant
2024 2651 2106 2683 poe—
