2409 2915
304 77 379 114 567

684 158 819 212 Caput
867 157 924 198 V.

415 234 603 269 Generalis
628 235 751 268 concio
774 234 934 280 sequitur
951 234 994 267 de
1013 234 1304 278 interpretatione

313 286 500 330 Decalogi,
536 285 618 330 quia
636 283 817 319 Pharisaei
843 292 1073 328 corruperant
1097 285 1306 324 doctrinam,

316 345 348 371 et
366 337 544 380 fingebant
563 336 600 369 in
617 335 792 379 Decalogo
810 342 945 370 tantum
962 336 1117 383 praecipi
1134 335 1304 380 puerilem

316 387 540 432 disciplinam
557 388 600 421 de
617 389 769 421 externis
786 387 963 431 operibus.

417 437 556 472 Deinde
587 439 740 482 amplius
771 438 969 481 fingebant,
1004 435 1165 470 homines
1196 437 1306 469 iustos

316 501 390 523 esse
411 489 472 522 illa
495 488 699 533 disciplina,
728 495 759 522 et
778 488 907 521 mereri
923 488 1167 521 remissionem
1185 498 1306 531 pecca·
1332 510 1334 520 ,

317 548 453 580 torum,
480 547 512 573 et
529 540 695 574 delebant
713 546 822 573 totam
839 539 1036 572 doctrinam
1053 540 1096 572 de
1113 538 1255 572 Messia.

418 589 564 623 Necesse
587 597 638 623 est
660 597 775 623 autem
794 587 858 623 hos
876 601 1010 623 errores
1028 590 1062 623 in
1080 588 1235 623 Ecclesia
1255 594 1306 621 ta-

318 642 412 681 xari,
438 646 471 674 et
488 640 658 674 illustrari
678 641 876 674 doctrinam
894 642 938 674 de
955 648 1113 684 peccato,
1139 646 1171 673 et
1190 641 1232 672 de
1252 650 1306 671 re-
1331 625 1336 670 i

982 691 1131 735 Propter
1146 688 1209 723 has
1226 702 1308 723 cau-
1334 711 1335 720 1

319 690 498 725 demtione
521 703 583 735 per
599 690 765 725 Messiam
788 692 929 726 donata.

320 754 373 776 sas
389 742 557 776 recitatur
574 743 750 776 enarratio
768 742 945 786 Decalogi.

421 791 491 827 Sed
514 799 593 826 ante
610 793 870 827 enarrationem
889 793 974 836 legis
993 792 1249 825 consolationes
1266 792 1309 825 de

320 855 421 877 cruce
447 851 716 887 proponuntur,
743 844 824 888 quia
842 841 1034 887 pharisaica
1053 843 1234 883 doctrina,
1262 842 1310 876 si-

321 900 378 928 cut
404 900 436 927 et
458 891 701 938 philosophica
716 922 725 935 ,
753 896 891 936 ignorat
914 893 1111 926 doctrinam
1137 895 1179 926 de
1195 905 1310 934 cruce,

321 951 353 978 et
374 945 423 978 sic
443 945 691 985 ratiocinatur,
722 944 824 977 Iustis
842 945 930 977 bene
946 944 1008 984 sit,
1035 944 1125 977 Abel
1143 944 1310 979 interfici-

321 1001 389 1029 tur.
441 995 532 1037 Ergo
551 993 641 1028 Abel
660 1002 710 1028 est
729 995 899 1035 iniustus,
926 1001 958 1028 et
975 995 1122 1028 reiectus
1138 1008 1155 1029 a
1173 994 1258 1030 Deo.

424 1045 491 1079 Sed
516 1043 600 1078 haec
623 1046 782 1079 doctrina
809 1043 875 1079 hoc
899 1045 976 1078 loco
999 1046 1168 1087 affirmat,
1194 1044 1311 1079 horni-

322 1108 404 1130 nem
427 1108 500 1129 non
524 1096 692 1130 reiectum
718 1108 791 1130 esse
813 1108 831 1130 a
847 1095 921 1130 Deo
939 1104 1082 1141 propter
1098 1109 1236 1130 crucem
1255 1097 1311 1130 vel

323 1147 544 1182 calamitates.

423 1197 469 1232 Et
484 1197 732 1232 universaliter
749 1199 891 1243 prodest
907 1199 993 1232 scire
1011 1196 1174 1232 homines
1190 1199 1227 1232 in
1243 1198 1312 1233 Ec-

323 1249 445 1290 clesia,
473 1250 567 1294 quod
591 1261 713 1282 omnes
736 1250 966 1291 calamitates,
995 1256 1054 1283 aut
1078 1257 1160 1284 sunt
1180 1262 1314 1294 poenae

324 1307 526 1334 revocantes
545 1301 587 1333 ad
605 1301 858 1344 poenitentiam
872 1326 880 1338 ,
907 1307 945 1334 ut
963 1301 1106 1334 exilium
1123 1299 1280 1334 Davidis.

426 1350 500 1384 Aut
515 1357 599 1384 sunt
615 1351 775 1385 exercitia
789 1378 797 1391 ,
824 1358 863 1384 ut
881 1363 997 1384 carcer
1015 1349 1154 1395 Ioseph.

426 1401 500 1434 Aut
520 1408 602 1435 sunt
619 1401 818 1435 testimonia
835 1402 1033 1443 doctrinae,
1059 1408 1099 1436 ut
1117 1401 1312 1436 interfectio

327 1450 496 1486 Iohannis
509 1479 518 1492 ,
545 1451 659 1487 Pauli.

427 1501 501 1536 Aut
527 1509 607 1536 sunt
633 1503 787 1546 precium
815 1516 878 1548 pro
903 1504 991 1537 aliis.

326 1561 376 1587 est
392 1554 465 1586 sola
484 1565 579 1585 mors
596 1551 740 1587 Christi.

424 1601 471 1637 Et
495 1603 682 1647 diligenter
697 1610 908 1637 mementote
928 1602 990 1637 bos
1009 1611 1161 1649 quatuor
1176 1605 1314 1647 gradus,

325 1661 356 1688 et
381 1666 480 1699 saepe
503 1655 668 1698 cogitate,
698 1662 735 1688 ut
761 1655 876 1689 sciatis
902 1667 963 1688 cur
983 1655 1137 1689 Ecclesia
1163 1656 1208 1689 sit
1230 1656 1314 1688 sub-

1045 1503 1132 1537 Tale
1157 1503 1312 1548 precium

326 1706 412 1739 iecta
439 1706 550 1746 cruci,
578 1713 611 1740 et
634 1718 672 1739 ex
698 1703 752 1739 liis
776 1706 934 1739 fontibus
953 1713 1138 1739 sumantur
1155 1706 1314 1739 consola·
1340 1734 1342 1744 ,

325 1757 456 1797 tiones,
480 1764 663 1802 postquam
683 1757 811 1790 scimus
830 1768 949 1790 causas
967 1757 1214 1791 afflictionum.

615 1849 687 1882 Iam
716 1850 875 1894 seqnitur
901 1856 1023 1884 textus.

360 1919 475 1951 Beati
489 1927 679 1961 pauperes
694 1919 854 1962 spiritu,
884 1916 924 1950 id
941 1922 1016 1959 est,
1047 1918 1112 1953 mie
1131 1918 1163 1952 in
1180 1923 1291 1952 armut

699 1968 843 2012 gebuttig
865 1967 942 2011 sino.

428 2034 584 2070 Exorsus
611 2043 659 2068 est
683 2043 798 2069 autem
825 2048 841 2068 a
869 2043 1091 2080 paupertate,
1126 2037 1206 2077 qnia
1233 2035 1316 2070 llaec

327 2094 376 2121 est
393 2087 679 2121 communissima
697 2087 836 2120 miseria
856 2088 1008 2131 piorum.

429 2136 475 2172 Et
506 2150 578 2171 non
612 2145 800 2182 quaeratur
835 2139 901 2170 alia
934 2138 1122 2182 expositio,
1159 2139 1318 2183 loquitur

329 2196 441 2223 textus
470 2190 512 2222 de
538 2195 758 2233 paupertate,
787 2201 891 2234 quam
919 2189 966 2221 sic
994 2201 1157 2222 vocamus
1181 2189 1317 2230 usitate,

329 2241 559 2283 indigentiam
584 2251 701 2273 rerum
727 2240 1021 2279 necessariarum,
1049 2253 1127 2273 cum
1145 2242 1238 2274 deest
1257 2254 1316 2286 pe-

329 2291 431 2324 cunia
449 2297 482 2324 et
501 2291 567 2323 alia
585 2292 627 2323 ad
646 2291 776 2324 victum
796 2291 998 2324 necessaria.

432 2341 506 2375 llos
533 2354 701 2385 pauperes
726 2342 871 2386 spiritu,
899 2342 932 2375 id
952 2350 1020 2380 est,
1049 2355 1126 2374 vera
1148 2344 1314 2386 patientia
1340 2351 1341 2357 ¹

329 2393 444 2426 cordis
475 2394 662 2426 tolerantes
688 2400 945 2437 paupertatem,
979 2393 1064 2426 ‹lit-it
1090 2394 1208 2427 beatos
1233 2407 1316 2435 esse,
1339 2391 1341 2405 ¹

330 2445 363 2477 id
389 2451 457 2481 est.
485 2457 556 2477 non
583 2444 727 2477 reiectos
753 2457 770 2477 a
796 2443 889 2484 Deo,
917 2445 974 2478 sed
1000 2441 1167 2478 habentes
1187 2452 1313 2479 statum
1338 2455 1341 2485 ε

329 2494 402 2528 Deo
434 2495 639 2539 placentem.

329 2554 486 2579 mortuos
514 2544 681 2579 babentes
705 2547 811 2579 vitam
836 2554 1032 2584 aeternam.
1067 2554 1105 2580 ut
1129 2548 1233 2589 vulgo
1260 2548 1311 2580 lo-

329 2598 488 2639 quimur.
527 2604 585 2630 aut
618 2605 856 2641 promerentes
885 2598 990 2631 vitam
1017 2604 1214 2638 aeternam,
1253 2601 1311 2632 sed

327 2647 494 2691 significat
521 2649 652 2681 bonum
677 2660 782 2692 opus.
809 2661 866 2681 seu
891 2656 1018 2683 statum
1048 2661 1118 2682 non
1146 2649 1310 2683 reiectum

708 2495 795 2528 Nam
824 2494 920 2529 Beati
955 2493 1010 2529 liic
1041 2508 1111 2529 non
1144 2497 1314 2537 significat

900 71 1026 108 PHIL.
1053 71 1170 110 MEL.
1195 70 1405 109 SCRIPTA
1433 72 1732 112 EXEGETICA.

1341 2171 1343 2192 Ι

1340 2232 1343 2249 t

1340 2256 1342 2275 Ι

2266 79 2341 117 568

1326 165 1330 214 t
1354 172 1372 193 a
1388 159 1483 202 Deo,
1510 169 1548 196 ut
1566 162 1595 196 si
1612 162 1760 203 diceret,
1787 161 1885 196 Bene
1901 169 1952 197 est
1971 164 2199 208 pauperibus,
2224 165 2262 199 id
2279 174 2343 208 est,

1328 234 1329 237 =
1354 223 1427 244 non
1444 220 1524 246 sunt
1544 213 1662 246 reiecti
1680 225 1697 246 a
1716 212 1801 246 Deo.

1456 261 1502 297 Et
1518 264 1676 309 loquitur
1690 265 1732 297 de
1748 263 1925 306 Ecclesia,
1953 275 2042 308 quae
2060 264 2275 299 antea·iusta
2294 273 2345 301 est

1355 313 1441 354 fide,
1475 321 1594 357 postea
1626 312 1732 349 habet
1760 314 1870 348 multa
1906 315 1999 348 bona
2032 326 2158 359 opera,
2193 327 2344 360 quorum

1356 364 1494 407 singula
1528 365 1698 398 dicuntur
1733 365 1982 401 beatitudines.
2040 365 2194 399 Lazarus
2228 366 2346 400 iacens

1330 417 1333 433 ¹
1356 421 1438 448 ante
1455 416 1599 449 domum
1625 415 1746 450 divitis
1768 422 1817 449 est
1842 416 1982 453 beatus,
2015 417 2075 450 sed
2100 417 2167 457 ita,
2193 418 2347 460 primum

1331 446 1334 504 i
1359 472 1409 499 est
1425 465 1536 499 iustus
1552 466 1632 508 fide,
1660 474 1778 510 postea
1794 466 1870 500 eius
1888 467 2058 510 patientia
2077 467 2114 499 in
2131 474 2349 512 paupertate,

1331 524 1334 563 ς
1358 523 1410 550 est
1431 517 1630 558 beatitudo,
1666 517 1699 550 id
1725 524 1796 557 est,
1832 518 1967 551 bonum
1983 529 2080 563 -opus
2096 517 2171 552 Deo
2187 519 2347 563 placens:

1332 568 1335 575 '
1359 579 1423 601 nec
1439 568 1586 602 reiectus
1602 575 1651 602 est
1667 568 1818 602 Lazarus
1836 580 1854 601 a
1870 566 1957 602 Deo.

1459 617 1642 653 Praeterea
1668 619 1851 652 sciendum
1875 626 1945 659 est,
1974 631 2046 653 non
2072 619 2210 654 laudari
2237 619 2349 662 ipsam
2397 655 2409 665 Ἄ

1361 676 1620 713 paupertatem,
1647 671 1735 704 sicut
1753 667 1918 703 monachi
1936 670 2124 710 finxerunt,
2152 671 2212 715 qui
2232 677 2350 703 tamen

1361 732 1434 753 non
1458 720 1664 764 indigebant
1691 721 1774 754 ullis
1799 721 1905 754 rebus
1929 721 2146 756 necessariis.

1335 824 1337 829 '
1362 822 1496 856 dientia
1519 833 1596 866 erga
1617 823 1742 858 Deum.
2405 862 2407 866 ¹

1335 877 1337 921 ᾖ
1466 872 1654 919 Utrunque
1679 879 1729 906 est
1754 874 1960 908 ordinatum
1984 886 2001 907 a
2027 873 2122 914 Deo,
2149 873 2294 908 divitiae
2318 879 2352 907 et
2398 910 2405 922 ,

1363 931 1560 968 paupertas.
1621 922 1668 957 Et
1693 936 1756 958 nec
1782 932 1926 970 propter
1950 926 2093 959 divitias
2117 937 2180 958 nec
2207 931 2351 972 propter

1336 967 1604 1023 {paupertatem
1641 973 1747 1008 homo
1775 976 1945 1020 recipitur
1978 983 2037 1010 aut
2074 976 2252 1015 reiicitur,
2292 975 2352 1008 sed
2389 974 2403 987 ''

1336 1023 1338 1029 ’
1363 1032 1455 1059 recte
1471 1026 1522 1060 uti
1541 1026 1693 1066 divitiis,
1721 1032 1771 1060 est
1788 1027 1921 1060 bonum
1944 1039 2052 1072 opus,
2079 1033 2170 1060 recte
2194 1027 2245 1060 uti
2266 1037 2353 1070 pau-

1337 1075 1339 1082 ⁴
1364 1083 1497 1121 pertate
1513 1077 1618 1110 etiam
1637 1084 1688 1111 est
1708 1077 1842 1110 bonum
1859 1089 1960 1121 opus.

1337 1137 1339 1168 t
1465 1125 1646 1161 Abraham
1670 1135 1720 1161 est
1745 1128 1860 1168 dives,
1888 1136 1920 1161 et
1946 1129 2058 1173 placet
2074 1126 2169 1168 Deo,
2196 1127 2279 1173 quia
2303 1134 2354 1161 est

1338 1209 1339 1225 ¹
1365 1178 1478 1213 iustus
1502 1179 1589 1219 fide,
1625 1185 1658 1212 et
1683 1179 1810 1212 deinde
1835 1186 1928 1213 recte
1952 1179 2064 1213 utitur
2091 1179 2243 1217 divitiis,
2280 1189 2353 1212 non

1337 1229 1339 1278 ζ
1364 1229 1476 1273 pluris
1503 1230 1584 1263 facit
1607 1229 1767 1268 divitias,
1803 1242 1908 1275 quam
1936 1230 2192 1263 confessionem
2221 1229 2354 1263 doctri-

1338 1281 1339 1306 *
1364 1292 1440 1314 nae.

1338 1326 1341 1380 ζ
1466 1331 1598 1364 Moises
1624 1331 1661 1364 in
1685 1332 1764 1365 aula
1790 1329 1988 1366 Pharaonis
2013 1338 2127 1375 posset
2149 1343 2222 1365 esse
2245 1331 2354 1370 dives,

1365 1388 1397 1416 et
1421 1382 1496 1415 fieri
1520 1381 1707 1426 Princeps,
1745 1383 1772 1415 si
1801 1383 1964 1417 deficeret
1987 1383 2031 1416 ad
2056 1382 2263 1425 religionem
2282 1381 2353 1416 Ae-

1338 1447 1339 1474 ᾗ
1364 1433 1580 1478 gyptiacam‚
1613 1435 1671 1466 sed
1703 1433 1837 1467 mavult
1861 1445 1932 1467 esse
1958 1445 2106 1478 pauper,
2141 1445 2180 1466 ac
2202 1433 2354 1467 retinere

1338 1491 1339 1499 ¹
1365 1495 1483 1517 veram
1500 1484 1719 1527 religionem.
1775 1484 1876 1517 Talia
1895 1485 2051 1529 exempla
2066 1484 2176 1517 multa
2193 1485 2356 1518 videmus

1339 1553 1341 1576 Ι
1365 1535 1401 1567 in
1420 1535 1626 1579 quotidiana
1649 1535 1732 1570 vita.
1785 1535 1926 1580 Aliquis
1952 1548 1991 1569 ex
2015 1535 2118 1569 nobis
2142 1542 2258 1579 posset
2283 1546 2356 1568 esse

1339 1581 1342 1614 i
1365 1585 1463 1618 dives
1480 1584 1700 1625 Canonicus,
1730 1597 1808 1618 cum
1827 1586 2016 1630 impietate.

1467 1635 1534 1670 Sed
1556 1637 1688 1670 mavult
1713 1647 1785 1670 esse
1805 1649 1940 1685 pauper
1955 1636 2154 1677 Diaconos,
2182 1649 2260 1671 cum
2280 1637 2354 1681 pie-

1340 1703 1341 1709 *
1365 1693 1447 1721 tate.

1339 1745 1342 1788 Ι
1513 1764 1608 1803 Quia
1627 1773 1754 1796 eorum
1770 1766 1823 1796 est
1842 1771 1999 1808 regnum
2017 1761 2208 1796 coelorum.

1340 1812 1343 1877 ἦ
1470 1829 1631 1872 Quaero,
1664 1827 1722 1863 An
1747 1835 1949 1873 paupertate
1981 1834 2183 1862 mereantur
2208 1839 2355 1871 regnum

1341 1882 1343 1906 «¹
1366 1881 1572 1914 coelorum?
1600 1880 1698 1920 Non,
1725 1881 1785 1913 sed
1804 1892 1882 1913 cum
1902 1879 1970 1912 iam
1989 1886 2088 1912 antea
2106 1879 2186 1912 facti
2206 1879 2274 1913 siut
2293 1879 2355 1912 filii

1340 1931 1343 1959 Γ
1367 1939 1399 1965 et
1419 1930 1601 1971 haeredes,
1629 1943 1775 1973 regnum
1792 1931 1969 1964 coelorum
1990 1930 2094 1963 simul
2113 1937 2161 1964 est
2186 1942 2356 1975 compen-

1340 1970 1343 2011 Ι
1366 1983 1454 2016 satio
1473 1995 1535 2027 pro
1555 1989 1767 2027 paupertate.

1507 2068 1602 2110 Quid
1619 2066 1814 2116 significat
1835 2078 1991 2114 reynum
2010 2067 2216 2103 coelorum?

1471 2136 1549 2170 Non
1572 2137 1684 2170 solum
1702 2138 1856 2171 futuram
1877 2136 2046 2179 gloriam,
2072 2137 2131 2169 sed
2150 2136 2254 2171 simut
2274 2137 2355 2170 nni-

1367 2201 1500 2223 versam
1520 2189 1760 2221 defensionem
1777 2187 1934 2221 ‹livinam
1953 2187 1989 2220 in
2007 2185 2070 2220 bac
2088 2188 2171 2223 vita.

1471 2237 1596 2283 loseph
1630 2240 1663 2273 in
1695 2251 1850 2275 carcere,
1888 2251 2037 2283 pauper,
2070 2236 2175 2273 habet
2204 2249 2353 2280 regnum

1366 2292 1555 2325 coelorum.
1610 2290 1671 2325 Est
1690 2290 1787 2323 dives
1807 2297 1950 2334 propter
1967 2289 2207 2324 defensionem
2224 2289 2303 2323 Dei.

1698 2378 1811 2411 Beata·
1834 2376 2019 2423 lugentes.

1468 2445 1644 2489 lingentes
1676 2443 1740 2478 boc
1767 2444 1844 2477 loco
1869 2445 2080 2487 generaliter
2110 2443 2353 2486 intelligantur

1339 2489 1341 2506 ⁸
1365 2508 1487 2530 omnes
1506 2497 1568 2545 pii.
1587 2496 1647 2541 qni
1665 2496 1756 2529 veris
1772 2495 1957 2529 doloribus
1974 2503 2006 2530 et
2022 2495 2212 2539 angoribus
2228 2505 2351 2527 excru-
2381 2514 2387 2521 ·

1338 2560 1339 2595 j
1365 2549 1513 2585 riantur„
1537 2555 1573 2582 ut
1592 2547 1742 2592 primum
1762 2546 1822 2592 qui
1842 2547 1971 2580 iniuste
1987 2547 2193 2590 affliguntur
2209 2552 2354 2589 propter
2380 2557 2386 2577 ε.

1365 2599 1616 2643 professionem
1636 2611 1737 2631 vei-:w
1757 2598 1955 2639 doctrinae,
1983 2605 2043 2631 aut
2056 2596 2189 2642 alioqui
2211 2596 2353 2640 patiun-
2378 2610 2387 2625 n

1365 2659 1422 2684 tni·
1445 2651 1669 2688 innocentes,
1698 2649 1818 2695 quales
1846 2649 1989 2684 fuerunt
2007 2645 2207 2687 Abraham.
2235 2645 2352 2687 iacob,
2382 2657 2390 2678 v

1362 771 1484 815 quitur
1500 772 1542 804 de
1562 772 1762 806 obedientia
1781 771 1817 804 in
1835 778 2048 816 paupertate,
2068 772 2105 805 id
2123 778 2185 813 est,
2200 720 2351 805 {Zdolig-
2399 758 2405 809 ¹.
