2409 2915
308 123 392 161 XII.

164 207 324 245 Christus
347 209 472 255 aspicit
489 219 574 250 nos»,
601 209 868 244 commonefacit
885 220 949 244 nos
965 219 1049 243 voce

62 261 266 305 Evangelii,
301 267 334 295 et
356 258 464 295 trahit
485 258 622 304 Spiritu
643 269 707 292 suo
730 266 869 302 sancto,
897 260 987 294 sicut
1010 259 1048 292 in

61 311 276 358 Apocalypsi
292 311 460 356 scriptum
478 315 544 344 est:
567 308 632 344 Sto
649 310 694 343 ad
710 310 839 344 ostium
858 317 891 344 et
907 311 1021 355 pulso.

164 369 361 404 Audiamus
385 368 512 412 igitur,
539 373 574 402 et
598 378 672 401 non
696 369 908 412 repellamus
932 368 1047 413 Spiri-

59 429 137 456 tum
153 427 324 456 sanctum.
374 418 443 453 Sed
462 418 655 460 cogitemus
672 419 716 452 de
735 426 955 463 peccatorum
973 431 1047 453 ma-

60 471 265 515 gnitudine,
290 477 324 504 et
339 470 383 503 de
396 470 487 503 iusta
503 469 553 502 ira
568 467 653 508 Dei,
681 476 715 504 et
729 470 930 513 doleamus,
957 470 1046 505 sicut

60 521 200 563 Aaron,
227 520 365 562 David,
391 518 517 554 Petrus
538 519 742 556 doluerunt.

65 124 161 162 1017

311 627 352 652 De
370 627 493 652 secunda
512 630 607 660 parte,
637 628 679 654 de
701 628 789 660 side.

160 687 229 722 Sed
252 699 325 721 non
350 695 488 723 tantum
511 689 556 723 sit
581 689 684 722 dolor
708 689 745 722 in
771 689 892 730 nobis,
916 689 975 722 sed
1001 688 1044 722 sit

59 739 165 774 etiam
196 739 299 780 fides,
334 739 484 772 sciamus
516 737 608 773 hanc
630 740 898 784 promissionem
921 746 953 773 et
978 736 1044 773 hoc

58 791 294 824 iuramentum
310 789 393 824 Dei:
423 789 515 823 Vivo
533 801 613 834 ego,
641 790 725 824 dicit
742 790 933 831 Dominus,
959 790 1042 823 nolo

58 847 208 874 mortem
238 840 450 884 peccatoris,
484 841 543 874 sed
569 847 608 874 ut
630 847 857 874 convertatur
880 847 912 874 et
936 840 1042 875 vivat.

57 891 217 926 Sciamus
255 890 366 923 filium
397 891 464 925 Dei
503 891 724 935 apparuisse,
767 898 806 924 ut
846 898 1042 935 peccatores

58 948 199 985 agentes
224 941 479 985 poenitentiam
503 941 660 986 recipiat.
714 941 874 976 Sciamus
897 939 963 975 hoe
986 942 1041 975 di-

57 999 151 1026 ctum
169 990 336 1026 Domini:
366 991 492 1026 Venite
517 993 560 1026 ad
583 1004 639 1026 me
658 1004 796 1034 omnes,
824 992 884 1038 qui
902 992 1041 1026 lahora-

56 1043 102 1077 tis
133 1049 166 1076 et
188 1042 326 1076 onerati
349 1042 451 1084 estis,
487 1049 521 1077 et
544 1054 606 1087 ego
631 1043 782 1077 reficiam
809 1055 880 1077 vos.
939 1042 1041 1076 Hanc

58 1093 171 1138 ipsam
197 1093 394 1126 doctrinam
411 1092 536 1127 Petrus
557 1091 624 1127 hoc
649 1094 759 1128 biduo
778 1093 815 1126 in
834 1093 956 1127 dolore
976 1105 1039 1127 suo

57 1143 244 1187 cogitavit,
271 1150 303 1177 et
321 1141 386 1177 hac
405 1155 470 1177 con
529 1144 646 1178 atione
662 1156 696 1177 se
715 1145 936 1185 sustentavit,
962 1144 1039 1177 fue-

56 1201 141 1228 runt
164 1194 202 1227 in
226 1206 267 1227 eo
290 1194 390 1228 initia
414 1194 513 1235 fide1,
540 1195 674 1240 alioqui
698 1195 857 1238 periisset
875 1195 962 1228 sicut
982 1194 1040 1228 lu-

57 1246 139 1283 das,
174 1251 208 1278 et
237 1245 306 1278 fuit
336 1256 460 1288 magna
492 1245 584 1279 lucta
613 1245 747 1278 doloris
772 1252 804 1279 et
829 1245 927 1278 fidei:
960 1245 1038 1278 ideo

55 1292 217 1329 Christus
240 1301 318 1338 post
341 1295 632 1329 resurrectionem
655 1307 735 1329 eum
758 1296 860 1329 valde
882 1302 1040 1329 amanter

55 1345 266 1379 consolatur.
319 1343 367 1379 Et
388 1342 484 1378 haud
507 1345 613 1378 dubie
632 1346 797 1389 cogitavit
812 1345 936 1378 Petrus
954 1343 1038 1378 haec

54 1396 161 1430 verba
178 1395 346 1432 Domini,
372 1395 463 1429 dicta
485 1395 616 1439 pridie:
644 1395 745 1429 Petre
759 1422 768 1436 ,
794 1395 892 1428 oravi
913 1407 978 1439 pro
996 1402 1039 1435 te,

54 1457 99 1478 ne
128 1445 267 1479 deficiat
298 1445 384 1478 fides
413 1451 484 1481 tua.
559 1443 608 1479 Et
638 1452 818 1491 utcunque
849 1457 884 1479 se
918 1445 1037 1488 erexit,

52 1496 165 1530 multa
195 1496 288 1529 dicta
310 1493 457 1529 Domini
483 1496 638 1539 cogitans
659 1507 770 1541 usque
795 1497 838 1529 ad
863 1495 956 1530 diem
980 1508 1037 1529 re-

53 1546 296 1587 surrectionis,
322 1547 373 1580 ibi
392 1545 567 1580 Dominus
589 1558 707 1580 coram
725 1559 804 1580 eum
823 1546 1037 1588 consolatur,

53 1604 86 1632 et
100 1596 321 1631 absolutione
339 1596 523 1631 manifesta
541 1609 619 1631 eum
640 1597 775 1641 recipit.

153 1653 202 1689 Et
232 1652 319 1688 haec
348 1661 399 1689 est
428 1656 582 1689 secunda
607 1666 730 1696 causa,
763 1662 906 1700 propter
931 1667 1035 1701 quam

52 1705 138 1742 haec
169 1705 327 1750 exempla
356 1705 626 1748 diligentissime
656 1706 910 1739 consideranda
944 1713 1036 1747 sunt,

52 1758 135 1804 quia
167 1762 249 1790 sunt
277 1755 479 1790 testimonia
504 1756 643 1799 regulae
668 1763 700 1789 et
725 1757 930 1801 principalis
953 1768 1036 1800 pro-

51 1806 444 1850 missionisEvangelii,
471 1807 565 1851 quod
584 1806 667 1840 velit
679 1806 774 1840 Deus
792 1819 914 1840 omnes
929 1818 1036 1850 agen—

51 1866 103 1894 tes
117 1857 370 1904 poenitentiam
388 1863 420 1890 et
436 1857 614 1890 credentes
632 1857 797 1901 recipere,
823 1858 910 1891 sicut
920 1858 1035 1890 Aaro-

51 1922 151 1950 nem,
185 1907 376 1948 Davidem,
410 1906 572 1947 Petrum‚
599 1905 726 1940 horum
749 1909 893 1942 suerunt
919 1908 1035 1940 mani-

49 1960 128 1995 festi
149 1960 267 2003 lnpsus
290 1957 429 2001 magni,
456 1965 488 1992 et
511 1965 626 1992 tamen
650 1958 778 2002 recepti
795 1965 888 1994 sunt.
940 1958 1034 2002 Ergo

50 2023 113 2045 nec
139 2021 203 2044 nos
228 2008 420 2043 multitudo
446 2015 665 2052 peccatorum
690 2016 892 2043 nostrorum
919 2010 1035 2042 deter-

49 2069 142 2102 reat,
166 2072 236 2106 quo
256 2059 374 2093 minus
392 2060 576 2093 credamus
592 2060 696 2093 nobis
713 2060 856 2094 remitti.
908 2058 953 2093 Et
969 2057 1034 2093 hae

49 2110 218 2146 historiae
257 2117 338 2144 sunt
374 2110 531 2153 exempla
570 2108 676 2144 huius
709 2111 864 2154 regulae:
909 2109 1033 2145 Gratia

49 2163 216 2197 exuberat
232 2172 337 2205 supra
356 2160 536 2196 delictum.

150 2220 262 2254 Filius
279 2218 345 2251 Dei
368 2219 547 2261 potentior
569 2224 620 2252 est
636 2224 708 2252 toto
727 2230 833 2261 regno
854 2219 983 2262 peccati
1001 2225 1034 2253 et

48 2271 203 2308 Diaboli.

49 2323 224 2358 sufficiens
248 2320 400 2364 pretium
425 2332 488 2364 pro
512 2319 581 2353 tuis
598 2320 756 2363 peccatis,
809 2319 888 2353 Non
907 2326 1032 2354 contu-

48 2374 152 2408 melia
170 2371 299 2406 afficias
314 2371 425 2404 filium
443 2369 528 2409 Dei,
557 2377 590 2404 et
608 2370 802 2414 passionem
822 2371 906 2405 eius.

150 2431 218 2466 Sed
246 2431 385 2470 credas,
412 2430 503 2475 quod
525 2428 568 2463 sit
587 2440 667 2461 vere
686 2429 861 2462 sufficiens
881 2429 1030 2473 pretium

49 2495 113 2529 pro
137 2481 240 2515 nobis
254 2480 437 2518 omnibus,
465 2486 498 2514 et
516 2480 609 2525 quod
628 2477 722 2512 Deus
738 2480 782 2513 sit
800 2492 924 2520 verax,
951 2491 1031 2513 vere

50 2534 134 2568 velit
157 2543 223 2565 nos
246 2537 388 2575 propter
411 2531 521 2564 filium
547 2530 670 2574 gratis,
699 2542 770 2562 non
799 2537 940 2574 propter
965 2542 1031 2563 no-

50 2592 155 2620 stram
180 2581 387 2626 dignitatem
408 2581 573 2625 recipere.
626 2578 672 2614 Et
690 2578 754 2614 hac
772 2581 839 2614 fide
856 2582 898 2614 ad
917 2580 1030 2615 Deum

49 2635 223 2675 accedito,
249 2639 282 2666 et
305 2632 393 2666 scias
417 2638 451 2665 te
475 2637 558 2665 tunc
578 2638 756 2677 receptum
776 2644 868 2672 esse,
895 2638 928 2666 et
947 2629 1030 2665 hae·

50 2686 167 2720 redem
183 2695 256 2719 esse
274 2683 364 2718 vitae
382 2688 555 2718 aeternae.

444 117 838 161 ANNOTATIONES
864 117 932 159 ET
958 116 1241 159 CONCIONES
1268 118 1319 158 IN
1344 119 1403 159 ΕΣ

1400 119 1479 159 'AN
1519 150 1529 163 .
1555 119 1835 162 MATTHAEt.
1987 125 2083 162 1018

1200 207 1285 243 Post
1315 207 1406 242 hanc
1436 209 1540 243 fidem
1572 210 1677 245 debet
1708 217 1742 246 et
1766 223 1858 246 nova
1881 211 2082 248 obedientia

1098 257 1215 303 sequi,
1241 259 1331 293 sicut
1353 259 1478 294 Petrus
1501 268 1620 306 postea
1642 261 1709 296 suit
1735 262 1774 296 in
1798 262 1993 298 ministerio
2017 274 2080 298 suo

1098 314 1131 343 et
1148 315 1220 344 tota
1237 309 1308 343 vita
1324 310 1492 344 obediens
1504 335 1513 350 ‚
1540 318 1574 346 et
1591 312 1717 349 fidelis.

1408 443 1544 498 Caput
1587 446 1773 490 XXVII.

1578 534 1607 570 1.

1196 600 1350 635 Ducitur
1373 599 1469 635 Iesus
1484 602 1527 636 ad
1544 601 1719 646 Pilatum,
1742 603 1804 638 ubi
1820 603 1973 649 primum
1988 607 2078 640 reci-

1096 659 1188 687 tatur
1205 664 1317 695 poena
1335 651 1454 688 Iudae.

1195 705 1231 738 2.
1283 701 1406 736 Postea
1423 702 1614 745 accusatio,
1640 710 1673 738 et
1689 703 1860 740 confessio
1873 703 2018 742 Christi.

1195 753 1229 787 3.
1280 754 1422 787 Deinde
1447 753 1619 788 confessio
1645 753 1771 796 Pilati,
1798 758 1894 802 quod
1916 755 2078 792 Christus

1093 804 1137 839 sit
1155 803 1336 838 innocens.

1195 854 1230 891 4.
1284 853 1419 897 Quarto
1431 854 1618 898 flagellatio
1632 863 1666 891 et
1676 855 1856 891 coronatio
1868 869 1946 892 cum
1958 858 2077 904 spinis.

1195 904 1230 939 5.
1280 904 1541 939 Condemnatio
1559 913 1591 941 et
1609 907 1799 943 crucifixio.

1193 958 1230 993 6.
1283 956 1477 990 Conversio
1493 956 1661 1000 latronis,
1686 965 1720 993 et
1735 958 1803 992 alia
1819 958 2032 997 testimonia.

1335 1055 1472 1087 Primum,
1502 1056 1542 1081 de
1564 1063 1682 1088 poena
1705 1057 1830 1084 Iudae.

1191 1116 1296 1151 Prius
1326 1117 1485 1152 recitavit
1509 1119 1706 1163 exemplum
1730 1120 1849 1164 lapsus
1874 1119 1987 1164 Petri,
2014 1123 2075 1168 qui

1090 1175 1207 1202 tamen
1239 1179 1428 1201 conversus
1452 1175 1520 1207 est,
1554 1175 1588 1202 et
1609 1170 1653 1202 ad
1679 1171 1933 1215 poenitentiam
1958 1174 2073 1209 rediit.

1089 1218 1166 1252 Hoc
1198 1219 1304 1261 igitur
1327 1218 1524 1262 exemplum
1547 1219 1704 1255 continet
1729 1221 1968 1256 dulcissimam
1990 1236 2075 1257 con-

1090 1269 1310 1304 solationem.

1190 1318 1294 1352 Nunc
1316 1318 1411 1352 aliud
1433 1319 1630 1363 exemplum
1656 1321 1833 1366 sequitur,
1860 1321 1984 1363 Iudae,
2012 1326 2074 1370 qui

1090 1381 1162 1402 non
1187 1380 1376 1402 conversus
1399 1376 1467 1409 est,
1494 1370 1655 1415 nongegit
1673 1383 1789 1405 veram
1808 1374 2074 1417 poenitentiam,

1088 1421 1148 1453 sed
1171 1425 1221 1452 est
1247 1430 1431 1463 oppressus
1455 1420 1577 1452 dolore
1601 1427 1634 1453 et
1656 1421 1727 1455 ruit
1749 1422 1786 1454 in
1802 1429 1982 1457 aeternum
2001 1427 2074 1459 exi-

1088 1470 1198 1511 tium,
1224 1469 1261 1502 in
1285 1475 1462 1503 aeternam
1486 1469 1594 1509 iram,
1621 1477 1654 1504 et
1678 1468 1874 1506 horrendos
1890 1475 2074 1518 cruciatus,

1088 1532 1176 1566 quos
1207 1520 1306 1553 nulla
1336 1520 1457 1564 lingua
1481 1518 1667 1554 hominum
1691 1523 1747 1556 vel
1771 1523 1976 1568 angelorum
1999 1526 2073 1561 elo-

1089 1571 1151 1617 qui
1170 1576 1294 1615 potest.

1188 1618 1235 1654 Et
1259 1618 1326 1654 hoc
1348 1621 1545 1665 exemplum
1569 1621 1789 1665 propositum
1812 1629 1883 1665 est,
1909 1631 1947 1659 ut
1963 1626 2072 1662 simus

1087 1671 1292 1714 vigilantes,
1326 1678 1365 1705 ut
1390 1682 1464 1704 non
1490 1671 1556 1715 ipsi
1578 1671 1672 1706 ultro
1699 1684 1908 1717 quaeramus
1933 1684 2070 1720 peccata

1087 1719 1336 1766 blasphemiae.

1188 1770 1312 1804 Petrus
1335 1770 1538 1804 infirmitate
1561 1772 1680 1816 lapsus
1703 1779 1770 1811 est,
1798 1786 1999 1821 quanquam
2019 1786 2070 1814 est

1087 1819 1285 1855 horrendus
1310 1821 1443 1865 lapsus,
1467 1828 1583 1856 tamen
1602 1835 1674 1856 non
1692 1820 1759 1857 hoc
1775 1824 1869 1858 ultro
1885 1828 2069 1871 quaesivit,

1087 1884 1159 1905 non
1194 1869 1260 1904 hoc
1292 1872 1422 1912 voluit,
1456 1879 1495 1906 ut
1521 1873 1773 1908 interficeretur
1794 1872 1974 1917 Christus,
2008 1881 2067 1913 sed

1086 1929 1223 1957 tantum
1242 1922 1310 1955 sibi
1326 1923 1463 1956 metuit.

1188 1971 1293 2006 Iudas
1322 1984 1404 2006 vero
1435 1972 1502 2006 fuit
1531 1971 1775 2016 blasphemus,
1816 1982 1850 2011 et
1879 1977 2001 2012 volens
2034 1986 2069 2015 et

1086 2023 1198 2057 sciens
1216 2023 1388 2067 quaesivit
1405 2021 1491 2064 hoc,
1517 2030 1558 2058 ut
1574 2022 1735 2058 Christus
1753 2025 2016 2064 interficeretur.

1187 2072 1256 2107 Hic
1279 2074 1386 2107 simus
1405 2074 1518 2113 cauti,
1545 2086 1589 2107 ne
1606 2075 1644 2107 in
1662 2075 1743 2109 talia
1758 2085 1894 2120 peccata
1912 2090 2067 2121 ruamus,

1087 2125 1146 2158 sed
1171 2124 1308 2157 assidue
1327 2123 1439 2158 Deum
1463 2136 1621 2166 oremus,
1644 2132 1683 2159 ut
1699 2137 1763 2159 nos
1779 2134 1874 2170 regat
1890 2135 1921 2162 et
1940 2130 2066 2163 confir-

1085 2181 1174 2212 met,
1201 2187 1265 2208 nec
1286 2175 1377 2209 sinat
1400 2187 1464 2209 nos
1487 2188 1527 2209 eo
1552 2187 1661 2220 usque
1686 2176 1778 2217 labi,
1801 2177 1890 2212 sicut
1913 2179 1956 2212 de
1978 2178 2064 2214 Iuda

1056 2265 1060 2268 ξ
1086 2225 1252 2270 scriptum
1270 2232 1333 2259 est:
1363 2225 1511 2260 Intravit
1528 2225 1674 2260 Satanas
1691 2226 1728 2259 in
1746 2238 1806 2260 cor
1819 2227 1904 2261 eius.

255 2269 337 2303 Non
361 2269 490 2313 cogites
512 2276 659 2302 mortem
683 2268 748 2302 filii
773 2269 841 2303 Dei
865 2281 936 2303 non
961 2281 1033 2302 esse
1056 2272 1059 2274 ’

1187 2275 1303 2309 Huius
1332 2277 1418 2311 tanti
1448 2276 1532 2309 mali
1559 2276 1836 2320 magnitudinem
1864 2279 2064 2322 cogitemus,

1084 2338 1163 2360 cum
1187 2338 1313 2370 magno
1337 2327 1481 2365 timore,
1515 2333 1547 2360 et
1569 2326 1681 2360 Deum
1705 2327 1854 2361 assiduis
1877 2330 2064 2372 gemitibus

1084 2388 1242 2418 oremus,
1267 2384 1306 2411 ut
1325 2389 1389 2410 nos
1405 2383 1520 2420 regat,
1547 2388 1611 2410 nec
1627 2377 1717 2411 sinat
1733 2389 1798 2411 nos
1814 2378 1897 2420 labi,
1925 2381 1984 2413 sed
2001 2382 2062 2415 de-

1084 2428 1191 2474 pellat
1215 2440 1233 2460 a
1257 2428 1360 2461 nobis
1376 2426 1587 2467 Diabolum,
1614 2427 1803 2461 clamemus
1828 2436 1862 2464 et
1882 2431 1924 2463 ad
1950 2431 2061 2465 filium

1082 2477 1147 2512 Dei
1167 2477 1359 2511 Dominum
1384 2485 1542 2512 nostrum
1559 2477 1672 2511 Iesum
1690 2476 1869 2512 Christum
1882 2506 1890 2520 ,
1917 2486 1955 2514 ut
1972 2481 2062 2516 adsit

1083 2529 1202 2569 nobis,
1237 2529 1318 2574 quia
1348 2527 1442 2562 filius
1467 2527 1532 2562 Dei
1562 2528 1678 2569 venit,
1711 2535 1749 2562 ut
1777 2529 1932 2563 destruat
1956 2543 2061 2575 opera

1082 2577 1236 2619 Diaboli,
1264 2586 1295 2612 et
1311 2579 1490 2612 conculcet
1509 2586 1610 2622 caput
1627 2579 1813 2622 serpentis:
1840 2577 1897 2614 Ab
1907 2579 2061 2616 Domine

1082 2629 1161 2664 lesu
1182 2627 1341 2670 Christe,
1382 2630 1430 2663 fili
1452 2628 1518 2663 Dei
1550 2629 1710 2663 crucifixe
1733 2641 1796 2674 pro
1820 2631 1924 2664 nobis
1947 2639 1981 2666 et
2006 2644 2061 2666 re-

1082 2681 1245 2715 suscitate
1296 2681 1419 2713 sedens
1450 2680 1491 2713 ad
1525 2680 1681 2713 dextram
1709 2680 1841 2714 aeterni
1866 2679 1996 2723 Patris,
2027 2690 2060 2717 et
