2409 2915
247 101 322 139 759

249 199 312 222 nes
347 186 514 219 falsorum
553 184 757 229 dogmatum
791 191 826 219 et
857 186 1158 230 corruptelarum,
1198 193 1239 221 ut

250 238 390 272 auditor
414 235 616 269 admonitus
639 246 774 269 errores
799 239 878 269 cu'm
902 237 958 279 pia
985 237 1146 271 doctrina
1172 250 1239 282 pu-

251 294 396 331 gnantes
412 286 518 330 possit
535 287 682 330 agnitos,
709 294 877 332 tanquam
894 299 1028 320 venena
1044 288 1238 331 perniciosa

251 339 374 378 vitare,
399 337 531 380 sugere,
556 342 589 370 et
605 337 786 373 exsecrari.
838 336 1029 383 Postquam
1046 338 1238 382 igiturDo—

251 388 369 421 minus
398 387 582 432 proposuit
613 387 652 420 in
682 388 974 432 praecedentibus
1007 389 1239 423 concionibus

251 438 450 472 doctrinam
479 438 650 481 integram
679 445 713 472 et
744 439 987 483 incorruptam
1017 440 1063 473 de
1086 439 1177 484 Lege
1201 451 1240 473 ac

250 487 464 532 Evangelio,
488 489 587 522 addit
601 500 696 522 nunc
709 486 801 522 hanc
817 490 1151 533 praemonitionem,
1180 502 1240 523 seu

252 539 628 573 commonefactionem
657 539 884 573 necessariam
907 541 950 574 de
974 541 1150 584 fugiendis
1175 542 1240 574 do-

253 590 387 624 ctrinae
406 589 632 633 corruptelis,
657 590 701 623 de
720 590 875 625 vitandis
890 603 929 625 ac
944 592 1157 626 detestandis
1172 592 1239 625 fal—

253 641 301 674 sis
333 647 366 674 et
399 640 517 683 impiis
549 641 791 684 dogmatibus,
827 642 871 675 de
904 643 1105 676 deserendis
1136 648 1240 687 atque

254 690 419 724 cavendis
445 688 785 736 Pseudoprophetis,
819 704 880 727 seu
909 693 1070 727 fanaticis
1100 699 1133 727 et
1160 705 1239 740 per·

254 741 362 774 versis
380 741 595 777 doctoribus.

358 790 406 825 Ut
427 797 545 825 autem
563 789 630 825 hoc
645 792 850 827 mandatum
867 792 994 836 passim
1012 793 1048 826 in
1067 794 1239 838 scriptura

254 843 444 886 repetitur,
471 842 520 875 ita
543 842 645 876 vobis
665 843 769 877 etiam
793 854 894 886 saepe
916 843 1138 889 multumque
1158 857 1240 889 pro-

255 893 341 937 poni
361 892 448 926 solet
465 899 498 926 et
516 893 703 933 inculcari,
729 894 1028 938 quemadmodum
1045 906 1101 928 res
1120 895 1240 940 loqui—

255 949 314 977 tur
337 943 428 988 ipsa,
463 955 605 987 prorsus
630 943 667 977 id
687 944 882 977 necessario
901 944 988 979 fieri.
1047 944 1119 979 Nec
1143 947 1238 979 enim

255 1000 380 1034 cessat,
415 994 673 1039 interquiescit,
703 1001 763 1028 aut
784 995 928 1039 languet
950 994 1024 1029 otio
1050 995 1240 1035 Diabolus,

254 1045 314 1077 sed
349 1045 505 1078 intentus
534 1044 571 1076 in
600 1044 818 1086 οεεειείοῐιεε,
849 1045 1001 1079 subinde
1032 1046 1154 1080 incitat
1183 1047 1239 1080 in-

254 1095 390 1140 quieta,
416 1094 552 1128 curiosa
576 1101 610 1127 et
634 1095 827 1138 petulantia
847 1095 1008 1139 ingenia,
1033 1098 1076 1130 ad
1096 1104 1241 1131 contur-

253 1145 390 1178 bandos
415 1145 699 1179 cavillationibus
718 1152 752 1180 et
769 1144 1025 1190 sophismatum
1045 1148 1240 1192 praestigiis

254 1195 420 1239 limpidos
450 1196 565 1230 fontes
588 1207 691 1230 verae
713 1208 753 1230 ac
776 1197 940 1231 salutaris
964 1198 1161 1239 doctrinae,
1196 1200 1237 1232 ad

253 1246 469 1290 corruptelas
500 1247 689 1281 vaferrime
713 1247 955 1282 admiscendas
977 1255 1070 1282 recte
1093 1249 1241 1291 traditis,

253 1297 296 1330 ad
321 1298 544 1330 accendenda
561 1309 654 1331 nova
671 1304 704 1332 et
724 1298 861 1333 infinita
879 1298 1045 1340 dissidia,
1073 1301 1115 1333 ad
1134 1312 1239 1345 quae-

252 1349 363 1381 renda
390 1348 482 1381 bella
510 1349 718 1389 domestica,
750 1349 795 1382 ad
825 1350 1017 1383 movendas
1043 1350 1242 1391 seditiones,

253 1399 297 1431 ad
315 1395 491 1431 Ecclesiae
509 1398 657 1432 vulnera
676 1399 786 1443 magis
802 1400 981 1445 magisque
1000 1401 1241 1434 crudelissime

254 1448 497 1488 dilaceranda,
531 1455 565 1483 et
593 1449 703 1488 odiis,
736 1456 770 1484 et
792 1448 1000 1494 sophistica:
1035 1451 1124 1484 sicut
1147 1452 1239 1484 vidi-

253 1499 315 1533 stis
338 1499 423 1543 ipsi‚
458 1499 541 1532 inde
564 1511 675 1544 usque
698 1500 742 1534 ab
767 1501 868 1534 initio
893 1501 1075 1535 doctrinae
1102 1502 1241 1549 scriptis

255 1557 287 1583 et
310 1561 394 1583 voce
416 1547 566 1583 Lutheri
589 1557 794 1590 renovatae,
821 1551 1012 1595 quotannis
1033 1552 1104 1584 fere
1129 1563 1240 1584 novos

253 1606 424 1633 sectarum
456 1606 490 1633 et
513 1599 704 1633 factionum
728 1599 865 1634 furores
888 1601 1060 1639 extitisse,
1094 1603 1240 1645 perinde

253 1657 291 1683 ut
308 1657 436 1684 resecta
453 1647 585 1695 hydrae
595 1649 752 1684 Lerneae
768 1651 879 1694 capita
897 1652 1155 1694 suppullulasse
1174 1653 1239 1685 sin—

253 1708 385 1744 guntur
416 1701 452 1733 in
488 1708 671 1744 poetarum
707 1702 847 1737 fabulis.
909 1701 1067 1736 Primum
1100 1710 1239 1736 exortus

252 1759 302 1785 est
326 1753 426 1785 furor
451 1752 636 1786 seditionis
661 1753 877 1794 rusticanae,
904 1753 941 1786 in
967 1765 1035 1798 qua
1054 1751 1238 1786 hominum

253 1814 356 1847 supra
379 1811 520 1837 centnm
540 1803 650 1836 millia
669 1803 796 1848 passim
815 1805 986 1838 trucidata
1000 1832 1007 1845 ‚
1036 1805 1161 1837 misere
1180 1817 1240 1848 pe—

253 1854 405 1893 rierunt3
457 1851 523 1886 hoc
558 1853 653 1885 enim
689 1855 869 1898 expetebat
906 1862 939 1889 et
971 1853 1241 1889 machinabatur

253 1903 411 1938 Satanas.
466 1903 545 1937 Non
573 1904 677 1946 longo
697 1905 884 1938 intervallo
900 1912 977 1949 post
994 1907 1121 1939 exarsit
1138 1907 1240 1939 sune-

252 1961 344 1987 stum
368 1954 500 1986 bellum
528 1954 618 1987 inter
641 1966 746 1998 pagos
766 1954 976 1989 Helvetico&
1028 1955 1175 1990 Secutus
1191 1965 1240 1991 est

254 2005 354 2038 furor
388 2004 672 2048 Anabaptisticae
705 2012 832 2044 sectae,
881 2013 913 2041 et
948 2006 1240 2041 Monasteriensis

253 2056 431 2097 tragoedia
462 2056 563 2099 plena
594 2053 839 2098 horribilium,
873 2058 1081 2091 immanium
1112 2065 1142 2091 et
1177 2060 1239 2091 tri-

254 2107 486 2140 stissimorum
523 2107 776 2150 exemplorum.
843 2107 914 2141 lam
954 2109 1058 2141 iidem
1097 2109 1237 2143 fanatici

254 2157 505 2200 Anabaptistae.
537 2157 630 2191 velut
657 2157 858 2192 instauratis
884 2159 993 2202 copiis
1017 2161 1057 2192 ad
1085 2161 1238 2193 redinte-

253 2209 426 2249 grandum
452 2208 622 2249 praelium
648 2217 915 2248 concurrentes.
943 2223 1015 2243 non
1039 2211 1152 2244 solum
1179 2224 1238 2243 ve-

253 2266 342 2292 teres
367 2259 582 2301 perniciosos
600 2271 733 2293 errores
750 2261 867 2294 denuo
886 2269 1051 2305 spargunt
1064 2289 1072 2299 ,
1100 2264 1156 2295 secl
1177 2264 1237 2295 atl-

252 2310 339 2342 ‹lunt
370 2310 486 2341 denuo
521 2322 610 2342 nova
642 2311 786 2352 deliria,
821 2313 930 2354 magis
957 2313 1174 2356 prodigiosa,
1206 2321 1237 2347 et

252 2361 410 2393 tetriores
439 2358 687 2403 blasphemias:
715 2369 835 2396 serunt
860 2363 1030 2397 sactiones
1053 2372 1082 2396 et
1102 2365 1236 2397 discor-

842 98 968 135 PHlL.
994 98 1112 138 MEL.
1136 96 1346 137 SCRIPTA
1372 96 1672 135 EXEGETICA.

1261 185 1266 212 ι

1263 923 1268 1124 1

250 2412 326 2444 dias
351 2412 385 2444 in
413 2412 562 2455 populo.
597 2413 749 2457 denique.
771 2421 850 2447 sunt
876 2414 965 2448 faces
989 2426 1027 2447 ac
1056 2416 1159 2447 tubae
1184 2428 1237 2448 se-
1262 2425 1263 2437 ¹

251 2463 445 2503 ditionum,
481 2462 661 2506 cupientes
688 2461 859 2497 horribile
884 2465 1084 2499 incendium
1109 2468 1236 2499 excita-

251 2525 307 2550 re.
341 2525 411 2558 qno
444 2514 547 2557 paulo
572 2521 649 2558 post
673 2516 887 2559 conflagrare
912 2517 1140 2550 Germaniam
1167 2518 1236 2550 lae-

251 2571 378 2598 tentur.

353 2612 400 2647 Ex
427 2613 630 2648 huiusmodi
656 2618 778 2651 crassis
803 2625 832 2652 et
855 2619 1052 2661 insignibus
1069 2620 1236 2663 exemplis

250 2665 361 2697 cuivis
394 2667 616 2710 perspicuum
650 2669 770 2710 suerit,
805 2683 908 2715 quam
934 2670 1165 2704 necessarium
1191 2671 1232 2704 sit

1260 2607 1262 2611 Ι
1288 2570 1406 2602 munis
1429 2569 1588 2602 doctrina
1610 2565 1823 2601 (Tati-‹bismi
1850 2569 1969 2602 vestri.

2197 99 2275 136 ‘760

1288 183 1380 219 hanc
1408 186 1726 230 praemonitionem
1755 183 1897 229 publice
1918 184 2042 218 crebro
2065 185 2196 229 repeti,
2229 187 2275 220 de

1289 237 1452 270 cavendis
1470 237 1640 280 contagiis
1658 247 1817 270 errorum
1829 262 1839 275 ‚
1866 247 1927 269 seu
1943 235 2113 269 falsorum
2129 238 2276 279 dogma-

1290 293 1384 325 tum,
1419 293 1451 321 et
1479 287 1644 321 omnibus
1668 286 1877 331 corruptelis
1900 285 2083 320 doctrinae
2104 285 2274 320 coelestis.

1291 335 1466 380 Quocirca
1482 338 1655 372 debebant
1673 336 1834 371 homines
1851 337 1937 370 adeo
1953 348 2094 380 gravem
2110 342 2144 370 et
2157 347 2277 370 neces—

1290 387 1418 422 sariam
1441 389 1814 422 commonet'actionem
1839 399 1912 420 non
1937 387 2127 421 oscitanter
2143 387 2278 427 audire,

1291 438 1350 471 sed
1374 438 1514 472 assidua
1536 439 1765 473 meditatione
1788 438 1965 472 mentibus
1990 437 2149 481 affigere,
2176 444 2215 471 ut
2238 449 2277 471 ea

1292 489 1503 532 cogitatione
1526 489 1722 524 exsuscitati
1741 495 1838 523 tanto
1855 489 2047 523 studiosius
2063 494 2096 522 et
2112 488 2279 522 attentius

1292 551 1409 573 veram
1433 540 1628 574 doctrinam
1651 540 1844 579 discerent,
1878 545 2047 585 tantoque
2071 539 2278 584 diligentius

1292 597 1325 623 et
1351 590 1636 635 circumspectius
1657 591 1763 624 falsae
1789 589 1970 624 doctrinae
1993 590 2152 633 contagia
2171 589 2278 634 pesti·

1291 640 1364 674 fera
1382 641 1546 676 vitarent.

1394 691 1505 725 Porro
1527 691 1706 735 generales
1727 690 1809 725 illae
1832 703 1870 725 ac
1892 691 2108 725 universales
2131 702 2279 734 gnomae

1293 741 1442 785 singulis
1458 742 1680 776 familiariter
1695 748 1799 776 notae
1815 742 1906 782 sint,
1931 740 2047 778 Galat.
2066 742 2115 777 1.:
2144 741 2184 777 Si
2200 741 2279 787 quis

1293 793 1388 826 aliud
1406 793 1638 836 Evangelium
1658 793 1835 837 docuerit,
1863 789 2061 826 Anathema
2079 792 2135 827 sit.
2189 791 2278 826 Item

1292 846 1327 878 2.
1352 842 1521 878 Iohannis
1534 846 1577 877 1.:
1607 842 1737 888 Siquis
1751 843 1887 877 venerit
1903 843 1945 875 ad
1962 854 2023 877 vos
2039 855 2113 876 non
2129 841 2281 876 afferens

1294 892 1384 927 hanc
1411 894 1628 934 doctrinam,
1662 906 1741 927 eum
1774 906 1838 928 nec
1862 893 2039 937 recipiatis
2062 894 2100 927 in
2124 894 2282 934 domum,

1293 957 1356 978 nec
1386 945 1519 979 salvere
1549 944 1715 978 iubeatis:
1757 957 1839 978 nam
1872 944 1932 990 qui
1958 945 2104 978 salutem
2128 944 2213 978 dicit
2238 943 2281 982 ei,

1292 996 1528 1030 communicat
1541 995 1706 1043 operibus
1722 996 1796 1030 eius
1812 996 1923 1031 malis.
1975 993 2137 1040 Denique
2152 994 2281 1039 passim

1292 1057 1331 1079 ac
1354 1047 1505 1080 subinde
1528 1047 1733 1080 mandatum
1758 1047 1802 1080 de
1822 1047 1987 1090 fugienda
2008 1046 2093 1080 salsa
2109 1045 2282 1086 doctrina,

1292 1103 1396 1142 atque
1418 1097 1621 1130 deserendis
1636 1095 1957 1143 Pseudoprophetis
1979 1097 2017 1130 in
2036 1097 2209 1142 scriptura
2224 1095 2281 1130 di-

1293 1148 1374 1181 vina
1391 1148 1579 1192 repetitum
1597 1154 1658 1181 est.

1395 1197 1463 1232 Sed
1490 1196 1547 1231 hic
1568 1199 1720 1241 agitatur
1743 1197 1855 1241 prima
1879 1198 2053 1243 quaestio:
2080 1196 2119 1232 Si
2143 1207 2282 1231 necesse

1293 1256 1342 1282 est
1374 1249 1486 1282 vitare
1515 1249 1638 1282 falsam
1672 1249 1868 1282 doctrinam
1900 1256 1934 1282 et
1965 1249 2073 1293 impia
2106 1248 2282 1291 dogmata,

1292 1306 1383 1333 certe
1415 1300 1513 1343 prius
1537 1306 1675 1343 oportet
1699 1299 1948 1344 praescriptam
1971 1311 2030 1333 seu
2054 1299 2281 1333 constitutam

1292 1361 1364 1382 esse
1382 1357 1510 1383 certam
1529 1350 1704 1393 regulam,
1731 1356 1765 1383 et
1782 1361 1943 1383 normam
1960 1351 2159 1388 immotam,
2186 1349 2282 1382 iuxta

1291 1412 1397 1445 quam
1414 1400 1654 1434 diiudicentur
1667 1400 1841 1443 dogmata,
1864 1407 1903 1434 ut
1919 1400 2027 1444 possit
2042 1399 2181 1443 agnosci
2198 1411 2280 1432 vera

1292 1451 1452 1484 doctrina
1475 1458 1507 1485 et
1531 1451 1666 1485 illustre
1688 1451 1876 1484 discrimen
1901 1451 2057 1485 retineri.
2111 1448 2167 1484 Ad
2189 1447 2279 1483 hanc

1291 1501 1524 1535 obiectionem
1543 1502 1736 1545 perspicua,
1763 1508 1853 1535 certa
1865 1508 1896 1535 et
1909 1501 2006 1534 firma
2018 1501 2200 1544 responsio
2212 1507 2279 1534 est:

1290 1550 1386 1584 Deus
1410 1552 1631 1596 praescripsit
1650 1565 1688 1585 ac
1707 1552 1852 1586 tradidit
1869 1551 1934 1585 tibi
1951 1552 2113 1595 planam,
2140 1557 2282 1590 certam,

1291 1609 1323 1635 et
1340 1602 1522 1636 immotam
1537 1603 1705 1646 regulam,
1729 1601 1985 1647 quandoPater
2000 1609 2163 1635 aeternus
2179 1607 2282 1635 sonat

1291 1650 1381 1685 hanc
1404 1665 1523 1685 vocem
1548 1654 1591 1686 de
1609 1653 1706 1687 coelo
1723 1650 1897 1687 Matthaei
1917 1652 1988 1686 17.:
2018 1651 2086 1686 Hic
2101 1660 2152 1687 est
2168 1650 2282 1685 Filius

1292 1715 1388 1735 meus
1421 1704 1588 1739 dilectus,
1621 1716 1691 1747 quo
1720 1705 1893 1744 delector,
1925 1701 2021 1737 hunc
2044 1704 2172 1739 audite.
2233 1701 2281 1736 At

1290 1760 1424 1787 constat
1441 1750 1573 1786 Christi
1597 1753 1794 1787 doctrinam
1820 1754 2001 1787 verissime
2026 1765 2064 1787 ac
2089 1753 2281 1788 clarissime

1291 1804 1327 1836 in
1353 1805 1489 1848 scriptis
1508 1801 1764 1847 Prophetarum
1787 1816 1824 1837 ac
1844 1804 2096 1848 Apostolorum
2119 1815 2280 1848 compre-

1289 1852 1433 1888 hensam
1450 1866 1531 1888 esse.
1586 1854 1690 1897 Quod
1710 1855 1802 1888 enim
1821 1854 1913 1898 Papa
1933 1853 2134 1896 Romanus,
2161 1862 2194 1889 et
2209 1861 2281 1889 tota

1290 1907 1394 1939 factio
1406 1905 1587 1939 pontificia
1606 1906 1779 1943 clamitat,
1806 1905 2037 1950 Scripturam,
2065 1906 2099 1939 id
2118 1913 2180 1943 est,
2206 1917 2279 1939 ser-

1290 1969 1430 1990 monem
1454 1957 1617 1990 ‹livinum
1645 1967 1716 1989 esse
1735 1956 1884 1989 similem
1902 1957 1996 1990 soliis
2013 1955 2188 2002 Sibyllae,
2215 1957 2279 1989 ob-

1289 2019 1449 2046 scurum,
1483 2007 1676 2046 incertum,
1711 2013 1743 2040 et
1772 2007 1992 2051 ambiguum:
2028 2008 2210 2041 manifesta
2246 2014 2278 2042 et

1291 2071 1362 2091 non
1387 2059 1567 2091 toleranda
1591 2056 1808 2102 blasphemia
1829 2066 1888 2092 est.
1944 2056 2112 2092 Amantes
2129 2058 2224 2091 enim
2246 2065 2279 2093 et

1290 2115 1495 2155 quaerentes
1514 2110 1705 2146 veritatem,
1728 2110 1834 2142 modo
1850 2109 1924 2142 sani
1943 2109 2024 2147 sint.
2048 2116 2080 2143 et
2092 2109 2280 2143 mediocri-

1291 2168 1343 2194 ter
1360 2160 1510 2193 instituti
1531 2161 1565 2193 in
1581 2160 1745 2197 liet-lesia.
1775 2161 2057 2195 manifestissime
2072 2173 2109 2194 ac
2125 2161 2278 2204 explica-

1290 2212 1622 2254 tissimereperient,
1651 2212 1874 2255 perspicient.
1898 2209 2278 2257 atqnedeprehendent

1290 2275 1365 2296 eam
1390 2263 1425 2295 in
1447 2263 1548 2295 libris
1564 2260 1784 2307 Propheticis
1803 2269 1833 2296 et
1852 2262 2075 2307 Apostolieis.
2129 2261 2197 2296 Sed
2215 2262 2278 2308 qui

1289 2314 1545 2353 cavillationes,
1580 2315 1690 2352 rixas.
1718 2320 1749 2347 et
1778 2311 1990 2358 sophismata
2018 2319 2211 2358 quaerunt,
2240 2311 2277 2346 hi

1288 2366 1397 2407 magis
1409 2365 1587 2410 magisque
1599 2365 1826 2403 fascinantur,
1849 2371 2088 2403 excoecantur.
2110 2371 2141 2397 et
2154 2364 2278 2398 voten-

1289 2424 1338 2450 tes
1363 2423 1468 2449 ruunt
1494 2424 1598 2460 atquc
1621 2422 1828 2459 merguntur
1852 2414 1886 2447 in
1909 2416 2081 2450 tenebras.
2133 2412 2276 2449 Etenim

1262 2505 1263 2511 ἵ
1288 2479 1459 2501 summam
1480 2467 1663 2500 universae.
1682 2466 1873 2509 scripturae
1892 2478 2006 2499 sacrae
2024 2468 2066 2500 de
2084 2465 2188 2504 totis.
2215 2476 2276 2500 seu

1288 2519 1445 2551 articulis
1463 2518 1663 2551 necessariis
1680 2517 1934 2560 complectitur.
1962 2525 1993 2551 et
2011 2517 2167 2551 continet
2179 2529 2275 2550 tom—

2030 2568 2275 2611 Qurmdocun-

1288 2633 1355 2665 qne
1379 2621 1484 2663 igitur
1507 2619 1634 2653 auditis
1660 2619 1855 2651 doctrinam
1882 2626 2095 2663 pugnantem
2112 2630 2190 2651 cum
2208 2619 2275 2652 ali·

1287 2685 1356 2716 qno
1387 2671 1616 2706 articulorum
1648 2668 1878 2710 catechismi,
1925 2683 2000 2703 eam
2030 2677 2124 2705 terto
2156 2670 2274 2704 sciatis
