2409 2915
288 92 362 127 303

391 173 528 218 parata
563 170 648 201 sunt
675 163 812 200 omnia.
872 160 925 196 Et
955 165 1142 209 coeperunt
1173 159 1290 196 simul

397 231 518 254 omnes
535 228 709 252 excusare
724 227 771 251 se.
799 210 946 248 Primus
963 211 1061 247 dixit
1079 213 1112 246 ei
1119 227 1128 244 .·
1146 211 1285 259 Agrum
1310 227 1311 233 κ

399 271 487 311 emi,
515 274 545 302 et
562 279 697 302 necesse
718 263 815 299 mihi
835 270 884 299 est
905 265 1022 303 exire,
1048 268 1078 298 et
1100 262 1216 298 videre
1241 261 1288 295 il-
1310 260 1311 267 ¹

401 321 496 360 lum,
532 317 643 364 Rogo
669 323 718 359 te,
751 314 846 350 habe
870 327 924 349 me
948 319 1172 350 excusatum.
1233 312 1286 347 Et

401 371 496 406 alter
520 368 639 404 dixit:
693 367 794 414 Iuga
821 366 928 400 boum
954 365 1025 399 emi
1047 365 1222 413 quinque,
1257 368 1287 397 et
1310 376 1313 396 ι

399 435 438 457 eo
462 419 517 455 ad
537 417 771 469 probandum
798 416 888 459 illa,
915 414 1026 462 Rogo
1042 422 1091 455 te,
1119 414 1214 449 habe
1236 426 1289 448 me
1311 420 1313 450 J

401 477 625 508 excusatum.
672 470 725 504 Et
742 468 843 502 alius
859 466 974 502 dixit:
1002 466 1166 502 Uxorem
1185 464 1291 506 dua-i,

402 529 432 559 et
453 522 531 558 ideo
549 522 665 556 venire
681 533 752 554 non
764 531 925 567 possum.
967 517 1020 551 Et
1037 530 1196 552 reversus
1213 529 1289 551 ser-

402 588 464 610 vus
481 572 668 608 nunciat-it
686 569 776 605 haec
795 568 943 604 domino
962 582 1040 604 suo.

1312 602 1314 614 l

350 634 455 669 Tunc
481 634 599 666 iratus
627 629 928 679 paterfamilias,
957 627 1055 663 dixit
1081 640 1181 661 servo
1206 640 1289 660 suo:
1312 628 1314 679 1

399 683 484 719 Exi
499 683 567 717 cito
585 682 621 716 in
638 681 785 729 plateas
803 685 833 714 et
851 681 944 714 vicos
962 678 1131 720 civitatis,
1148 684 1178 712 et
1195 691 1291 725 pau-
1312 684 1315 724 ζ

399 747 500 783 peres
517 746 560 768 ac
571 731 719 776 debiles,
739 736 769 765 el
782 729 934 765 claudos
951 735 980 764 et
993 742 1109 764 coecos
1122 727 1290 763 introduc

404 784 484 820 huc.
521 783 573 818 Et
597 784 651 818 ait
667 795 811 817 servus:
839 781 1161 829 Dominefactum
1183 784 1232 814 est
1253 784 1289 813 ut
1313 776 1315 826 ζ

404 835 611 884 imperasti,
639 839 669 868 ct
687 832 810 868 adhuc
835 832 935 867 locus
957 837 1018 867 est.
1073 830 1126 864 Et
1151 831 1205 864 ait
1225 828 1288 864 do-
1312 829 1315 847 ¹

402 888 524 921 minus
541 898 657 920 servo:
681 884 769 918 Exi
789 884 827 918 in
845 883 923 917 vias
947 888 977 916 et
999 893 1115 928 sepes,
1140 886 1170 915 et
1197 893 1290 915 com—

400 937 494 986 pelle
512 938 661 978 intrare,
682 941 719 970 ut
737 934 935 982 impleatur
953 931 1080 967 domus
1095 944 1187 968 mea.
1215 931 1289 966 Di·
1313 939 1315 972 J

404 1002 442 1024 co
459 989 553 1022 enim
572 987 690 1028 cobis,
717 984 818 1034 quod
831 997 934 1018 nemo
952 984 1112 1017 virorum
1128 982 1292 1024 illorum,

403 1039 469 1088 qui
487 1037 606 1073 cocali
619 1042 724 1079 sunt,
747 1034 915 1083 gustabit
933 1046 1080 1068 coenam
1096 1046 1224 1068 meam.

403 1122 648 1170 Reprehensio
666 1131 716 1158 est
738 1129 932 1157 contemtus
949 1119 1154 1165 Evangelii,
1181 1120 1218 1152 in
1236 1116 1291 1152 his

304 1178 365 1224 qui
383 1177 569 1222 praecipue
593 1182 674 1209 sunt
698 1174 832 1214 vocati,
858 1171 924 1207 hoc
949 1179 1018 1212 est,
1047 1172 1107 1217 qui
1125 1171 1292 1204 videntur

303 1241 375 1263 esse
393 1228 578 1272 praecipua
595 1238 675 1271 pars
693 1224 880 1260 Ecclesiae.
929 1223 973 1258 Et
991 1223 1123 1257 adiecta
1142 1229 1190 1255 est
1206 1219 1292 1255 hor-

304 1279 420 1313 ribilis
446 1278 616 1312 sententia
638 1278 681 1310 de
705 1277 849 1310 illorum
874 1274 1187 1309 condemnatione:
1222 1272 1292 1305 Ne-

304 1343 362 1363 mo
380 1330 524 1363 illorum
549 1327 702 1372 gustabit
724 1338 881 1360 coenam.
937 1324 1152 1369 Quanquam
1177 1330 1292 1356 autem

306 1383 348 1415 de
365 1380 556 1414 reiectione
573 1378 698 1424 populi
719 1377 851 1411 ludaici
875 1376 1104 1409 concionatus
1123 1380 1171 1407 est
1190 1371 1294 1407 Chri-

304 1439 397 1472 stus,
423 1438 539 1465 tamen
558 1442 632 1463 non
650 1429 692 1463 de
711 1429 780 1461 illis
796 1427 880 1461 solis
906 1427 1084 1471 loquitur,
1111 1425 1169 1458 sed
1188 1435 1294 1467 gene-

306 1483 427 1517 raliter
442 1481 594 1527 pertinet
611 1480 735 1514 concio
756 1479 798 1513 ad
817 1478 935 1512 omnia
954 1484 1130 1521 tempora,
1157 1482 1294 1509 accusat

308 1539 524 1568 contemtum
543 1530 751 1575 Evangelii,
781 1530 816 1563 in
834 1529 1055 1568 doctoribus,
1082 1527 1294 1570 regentibus,

308 1593 340 1618 et
358 1583 614 1629 praestantiore
630 1589 728 1627 parte
754 1581 890 1625 populi.

408 1641 471 1676 Est
499 1648 615 1676 autem
639 1641 860 1683 agnoscenda
882 1646 915 1672 et
940 1638 1158 1681 deploranda
1184 1637 1296 1670 coeci-

308 1704 359 1729 tas
383 1692 559 1733 bumana,
587 1693 682 1737 quod
708 1687 820 1724 levius
847 1695 972 1723 curant
992 1686 1153 1721 homines
1170 1685 1298 1727 Deum,

308 1754 339 1780 et
365 1757 417 1778 res
436 1751 613 1783 aeternas,
642 1754 746 1788 quam
763 1741 836 1775 ulla
856 1740 990 1785 reliqua
1008 1739 1165 1782 corporis
1188 1749 1298 1780 nego·
1321 1754 1323 1766 ι

308 1798 372 1832 cia.
426 1795 525 1829 Sicut
549 1794 748 1839 plerunque
772 1792 808 1825 in
833 1791 931 1836 pagis
955 1790 1074 1824 rustici
1091 1789 1202 1831 magis
1221 1788 1298 1822 osfi-
1321 1801 1323 1812 ¹

309 1848 392 1881 ciosi
419 1853 500 1880 sunt
524 1856 604 1888 erga
630 1843 845 1882 bubulcum,
878 1854 982 1888 quam
1011 1841 1210 1873 animarum
1237 1852 1299 1883 pa-

309 1905 458 1937 storem,
486 1902 517 1930 et
536 1894 762 1937 interrogati,
789 1893 1003 1936 respondent
1019 1903 1053 1924 se
1080 1891 1188 1933 magis
1212 1901 1299 1933 opus

309 1947 438 1981 habere
464 1946 630 1980 bubulco.
693 1943 770 1978 Hoc
797 1943 994 1987 exemplum
1029 1941 1139 1985 pingit
1169 1941 1300 1973 similes

310 2000 455 2034 aflectus
472 1998 507 2030 in
526 1996 682 2031 summis.
738 1995 878 2038 Quanta
896 2001 946 2027 est
965 1992 1143 2025 contentio
1166 1992 1208 2024 de
1223 1992 1299 2035 glo-

310 2052 381 2088 ria,
410 2050 453 2083 de
477 2049 622 2093 opibus,
658 2060 736 2081 cuin
764 2045 904 2079 interim
928 2043 1154 2087 frigidissime
1178 2049 1300 2076 curent

311 2101 495 2140 homines,
521 2111 559 2133 ea
590 2110 677 2144 quae
703 2099 743 2131 ad
769 2096 916 2140 gloriam
934 2095 1016 2131 Dvi.
1045 2102 1102 2127 aut
1122 2094 1299 2138 propriant

310 2153 509 2185 animarum
543 2150 690 2183 salutem
724 2150 913 2193 pertinent.
976 2145 1090 2187 Magis
1124 2151 1302 2187 anguntur

311 2203 473 2236 homines
498 2202 628 2235 iactura
654 2199 840 2245 pecuniae,
868 2210 972 2243 qnam
1000 2196 1212 2229 conscientia
1239 2195 1301 2229 ali-

311 2254 410 2287 cuius
431 2252 573 2296 peccati.

413 2303 514 2336 llanc
540 2308 797 2346 praeposteram
827 2299 1089 2334 solicitudinem
1121 2305 1149 2330 et
1175 2299 1299 2339 depra—

313 2355 488 2387 xationeni
506 2352 709 2393 liominnrn=
738 2353 935 2397 significant
955 2349 1109 2393 exempl-0
1133 2346 1189 2381 liic
1215 2349 1300 2381 reci·
1324 2373 1325 2382 1

314 2414 394 2441 tata.
434 2404 536 2438 Alius
561 2404 685 2445 allegat
713 2416 746 2436 se
771 2404 894 2437 emisse.
919 2412 1038 2443 agros,
1075 2398 1130 2433 hic
1161 2407 1301 2443 propter

316 2470 386 2490 reni
404 2456 610 2489 familiarem
629 2455 771 2497 negligit
790 2455 936 2488 salntem
958 2464 1066 2486 snam.
1121 2450 1220 2483 ,llius
1250 2451 1299 2482 al-

317 2510 401 2549 legat
423 2521 457 2540 sc
477 2507 599 2540 emisse
618 2506 741 2545 bon-s,
770 2504 825 2538 liic
853 2504 962 2548 pluris
982 2504 1061 2536 facit
1079 2502 1215 2534 cixilein
1238 2514 1298 2545 po-

314 2559 456 2592 tentiam
494 2565 525 2591 et
561 2557 677 2589 civilia
712 2556 874 2598 negocia,
915 2567 1019 2599 qnznn
1056 2551 1326 2594 Evangeliuin.'

313 2610 411 2642 Sicut
440 2610 506 2641 iam
534 2608 667 2652 politici
694 2608 758 2641 siri
785 2608 927 2646 dicunt,
957 2618 990 2638 sc
1009 2617 1081 2637 esse
1098 2605 1298 2648 occupatio-
1323 2627 1326 2652 4

315 2673 366 2693 res
391 2659 532 2693 caeteris
566 2659 720 2702 negociis
754 2657 976 2696 necessariis,
1013 2669 1118 2701 qnam
1141 2661 1179 2688 ut
1203 2663 1295 2689 vno-t
1322 2676 1324 2682 ι

880 79 1006 117 PHlL.
1034 77 1150 114 MEL.
1176 77 1385 115 SCRIPTA
1411 75 1713 113 EXEGETICA.

2248 76 2323 111 304

1337 158 1571 204 Evangelium
1603 169 1822 203 cognoscere.
1888 159 1996 200 Item,
2026 159 2209 204 negligunt
2239 174 2324 207 pro-

1339 218 1417 256 pter
1433 223 1552 255 pacem
1569 211 1708 244 civilem
1726 216 1791 244 etc.
1831 209 1936 244 Alius
1951 210 2077 254 allegat
2091 212 2244 256 nuptias,
2269 210 2328 246 hic

1340 262 1493 306 praefert
1510 262 1694 305 coniugem
1713 267 1746 294 et
1762 261 1892 295 liberos
1908 261 2140 302 confessioni,
2163 274 2235 295 non
2253 263 2329 298 vult

1342 313 1379 345 in
1395 312 1584 347 discrimen
1602 312 1722 345 venire
1738 323 1819 345 suos
1834 318 1979 356 propter
1996 310 2245 356 Evangelium.

1443 371 1495 405 lta
1521 372 1559 405 in
1584 383 1720 405 summa
1743 368 1813 404 huc
1837 377 1995 415 spectant
2010 372 2184 416 exempla,
2210 379 2250 406 ut
2273 383 2330 406 re-

1343 419 1566 466 prehendant
1584 421 1844 467 perversionem
1863 419 2038 456 humanae
2054 429 2212 462 naturae,
2241 434 2331 468 quae

1345 473 1488 516 negligit
1504 473 1637 514 Deum,
1665 479 1698 507 et
1715 472 1841 505 maiori
1857 473 2083 506 solicitudine
2101 481 2199 508 curat
2223 484 2332 517 nego-—

1343 524 1395 557 cia
1410 524 1595 564 iuferiora,
1623 535 1712 568 quae
1728 522 1864 557 etiamsi
1876 530 1958 557 sunt
1975 525 2186 566 necessaria,
2213 532 2332 559 tamen

1343 586 1417 608 non
1438 582 1536 609 erant
1558 574 1783 608 anteferenda
1804 572 1899 614 Deo,
1925 574 2021 608 iuxta
2038 575 2145 608 illud:
2172 574 2333 609 Primum

1343 625 1500 672 quaerite
1516 637 1663 669 regnum
1679 623 1764 663 Dei,
1792 631 1826 658 et
1840 630 1971 658 caetera
1989 625 2202 660 adiicientur
2217 625 2332 661 vobis.

1447 683 1630 718 Secundus
1657 684 1754 717 locus
1777 683 1990 727 proponitur
2015 683 2129 727 imago
2145 682 2334 726 Ecclesiae,

1345 747 1425 768 cum
1443 734 1687 778 praestantiori
1705 741 1802 778 parte
1821 734 1948 767 reiecta
1966 740 2136 768 vocantur
2161 735 2278 768 claudi
2301 742 2335 768 et

1345 785 1450 819 coeci.
1506 784 1633 819 Monet
1650 785 1756 828 igitur
1767 784 1884 818 Deum
1902 796 2111 818 conservare
2126 782 2335 826 Ecclesiam,

1346 836 1553 879 colligendis
1570 836 1749 880 aliquibus
1768 835 1916 879 passim,
1943 835 2003 880 qui
2022 847 2096 868 non
2119 836 2335 870 antecellunt

1344 887 1474 934 opibus
1499 893 1533 920 et
1565 887 1769 926 autoritate,
1803 886 1893 919 sicut
1926 885 2044 931 inquit
2067 885 2203 919 Esaias:
2256 885 2335 920 Nisi

1344 938 1442 971 Deus
1458 937 1657 982 reliquisset
1674 937 1777 970 nobis
1800 948 1937 978 semen,
1965 938 2118 970 essemus
2137 936 2220 971 facti
2245 936 2334 971 sieut

1313 1033 1316 1040 Δ
1344 987 1498 1022 Sodoma
1517 995 1550 1022 et
1566 986 1754 1022 Gomorra.
2364 983 2367 985 ⁵

1568 1085 1680 1111 Tertius
1699 1087 1786 1112 locus.
1840 1088 1888 1113 De
1914 1087 2121 1114 coactione.

1448 1147 1534 1181 Tria
1557 1155 1639 1182 sunt
1663 1148 1896 1183 observanda.
1951 1148 2112 1182 Primum
2134 1145 2337 1180 dulcissima

1346 1205 1396 1232 est
1422 1199 1635 1240 consolatio,
1662 1200 1759 1244 quod
1780 1199 1880 1232 Deus
1909 1199 2014 1232 etiam
2036 1197 2115 1245 cogi
2138 1208 2204 1230 nos
2227 1197 2338 1237 iubet,

1346 1249 1518 1291 significat
1545 1250 1640 1281 enim
1665 1261 1744 1280 vere
1769 1261 1804 1280 se
1823 1255 1981 1291 expetere
1997 1246 2144 1280 salutern
2168 1253 2337 1286 nostram,

1348 1306 1381 1332 et
1409 1310 1489 1331 vere
1517 1298 1606 1331 velle
1629 1299 1781 1339 salvare,
1808 1305 1847 1332 ut
1864 1310 1943 1331 cum
1961 1305 2060 1342 pater
2076 1297 2168 1330 serio
2183 1297 2337 1330 afficitur

1348 1361 1431 1383 cura
1456 1349 1600 1392 regendi
1625 1348 1728 1390 Filii,
1755 1361 1828 1382 non
1852 1355 1989 1382 tantum
2013 1347 2150 1392 frigidis
2174 1347 2338 1381 admoni-

1348 1400 1518 1438 tionibus,
1533 1401 1592 1433 sed
1611 1400 1714 1433 etiam
1732 1399 1915 1433 severitate
1931 1400 2081 1444 quadam
2101 1398 2240 1443 imperii
2258 1409 2338 1442 erga

1318 1460 1319 1468 ¹
1349 1463 1429 1484 eum
1447 1451 1575 1492 utitur,
1602 1451 1694 1495 cogit
1714 1462 1792 1483 eum
1809 1451 1922 1484 facere
1939 1450 2106 1484 officium.

1451 1510 1633 1548 Secundo,
1687 1509 1867 1553 Significat
1903 1507 2064 1542 Christus
2102 1506 2339 1541 ministerium

1351 1573 1431 1595 vere
1446 1573 1517 1594 esse
1535 1561 1671 1601 efficax,
1697 1560 1778 1605 quia
1800 1560 1932 1593 coactio
1951 1558 2091 1603 proprie
2110 1556 2177 1591 hoe
2193 1557 2269 1591 loco
2292 1557 2340 1590 si-

1350 1612 1490 1656 gnificat
1514 1623 1607 1651 eam,
1634 1623 1723 1656 quae
1747 1611 1783 1644 fit
1807 1622 1868 1654 per
1886 1610 2121 1643 ministerium
2141 1606 2342 1652 Evangelii,

1351 1664 1446 1706 qnod
1465 1662 1630 1706 proponit
1646 1662 1854 1695 mandatum
1870 1659 1936 1694 Dei
1963 1667 1996 1694 et
2018 1667 2174 1693 aeternas
2199 1670 2342 1703 poenas,

1351 1721 1384 1746 et
1401 1719 1450 1745 est
1468 1712 1587 1745 efficax
1605 1713 1795 1744 adiuvante.
1812 1711 1898 1743 Deo.
1954 1710 2073 1751 Quare
2097 1717 2129 1742 et
2154 1708 2239 1741 baec
2261 1721 2341 1743 sen-

1352 1763 1460 1797 tentia
1485 1769 1587 1796 ornat
1617 1762 1839 1795 autoritatem
1864 1759 2072 1800 ministerii,
2109 1765 2140 1792 et
2170 1759 2341 1802 significat
2388 1772 2390 1783 >

1352 1813 1465 1848 Deum
1482 1825 1553 1846 esse
1567 1813 1740 1846 efficacem
1756 1823 1817 1855 per
1833 1810 2078 1843 ministerium.

1456 1863 1598 1903 Tertio,
1626 1862 1839 1907 Quanquam
1856 1858 2019 1895 Christus
2037 1858 2093 1894 hic
2112 1856 2204 1892 nihil
2223 1859 2340 1905 loqui·

1353 1923 1411 1950 tur
1431 1917 1474 1948 ‹le
1500 1914 1681 1947 coactione
1707 1912 1903 1961 corporali,
1934 1923 1994 1944 sen
2018 1912 2060 1945 de
2083 1910 2200 1944 officio
2227 1910 2341 1953 magi-
2384 1930 2388 1934 -

1353 1973 1546 2002 stratuum,
1581 1965 1639 1998 sed
1671 1971 1807 1998 tantum
1844 1964 1887 1995 de
1916 1962 2113 1996 ministerio
2145 1959 2342 2005 Evangelii,

1354 2018 1447 2062 qnod
1482 2016 1572 2059 cogit
1603 2016 1783 2060 proposito
1821 2015 1988 2047 mandato
2027 2012 2113 2053 Dei,
2153 2012 2342 2056 propositis

1354 2067 1504 2102 aeternis
1529 2066 1671 2111 poenis,
1706 2066 1810 2106 item,
1836 2065 2026 2098 adiuvante
2050 2063 2141 2097 Deo:
2169 2069 2287 2096 tamen
2310 2068 2343 2097 et

1355 2118 1578 2162 magistratus
1594 2129 1691 2151 suam
1711 2115 1814 2150 habet
1834 2115 2048 2149 coactionem
2062 2143 2070 2155 ,
2087 2114 2229 2154 scilicet,
2246 2114 2342 2160 quod

1356 2172 1397 2203 ad
1416 2169 1637 2213 disciplinam
1661 2175 1839 2201 externam
1856 2167 1996 2205 attinet,
2022 2167 2111 2199 sicut
2133 2165 2217 2198 alias
2242 2175 2343 2209 saepe

1356 2221 1527 2259 diximus,
1565 2219 1809 2261 Magistratum
1850 2230 1921 2251 esse
1952 2218 2131 2250 custodem
2163 2216 2268 2259 legis,
2302 2222 2342 2249 nt

2377 2024 2387 2151 ...ι-α

1357 2273 1454 2306 tollat
1479 2278 1656 2305 externam
1681 2269 1941 2309 idololatriam,
1967 2269 2089 2312 puniat
2115 2273 2256 2300 externa
2281 2267 2343 2300 de-
2378 2269 2380 2273 '

1357 2324 1448 2357 licta.

1503 2451 1716 2492 Dominica
1752 2448 1823 2489 tn.
1855 2453 1946 2500 post
1974 2445 2207 2488 Trinitatis

1615 2521 1845 2566 Evangelium
1878 2521 1990 2554 Lucae
2023 2520 2081 2556 15.

1411 2599 1530 2634 Erant
1555 2604 1674 2633 nutem
1709 2598 2047 2645 appropinquantes
2071 2596 2104 2629 ei
2130 2605 2251 2627 onmes
2274 2604 2343 2641 pua·

1455 2652 1593 2686 blicam
1611 2655 1640 2684 ct
1656 2655 1875 2695 percuteres,
1899 2654 1936 2683 ut
1953 2645 2123 2682 audimu
2143 2644 2261 2680 illum.
2289 2642 2342 2678 Et
