2409 2915
69 105 144 142 865
314 104 396 144 XII.

456 102 850 142 ANNOTATIONES
875 102 944 142 ET
969 103 1250 143 CONCIONES
1278 106 1328 143 IN
1353 104 1535 144 EVANG.
1564 107 1843 148 MATTHAEI.

2018 119 2093 155 866

70 189 231 233 vocatio,
257 191 463 226 exercitium
481 192 577 233 fidei,
602 203 675 225 non
692 198 740 226 est
759 191 830 226 otio
846 191 958 234 locus,
986 204 1060 226 non
1108 189 1210 225 Circa
1228 191 1458 228 Pentecosten
1478 193 1617 229 nullum
1634 195 1709 230 sore
1723 195 1966 235 Lutheranum
1984 202 2020 236 in
2039 201 2092 239 his

69 242 256 284 avaritiae,
283 255 356 276 non
373 243 570 277 ambitioni.
622 241 681 276 Sic
699 243 802 276 durat
816 242 985 285 Ecclesia,
1010 243 1059 276 sic

69 300 301 328 conservatur
322 292 557 336 Evangelium
581 292 620 326 in
643 293 772 326 talibus
797 293 988 333 exercitiis,
1021 300 1060 327 ut

67 342 105 376 in
123 341 309 389 Babylone
333 350 407 377 erat
431 343 545 376 maior
567 343 679 386 gloria
696 342 872 376 Ecclesiae
888 344 1059 385 adflictae,

67 391 230 428 Danielis
263 401 296 428 et
324 394 494 434 aliorum,
533 393 594 439 qui
625 394 795 427 nolebant
816 395 962 428 adorare
987 401 1058 429 sta-

68 450 186 484 tuam,
213 451 314 479 antea
333 444 446 478 fuerat
465 444 502 476 in
519 444 593 478 otio
613 443 850 490 lerosolymis.

170 501 444 537 Concluduntur
465 514 545 536 cum
567 500 838 542 adhortatione,
865 509 905 537 ut
921 510 1057 538 metua-

67 564 146 587 mus
159 564 290 599 poenas
305 550 362 586 hic
372 553 516 597 positas:
544 552 718 588 Videntes
728 565 802 587 non
815 553 968 596 videant,
994 560 1056 588 etc.

273 655 383 689 Omni
398 653 553 689 habenti
572 654 743 698 dabitur,
772 659 845 691 etc.

169 719 265 755 Haec
288 722 461 756 sententia
484 730 534 756 est
549 723 647 756 utilis
666 722 859 756 consolatio
876 733 939 766 pro
956 722 1056 755 infir-

64 770 132 806 mis
153 779 187 807 et
211 772 482 817 incipientibus,
509 774 568 818 qui
595 780 712 806 tamen
735 784 807 805 non
830 780 912 806 sunt
927 773 1056 816 ignavi,

66 829 103 858 et
126 819 257 857 habent
282 823 440 857 studium
464 823 624 857 discendi
644 829 678 857 et
699 823 908 868 proficiendi
929 824 967 856 in
985 824 1056 858 vita

67 879 103 908 et
117 873 291 909 doctrina.

170 923 216 957 Et
245 929 386 958 econtra
414 931 466 958 est
495 923 605 958 tristis
635 923 866 959 comminatio
889 924 1056 957 adversus

66 980 301 1009 contemtores
321 975 504 1009 doctrinae
526 982 559 1009 et
581 982 834 1020 persecutores,
886 973 1002 1008 Etiam
1019 975 1055 1008 id

67 1025 164 1070 quod
180 1022 332 1067 habent,
359 1026 550 1061 auferetur.

401 1125 486 1150 Fiat
510 1125 726 1156 adplicatio.

170 1174 282 1210 Multi
313 1173 476 1209 homines
504 1184 683 1220 anguntur
711 1183 745 1210 et
777 1175 947 1220 cogitant:
981 1175 1056 1219 Ego

69 1227 183 1260 sentio
208 1238 321 1260 meam
341 1227 600 1268 infirmitatem,
627 1239 699 1260 non
722 1225 835 1260 habco
855 1233 969 1260 tantas
984 1227 1058 1259 vir-

70 1283 180 1317 tutes,
213 1284 361 1322 quautas
393 1275 522 1310 habere
547 1278 738 1316 debebam,
774 1277 890 1310 nescio
914 1289 959 1310 an
981 1275 1057 1309 Deo

69 1327 243 1372 placeam,
279 1335 312 1361 et
341 1327 504 1360 incidunt
533 1328 570 1359 in
602 1339 764 1370 magnam
789 1327 1059 1367 dubitationem,

71 1389 160 1422 quae
177 1377 325 1421 impedit
341 1377 542 1422 aliquorum
561 1377 833 1412 invocationem.
1047 1377 1056 1383 ’

70 1439 110 1460 ex
135 1425 200 1460 hae
222 1427 416 1460 tentatione
438 1434 547 1461 ruunt
565 1427 602 1460 iu
620 1427 920 1475 desperationem,
949 1427 1002 1460 vel
1020 1427 1056 1459 in

68 1484 282 1512 contemtum
299 1476 377 1513 Dei.

174 1526 242 1561 Hic
265 1528 374 1561 simus
395 1527 598 1572 vigilanteS‚
625 1535 658 1562 et
674 1528 874 1562 muniamus
890 1539 955 1560 nos
972 1539 1057 1560 con-

71 1585 124 1612 tra
147 1575 239 1611 hanc
258 1578 486 1612 tentationem
498 1606 507 1619 ‚
532 1585 567 1612 et
584 1585 743 1612 teneatur
761 1577 845 1611 haec
862 1578 979 1619 regula
995 1578 1057 1610 fir-

70 1628 242 1661 missima:
272 1627 363 1661 Vivo
386 1640 467 1671 ego,
494 1629 578 1663 nolo
596 1636 744 1663 mortem
762 1628 972 1673 peccatoris,
997 1629 1056 1661 sed

71 1685 110 1713 ut
129 1685 353 1713 convertatur
371 1686 404 1712 et
421 1679 526 1714 vivat.

175 1729 213 1763 Si
233 1727 339 1762 habes
355 1729 507 1774 aliquam
523 1729 772 1764 contritionem
790 1735 823 1763 et
837 1741 911 1762 non
928 1729 1057 1762 retines

72 1786 211 1824 peccata
234 1786 355 1813 contra
378 1780 647 1821 conscientiam,
676 1787 759 1813 tnnc
778 1781 982 1813 mandatum
1003 1780 1058 1812 di-

73 1830 198 1863 vinum
219 1837 290 1870 est,
316 1836 355 1863 ut
381 1830 446 1863 tibi
470 1832 590 1863 credas
614 1831 744 1864 remitti
764 1838 898 1874 peccata
916 1837 1058 1874 propter

72 1878 267 1914 Dominum
307 1887 466 1914 nostrum
501 1880 615 1914 lesum
648 1878 827 1915 Christum
841 1907 850 1921 ,
892 1887 925 1914 et
962 1882 1059 1925 quod

73 1937 158 1964 tunc
183 1931 317 1974 placeas
340 1928 432 1971 Deo,
454 1943 526 1964 non
551 1938 694 1975 propter
717 1938 812 1964 tuam
836 1931 1059 1969 munditiem,

72 1982 133 2016 sed
151 1987 296 2026 propter
311 1981 574 2015 intercessorem
592 1981 705 2016 filium
721 1980 799 2015 Dei.

176 2039 221 2073 Et
237 2046 421 2085 postquam
437 2052 471 2074 es
486 2041 584 2082 talis,
611 2041 680 2074 iam
697 2041 784 2074 scito
802 2048 834 2074 te
853 2039 890 2074 in
908 2038 975 2074 boc
992 2051 1060 2073 nu-

75 2102 174 2124 mero
192 2102 283 2131 esse,
309 2092 352 2124 de
369 2103 438 2135 quo
456 2091 600 2125 dicitur:
629 2089 787 2125 Habenti
805 2091 960 2126 dabitur.

180 2146 238 2181 Tu
267 2144 376 2181 habes
400 2147 499 2182 initia
522 2149 622 2190 fidei,
656 2160 737 2192 ergo
763 2156 838 2193 pete
864 2149 1062 2181 incremen-

77 2205 173 2237 tum,
200 2205 284 2232 tunc
301 2196 395 2231 Dens
412 2195 505 2232 haud
524 2200 630 2234 dubie
646 2206 679 2232 te
693 2199 852 2232 exaudiet
869 2206 901 2232 et
917 2199 1061 2233 iuvabit.

77 2249 173 2283 Haec
203 2256 253 2282 est
283 2249 443 2282 doctriua
474 2249 576 2282 valde
599 2250 696 2283 utilis
718 2250 759 2282 ad
785 2249 1061 2283 consolationem

68 2299 199 2334 ‘contra
218 2306 441 2343 conspectum
462 2307 600 2333 nostrae
618 2300 843 2334 infirmitati&

183 2358 280 2392 Idem
305 2361 450 2392 docetur
476 2358 513 2391 in
536 2357 601 2392 hoc
619 2359 728 2391 dicto:
757 2357 851 2391 Deus
871 2358 994 2403 estqui
1012 2358 1062 2390 fa-

81 2410 145 2448 cit,
179 2418 217 2443 ut
245 2409 375 2449 velitis,
409 2416 440 2442 et
466 2416 505 2442 ut
530 2409 732 2453 perficiatis,
767 2416 805 2441 ut
828 2409 944 2452 aliqua
970 2409 1062 2441 bona

80 2460 165 2494 fiant
181 2460 245 2503 ipsi
261 2467 368 2502 grata.
410 2458 449 2493 ld
468 2467 536 2501 est,
562 2459 613 2493 Ne
628 2461 787 2503 desperes
807 2466 949 2503 propter
967 2465 1062 2492 tuam

81 2510 340 2550 infirmitatem,
367 2510 457 2543 sicut
477 2510 545 2543 iam
571 2518 661 2543 certe
681 2510 810 2554 specics
827 2509 1062 2542 Ecclesiarum

82 2568 281 2594 nostrarum
313 2560 414 2593 valde
439 2567 488 2594 est
513 2561 670 2601 infirma,
704 2561 805 2593 multi
831 2567 953 2603 putant
978 2560 1062 2599 sore,
1086 2555 1088 2561 ’

83 2619 124 2646 ut
140 2612 243 2656 paulo
260 2617 337 2655 post
354 2611 510 2644 deleatur
527 2619 595 2645 tota
611 2610 974 2653 doctrinalivaugelii,
997 2610 1063 2642 sic-

84 2669 123 2695 ut
147 2674 260 2706 nuper
281 2661 368 2695 dixit
391 2660 585 2706 Episcopus
609 2662 845 2700 Lebusianus,
878 2668 916 2695 ut
939 2660 1062 2694 audio:

136 2713 313 2745 Memmi.
332 2714 435 2746 Orza.
463 2711 549 2749 Vm..
567 2715 658 2746 XIV.

885 1376 930 1410 Et
947 1377 1057 1421 aliqui
1080 1383 1081 1413 1

1107 242 1223 278 terris.

1209 291 1278 326 Sed
1311 300 1427 327 tamen
1457 292 1553 328 Deus
1584 296 1746 338 promisit
1776 299 1877 334 nobis
1908 303 2091 347 auxilium,

1106 343 1242 377 etiamsi
1265 354 1384 376 sumus
1405 344 1557 383 infirmi,
1584 344 1679 378 Deus
1693 349 1805 382 aderit
1822 356 1957 394 tamen,
1986 361 2017 388 et
2034 356 2090 389 iu-

1105 393 1202 428 vabit
1227 406 1309 435 nos,
1336 401 1375 428 ut
1399 394 1642 438 proficiamus,
1670 403 1703 430 et
1725 401 1876 434 servabit
1895 403 2006 437 lucem
2023 407 2089 440 do-

1105 445 1248 478 ctrinae.

1208 494 1307 528 Talis
1336 501 1385 528 est
1407 501 1439 528 et
1464 495 1501 528 in
1524 494 1648 529 Marco
1672 495 1731 530 ille
1754 498 1814 543 qui
1838 501 1939 536 dicit:
1972 504 2088 541 Credo

1103 543 1276 586 Domine,
1303 545 1361 578 sed
1382 546 1509 579 adiuva
1534 546 1815 581 incredulitatem
1839 563 1960 589 meam.
2014 555 2088 590 II..-

1104 595 1165 628 bes
1179 595 1280 629 initia
1291 622 1300 636 ‚
1328 595 1356 628 si
1371 607 1443 629 non
1457 608 1492 629 es
1507 603 1702 631 contemtor
1716 596 1800 639 Dei,
1825 607 1858 634 et
1873 605 2027 646 angeris,
2055 615 2088 642 et

1103 653 1203 691 optas
1227 646 1405 689 proficere.
1467 645 1562 680 Haec
1589 647 1689 680 initia
1715 660 1794 681 cum
1819 648 1966 693 habeas,
1999 657 2086 691 scito

1103 703 1136 730 te
1155 703 1248 730 certo
1267 696 1403 740 placere
1418 696 1511 738 Deo,
1541 704 1573 731 et
1589 709 1668 731 eum
1687 698 1833 740 invoca,
1860 709 1897 736 ut
1914 704 1977 737 tibi
1997 707 2087 741 vires

1103 753 1244 790 augeat,
1271 748 1365 780 iuxta
1383 747 1669 791 promissionem:
1699 748 1843 791 Quanto
1859 755 1968 797 magis
1983 755 2087 791 Pater

1102 804 1216 831 vester
1248 798 1406 831 coelestis
1442 798 1541 832 dabit
1571 797 1744 843 Spiritum
1773 810 1929 837 sanctum
1965 814 2086 850 peten-

1102 849 1210 882 tibus.

1205 898 1411 932 Petentibus
1440 898 1544 939 dicit,
1577 910 1650 932 non
1680 900 1796 943 porcis
1827 909 2087 942 contemnenti-

1103 950 1190 991 bus,
1219 961 1291 982 non
1316 949 1409 992 lupis
1434 950 1741 994 persequentibus,
1769 953 1827 985 sed
1855 954 1918 987 tibi
1944 960 2087 1001 petenti,

1104 1000 1269 1034 clamanti
1294 1011 1373 1033 cum
1391 999 1456 1033 isto
1473 1000 1566 1043 apud
1583 999 1764 1035 Marcum:
1791 1002 1905 1039 Credo
1921 1005 2088 1052 Domine,

1104 1052 1164 1084 sed
1182 1062 1284 1094 opem
1300 1051 1352 1083 ser
1367 1061 1464 1082 meae
1483 1050 1728 1086 imbecillitati.

1206 1099 1307 1133 Hanc
1329 1100 1603 1134 consolationem
1625 1101 1662 1133 in
1684 1101 1752 1134 hoc
1776 1108 1879 1137 textu
1897 1106 1985 1140 bene
2000 1120 2086 1142 con-

1103 1151 1266 1185 siderate.
1318 1150 1464 1184 Prodest
1481 1150 1575 1183 enim
1593 1150 1740 1194 singulis
1759 1159 1790 1186 et
1811 1153 1847 1186 in
1865 1167 2061 1192 commune.

1204 1200 1299 1235 Deus
1321 1208 1353 1234 te
1377 1213 1450 1234 non
1474 1201 1551 1234 vult
1572 1202 1767 1244 negligere,
1795 1204 1884 1240 sicut
1906 1218 2009 1252 supra
2032 1211 2087 1243 di·-

1104 1259 1198 1287 ctum
1218 1259 1283 1286 est:
1312 1251 1442 1285 Linum
1462 1251 1637 1293 fumigans
1656 1264 1729 1285 non
1746 1254 1952 1299 exstinguet.

1079 1295 1082 1357 Ι
1206 1301 1265 1336 Sic
1290 1302 1393 1335 etiam
1419 1308 1577 1335 nostram
1601 1308 1709 1336 totam
1731 1302 1921 1340 Ecclesiam
1945 1320 2089 1352 gemen-

1104 1359 1172 1386 tem
1206 1358 1238 1385 et
1268 1352 1495 1393 clamantem,
1529 1363 1732 1397 quanquam
1763 1354 1831 1388 iam
1863 1364 1913 1391 est
1938 1361 2091 1403 adflicta,

1079 1420 1081 1428 π
1104 1403 1181 1436 vult
1199 1413 1337 1436 servare
1355 1409 1418 1436 etc.

1207 1451 1359 1486 Econtra
1382 1451 1548 1495 Epicurei
1580 1458 1614 1486 et
1643 1460 1901 1497 persecutores,
1935 1459 1995 1503 qui
2022 1460 2090 1494 iam

1103 1503 1232 1537 nolunt
1248 1503 1371 1537 audire
1379 1501 1633 1546 Evangelium,
1659 1504 1818 1539 amittent
1836 1513 1942 1541 totam
1957 1510 2090 1544 doctri-

1104 1566 1170 1586 nae
1194 1554 1327 1594 lucem,
1359 1559 1392 1586 et
1415 1553 1482 1586 cito
1507 1554 1740 1595 delabuntur,
1776 1557 1910 1591 etiamsi
1937 1572 2000 1592 nos
2024 1562 2091 1594 ali-

1079 1629 1081 1638 ,
1105 1604 1275 1648 quamdiu
1315 1604 1488 1637 sustinere
1521 1615 1658 1637 crucem
1697 1608 1884 1649 oportebit.
1953 1609 2090 1645 't'amen

1103 1653 1202 1689 Deus
1219 1654 1371 1688 servabit
1387 1664 1452 1687 nos
1470 1660 1503 1687 et
1518 1653 1683 1687 liberabit
1699 1661 1732 1689 et
1746 1658 1987 1693 consolabitur
2004 1673 2080 1696 nos.

1079 994 1081 1019 1

1410 1752 1519 1789 Alia
1549 1755 1782 1801 parabola.

1309 1824 1403 1863 Cum
1428 1825 1607 1862 dormient
1631 1826 1796 1864 homines
1818 1837 1880 1869 etc.

1211 1903 1252 1937 In
1282 1903 1401 1947 priore
1425 1904 1592 1947 parabola
1615 1904 1703 1938 dixit
1729 1906 1841 1949 qualis
1863 1907 1907 1942 sit
1928 1907 2093 1954 Ecclesia,

1107 1962 1141 1989 et
1157 1955 1226 1988 iam
1244 1954 1416 1998 plantavit
1432 1952 1635 1988 Ecclesiam.
1686 1954 1789 1989 Nunc
1804 1958 1846 1989 de
1865 1959 2018 2002 plantata
2037 1965 2092 1996 di-

1108 2006 1174 2047 cit,
1210 2016 1295 2050 quas
1318 2003 1445 2038 haheat
1466 2005 1695 2044 tentationes,
1732 2013 1765 2039 et
1791 2016 1928 2048 monet,
1956 2023 2092 2058 semper

1109 2057 1145 2089 in
1165 2055 1318 2089 Ecclesia
1336 2056 1449 2089 bonos
1465 2061 1498 2088 et
1516 2056 1626 2088 malos
1644 2056 1770 2090 mixtos
1789 2069 1872 2093 esse.

1210 2104 1307 2139 Haec
1330 2105 1490 2138 doctrina
1514 2106 1704 2140 necessaria
1724 2114 1790 2148 est,
1818 2109 1898 2154 quia
1917 2122 2016 2156 saepe
2034 2125 2090 2147 ac-

1110 2156 1213 2197 cidit,
1241 2156 1331 2189 sicut
1349 2156 1386 2188 in
1406 2166 1513 2198 regno
1534 2155 1819 2199 Monasteriensi‚
1845 2160 1906 2193 ubi
1925 2163 2090 2198 volebant

1084 2235 1086 2253 ε
1109 2208 1220 2240 facere
1242 2204 1453 2245 Ecclesiam,
1481 2207 1518 2239 in
1542 2218 1608 2251 qua
1635 2208 1724 2240 nulli
1746 2215 1857 2242 essent
1882 2220 2089 2254 peccatores.

1111 2257 1179 2291 Sed
1211 2257 1294 2291 tales
1325 2263 1442 2301 postea
1470 2269 1509 2290 eo
1533 2258 1764 2296 delabuntur,
1800 2265 1837 2292 ut
1863 2261 1978 2295 nullos
2003 2266 2090 2298 reci-

1111 2308 1229 2352 piant,
1262 2308 1331 2340 nisi
1351 2318 1432 2341 suos
1455 2307 1672 2347 adulatores,
1705 2315 1737 2342 et
1762 2306 1825 2342 lios
1849 2311 1985 2354 fingunt
2010 2326 2090 2348 sau-

1111 2364 1183 2392 ctos
1197 2370 1288 2399 esse,
1313 2357 1447 2391 etiamsi
1464 2364 1544 2390 sunt
1561 2358 1700 2401 pessimi
1718 2360 1922 2396 nebulones.

1212 2409 1265 2443 Sit
1296 2420 1376 2451 ergo
1403 2405 1486 2440 haec
1510 2408 1668 2440 doctrina
1693 2420 1731 2442 ex
1761 2407 1822 2443 hac
1845 2411 2089 2457 similitudine,

1112 2460 1207 2504 quod
1234 2459 1270 2492 in
1293 2457 1357 2492 hac
1379 2458 1466 2497 vita,
1493 2469 1603 2503 usque
1624 2460 1665 2491 ad
1684 2461 1971 2495 resurrectionem
1988 2476 2089 2498 man-

1112 2522 1191 2543 sura
1216 2510 1260 2543 sit
1285 2507 1439 2542 Ecclesia
1455 2506 1539 2550 Dei,
1566 2515 1598 2542 et
1620 2509 1714 2553 quod
1737 2521 1871 2554 semper
1896 2512 1932 2545 in
1957 2525 1994 2547 ea
2019 2516 2090 2551 sint

1112 2560 1208 2594 mixti
1227 2559 1312 2593 boui
1330 2565 1363 2592 et
1380 2558 1476 2593 mali.

1214 2610 1310 2653 Quid
1331 2608 1437 2652 igitur
1452 2607 1538 2641 dicis
1555 2608 1598 2641 de
1618 2611 2003 2647 excommunicatione?
2034 2616 2088 2650 An

1114 2672 1186 2694 non
1218 2667 1299 2694 sunt
1332 2658 1658 2692 excommunicandi
1691 2660 1800 2692 mali?
1861 2661 2091 2709 Respondeffl

1539 2707 1589 2743 55
