<?xml version="1.0" encoding="UTF-8"?>
<!DOCTYPE html PUBLIC "-//W3C//DTD XHTML 1.0 Transitional//EN"
    "http://www.w3.org/TR/xhtml1/DTD/xhtml1-transitional.dtd">
<html xmlns="http://www.w3.org/1999/xhtml" xml:lang="en" lang="en">
 <head>
  <title>
</title>
<meta http-equiv="Content-Type" content="text/html;charset=utf-8" />
  <meta name='ocr-system' content='tesseract 3.04.00' />
  <meta name='ocr-capabilities' content='ocr_page ocr_carea ocr_par ocr_line ocrx_word'/>
</head>
<body>
  <div class='ocr_page' id='page_1' title='image "./operaquaesupersu14melauoft/operaquaesupersu14melauoft_0395.png"; bbox 0 0 2409 2915; ppageno 0'>
   <div class='ocr_carea' id='block_1_1' title="bbox 70 125 410 162">
    <p class='ocr_par' dir='ltr' id='par_1_1' title="bbox 70 125 410 162">
     <span class='ocr_line' id='line_1_1' title="bbox 70 125 410 162; baseline 0.003 -1"><span class='ocrx_word' id='word_1_1' title='bbox 70 127 149 162; x_wconf 80' lang='lat'>775</span> <span class='ocrx_word' id='word_1_2' title='bbox 331 125 410 162; x_wconf 85' lang='lat' dir='ltr'>XII.</span> 
     </span>
    </p>
   </div>
   <div class='ocr_carea' id='block_1_2' title="bbox 56 209 1059 2691">
    <p class='ocr_par' dir='ltr' id='par_1_2' title="bbox 66 209 1059 611">
     <span class='ocr_line' id='line_1_2' title="bbox 68 209 1059 258; baseline -0.002 -12"><span class='ocrx_word' id='word_1_3' title='bbox 68 223 173 258; x_wconf 91' lang='lat' dir='ltr'>quam</span> <span class='ocrx_word' id='word_1_4' title='bbox 198 212 241 245; x_wconf 91' lang='lat' dir='ltr'>de</span> <span class='ocrx_word' id='word_1_5' title='bbox 265 211 356 245; x_wconf 87' lang='lat' dir='ltr'>asini</span> <span class='ocrx_word' id='word_1_6' title='bbox 380 211 524 252; x_wconf 90' lang='lat' dir='ltr'>umbra,</span> <span class='ocrx_word' id='word_1_7' title='bbox 559 215 597 244; x_wconf 87' lang='lat' dir='ltr'>ut</span> <span class='ocrx_word' id='word_1_8' title='bbox 628 209 666 242; x_wconf 89' lang='lat' dir='ltr'>in</span> <span class='ocrx_word' id='word_1_9' title='bbox 695 210 887 254; x_wconf 87' lang='lat' dir='ltr'>proverbio</span> <span class='ocrx_word' id='word_1_10' title='bbox 918 211 1059 250; x_wconf 87' lang='lat' dir='ltr'>dicitur,</span> 
     </span>
     <span class='ocr_line' id='line_1_3' title="bbox 67 260 1059 306; baseline -0.002 -9"><span class='ocrx_word' id='word_1_11' title='bbox 67 270 127 297; x_wconf 91' lang='lat' dir='ltr'>aut</span> <span class='ocrx_word' id='word_1_12' title='bbox 146 263 189 296; x_wconf 92' lang='lat' dir='ltr'>de</span> <span class='ocrx_word' id='word_1_13' title='bbox 203 263 282 296; x_wconf 89' lang='lat' dir='ltr'>lana</span> <span class='ocrx_word' id='word_1_14' title='bbox 300 262 454 306; x_wconf 86' lang='lat' dir='ltr'>caprina,</span> <span class='ocrx_word' id='word_1_15' title='bbox 475 260 693 295; x_wconf 84' lang='lat' dir='ltr'><strong>tumultuose</strong></span> <span class='ocrx_word' id='word_1_16' title='bbox 711 272 749 293; x_wconf 92' lang='lat' dir='ltr'>ac</span> <span class='ocrx_word' id='word_1_17' title='bbox 766 261 844 305; x_wconf 93' lang='lat' dir='ltr'>plus</span> <span class='ocrx_word' id='word_1_18' title='bbox 865 273 969 306; x_wconf 88' lang='lat' dir='ltr'>quam</span> <span class='ocrx_word' id='word_1_19' title='bbox 989 269 1059 295; x_wconf 88' lang='lat' dir='ltr'>tra-</span> 
     </span>
     <span class='ocr_line' id='line_1_4' title="bbox 68 310 1056 358; baseline -0.002 -12"><span class='ocrx_word' id='word_1_20' title='bbox 68 314 143 358; x_wconf 83' lang='lat' dir='ltr'>gice</span> <span class='ocrx_word' id='word_1_21' title='bbox 166 314 419 347; x_wconf 87' lang='lat' dir='ltr'>contendentes</span> <span class='ocrx_word' id='word_1_22' title='bbox 442 319 545 356; x_wconf 91' lang='lat' dir='ltr'>atque</span> <span class='ocrx_word' id='word_1_23' title='bbox 566 310 819 354; x_wconf 76' lang='lat' dir='ltr'>digladiantes,</span> <span class='ocrx_word' id='word_1_24' title='bbox 847 318 879 344; x_wconf 88' lang='lat' dir='ltr'>et</span> <span class='ocrx_word' id='word_1_25' title='bbox 903 313 1056 345; x_wconf 89' lang='lat' dir='ltr'>crudeli-</span> 
     </span>
     <span class='ocr_line' id='line_1_5' title="bbox 67 359 1058 402; baseline -0.003 -3"><span class='ocrx_word' id='word_1_26' title='bbox 67 372 121 399; x_wconf 87' lang='lat' dir='ltr'>ter</span> <span class='ocrx_word' id='word_1_27' title='bbox 136 365 256 398; x_wconf 86' lang='lat' dir='ltr'>omnia</span> <span class='ocrx_word' id='word_1_28' title='bbox 273 363 416 396; x_wconf 90' lang='lat' dir='ltr'>miscere</span> <span class='ocrx_word' id='word_1_29' title='bbox 432 368 616 402; x_wconf 87' lang='lat' dir='ltr'>conantes,</span> <span class='ocrx_word' id='word_1_30' title='bbox 649 359 705 394; x_wconf 89' lang='lat' dir='ltr'>his</span> <span class='ocrx_word' id='word_1_31' title='bbox 732 363 818 396; x_wconf 88' lang='lat' dir='ltr'>adeo</span> <span class='ocrx_word' id='word_1_32' title='bbox 845 363 958 396; x_wconf 83' lang='lat' dir='ltr'>saevis</span> <span class='ocrx_word' id='word_1_33' title='bbox 983 362 1058 397; x_wconf 87' lang='lat' dir='ltr'>dis-</span> 
     </span>
     <span class='ocr_line' id='line_1_6' title="bbox 68 412 1057 457; baseline -0.002 -9"><span class='ocrx_word' id='word_1_34' title='bbox 68 415 303 449; x_wconf 86' lang='lat' dir='ltr'>tractionibus</span> <span class='ocrx_word' id='word_1_35' title='bbox 327 412 541 457; x_wconf 79' lang='lat' dir='ltr'>opinionum</span> <span class='ocrx_word' id='word_1_36' title='bbox 571 419 604 446; x_wconf 88' lang='lat' dir='ltr'>et</span> <span class='ocrx_word' id='word_1_37' title='bbox 636 413 880 453; x_wconf 78' lang='lat' dir='ltr'>voluntatum,</span> <span class='ocrx_word' id='word_1_38' title='bbox 919 420 952 447; x_wconf 90' lang='lat' dir='ltr'>et</span> <span class='ocrx_word' id='word_1_39' title='bbox 981 421 1057 447; x_wconf 88' lang='lat' dir='ltr'>tur-</span> 
     </span>
     <span class='ocr_line' id='line_1_7' title="bbox 67 463 1056 508; baseline -0.003 -8"><span class='ocrx_word' id='word_1_40' title='bbox 67 464 322 500; x_wconf 88' lang='lat' dir='ltr'>bulentissimis</span> <span class='ocrx_word' id='word_1_41' title='bbox 341 463 624 507; x_wconf 83' lang='lat' dir='ltr'>tempestatibus,</span> <span class='ocrx_word' id='word_1_42' title='bbox 655 463 784 508; x_wconf 90' lang='lat' dir='ltr'>quibus</span> <span class='ocrx_word' id='word_1_43' title='bbox 805 476 915 508; x_wconf 89' lang='lat' dir='ltr'>paene</span> <span class='ocrx_word' id='word_1_44' title='bbox 933 464 1056 497; x_wconf 91' lang='lat' dir='ltr'>obrui·-</span> 
     </span>
     <span class='ocr_line' id='line_1_8' title="bbox 68 514 1056 558; baseline -0.002 -9"><span class='ocrx_word' id='word_1_45' title='bbox 68 529 167 558; x_wconf 86' lang='lat' dir='ltr'>mur,</span> <span class='ocrx_word' id='word_1_46' title='bbox 199 515 417 549; x_wconf 78' lang='lat' dir='ltr'>occasionem</span> <span class='ocrx_word' id='word_1_47' title='bbox 443 515 516 547; x_wconf 91' lang='lat' dir='ltr'>suis</span> <span class='ocrx_word' id='word_1_48' title='bbox 538 514 767 548; x_wconf 77' lang='lat' dir='ltr'>amarulentis</span> <span class='ocrx_word' id='word_1_49' title='bbox 793 515 1056 548; x_wconf 88' lang='lat' dir='ltr'>criminationi-</span> 
     </span>
     <span class='ocr_line' id='line_1_9' title="bbox 66 564 722 611; baseline -0.003 -9"><span class='ocrx_word' id='word_1_50' title='bbox 66 568 133 602; x_wconf 88' lang='lat' dir='ltr'>bus</span> <span class='ocrx_word' id='word_1_51' title='bbox 149 573 252 611; x_wconf 91' lang='lat' dir='ltr'>atque</span> <span class='ocrx_word' id='word_1_52' title='bbox 267 564 454 599; x_wconf 87' lang='lat' dir='ltr'>calumniis</span> <span class='ocrx_word' id='word_1_53' title='bbox 470 565 722 609; x_wconf 88' lang='lat' dir='ltr'>praebuerunt.</span> 
     </span>
    </p>

    <p class='ocr_par' dir='ltr' id='par_1_3' title="bbox 57 615 1054 1522">
     <span class='ocr_line' id='line_1_10' title="bbox 165 615 1054 660; baseline -0.002 -10"><span class='ocrx_word' id='word_1_54' title='bbox 165 615 242 650; x_wconf 79' lang='lat' dir='ltr'>Etsi</span> <span class='ocrx_word' id='word_1_55' title='bbox 259 622 390 657; x_wconf 90' lang='lat' dir='ltr'>autem,</span> <span class='ocrx_word' id='word_1_56' title='bbox 409 623 448 650; x_wconf 94' lang='lat' dir='ltr'>ut</span> <span class='ocrx_word' id='word_1_57' title='bbox 463 615 550 657; x_wconf 84' lang='lat' dir='ltr'>dixi,</span> <span class='ocrx_word' id='word_1_58' title='bbox 573 627 646 648; x_wconf 89' lang='lat' dir='ltr'>non</span> <span class='ocrx_word' id='word_1_59' title='bbox 659 616 734 649; x_wconf 86' lang='lat' dir='ltr'>leve</span> <span class='ocrx_word' id='word_1_60' title='bbox 745 616 856 649; x_wconf 90' lang='lat' dir='ltr'>scelus</span> <span class='ocrx_word' id='word_1_61' title='bbox 871 623 932 657; x_wconf 85' lang='lat' dir='ltr'>est,</span> <span class='ocrx_word' id='word_1_62' title='bbox 953 623 1054 660; x_wconf 89' lang='lat' dir='ltr'>petu-</span> 
     </span>
     <span class='ocr_line' id='line_1_11' title="bbox 64 667 1052 711; baseline -0.001 -11"><span class='ocrx_word' id='word_1_63' title='bbox 64 668 178 701; x_wconf 82' lang='lat' dir='ltr'>lanter</span> <span class='ocrx_word' id='word_1_64' title='bbox 193 667 371 701; x_wconf 86' lang='lat' dir='ltr'>ordinaria</span> <span class='ocrx_word' id='word_1_65' title='bbox 389 673 559 711; x_wconf 83' lang='lat' dir='ltr'>potestate</span> <span class='ocrx_word' id='word_1_66' title='bbox 585 667 737 708; x_wconf 88' lang='lat' dir='ltr'>deserta,</span> <span class='ocrx_word' id='word_1_67' title='bbox 770 679 842 699; x_wconf 90' lang='lat' dir='ltr'>non</span> <span class='ocrx_word' id='word_1_68' title='bbox 867 667 1052 701; x_wconf 89' lang='lat' dir='ltr'>necessarii</span> 
     </span>
     <span class='ocr_line' id='line_1_12' title="bbox 63 715 1052 762; baseline -0.001 -11"><span class='ocrx_word' id='word_1_69' title='bbox 63 715 260 752; x_wconf 81' lang='lat' dir='ltr'>schismatis</span> <span class='ocrx_word' id='word_1_70' title='bbox 283 724 440 751; x_wconf 87' lang='lat' dir='ltr'>autorem</span> <span class='ocrx_word' id='word_1_71' title='bbox 468 729 557 751; x_wconf 90' lang='lat' dir='ltr'>esse:</span> <span class='ocrx_word' id='word_1_72' title='bbox 603 725 720 752; x_wconf 86' lang='lat' dir='ltr'>tamen</span> <span class='ocrx_word' id='word_1_73' title='bbox 747 718 900 762; x_wconf 82' lang='lat' dir='ltr'>politicis</span> <span class='ocrx_word' id='word_1_74' title='bbox 921 730 1052 753; x_wconf 88' lang='lat' dir='ltr'>sermo-</span> 
     </span>
     <span class='ocr_line' id='line_1_13' title="bbox 63 768 1053 814; baseline 0 -13"><span class='ocrx_word' id='word_1_75' title='bbox 63 768 188 808; x_wconf 89' lang='lat' dir='ltr'>nibus,</span> <span class='ocrx_word' id='word_1_76' title='bbox 234 769 525 812; x_wconf 81' lang='lat' dir='ltr'>exaggerantibus</span> <span class='ocrx_word' id='word_1_77' title='bbox 559 769 778 802; x_wconf 80' lang='lat' dir='ltr'>atrocitatem</span> <span class='ocrx_word' id='word_1_78' title='bbox 813 769 1053 814; x_wconf 90' lang='lat' dir='ltr'>cuiuscunque</span> 
     </span>
     <span class='ocr_line' id='line_1_14' title="bbox 63 817 1052 864; baseline 0.001 -12"><span class='ocrx_word' id='word_1_79' title='bbox 63 817 280 858; x_wconf 81' lang='lat' dir='ltr'>schismatis,</span> <span class='ocrx_word' id='word_1_80' title='bbox 331 826 364 853; x_wconf 91' lang='lat' dir='ltr'>et</span> <span class='ocrx_word' id='word_1_81' title='bbox 394 819 551 864; x_wconf 90' lang='lat' dir='ltr'>pericula</span> <span class='ocrx_word' id='word_1_82' title='bbox 579 819 807 853; x_wconf 83' lang='lat' dir='ltr'>labefactatae</span> <span class='ocrx_word' id='word_1_83' title='bbox 841 820 1052 853; x_wconf 84' lang='lat' dir='ltr'>concordiae</span> 
     </span>
     <span class='ocr_line' id='line_1_15' title="bbox 62 870 1052 916; baseline -0.002 -12"><span class='ocrx_word' id='word_1_84' title='bbox 62 882 272 916; x_wconf 90' lang='lat' dir='ltr'>quacunque</span> <span class='ocrx_word' id='word_1_85' title='bbox 299 871 342 904; x_wconf 89' lang='lat' dir='ltr'>de</span> <span class='ocrx_word' id='word_1_86' title='bbox 366 882 487 911; x_wconf 72' lang='lat' dir='ltr'>causa,</span> <span class='ocrx_word' id='word_1_87' title='bbox 521 870 571 914; x_wconf 90' lang='lat' dir='ltr'>pii</span> <span class='ocrx_word' id='word_1_88' title='bbox 599 877 781 915; x_wconf 88' lang='lat' dir='ltr'>opponant</span> <span class='ocrx_word' id='word_1_89' title='bbox 807 871 964 913; x_wconf 90' lang='lat' dir='ltr'>regulam</span> <span class='ocrx_word' id='word_1_90' title='bbox 990 882 1052 903; x_wconf 79' lang='lat' dir='ltr'>ve-</span> 
     </span>
     <span class='ocr_line' id='line_1_16' title="bbox 60 921 1051 966; baseline 0 -12"><span class='ocrx_word' id='word_1_91' title='bbox 60 921 255 963; x_wconf 89' lang='lat' dir='ltr'>rissimam,</span> <span class='ocrx_word' id='word_1_92' title='bbox 287 922 507 966; x_wconf 86' lang='lat' dir='ltr'>perspicuam</span> <span class='ocrx_word' id='word_1_93' title='bbox 532 927 565 954; x_wconf 93' lang='lat' dir='ltr'>et</span> <span class='ocrx_word' id='word_1_94' title='bbox 589 921 789 962; x_wconf 87' lang='lat' dir='ltr'>immotam,</span> <span class='ocrx_word' id='word_1_95' title='bbox 828 933 918 966; x_wconf 89' lang='lat' dir='ltr'>quae</span> <span class='ocrx_word' id='word_1_96' title='bbox 940 923 1051 960; x_wconf 88' lang='lat' dir='ltr'>docet,</span> 
     </span>
     <span class='ocr_line' id='line_1_17' title="bbox 61 971 1052 1017; baseline 0 -12"><span class='ocrx_word' id='word_1_97' title='bbox 61 973 155 1017; x_wconf 88' lang='lat' dir='ltr'>quod</span> <span class='ocrx_word' id='word_1_98' title='bbox 184 973 229 1006; x_wconf 92' lang='lat' dir='ltr'>sit</span> <span class='ocrx_word' id='word_1_99' title='bbox 254 972 473 1006; x_wconf 87' lang='lat' dir='ltr'>severissima</span> <span class='ocrx_word' id='word_1_100' title='bbox 490 971 556 1005; x_wconf 89' lang='lat' dir='ltr'>Dei</span> <span class='ocrx_word' id='word_1_101' title='bbox 583 972 748 1005; x_wconf 70' lang='lat' dir='ltr'>voluntas</span> <span class='ocrx_word' id='word_1_102' title='bbox 772 979 805 1005; x_wconf 89' lang='lat' dir='ltr'>et</span> <span class='ocrx_word' id='word_1_103' title='bbox 831 972 1052 1005; x_wconf 82' lang='lat' dir='ltr'>immutabile</span> 
     </span>
     <span class='ocr_line' id='line_1_18' title="bbox 59 1023 1050 1067; baseline 0.001 -12"><span class='ocrx_word' id='word_1_104' title='bbox 59 1024 279 1063; x_wconf 84' lang='lat' dir='ltr'>mandatum,</span> <span class='ocrx_word' id='word_1_105' title='bbox 294 1029 335 1057; x_wconf 88' lang='lat' dir='ltr'>ut</span> <span class='ocrx_word' id='word_1_106' title='bbox 353 1035 494 1056; x_wconf 91' lang='lat' dir='ltr'>omnem</span> <span class='ocrx_word' id='word_1_107' title='bbox 513 1023 765 1062; x_wconf 85' lang='lat' dir='ltr'>idololatriam,</span> <span class='ocrx_word' id='word_1_108' title='bbox 783 1035 905 1055; x_wconf 91' lang='lat' dir='ltr'>omnes</span> <span class='ocrx_word' id='word_1_109' title='bbox 923 1023 1050 1067; x_wconf 91' lang='lat' dir='ltr'>impios</span> 
     </span>
     <span class='ocr_line' id='line_1_19' title="bbox 60 1071 1049 1113; baseline -0.001 -6"><span class='ocrx_word' id='word_1_110' title='bbox 60 1073 194 1113; x_wconf 87' lang='lat' dir='ltr'>cultus,</span> <span class='ocrx_word' id='word_1_111' title='bbox 220 1086 360 1107; x_wconf 91' lang='lat' dir='ltr'>omnem</span> <span class='ocrx_word' id='word_1_112' title='bbox 378 1074 576 1108; x_wconf 88' lang='lat' dir='ltr'>doctrinam</span> <span class='ocrx_word' id='word_1_113' title='bbox 596 1074 860 1106; x_wconf 85' lang='lat' dir='ltr'>dissentientem</span> <span class='ocrx_word' id='word_1_114' title='bbox 878 1074 921 1106; x_wconf 89' lang='lat' dir='ltr'>ab</span> <span class='ocrx_word' id='word_1_115' title='bbox 931 1071 1049 1106; x_wconf 75' lang='lat' dir='ltr'>Evan-</span> 
     </span>
     <span class='ocr_line' id='line_1_20' title="bbox 60 1123 1050 1169; baseline -0.002 -11"><span class='ocrx_word' id='word_1_116' title='bbox 60 1125 151 1166; x_wconf 79' lang='lat' dir='ltr'>gelio</span> <span class='ocrx_word' id='word_1_117' title='bbox 169 1125 360 1169; x_wconf 85' lang='lat' dir='ltr'>fugiamus,</span> <span class='ocrx_word' id='word_1_118' title='bbox 384 1125 626 1169; x_wconf 90' lang='lat' dir='ltr'>improbemus</span> <span class='ocrx_word' id='word_1_119' title='bbox 644 1131 675 1158; x_wconf 90' lang='lat' dir='ltr'>et</span> <span class='ocrx_word' id='word_1_120' title='bbox 695 1135 922 1159; x_wconf 84' lang='lat' dir='ltr'>exsecremur.</span> <span class='ocrx_word' id='word_1_121' title='bbox 956 1123 1050 1157; x_wconf 85' lang='lat' dir='ltr'>Haec</span> 
     </span>
     <span class='ocr_line' id='line_1_21' title="bbox 61 1175 1050 1219; baseline 0.001 -12"><span class='ocrx_word' id='word_1_122' title='bbox 61 1177 180 1218; x_wconf 81' lang='lat' dir='ltr'>regula</span> <span class='ocrx_word' id='word_1_123' title='bbox 204 1176 356 1209; x_wconf 86' lang='lat' dir='ltr'>sumitur</span> <span class='ocrx_word' id='word_1_124' title='bbox 382 1188 421 1208; x_wconf 85' lang='lat' dir='ltr'>ex</span> <span class='ocrx_word' id='word_1_125' title='bbox 449 1175 564 1219; x_wconf 90' lang='lat' dir='ltr'>primo</span> <span class='ocrx_word' id='word_1_126' title='bbox 589 1182 774 1218; x_wconf 89' lang='lat' dir='ltr'>praecepto</span> <span class='ocrx_word' id='word_1_127' title='bbox 798 1175 982 1217; x_wconf 81' lang='lat' dir='ltr'>Decalogi,</span> <span class='ocrx_word' id='word_1_128' title='bbox 1017 1181 1050 1208; x_wconf 91' lang='lat' dir='ltr'>et</span> 
     </span>
     <span class='ocr_line' id='line_1_22' title="bbox 59 1224 1049 1259; baseline -0.001 -1"><span class='ocrx_word' id='word_1_129' title='bbox 59 1226 140 1259; x_wconf 88' lang='lat' dir='ltr'>aliis</span> <span class='ocrx_word' id='word_1_130' title='bbox 163 1227 371 1259; x_wconf 86' lang='lat' dir='ltr'>firmissimis</span> <span class='ocrx_word' id='word_1_131' title='bbox 396 1226 607 1259; x_wconf 86' lang='lat' dir='ltr'>testimoniis</span> <span class='ocrx_word' id='word_1_132' title='bbox 631 1225 769 1258; x_wconf 87' lang='lat' dir='ltr'>divinis.</span> <span class='ocrx_word' id='word_1_133' title='bbox 833 1224 921 1257; x_wconf 83' lang='lat' dir='ltr'>Nam</span> <span class='ocrx_word' id='word_1_134' title='bbox 942 1225 1049 1259; x_wconf 91' lang='lat' dir='ltr'>Deca-</span> 
     </span>
     <span class='ocr_line' id='line_1_23' title="bbox 60 1274 1048 1324; baseline -0.002 -15"><span class='ocrx_word' id='word_1_135' title='bbox 60 1276 162 1319; x_wconf 88' lang='lat' dir='ltr'>logus</span> <span class='ocrx_word' id='word_1_136' title='bbox 180 1277 366 1324; x_wconf 82' lang='lat' dir='ltr'>praecipit:</span> <span class='ocrx_word' id='word_1_137' title='bbox 402 1276 484 1309; x_wconf 77' lang='lat' dir='ltr'>Non</span> <span class='ocrx_word' id='word_1_138' title='bbox 510 1274 656 1308; x_wconf 89' lang='lat' dir='ltr'>habebis</span> <span class='ocrx_word' id='word_1_139' title='bbox 675 1276 772 1308; x_wconf 87' lang='lat' dir='ltr'>Deos</span> <span class='ocrx_word' id='word_1_140' title='bbox 799 1275 944 1310; x_wconf 89' lang='lat' dir='ltr'>alienos.</span> <span class='ocrx_word' id='word_1_141' title='bbox 1003 1275 1048 1309; x_wconf 85' lang='lat' dir='ltr'>Et</span> 
     </span>
     <span class='ocr_line' id='line_1_24' title="bbox 60 1323 1047 1370; baseline -0.002 -11"><span class='ocrx_word' id='word_1_142' title='bbox 60 1328 104 1359; x_wconf 86' lang='lat' dir='ltr'>de</span> <span class='ocrx_word' id='word_1_143' title='bbox 123 1327 304 1360; x_wconf 81' lang='lat' dir='ltr'>doctrinae</span> <span class='ocrx_word' id='word_1_144' title='bbox 321 1326 529 1370; x_wconf 89' lang='lat' dir='ltr'>corruptelis</span> <span class='ocrx_word' id='word_1_145' title='bbox 547 1325 679 1359; x_wconf 89' lang='lat' dir='ltr'>Paulus</span> <span class='ocrx_word' id='word_1_146' title='bbox 695 1325 813 1369; x_wconf 88' lang='lat' dir='ltr'>inquit</span> <span class='ocrx_word' id='word_1_147' title='bbox 834 1323 917 1358; x_wconf 87' lang='lat' dir='ltr'>Gal.</span> <span class='ocrx_word' id='word_1_148' title='bbox 935 1326 983 1358; x_wconf 84' lang='lat'>1.:</span> <span class='ocrx_word' id='word_1_149' title='bbox 1011 1325 1047 1359; x_wconf 81' lang='lat' dir='ltr'>Si</span> 
     </span>
     <span class='ocr_line' id='line_1_25' title="bbox 60 1373 1046 1421; baseline -0.001 -11"><span class='ocrx_word' id='word_1_150' title='bbox 60 1378 139 1421; x_wconf 90' lang='lat' dir='ltr'>quis</span> <span class='ocrx_word' id='word_1_151' title='bbox 169 1378 264 1410; x_wconf 89' lang='lat' dir='ltr'>aliud</span> <span class='ocrx_word' id='word_1_152' title='bbox 293 1375 526 1420; x_wconf 83' lang='lat' dir='ltr'>Evangelium</span> <span class='ocrx_word' id='word_1_153' title='bbox 560 1376 720 1414; x_wconf 89' lang='lat' dir='ltr'>docebit,</span> <span class='ocrx_word' id='word_1_154' title='bbox 760 1373 958 1408; x_wconf 83' lang='lat' dir='ltr'>Anathema</span> <span class='ocrx_word' id='word_1_155' title='bbox 991 1376 1046 1409; x_wconf 85' lang='lat' dir='ltr'>sit.</span> 
     </span>
     <span class='ocr_line' id='line_1_26' title="bbox 59 1424 1046 1471; baseline -0.001 -11"><span class='ocrx_word' id='word_1_156' title='bbox 59 1426 145 1460; x_wconf 82' lang='lat' dir='ltr'>Item</span> <span class='ocrx_word' id='word_1_157' title='bbox 158 1426 319 1471; x_wconf 82' lang='lat' dir='ltr'>Apostoli</span> <span class='ocrx_word' id='word_1_158' title='bbox 338 1427 373 1459; x_wconf 92' lang='lat' dir='ltr'>in</span> <span class='ocrx_word' id='word_1_159' title='bbox 386 1426 482 1460; x_wconf 84' lang='lat' dir='ltr'>Actis</span> <span class='ocrx_word' id='word_1_160' title='bbox 498 1426 599 1470; x_wconf 90' lang='lat' dir='ltr'>capit.</span> <span class='ocrx_word' id='word_1_161' title='bbox 610 1426 645 1461; x_wconf 85' lang='grc'>4.</span> <span class='ocrx_word' id='word_1_162' title='bbox 663 1428 893 1469; x_wconf 81' lang='lat' dir='ltr'>respondent:</span> <span class='ocrx_word' id='word_1_163' title='bbox 925 1424 1046 1471; x_wconf 88' lang='lat' dir='ltr'>Opor-</span> 
     </span>
     <span class='ocr_line' id='line_1_27' title="bbox 57 1475 876 1522; baseline -0.004 -10"><span class='ocrx_word' id='word_1_164' title='bbox 57 1485 106 1512; x_wconf 85' lang='lat' dir='ltr'>tet</span> <span class='ocrx_word' id='word_1_165' title='bbox 121 1477 197 1511; x_wconf 84' lang='lat' dir='ltr'>Deo</span> <span class='ocrx_word' id='word_1_166' title='bbox 215 1478 325 1521; x_wconf 86' lang='lat' dir='ltr'>magis</span> <span class='ocrx_word' id='word_1_167' title='bbox 342 1478 486 1511; x_wconf 86' lang='lat' dir='ltr'>obedire</span> <span class='ocrx_word' id='word_1_168' title='bbox 498 1504 507 1518; x_wconf 91' lang='lat'>‚</span> <span class='ocrx_word' id='word_1_169' title='bbox 534 1489 639 1522; x_wconf 89' lang='lat' dir='ltr'>quam</span> <span class='ocrx_word' id='word_1_170' title='bbox 657 1475 876 1510; x_wconf 86' lang='lat' dir='ltr'>hominibus.</span> 
     </span>
    </p>

    <p class='ocr_par' dir='ltr' id='par_1_4' title="bbox 56 1527 1048 2691">
     <span class='ocr_line' id='line_1_28' title="bbox 160 1527 1047 1572; baseline -0.001 -10"><span class='ocrx_word' id='word_1_171' title='bbox 160 1528 256 1562; x_wconf 89' lang='lat' dir='ltr'>Haec</span> <span class='ocrx_word' id='word_1_172' title='bbox 274 1536 307 1562; x_wconf 89' lang='lat' dir='ltr'>et</span> <span class='ocrx_word' id='word_1_173' title='bbox 324 1528 452 1561; x_wconf 87' lang='lat' dir='ltr'>similia</span> <span class='ocrx_word' id='word_1_174' title='bbox 478 1528 653 1571; x_wconf 82' lang='lat' dir='ltr'>generalia</span> <span class='ocrx_word' id='word_1_175' title='bbox 680 1529 844 1562; x_wconf 90' lang='lat' dir='ltr'>mandata</span> <span class='ocrx_word' id='word_1_176' title='bbox 868 1527 1047 1572; x_wconf 84' lang='lat' dir='ltr'>pertinent</span> 
     </span>
     <span class='ocr_line' id='line_1_29' title="bbox 57 1578 1047 1624; baseline -0.003 -10"><span class='ocrx_word' id='word_1_177' title='bbox 57 1581 99 1614; x_wconf 88' lang='lat' dir='ltr'>ad</span> <span class='ocrx_word' id='word_1_178' title='bbox 120 1592 242 1614; x_wconf 84' lang='lat' dir='ltr'>omues</span> <span class='ocrx_word' id='word_1_179' title='bbox 259 1580 389 1624; x_wconf 85' lang='lat' dir='ltr'>absque</span> <span class='ocrx_word' id='word_1_180' title='bbox 407 1579 481 1612; x_wconf 93' lang='lat' dir='ltr'>ullo</span> <span class='ocrx_word' id='word_1_181' title='bbox 496 1579 713 1613; x_wconf 87' lang='lat' dir='ltr'>discrimine.</span> <span class='ocrx_word' id='word_1_182' title='bbox 765 1578 859 1621; x_wconf 85' lang='lat' dir='ltr'>Ergo</span> <span class='ocrx_word' id='word_1_183' title='bbox 882 1590 955 1611; x_wconf 86' lang='lat' dir='ltr'>non</span> <span class='ocrx_word' id='word_1_184' title='bbox 978 1580 1047 1612; x_wconf 92' lang='lat' dir='ltr'>du-</span> 
     </span>
     <span class='ocr_line' id='line_1_30' title="bbox 56 1627 1046 1667; baseline -0.003 -3"><span class='ocrx_word' id='word_1_185' title='bbox 56 1632 155 1664; x_wconf 82' lang='lat' dir='ltr'>bium</span> <span class='ocrx_word' id='word_1_186' title='bbox 191 1638 241 1664; x_wconf 90' lang='lat' dir='ltr'>est</span> <span class='ocrx_word' id='word_1_187' title='bbox 272 1628 476 1663; x_wconf 87' lang='lat' dir='ltr'>huiusmodi</span> <span class='ocrx_word' id='word_1_188' title='bbox 511 1630 604 1662; x_wconf 89' lang='lat' dir='ltr'>dicta</span> <span class='ocrx_word' id='word_1_189' title='bbox 633 1629 799 1663; x_wconf 89' lang='lat' dir='ltr'>omnibus</span> <span class='ocrx_word' id='word_1_190' title='bbox 826 1627 1046 1667; x_wconf 83' lang='lat' dir='ltr'>hominibus,</span> 
     </span>
     <span class='ocr_line' id='line_1_31' title="bbox 57 1678 1044 1726; baseline -0.004 -11"><span class='ocrx_word' id='word_1_191' title='bbox 57 1680 395 1726; x_wconf 83' lang='lat' dir='ltr'>singulisRegibus,</span> <span class='ocrx_word' id='word_1_192' title='bbox 424 1680 667 1724; x_wconf 80' lang='lat' dir='ltr'>PrincipibuS‚</span> <span class='ocrx_word' id='word_1_193' title='bbox 693 1678 895 1724; x_wconf 86' lang='lat' dir='ltr'>Episcopis,</span> <span class='ocrx_word' id='word_1_194' title='bbox 925 1686 957 1713; x_wconf 88' lang='lat' dir='ltr'>et</span> <span class='ocrx_word' id='word_1_195' title='bbox 973 1680 1044 1723; x_wconf 93' lang='lat' dir='ltr'>pri-</span> 
     </span>
     <span class='ocr_line' id='line_1_32' title="bbox 58 1730 1048 1776; baseline -0.002 -12"><span class='ocrx_word' id='word_1_196' title='bbox 58 1734 147 1766; x_wconf 83' lang='lat' dir='ltr'>vatis</span> <span class='ocrx_word' id='word_1_197' title='bbox 162 1732 297 1765; x_wconf 84' lang='lat' dir='ltr'>civibus</span> <span class='ocrx_word' id='word_1_198' title='bbox 311 1731 528 1776; x_wconf 86' lang='lat' dir='ltr'>praecipere,</span> <span class='ocrx_word' id='word_1_199' title='bbox 555 1737 594 1764; x_wconf 94' lang='lat' dir='ltr'>ut</span> <span class='ocrx_word' id='word_1_200' title='bbox 613 1731 766 1771; x_wconf 86' lang='lat' dir='ltr'>discant,</span> <span class='ocrx_word' id='word_1_201' title='bbox 791 1730 1048 1774; x_wconf 86' lang='lat' dir='ltr'>amplectantur</span> 
     </span>
     <span class='ocr_line' id='line_1_33' title="bbox 59 1780 1046 1825; baseline -0.004 -8"><span class='ocrx_word' id='word_1_202' title='bbox 59 1791 91 1817; x_wconf 90' lang='lat' dir='ltr'>et</span> <span class='ocrx_word' id='word_1_203' title='bbox 109 1783 344 1816; x_wconf 84' lang='lat' dir='ltr'>confiteantur</span> <span class='ocrx_word' id='word_1_204' title='bbox 365 1793 482 1814; x_wconf 89' lang='lat' dir='ltr'>veram</span> <span class='ocrx_word' id='word_1_205' title='bbox 507 1780 704 1814; x_wconf 89' lang='lat' dir='ltr'>doctrinam</span> <span class='ocrx_word' id='word_1_206' title='bbox 729 1792 941 1825; x_wconf 88' lang='lat' dir='ltr'>quocunque</span> <span class='ocrx_word' id='word_1_207' title='bbox 958 1787 1046 1813; x_wconf 87' lang='lat' dir='ltr'>tem—</span> 
     </span>
     <span class='ocr_line' id='line_1_34' title="bbox 59 1831 1045 1878; baseline -0.004 -11"><span class='ocrx_word' id='word_1_208' title='bbox 59 1845 161 1877; x_wconf 83' lang='lat' dir='ltr'>pore,</span> <span class='ocrx_word' id='word_1_209' title='bbox 188 1845 227 1866; x_wconf 91' lang='lat' dir='ltr'>ac</span> <span class='ocrx_word' id='word_1_210' title='bbox 246 1832 383 1875; x_wconf 85' lang='lat' dir='ltr'>fugiant</span> <span class='ocrx_word' id='word_1_211' title='bbox 398 1837 471 1866; x_wconf 91' lang='lat' dir='ltr'>toto</span> <span class='ocrx_word' id='word_1_212' title='bbox 488 1838 646 1875; x_wconf 87' lang='lat' dir='ltr'>pectore,</span> <span class='ocrx_word' id='word_1_213' title='bbox 671 1831 810 1875; x_wconf 86' lang='lat' dir='ltr'>publiea</span> <span class='ocrx_word' id='word_1_214' title='bbox 827 1831 1045 1878; x_wconf 83' lang='lat' dir='ltr'>professione</span> 
     </span>
     <span class='ocr_line' id='line_1_35' title="bbox 58 1882 1046 1925; baseline -0.002 -8"><span class='ocrx_word' id='word_1_215' title='bbox 58 1884 238 1923; x_wconf 84' lang='lat' dir='ltr'>reiiciant,</span> <span class='ocrx_word' id='word_1_216' title='bbox 265 1889 298 1916; x_wconf 92' lang='lat' dir='ltr'>et</span> <span class='ocrx_word' id='word_1_217' title='bbox 314 1883 518 1925; x_wconf 89' lang='lat' dir='ltr'>improbent</span> <span class='ocrx_word' id='word_1_218' title='bbox 534 1893 656 1915; x_wconf 84' lang='lat' dir='ltr'>omnes</span> <span class='ocrx_word' id='word_1_219' title='bbox 675 1883 914 1915; x_wconf 87' lang='lat' dir='ltr'>idololatricos</span> <span class='ocrx_word' id='word_1_220' title='bbox 931 1882 1046 1915; x_wconf 89' lang='lat' dir='ltr'>cultus</span> 
     </span>
     <span class='ocr_line' id='line_1_36' title="bbox 58 1933 1044 1980; baseline -0.002 -13"><span class='ocrx_word' id='word_1_221' title='bbox 58 1943 90 1969; x_wconf 89' lang='lat' dir='ltr'>et</span> <span class='ocrx_word' id='word_1_222' title='bbox 107 1945 356 1980; x_wconf 89' lang='lat' dir='ltr'>quamcunque</span> <span class='ocrx_word' id='word_1_223' title='bbox 373 1933 517 1977; x_wconf 88' lang='lat' dir='ltr'>impiam</span> <span class='ocrx_word' id='word_1_224' title='bbox 538 1933 755 1973; x_wconf 84' lang='lat' dir='ltr'>doctrinam,</span> <span class='ocrx_word' id='word_1_225' title='bbox 781 1945 839 1966; x_wconf 91' lang='lat' dir='ltr'>seu</span> <span class='ocrx_word' id='word_1_226' title='bbox 866 1945 1044 1978; x_wconf 88' lang='lat' dir='ltr'>quaecun-</span> 
     </span>
     <span class='ocr_line' id='line_1_37' title="bbox 57 1983 1044 2031; baseline -0.003 -12"><span class='ocrx_word' id='word_1_227' title='bbox 57 1998 125 2031; x_wconf 87' lang='lat' dir='ltr'>que</span> <span class='ocrx_word' id='word_1_228' title='bbox 143 1985 227 2019; x_wconf 81' lang='lat' dir='ltr'>falsa</span> <span class='ocrx_word' id='word_1_229' title='bbox 245 1985 418 2028; x_wconf 85' lang='lat' dir='ltr'>dogmata.</span> <span class='ocrx_word' id='word_1_230' title='bbox 452 1983 518 2018; x_wconf 90' lang='lat' dir='ltr'>Sed</span> <span class='ocrx_word' id='word_1_231' title='bbox 537 1984 597 2016; x_wconf 89' lang='lat' dir='ltr'>illa</span> <span class='ocrx_word' id='word_1_232' title='bbox 614 1984 918 2023; x_wconf 85' lang='lat' dir='ltr'>commonefactio,</span> <span class='ocrx_word' id='word_1_233' title='bbox 939 1995 1044 2029; x_wconf 90' lang='lat' dir='ltr'>quam</span> 
     </span>
     <span class='ocr_line' id='line_1_38' title="bbox 59 2032 1045 2081; baseline -0.004 -10"><span class='ocrx_word' id='word_1_234' title='bbox 59 2048 163 2081; x_wconf 83' lang='lat' dir='ltr'>supra</span> <span class='ocrx_word' id='word_1_235' title='bbox 188 2035 383 2078; x_wconf 81' lang='lat' dir='ltr'>inculcavi,</span> <span class='ocrx_word' id='word_1_236' title='bbox 407 2035 553 2079; x_wconf 87' lang='lat' dir='ltr'>repetita</span> <span class='ocrx_word' id='word_1_237' title='bbox 579 2032 646 2067; x_wconf 89' lang='lat' dir='ltr'>hoc</span> <span class='ocrx_word' id='word_1_238' title='bbox 668 2035 764 2073; x_wconf 86' lang='lat' dir='ltr'>loco,</span> <span class='ocrx_word' id='word_1_239' title='bbox 793 2035 966 2078; x_wconf 82' lang='lat' dir='ltr'>praesenti</span> <span class='ocrx_word' id='word_1_240' title='bbox 989 2047 1045 2067; x_wconf 92' lang='lat' dir='ltr'>re-</span> 
     </span>
     <span class='ocr_line' id='line_1_39' title="bbox 59 2087 1043 2130; baseline -0.003 -10"><span class='ocrx_word' id='word_1_241' title='bbox 59 2088 160 2130; x_wconf 78' lang='lat' dir='ltr'>gulae</span> <span class='ocrx_word' id='word_1_242' title='bbox 178 2087 407 2129; x_wconf 86' lang='lat' dir='ltr'>adiungatur,</span> <span class='ocrx_word' id='word_1_243' title='bbox 431 2087 580 2126; x_wconf 90' lang='lat' dir='ltr'>scilicet,</span> <span class='ocrx_word' id='word_1_244' title='bbox 608 2087 702 2130; x_wconf 89' lang='lat' dir='ltr'>quod</span> <span class='ocrx_word' id='word_1_245' title='bbox 728 2092 887 2129; x_wconf 84' lang='lat' dir='ltr'>oporteat</span> <span class='ocrx_word' id='word_1_246' title='bbox 906 2087 1043 2118; x_wconf 89' lang='lat' dir='ltr'>dissen-</span> 
     </span>
     <span class='ocr_line' id='line_1_40' title="bbox 58 2136 1044 2180; baseline -0.003 -9"><span class='ocrx_word' id='word_1_247' title='bbox 58 2139 184 2171; x_wconf 87' lang='lat' dir='ltr'>tientes</span> <span class='ocrx_word' id='word_1_248' title='bbox 202 2138 246 2169; x_wconf 89' lang='lat' dir='ltr'>ab</span> <span class='ocrx_word' id='word_1_249' title='bbox 266 2136 445 2169; x_wconf 89' lang='lat' dir='ltr'>ordinaria</span> <span class='ocrx_word' id='word_1_250' title='bbox 463 2142 632 2180; x_wconf 88' lang='lat' dir='ltr'>potestate</span> <span class='ocrx_word' id='word_1_251' title='bbox 651 2144 762 2170; x_wconf 86' lang='lat' dir='ltr'>certos</span> <span class='ocrx_word' id='word_1_252' title='bbox 786 2148 858 2169; x_wconf 90' lang='lat' dir='ltr'>esse</span> <span class='ocrx_word' id='word_1_253' title='bbox 884 2137 926 2169; x_wconf 89' lang='lat' dir='ltr'>de</span> <span class='ocrx_word' id='word_1_254' title='bbox 952 2137 1044 2169; x_wconf 80' lang='lat' dir='ltr'>veri-</span> 
     </span>
     <span class='ocr_line' id='line_1_41' title="bbox 58 2187 1046 2232; baseline -0.002 -10"><span class='ocrx_word' id='word_1_255' title='bbox 58 2196 127 2222; x_wconf 84' lang='lat' dir='ltr'>tate</span> <span class='ocrx_word' id='word_1_256' title='bbox 145 2188 347 2227; x_wconf 88' lang='lat' dir='ltr'>doctrinae,</span> <span class='ocrx_word' id='word_1_257' title='bbox 377 2199 482 2232; x_wconf 90' lang='lat' dir='ltr'>quam</span> <span class='ocrx_word' id='word_1_258' title='bbox 499 2187 709 2230; x_wconf 88' lang='lat' dir='ltr'>profitentur</span> <span class='ocrx_word' id='word_1_259' title='bbox 727 2193 758 2219; x_wconf 89' lang='lat' dir='ltr'>et</span> <span class='ocrx_word' id='word_1_260' title='bbox 773 2187 1046 2231; x_wconf 80' lang='lat' dir='ltr'>amplectuntur,</span> 
     </span>
     <span class='ocr_line' id='line_1_42' title="bbox 60 2237 1045 2273; baseline -0.003 0"><span class='ocrx_word' id='word_1_261' title='bbox 60 2242 149 2273; x_wconf 88' lang='lat' dir='ltr'>sicut</span> <span class='ocrx_word' id='word_1_262' title='bbox 167 2246 268 2272; x_wconf 84' lang='lat' dir='ltr'>antea</span> <span class='ocrx_word' id='word_1_263' title='bbox 287 2238 471 2271; x_wconf 87' lang='lat' dir='ltr'>citavimus</span> <span class='ocrx_word' id='word_1_264' title='bbox 493 2238 598 2271; x_wconf 86' lang='lat' dir='ltr'>verba</span> <span class='ocrx_word' id='word_1_265' title='bbox 615 2237 718 2272; x_wconf 89' lang='lat' dir='ltr'>Deut.</span> <span class='ocrx_word' id='word_1_266' title='bbox 737 2237 810 2270; x_wconf 79' lang='lat'>17.:</span> <span class='ocrx_word' id='word_1_267' title='bbox 847 2237 901 2271; x_wconf 87' lang='lat' dir='ltr'>Sit</span> <span class='ocrx_word' id='word_1_268' title='bbox 918 2238 1045 2270; x_wconf 79' lang='lat' dir='ltr'>veritas</span> 
     </span>
     <span class='ocr_line' id='line_1_43' title="bbox 59 2288 1046 2332; baseline -0.004 -8"><span class='ocrx_word' id='word_1_269' title='bbox 59 2297 170 2331; x_wconf 88' lang='lat' dir='ltr'>certa,</span> <span class='ocrx_word' id='word_1_270' title='bbox 197 2297 260 2323; x_wconf 88' lang='lat' dir='ltr'>etc.</span> <span class='ocrx_word' id='word_1_271' title='bbox 277 2289 310 2321; x_wconf 92' lang='lat' dir='ltr'>id</span> <span class='ocrx_word' id='word_1_272' title='bbox 329 2295 396 2329; x_wconf 89' lang='lat' dir='ltr'>est,</span> <span class='ocrx_word' id='word_1_273' title='bbox 425 2288 521 2332; x_wconf 82' lang='lat' dir='ltr'>prius</span> <span class='ocrx_word' id='word_1_274' title='bbox 540 2289 736 2321; x_wconf 84' lang='lat' dir='ltr'>doctrinam</span> <span class='ocrx_word' id='word_1_275' title='bbox 759 2289 897 2321; x_wconf 84' lang='lat' dir='ltr'>studeas</span> <span class='ocrx_word' id='word_1_276' title='bbox 924 2300 963 2320; x_wconf 78' lang='lat' dir='ltr'>ex</span> <span class='ocrx_word' id='word_1_277' title='bbox 987 2300 1046 2320; x_wconf 83' lang='lat' dir='ltr'>ve-</span> 
     </span>
     <span class='ocr_line' id='line_1_44' title="bbox 61 2339 1045 2384; baseline -0.004 -9"><span class='ocrx_word' id='word_1_278' title='bbox 61 2342 107 2375; x_wconf 85' lang='lat' dir='ltr'>ris</span> <span class='ocrx_word' id='word_1_279' title='bbox 138 2341 297 2374; x_wconf 78' lang='lat' dir='ltr'>sontibus</span> <span class='ocrx_word' id='word_1_280' title='bbox 330 2346 434 2384; x_wconf 88' lang='lat' dir='ltr'>atque</span> <span class='ocrx_word' id='word_1_281' title='bbox 464 2339 708 2373; x_wconf 82' lang='lat' dir='ltr'>fundamentis</span> <span class='ocrx_word' id='word_1_282' title='bbox 741 2345 831 2372; x_wconf 90' lang='lat' dir='ltr'>recte</span> <span class='ocrx_word' id='word_1_283' title='bbox 857 2351 896 2371; x_wconf 84' lang='lat' dir='ltr'>ac</span> <span class='ocrx_word' id='word_1_284' title='bbox 922 2339 1045 2372; x_wconf 88' lang='lat' dir='ltr'>ordine</span> 
     </span>
     <span class='ocr_line' id='line_1_45' title="bbox 60 2389 1046 2434; baseline -0.004 -8"><span class='ocrx_word' id='word_1_285' title='bbox 60 2393 214 2431; x_wconf 87' lang='lat' dir='ltr'>discere,</span> <span class='ocrx_word' id='word_1_286' title='bbox 252 2391 326 2434; x_wconf 89' lang='lat' dir='ltr'>pie,</span> <span class='ocrx_word' id='word_1_287' title='bbox 368 2391 506 2430; x_wconf 79' lang='lat' dir='ltr'>dextre,</span> <span class='ocrx_word' id='word_1_288' title='bbox 550 2390 802 2434; x_wconf 81' lang='lat' dir='ltr'>perspicueque</span> <span class='ocrx_word' id='word_1_289' title='bbox 836 2389 1046 2433; x_wconf 83' lang='lat' dir='ltr'>intelligere,</span> 
     </span>
     <span class='ocr_line' id='line_1_46' title="bbox 61 2437 1046 2489; baseline -0.004 -12"><span class='ocrx_word' id='word_1_290' title='bbox 61 2455 166 2489; x_wconf 89' lang='lat' dir='ltr'>quam</span> <span class='ocrx_word' id='word_1_291' title='bbox 191 2449 396 2487; x_wconf 81' lang='lat' dir='ltr'>postquam,</span> <span class='ocrx_word' id='word_1_292' title='bbox 437 2441 617 2475; x_wconf 83' lang='lat' dir='ltr'>convictus</span> <span class='ocrx_word' id='word_1_293' title='bbox 643 2448 675 2474; x_wconf 91' lang='lat' dir='ltr'>et</span> <span class='ocrx_word' id='word_1_294' title='bbox 699 2441 924 2473; x_wconf 78' lang='lat' dir='ltr'>confirmatus</span> <span class='ocrx_word' id='word_1_295' title='bbox 949 2437 1046 2474; x_wconf 69' lang='lat' dir='ltr'>testi-</span> 
     </span>
     <span class='ocr_line' id='line_1_47' title="bbox 61 2491 1046 2536; baseline -0.002 -9"><span class='ocrx_word' id='word_1_296' title='bbox 61 2493 191 2528; x_wconf 89' lang='lat' dir='ltr'>moniis</span> <span class='ocrx_word' id='word_1_297' title='bbox 207 2493 399 2536; x_wconf 85' lang='lat' dir='ltr'>scripturae</span> <span class='ocrx_word' id='word_1_298' title='bbox 413 2521 421 2532; x_wconf 86' lang='lat'>,</span> <span class='ocrx_word' id='word_1_299' title='bbox 452 2493 609 2534; x_wconf 70' lang='lat' dir='ltr'>agnoscis</span> <span class='ocrx_word' id='word_1_300' title='bbox 629 2499 661 2524; x_wconf 91' lang='lat' dir='ltr'>et</span> <span class='ocrx_word' id='word_1_301' title='bbox 680 2491 846 2530; x_wconf 65' lang='lat' dir='ltr'>intelligis</span> <span class='ocrx_word' id='word_1_302' title='bbox 865 2503 936 2524; x_wconf 80' lang='lat' dir='ltr'>esse</span> <span class='ocrx_word' id='word_1_303' title='bbox 956 2493 1046 2525; x_wconf 73' lang='lat' dir='ltr'>veri-</span> 
     </span>
     <span class='ocr_line' id='line_1_48' title="bbox 62 2542 1046 2595; baseline -0.004 -16"><span class='ocrx_word' id='word_1_304' title='bbox 62 2551 168 2579; x_wconf 83' lang='lat' dir='ltr'>tatem</span> <span class='ocrx_word' id='word_1_305' title='bbox 193 2543 366 2577; x_wconf 83' lang='lat' dir='ltr'>divinitus</span> <span class='ocrx_word' id='word_1_306' title='bbox 390 2544 576 2595; x_wconf 70' lang='lat' dir='ltr'>traditam,</span> <span class='ocrx_word' id='word_1_307' title='bbox 607 2550 708 2581; x_wconf 84' lang='lat' dir='ltr'>tunc,</span> <span class='ocrx_word' id='word_1_308' title='bbox 740 2543 903 2587; x_wconf 77' lang='lat' dir='ltr'>inquam.</span> <span class='ocrx_word' id='word_1_309' title='bbox 931 2542 1046 2585; x_wconf 77' lang='lat' dir='ltr'>agnita</span> 
     </span>
     <span class='ocr_line' id='line_1_49' title="bbox 63 2591 1048 2633; baseline -0.002 -4"><span class='ocrx_word' id='word_1_310' title='bbox 63 2603 97 2629; x_wconf 90' lang='lat' dir='ltr'>et</span> <span class='ocrx_word' id='word_1_311' title='bbox 112 2595 288 2630; x_wconf 88' lang='lat' dir='ltr'>intellecta</span> <span class='ocrx_word' id='word_1_312' title='bbox 305 2594 467 2633; x_wconf 75' lang='lat' dir='ltr'>veritate,</span> <span class='ocrx_word' id='word_1_313' title='bbox 494 2595 599 2627; x_wconf 76' lang='lat' dir='ltr'>deb‘es</span> <span class='ocrx_word' id='word_1_314' title='bbox 614 2591 704 2627; x_wconf 89' lang='lat' dir='ltr'>hanc</span> <span class='ocrx_word' id='word_1_315' title='bbox 721 2593 958 2627; x_wconf 88' lang='lat' dir='ltr'>obedientiam</span> <span class='ocrx_word' id='word_1_316' title='bbox 973 2592 1048 2627; x_wconf 89' lang='lat' dir='ltr'>Deo</span> 
     </span>
     <span class='ocr_line' id='line_1_50' title="bbox 62 2645 1045 2691; baseline -0.001 -13"><span class='ocrx_word' id='word_1_317' title='bbox 62 2645 117 2688; x_wconf 86' lang='lat' dir='ltr'>(in</span> <span class='ocrx_word' id='word_1_318' title='bbox 131 2657 341 2691; x_wconf 89' lang='lat' dir='ltr'>quocunque</span> <span class='ocrx_word' id='word_1_319' title='bbox 365 2657 490 2689; x_wconf 83' lang='lat' dir='ltr'>genere</span> <span class='ocrx_word' id='word_1_320' title='bbox 517 2646 608 2679; x_wconf 81' lang='lat' dir='ltr'>vitae</span> <span class='ocrx_word' id='word_1_321' title='bbox 633 2645 800 2680; x_wconf 80' lang='lat' dir='ltr'>versaris,</span> <span class='ocrx_word' id='word_1_322' title='bbox 843 2645 914 2676; x_wconf 77' lang='lat' dir='ltr'>sive</span> <span class='ocrx_word' id='word_1_323' title='bbox 937 2645 1045 2686; x_wconf 72' lang='lat' dir='ltr'>magi-</span> 
     </span>
    </p>
   </div>
   <div class='ocr_carea' id='block_1_3' title="bbox 463 119 1853 163">
    <p class='ocr_par' dir='ltr' id='par_1_5' title="bbox 463 119 1853 163">
     <span class='ocr_line' id='line_1_51' title="bbox 463 119 1853 163; baseline 0.002 -3"><span class='ocrx_word' id='word_1_324' title='bbox 463 122 858 160; x_wconf 84' lang='lat' dir='ltr'><strong>ANNOTATIONES</strong></span> <span class='ocrx_word' id='word_1_325' title='bbox 887 119 953 159; x_wconf 89' lang='grc' dir='ltr'>ΕΤ</span> <span class='ocrx_word' id='word_1_326' title='bbox 980 122 1262 161; x_wconf 88' lang='lat' dir='ltr'>CONCIONES</span> <span class='ocrx_word' id='word_1_327' title='bbox 1287 125 1338 161; x_wconf 84' lang='lat' dir='ltr'>IN</span> <span class='ocrx_word' id='word_1_328' title='bbox 1366 124 1547 162; x_wconf 78' lang='lat' dir='ltr'>EVANG.</span> <span class='ocrx_word' id='word_1_329' title='bbox 1575 125 1853 163; x_wconf 83' lang='lat' dir='ltr'>MATTIIAEI.</span> 
     </span>
    </p>
   </div>
   <div class='ocr_carea' id='block_1_4' title="bbox 1069 2553 1074 2704">
    <p class='ocr_par' dir='ltr' id='par_1_6' title="bbox 1069 2553 1074 2704">
     <span class='ocr_line' id='line_1_52' title="bbox 1069 2553 1074 2704; baseline 0 0"><span class='ocrx_word' id='word_1_330' title='bbox 1069 2553 1074 2704; x_wconf 65' lang='lat' dir='ltr'>l</span> 
     </span>
    </p>
   </div>
   <div class='ocr_carea' id='block_1_5' title="bbox 64 2696 1074 2740">
    <p class='ocr_par' dir='ltr' id='par_1_7' title="bbox 64 2696 1074 2740">
     <span class='ocr_line' id='line_1_53' title="bbox 64 2696 1074 2740; baseline 0 -11"><span class='ocrx_word' id='word_1_331' title='bbox 64 2703 207 2731; x_wconf 86' lang='lat' dir='ltr'>stratum</span> <span class='ocrx_word' id='word_1_332' title='bbox 231 2697 340 2740; x_wconf 85' lang='lat' dir='ltr'>geris,</span> <span class='ocrx_word' id='word_1_333' title='bbox 367 2697 562 2729; x_wconf 80' lang='lat' dir='ltr'>aliorumve</span> <span class='ocrx_word' id='word_1_334' title='bbox 586 2696 731 2729; x_wconf 85' lang='lat' dir='ltr'>consilia</span> <span class='ocrx_word' id='word_1_335' title='bbox 757 2696 949 2739; x_wconf 82' lang='lat' dir='ltr'>gubernas,</span> <span class='ocrx_word' id='word_1_336' title='bbox 977 2696 1049 2729; x_wconf 77' lang='lat' dir='ltr'>sive</span> <span class='ocrx_word' id='word_1_337' title='bbox 1071 2711 1074 2718; x_wconf 92' lang='lat'>·</span> 
     </span>
    </p>
   </div>
   <div class='ocr_carea' id='block_1_6' title="bbox 2033 131 2104 166">
    <p class='ocr_par' dir='ltr' id='par_1_8' title="bbox 2033 131 2104 166">
     <span class='ocr_line' id='line_1_54' title="bbox 2033 131 2104 166; baseline 0.042 -3"><span class='ocrx_word' id='word_1_338' title='bbox 2033 131 2104 166; x_wconf 79' lang='lat'>774</span> 
     </span>
    </p>
   </div>
   <div class='ocr_carea' id='block_1_7' title="bbox 1097 210 2105 2386">
    <p class='ocr_par' dir='ltr' id='par_1_9' title="bbox 1099 210 2105 1573">
     <span class='ocr_line' id='line_1_55' title="bbox 1112 210 2105 256; baseline 0.007 -13"><span class='ocrx_word' id='word_1_339' title='bbox 1112 210 1272 255; x_wconf 90' lang='lat' dir='ltr'>plebeius</span> <span class='ocrx_word' id='word_1_340' title='bbox 1291 212 1378 245; x_wconf 87' lang='lat' dir='ltr'>civis</span> <span class='ocrx_word' id='word_1_341' title='bbox 1399 213 1450 255; x_wconf 90' lang='lat' dir='ltr'>es)</span> <span class='ocrx_word' id='word_1_342' title='bbox 1470 219 1507 245; x_wconf 91' lang='lat' dir='ltr'>ut</span> <span class='ocrx_word' id='word_1_343' title='bbox 1525 212 1618 256; x_wconf 90' lang='lat' dir='ltr'>piam</span> <span class='ocrx_word' id='word_1_344' title='bbox 1638 214 1835 247; x_wconf 85' lang='lat' dir='ltr'>doctrinam</span> <span class='ocrx_word' id='word_1_345' title='bbox 1855 223 1886 249; x_wconf 90' lang='lat' dir='ltr'>et</span> <span class='ocrx_word' id='word_1_346' title='bbox 1904 228 2002 249; x_wconf 86' lang='lat' dir='ltr'>veras</span> <span class='ocrx_word' id='word_1_347' title='bbox 2026 229 2105 251; x_wconf 74' lang='lat' dir='ltr'>scn-</span> 
     </span>
     <span class='ocr_line' id='line_1_56' title="bbox 1111 262 2103 312; baseline 0.005 -17"><span class='ocrx_word' id='word_1_348' title='bbox 1111 262 1239 295; x_wconf 90' lang='lat' dir='ltr'>tentias</span> <span class='ocrx_word' id='word_1_349' title='bbox 1262 263 1502 305; x_wconf 76' lang='lat' dir='ltr'>amplectaris,</span> <span class='ocrx_word' id='word_1_350' title='bbox 1532 264 1704 303; x_wconf 82' lang='lat' dir='ltr'>celebres,</span> <span class='ocrx_word' id='word_1_351' title='bbox 1740 274 1771 299; x_wconf 86' lang='lat' dir='ltr'>et</span> <span class='ocrx_word' id='word_1_352' title='bbox 1798 267 1994 301; x_wconf 83' lang='lat' dir='ltr'>confitearis</span> <span class='ocrx_word' id='word_1_353' title='bbox 2022 281 2103 312; x_wconf 71' lang='lat' dir='ltr'>pro—</span> 
     </span>
     <span class='ocr_line' id='line_1_57' title="bbox 1109 311 2101 357; baseline 0.006 -11"><span class='ocrx_word' id='word_1_354' title='bbox 1109 319 1185 356; x_wconf 90' lang='lat' dir='ltr'>pter</span> <span class='ocrx_word' id='word_1_355' title='bbox 1202 311 1349 355; x_wconf 89' lang='lat' dir='ltr'>gloriam</span> <span class='ocrx_word' id='word_1_356' title='bbox 1372 311 1458 353; x_wconf 86' lang='lat' dir='ltr'>Dei,</span> <span class='ocrx_word' id='word_1_357' title='bbox 1487 314 1649 356; x_wconf 74' lang='lat' dir='ltr'>propriae</span> <span class='ocrx_word' id='word_1_358' title='bbox 1671 316 1791 349; x_wconf 86' lang='lat' dir='ltr'>salutis</span> <span class='ocrx_word' id='word_1_359' title='bbox 1814 324 1893 349; x_wconf 89' lang='lat' dir='ltr'>tuae</span> <span class='ocrx_word' id='word_1_360' title='bbox 1919 330 2040 357; x_wconf 78' lang='lat' dir='ltr'>causa,</span> <span class='ocrx_word' id='word_1_361' title='bbox 2069 327 2101 352; x_wconf 84' lang='lat' dir='ltr'>et</span> 
     </span>
     <span class='ocr_line' id='line_1_58' title="bbox 1108 363 2100 406; baseline 0.006 -11"><span class='ocrx_word' id='word_1_362' title='bbox 1108 364 1149 395; x_wconf 91' lang='lat' dir='ltr'>ad</span> <span class='ocrx_word' id='word_1_363' title='bbox 1180 363 1469 406; x_wconf 85' lang='lat' dir='ltr'>propagationem</span> <span class='ocrx_word' id='word_1_364' title='bbox 1499 375 1537 396; x_wconf 91' lang='lat' dir='ltr'>ac</span> <span class='ocrx_word' id='word_1_365' title='bbox 1566 364 1779 399; x_wconf 87' lang='lat' dir='ltr'>incrementa</span> <span class='ocrx_word' id='word_1_366' title='bbox 1806 365 2008 401; x_wconf 74' lang='lat' dir='ltr'>Catholicae</span> <span class='ocrx_word' id='word_1_367' title='bbox 2033 368 2100 403; x_wconf 73' lang='lat' dir='ltr'>Ec—</span> 
     </span>
     <span class='ocr_line' id='line_1_59' title="bbox 1108 410 2100 461; baseline 0.008 -15"><span class='ocrx_word' id='word_1_368' title='bbox 1108 413 1212 446; x_wconf 89' lang='lat' dir='ltr'>lesiae</span> <span class='ocrx_word' id='word_1_369' title='bbox 1229 410 1377 447; x_wconf 81' lang='lat' dir='ltr'>Christi.</span> <span class='ocrx_word' id='word_1_370' title='bbox 1431 413 1468 447; x_wconf 89' lang='lat' dir='ltr'>Si</span> <span class='ocrx_word' id='word_1_371' title='bbox 1493 421 1636 457; x_wconf 83' lang='lat' dir='ltr'>propter</span> <span class='ocrx_word' id='word_1_372' title='bbox 1662 413 1727 448; x_wconf 86' lang='lat' dir='ltr'>hoc</span> <span class='ocrx_word' id='word_1_373' title='bbox 1753 418 1907 450; x_wconf 86' lang='lat' dir='ltr'>studium</span> <span class='ocrx_word' id='word_1_374' title='bbox 1933 420 2100 461; x_wconf 70' lang='lat' dir='ltr'>veritatis,</span> 
     </span>
     <span class='ocr_line' id='line_1_60' title="bbox 1108 464 2100 513; baseline 0.007 -17"><span class='ocrx_word' id='word_1_375' title='bbox 1108 472 1140 498; x_wconf 87' lang='lat' dir='ltr'>et</span> <span class='ocrx_word' id='word_1_376' title='bbox 1163 464 1255 508; x_wconf 89' lang='lat' dir='ltr'>piam</span> <span class='ocrx_word' id='word_1_377' title='bbox 1281 464 1556 504; x_wconf 84' lang='lat' dir='ltr'>confessionem,</span> <span class='ocrx_word' id='word_1_378' title='bbox 1580 464 1692 508; x_wconf 82' lang='lat' dir='ltr'>Papa,</span> <span class='ocrx_word' id='word_1_379' title='bbox 1719 465 1903 511; x_wconf 80' lang='lat' dir='ltr'>Episcopi,</span> <span class='ocrx_word' id='word_1_380' title='bbox 1933 469 2046 513; x_wconf 78' lang='lat' dir='ltr'>Reges</span> <span class='ocrx_word' id='word_1_381' title='bbox 2062 484 2100 504; x_wconf 87' lang='lat' dir='ltr'>ac</span> 
     </span>
     <span class='ocr_line' id='line_1_61' title="bbox 1107 514 2098 559; baseline 0.001 -12"><span class='ocrx_word' id='word_1_382' title='bbox 1107 514 1290 559; x_wconf 87' lang='lat' dir='ltr'>Principes</span> <span class='ocrx_word' id='word_1_383' title='bbox 1305 514 1480 559; x_wconf 85' lang='lat' dir='ltr'>expellent</span> <span class='ocrx_word' id='word_1_384' title='bbox 1496 522 1529 548; x_wconf 86' lang='lat' dir='ltr'>te</span> <span class='ocrx_word' id='word_1_385' title='bbox 1547 527 1586 548; x_wconf 84' lang='lat' dir='ltr'>ex</span> <span class='ocrx_word' id='word_1_386' title='bbox 1603 516 1675 548; x_wconf 90' lang='lat' dir='ltr'>suis</span> <span class='ocrx_word' id='word_1_387' title='bbox 1692 517 1849 550; x_wconf 87' lang='lat' dir='ltr'>coetibus</span> <span class='ocrx_word' id='word_1_388' title='bbox 1864 545 1872 558; x_wconf 93' lang='lat'>,</span> <span class='ocrx_word' id='word_1_389' title='bbox 1908 526 1939 552; x_wconf 84' lang='lat' dir='ltr'>et</span> <span class='ocrx_word' id='word_1_390' title='bbox 1959 518 2098 555; x_wconf 83' lang='lat' dir='ltr'>hostili-</span> 
     </span>
     <span class='ocr_line' id='line_1_62' title="bbox 1106 566 2097 612; baseline 0.006 -13"><span class='ocrx_word' id='word_1_391' title='bbox 1106 571 1160 599; x_wconf 88' lang='lat' dir='ltr'>ter</span> <span class='ocrx_word' id='word_1_392' title='bbox 1179 567 1346 599; x_wconf 83' lang='lat' dir='ltr'>adversus</span> <span class='ocrx_word' id='word_1_393' title='bbox 1363 573 1397 599; x_wconf 90' lang='lat' dir='ltr'>te</span> <span class='ocrx_word' id='word_1_394' title='bbox 1413 566 1687 608; x_wconf 84' lang='lat' dir='ltr'>grassabuntur,</span> <span class='ocrx_word' id='word_1_395' title='bbox 1714 573 1819 612; x_wconf 88' lang='lat' dir='ltr'>atque</span> <span class='ocrx_word' id='word_1_396' title='bbox 1835 568 1880 601; x_wconf 88' lang='lat' dir='ltr'>ita</span> <span class='ocrx_word' id='word_1_397' title='bbox 1899 569 2097 605; x_wconf 88' lang='lat' dir='ltr'>distractio-</span> 
     </span>
     <span class='ocr_line' id='line_1_63' title="bbox 1106 615 2098 659; baseline 0.005 -10"><span class='ocrx_word' id='word_1_398' title='bbox 1106 627 1185 657; x_wconf 89' lang='lat' dir='ltr'>nes,</span> <span class='ocrx_word' id='word_1_399' title='bbox 1224 616 1387 655; x_wconf 89' lang='lat' dir='ltr'>dissidia‚</span> <span class='ocrx_word' id='word_1_400' title='bbox 1429 615 1613 650; x_wconf 84' lang='lat' dir='ltr'>schismata</span> <span class='ocrx_word' id='word_1_401' title='bbox 1647 623 1680 650; x_wconf 91' lang='lat' dir='ltr'>et</span> <span class='ocrx_word' id='word_1_402' title='bbox 1711 618 1869 659; x_wconf 85' lang='lat' dir='ltr'>ingentes</span> <span class='ocrx_word' id='word_1_403' title='bbox 1903 620 2098 654; x_wconf 85' lang='lat' dir='ltr'>discordiae</span> 
     </span>
     <span class='ocr_line' id='line_1_64' title="bbox 1105 667 2097 714; baseline 0.004 -13"><span class='ocrx_word' id='word_1_404' title='bbox 1105 668 1282 701; x_wconf 81' lang='lat' dir='ltr'>orientur:</span> <span class='ocrx_word' id='word_1_405' title='bbox 1319 668 1475 701; x_wconf 77' lang='lat' dir='ltr'>viderint</span> <span class='ocrx_word' id='word_1_406' title='bbox 1494 667 1563 707; x_wconf 78' lang='lat' dir='ltr'>illi,</span> <span class='ocrx_word' id='word_1_407' title='bbox 1599 680 1750 712; x_wconf 90' lang='lat' dir='ltr'>quorum</span> <span class='ocrx_word' id='word_1_408' title='bbox 1775 677 1824 703; x_wconf 88' lang='lat' dir='ltr'>est</span> <span class='ocrx_word' id='word_1_409' title='bbox 1849 670 1968 714; x_wconf 85' lang='lat' dir='ltr'>culpa,</span> <span class='ocrx_word' id='word_1_410' title='bbox 2002 673 2097 705; x_wconf 89' lang='lat' dir='ltr'>scili-</span> 
     </span>
     <span class='ocr_line' id='line_1_65' title="bbox 1104 716 2097 763; baseline 0.005 -12"><span class='ocrx_word' id='word_1_411' title='bbox 1104 725 1174 757; x_wconf 81' lang='lat' dir='ltr'>cet,</span> <span class='ocrx_word' id='word_1_412' title='bbox 1196 718 1351 763; x_wconf 59' lang='lat' dir='ltr'>xtyranni</span> <span class='ocrx_word' id='word_1_413' title='bbox 1365 742 1373 756; x_wconf 93' lang='lat'>,</span> <span class='ocrx_word' id='word_1_414' title='bbox 1409 716 1612 763; x_wconf 79' lang='lat' dir='ltr'>hypocritae</span> <span class='ocrx_word' id='word_1_415' title='bbox 1636 725 1669 752; x_wconf 92' lang='lat' dir='ltr'>et</span> <span class='ocrx_word' id='word_1_416' title='bbox 1689 719 1748 751; x_wconf 88' lang='lat' dir='ltr'>alii</span> <span class='ocrx_word' id='word_1_417' title='bbox 1766 727 1905 754; x_wconf 87' lang='lat' dir='ltr'>autores</span> <span class='ocrx_word' id='word_1_418' title='bbox 1922 728 1990 754; x_wconf 90' lang='lat' dir='ltr'>tam</span> <span class='ocrx_word' id='word_1_419' title='bbox 2012 720 2097 756; x_wconf 89' lang='lat' dir='ltr'>hor-</span> 
     </span>
     <span class='ocr_line' id='line_1_66' title="bbox 1104 769 2093 817; baseline 0.005 -16"><span class='ocrx_word' id='word_1_420' title='bbox 1104 769 1263 802; x_wconf 86' lang='lat' dir='ltr'>ribilium</span> <span class='ocrx_word' id='word_1_421' title='bbox 1281 769 1542 802; x_wconf 87' lang='lat' dir='ltr'>dissensionum</span> <span class='ocrx_word' id='word_1_422' title='bbox 1561 775 1592 802; x_wconf 91' lang='lat' dir='ltr'>et</span> <span class='ocrx_word' id='word_1_423' title='bbox 1611 769 1871 804; x_wconf 88' lang='lat' dir='ltr'>seiunctionum</span> <span class='ocrx_word' id='word_1_424' title='bbox 1886 799 1894 812; x_wconf 94' lang='lat'>‚</span> <span class='ocrx_word' id='word_1_425' title='bbox 1926 784 2030 817; x_wconf 86' lang='lat' dir='ltr'>seque</span> <span class='ocrx_word' id='word_1_426' title='bbox 2052 776 2093 806; x_wconf 89' lang='lat' dir='ltr'>ad</span> 
     </span>
     <span class='ocr_line' id='line_1_67' title="bbox 1103 817 2092 867; baseline 0.005 -15"><span class='ocrx_word' id='word_1_427' title='bbox 1103 820 1320 853; x_wconf 88' lang='lat' dir='ltr'>reddendam</span> <span class='ocrx_word' id='word_1_428' title='bbox 1339 819 1415 853; x_wconf 92' lang='lat' dir='ltr'>Deo</span> <span class='ocrx_word' id='word_1_429' title='bbox 1431 821 1605 853; x_wconf 89' lang='lat' dir='ltr'>rationem</span> <span class='ocrx_word' id='word_1_430' title='bbox 1625 817 1852 864; x_wconf 68' lang='lat' dir='ltr'>praeparent}</span> <span class='ocrx_word' id='word_1_431' title='bbox 1891 829 1927 855; x_wconf 85' lang='lat' dir='ltr'>tu</span> <span class='ocrx_word' id='word_1_432' title='bbox 1948 824 2092 867; x_wconf 86' lang='lat' dir='ltr'>quidem</span> 
     </span>
     <span class='ocr_line' id='line_1_68' title="bbox 1103 867 2094 915; baseline 0.003 -11"><span class='ocrx_word' id='word_1_433' title='bbox 1103 883 1168 904; x_wconf 89' lang='lat' dir='ltr'>nec</span> <span class='ocrx_word' id='word_1_434' title='bbox 1187 871 1265 904; x_wconf 93' lang='lat' dir='ltr'>ideo</span> <span class='ocrx_word' id='word_1_435' title='bbox 1284 871 1328 903; x_wconf 94' lang='lat' dir='ltr'>ab</span> <span class='ocrx_word' id='word_1_436' title='bbox 1343 869 1497 904; x_wconf 89' lang='lat' dir='ltr'>Ecclesia</span> <span class='ocrx_word' id='word_1_437' title='bbox 1514 867 1695 904; x_wconf 87' lang='lat' dir='ltr'>Catholica</span> <span class='ocrx_word' id='word_1_438' title='bbox 1715 871 1910 915; x_wconf 83' lang='lat' dir='ltr'>seiunctus,</span> <span class='ocrx_word' id='word_1_439' title='bbox 1939 886 2001 906; x_wconf 88' lang='lat' dir='ltr'>nec</span> <span class='ocrx_word' id='word_1_440' title='bbox 2019 882 2094 907; x_wconf 89' lang='lat' dir='ltr'>tur-</span> 
     </span>
     <span class='ocr_line' id='line_1_69' title="bbox 1102 921 2092 967; baseline 0.002 -12"><span class='ocrx_word' id='word_1_441' title='bbox 1102 922 1202 955; x_wconf 88' lang='lat' dir='ltr'>batae</span> <span class='ocrx_word' id='word_1_442' title='bbox 1236 922 1465 962; x_wconf 87' lang='lat' dir='ltr'>concordiae,</span> <span class='ocrx_word' id='word_1_443' title='bbox 1501 921 1725 955; x_wconf 80' lang='lat' dir='ltr'>dilacerative</span> <span class='ocrx_word' id='word_1_444' title='bbox 1748 934 1936 955; x_wconf 87' lang='lat' dir='ltr'>consensus</span> <span class='ocrx_word' id='word_1_445' title='bbox 1962 926 2092 967; x_wconf 81' lang='lat' dir='ltr'>publici</span> 
     </span>
     <span class='ocr_line' id='line_1_70' title="bbox 1103 972 2093 1017; baseline 0.004 -12"><span class='ocrx_word' id='word_1_446' title='bbox 1103 972 1251 1005; x_wconf 90' lang='lat' dir='ltr'>crimine</span> <span class='ocrx_word' id='word_1_447' title='bbox 1266 973 1556 1006; x_wconf 89' lang='lat' dir='ltr'>condemnandus</span> <span class='ocrx_word' id='word_1_448' title='bbox 1571 984 1623 1010; x_wconf 86' lang='lat' dir='ltr'>es,</span> <span class='ocrx_word' id='word_1_449' title='bbox 1652 974 1744 1017; x_wconf 91' lang='lat' dir='ltr'>quod</span> <span class='ocrx_word' id='word_1_450' title='bbox 1763 973 1918 1006; x_wconf 71' lang='lat' dir='ltr'>veritatis</span> <span class='ocrx_word' id='word_1_451' title='bbox 1935 976 2093 1009; x_wconf 88' lang='lat' dir='ltr'>coelestis</span> 
     </span>
     <span class='ocr_line' id='line_1_71' title="bbox 1103 1023 2092 1070; baseline 0.004 -15"><span class='ocrx_word' id='word_1_452' title='bbox 1103 1023 1216 1056; x_wconf 91' lang='lat' dir='ltr'>lucem</span> <span class='ocrx_word' id='word_1_453' title='bbox 1241 1024 1406 1056; x_wconf 89' lang='lat' dir='ltr'>omnibus</span> <span class='ocrx_word' id='word_1_454' title='bbox 1425 1023 1516 1055; x_wconf 76' lang='lat' dir='ltr'>vitae</span> <span class='ocrx_word' id='word_1_455' title='bbox 1541 1023 1754 1061; x_wconf 86' lang='lat' dir='ltr'>commodis,</span> <span class='ocrx_word' id='word_1_456' title='bbox 1779 1031 1811 1057; x_wconf 91' lang='lat' dir='ltr'>et</span> <span class='ocrx_word' id='word_1_457' title='bbox 1835 1025 1996 1068; x_wconf 87' lang='lat' dir='ltr'>publicae</span> <span class='ocrx_word' id='word_1_458' title='bbox 2021 1028 2092 1070; x_wconf 87' lang='lat' dir='ltr'>pri-</span> 
     </span>
     <span class='ocr_line' id='line_1_72' title="bbox 1102 1073 2090 1118; baseline 0.005 -13"><span class='ocrx_word' id='word_1_459' title='bbox 1102 1081 1271 1117; x_wconf 68' lang='lat' dir='ltr'>vataeque</span> <span class='ocrx_word' id='word_1_460' title='bbox 1287 1073 1534 1118; x_wconf 85' lang='lat' dir='ltr'>tranquillitati</span> <span class='ocrx_word' id='word_1_461' title='bbox 1559 1085 1631 1106; x_wconf 90' lang='lat' dir='ltr'>non</span> <span class='ocrx_word' id='word_1_462' title='bbox 1656 1074 1797 1107; x_wconf 84' lang='lat' dir='ltr'>dubitas</span> <span class='ocrx_word' id='word_1_463' title='bbox 1818 1076 2006 1115; x_wconf 83' lang='lat' dir='ltr'>anteferre,</span> <span class='ocrx_word' id='word_1_464' title='bbox 2032 1080 2090 1110; x_wconf 88' lang='lat' dir='ltr'>sed</span> 
     </span>
     <span class='ocr_line' id='line_1_73' title="bbox 1102 1121 2092 1171; baseline 0.004 -14"><span class='ocrx_word' id='word_1_465' title='bbox 1102 1125 1148 1157; x_wconf 88' lang='lat' dir='ltr'>ob</span> <span class='ocrx_word' id='word_1_466' title='bbox 1166 1124 1200 1156; x_wconf 88' lang='lat' dir='ltr'>id</span> <span class='ocrx_word' id='word_1_467' title='bbox 1221 1124 1456 1157; x_wconf 87' lang='lat' dir='ltr'>alienissimus</span> <span class='ocrx_word' id='word_1_468' title='bbox 1483 1125 1526 1157; x_wconf 89' lang='lat' dir='ltr'>ab</span> <span class='ocrx_word' id='word_1_469' title='bbox 1549 1121 1612 1156; x_wconf 88' lang='lat' dir='ltr'>bac</span> <span class='ocrx_word' id='word_1_470' title='bbox 1635 1124 1755 1167; x_wconf 87' lang='lat' dir='ltr'>culpa,</span> <span class='ocrx_word' id='word_1_471' title='bbox 1784 1126 1969 1171; x_wconf 86' lang='lat' dir='ltr'>potiusque</span> <span class='ocrx_word' id='word_1_472' title='bbox 1988 1128 2092 1161; x_wconf 80' lang='lat' dir='ltr'>laude</span> 
     </span>
     <span class='ocr_line' id='line_1_74' title="bbox 1102 1173 2091 1218; baseline 0.006 -12"><span class='ocrx_word' id='word_1_473' title='bbox 1102 1175 1246 1218; x_wconf 84' lang='lat' dir='ltr'>dignus,</span> <span class='ocrx_word' id='word_1_474' title='bbox 1275 1182 1307 1208; x_wconf 89' lang='lat' dir='ltr'>et</span> <span class='ocrx_word' id='word_1_475' title='bbox 1323 1173 1439 1208; x_wconf 83' lang='lat' dir='ltr'>officio</span> <span class='ocrx_word' id='word_1_476' title='bbox 1458 1181 1548 1208; x_wconf 88' lang='lat' dir='ltr'>recte</span> <span class='ocrx_word' id='word_1_477' title='bbox 1565 1175 1704 1207; x_wconf 89' lang='lat' dir='ltr'>functus</span> <span class='ocrx_word' id='word_1_478' title='bbox 1720 1187 1792 1208; x_wconf 87' lang='lat' dir='ltr'>esse</span> <span class='ocrx_word' id='word_1_479' title='bbox 1810 1176 1956 1210; x_wconf 90' lang='lat' dir='ltr'>iudicari</span> <span class='ocrx_word' id='word_1_480' title='bbox 1975 1179 2091 1215; x_wconf 86' lang='lat' dir='ltr'>debes.</span> 
     </span>
     <span class='ocr_line' id='line_1_75' title="bbox 1102 1223 2091 1270; baseline 0.007 -13"><span class='ocrx_word' id='word_1_481' title='bbox 1102 1224 1411 1268; x_wconf 84' lang='lat' dir='ltr'>Quemadmodum</span> <span class='ocrx_word' id='word_1_482' title='bbox 1441 1231 1588 1258; x_wconf 88' lang='lat' dir='ltr'>testatur</span> <span class='ocrx_word' id='word_1_483' title='bbox 1617 1223 1717 1258; x_wconf 85' lang='lat' dir='ltr'>Eliae</span> <span class='ocrx_word' id='word_1_484' title='bbox 1743 1224 1941 1270; x_wconf 87' lang='lat' dir='ltr'>Prophetae</span> <span class='ocrx_word' id='word_1_485' title='bbox 1973 1241 2091 1264; x_wconf 78' lang='lat' dir='ltr'>exem—</span> 
     </span>
     <span class='ocr_line' id='line_1_76' title="bbox 1101 1274 2088 1319; baseline 0.006 -11"><span class='ocrx_word' id='word_1_486' title='bbox 1101 1277 1218 1319; x_wconf 86' lang='lat' dir='ltr'>plum,</span> <span class='ocrx_word' id='word_1_487' title='bbox 1247 1276 1302 1309; x_wconf 90' lang='lat' dir='ltr'>cui</span> <span class='ocrx_word' id='word_1_488' title='bbox 1322 1288 1399 1308; x_wconf 91' lang='lat' dir='ltr'>cum</span> <span class='ocrx_word' id='word_1_489' title='bbox 1420 1276 1547 1319; x_wconf 76' lang='lat' dir='ltr'>impius</span> <span class='ocrx_word' id='word_1_490' title='bbox 1566 1288 1621 1309; x_wconf 81' lang='lat' dir='ltr'>rex</span> <span class='ocrx_word' id='word_1_491' title='bbox 1632 1274 1755 1309; x_wconf 84' lang='lat' dir='ltr'>Achab</span> <span class='ocrx_word' id='word_1_492' title='bbox 1771 1278 1938 1312; x_wconf 86' lang='lat' dir='ltr'>obiiceret</span> <span class='ocrx_word' id='word_1_493' title='bbox 1955 1280 2088 1314; x_wconf 89' lang='lat' dir='ltr'>crimen</span> 
     </span>
     <span class='ocr_line' id='line_1_77' title="bbox 1100 1326 2091 1372; baseline 0.005 -13"><span class='ocrx_word' id='word_1_494' title='bbox 1100 1327 1260 1359; x_wconf 88' lang='lat' dir='ltr'>turbatae</span> <span class='ocrx_word' id='word_1_495' title='bbox 1289 1326 1515 1363; x_wconf 86' lang='lat' dir='ltr'>concordiae,</span> <span class='ocrx_word' id='word_1_496' title='bbox 1555 1333 1587 1359; x_wconf 90' lang='lat' dir='ltr'>et</span> <span class='ocrx_word' id='word_1_497' title='bbox 1613 1327 1772 1359; x_wconf 81' lang='lat' dir='ltr'>convulsi</span> <span class='ocrx_word' id='word_1_498' title='bbox 1804 1334 1913 1361; x_wconf 77' lang='lat' dir='ltr'>status</span> <span class='ocrx_word' id='word_1_499' title='bbox 1947 1331 2091 1372; x_wconf 88' lang='lat' dir='ltr'>publici,</span> 
     </span>
     <span class='ocr_line' id='line_1_78' title="bbox 1101 1376 2090 1424; baseline 0.003 -12"><span class='ocrx_word' id='word_1_500' title='bbox 1101 1379 1135 1412; x_wconf 86' lang='grc'>3,</span> <span class='ocrx_word' id='word_1_501' title='bbox 1151 1376 1302 1419; x_wconf 81' lang='lat' dir='ltr'>Regum.</span> <span class='ocrx_word' id='word_1_502' title='bbox 1325 1377 1381 1411; x_wconf 86' lang='lat'>18.</span> <span class='ocrx_word' id='word_1_503' title='bbox 1407 1377 1586 1421; x_wconf 85' lang='lat' dir='ltr'>inquiens:</span> <span class='ocrx_word' id='word_1_504' title='bbox 1622 1376 1726 1409; x_wconf 91' lang='lat' dir='ltr'>Tune</span> <span class='ocrx_word' id='word_1_505' title='bbox 1752 1389 1786 1410; x_wconf 89' lang='lat' dir='ltr'>es</span> <span class='ocrx_word' id='word_1_506' title='bbox 1810 1379 1888 1419; x_wconf 90' lang='lat' dir='ltr'>ille,</span> <span class='ocrx_word' id='word_1_507' title='bbox 1923 1381 1981 1424; x_wconf 89' lang='lat' dir='ltr'>qui</span> <span class='ocrx_word' id='word_1_508' title='bbox 2005 1394 2090 1415; x_wconf 87' lang='lat' dir='ltr'>con-</span> 
     </span>
     <span class='ocr_line' id='line_1_79' title="bbox 1101 1426 2090 1474; baseline 0.005 -14"><span class='ocrx_word' id='word_1_509' title='bbox 1101 1429 1219 1461; x_wconf 89' lang='lat' dir='ltr'>turbat</span> <span class='ocrx_word' id='word_1_510' title='bbox 1244 1426 1380 1461; x_wconf 73' lang='lat' dir='ltr'>Israel?</span> <span class='ocrx_word' id='word_1_511' title='bbox 1434 1428 1506 1471; x_wconf 87' lang='lat' dir='ltr'>ipse</span> <span class='ocrx_word' id='word_1_512' title='bbox 1529 1434 1680 1472; x_wconf 70' lang='lat' dir='ltr'>tyranno</span> <span class='ocrx_word' id='word_1_513' title='bbox 1707 1429 1860 1470; x_wconf 81' lang='lat' dir='ltr'>graviter</span> <span class='ocrx_word' id='word_1_514' title='bbox 1885 1434 2090 1474; x_wconf 86' lang='lat' dir='ltr'>respondet:</span> 
     </span>
     <span class='ocr_line' id='line_1_80' title="bbox 1102 1477 2091 1524; baseline 0.003 -13"><span class='ocrx_word' id='word_1_515' title='bbox 1102 1477 1176 1511; x_wconf 90' lang='lat' dir='ltr'>lmo</span> <span class='ocrx_word' id='word_1_516' title='bbox 1195 1491 1268 1511; x_wconf 90' lang='lat' dir='ltr'>non</span> <span class='ocrx_word' id='word_1_517' title='bbox 1293 1490 1355 1521; x_wconf 81' lang='lat' dir='ltr'>ego</span> <span class='ocrx_word' id='word_1_518' title='bbox 1374 1479 1513 1512; x_wconf 83' lang='lat' dir='ltr'>turbavi</span> <span class='ocrx_word' id='word_1_519' title='bbox 1533 1477 1657 1518; x_wconf 71' lang='lat' dir='ltr'>Israel,</span> <span class='ocrx_word' id='word_1_520' title='bbox 1686 1480 1743 1511; x_wconf 88' lang='lat' dir='ltr'>sed</span> <span class='ocrx_word' id='word_1_521' title='bbox 1769 1486 1804 1511; x_wconf 93' lang='lat' dir='ltr'>tu</span> <span class='ocrx_word' id='word_1_522' title='bbox 1832 1480 1906 1524; x_wconf 88' lang='lat' dir='ltr'>ipse</span> <span class='ocrx_word' id='word_1_523' title='bbox 1930 1490 2033 1516; x_wconf 80' lang='lat' dir='ltr'>autor</span> <span class='ocrx_word' id='word_1_524' title='bbox 2057 1495 2091 1517; x_wconf 85' lang='lat' dir='ltr'>es</span> 
     </span>
     <span class='ocr_line' id='line_1_81' title="bbox 1099 1529 2075 1573; baseline 0.003 -10"><span class='ocrx_word' id='word_1_525' title='bbox 1099 1529 1364 1569; x_wconf 85' lang='lat' dir='ltr'>turbationum,</span> <span class='ocrx_word' id='word_1_526' title='bbox 1393 1529 1550 1562; x_wconf 89' lang='lat' dir='ltr'>colendis</span> <span class='ocrx_word' id='word_1_527' title='bbox 1567 1541 1605 1562; x_wconf 88' lang='lat' dir='ltr'>ac</span> <span class='ocrx_word' id='word_1_528' title='bbox 1620 1529 1840 1563; x_wconf 87' lang='lat' dir='ltr'>stabiliendis</span> <span class='ocrx_word' id='word_1_529' title='bbox 1857 1531 1984 1573; x_wconf 75' lang='lat' dir='ltr'>Idolis,</span> <span class='ocrx_word' id='word_1_530' title='bbox 2013 1541 2075 1568; x_wconf 87' lang='lat' dir='ltr'>etc.</span> 
     </span>
    </p>

    <p class='ocr_par' dir='ltr' id='par_1_10' title="bbox 1097 1579 2089 2386">
     <span class='ocr_line' id='line_1_82' title="bbox 1202 1579 2088 1626; baseline 0.006 -14"><span class='ocrx_word' id='word_1_531' title='bbox 1202 1579 1314 1613; x_wconf 92' lang='lat' dir='ltr'>Porro</span> <span class='ocrx_word' id='word_1_532' title='bbox 1331 1591 1384 1613; x_wconf 92' lang='lat' dir='ltr'>res</span> <span class='ocrx_word' id='word_1_533' title='bbox 1402 1580 1474 1623; x_wconf 87' lang='lat' dir='ltr'>ipsa</span> <span class='ocrx_word' id='word_1_534' title='bbox 1492 1580 1663 1623; x_wconf 89' lang='lat' dir='ltr'>loquitur,</span> <span class='ocrx_word' id='word_1_535' title='bbox 1687 1592 1726 1613; x_wconf 92' lang='lat' dir='ltr'>ac</span> <span class='ocrx_word' id='word_1_536' title='bbox 1744 1593 1805 1613; x_wconf 81' lang='lat' dir='ltr'>vos</span> <span class='ocrx_word' id='word_1_537' title='bbox 1821 1583 1928 1620; x_wconf 84' lang='lat' dir='ltr'>scitis,</span> <span class='ocrx_word' id='word_1_538' title='bbox 1944 1582 2088 1626; x_wconf 80' lang='lat' dir='ltr'>Papam,</span> 
     </span>
     <span class='ocr_line' id='line_1_83' title="bbox 1099 1629 2089 1679; baseline 0.002 -18"><span class='ocrx_word' id='word_1_539' title='bbox 1099 1629 1293 1674; x_wconf 87' lang='lat' dir='ltr'>Episcopos</span> <span class='ocrx_word' id='word_1_540' title='bbox 1310 1637 1414 1674; x_wconf 85' lang='lat' dir='ltr'>atque</span> <span class='ocrx_word' id='word_1_541' title='bbox 1432 1631 1627 1663; x_wconf 85' lang='lat' dir='ltr'>doctrinam</span> <span class='ocrx_word' id='word_1_542' title='bbox 1647 1630 1864 1663; x_wconf 72' lang='lat' dir='ltr'>pontificiam</span> <span class='ocrx_word' id='word_1_543' title='bbox 1877 1659 1885 1672; x_wconf 87' lang='lat'>,</span> <span class='ocrx_word' id='word_1_544' title='bbox 1912 1645 1971 1666; x_wconf 88' lang='lat' dir='ltr'>seu</span> <span class='ocrx_word' id='word_1_545' title='bbox 1984 1633 2089 1679; x_wconf 84' lang='lat' dir='ltr'>Papi-</span> 
     </span>
     <span class='ocr_line' id='line_1_84' title="bbox 1099 1681 2086 1724; baseline 0.006 -11"><span class='ocrx_word' id='word_1_546' title='bbox 1099 1681 1219 1713; x_wconf 87' lang='lat' dir='ltr'>sticam</span> <span class='ocrx_word' id='word_1_547' title='bbox 1234 1708 1240 1720; x_wconf 86' lang='lat'><strong><em>‚</em></strong></span> <span class='ocrx_word' id='word_1_548' title='bbox 1269 1694 1285 1712; x_wconf 87' lang='lat' dir='ltr'>a</span> <span class='ocrx_word' id='word_1_549' title='bbox 1307 1681 1409 1715; x_wconf 87' lang='lat' dir='ltr'>nobis</span> <span class='ocrx_word' id='word_1_550' title='bbox 1426 1681 1556 1717; x_wconf 83' lang='lat' dir='ltr'>taxari,</span> <span class='ocrx_word' id='word_1_551' title='bbox 1585 1681 1796 1724; x_wconf 86' lang='lat' dir='ltr'>improbari,</span> <span class='ocrx_word' id='word_1_552' title='bbox 1827 1694 1864 1715; x_wconf 89' lang='lat' dir='ltr'>ac</span> <span class='ocrx_word' id='word_1_553' title='bbox 1881 1685 2024 1717; x_wconf 80' lang='lat' dir='ltr'>refutari</span> <span class='ocrx_word' id='word_1_554' title='bbox 2049 1687 2086 1719; x_wconf 84' lang='lat' dir='ltr'>iu</span> 
     </span>
     <span class='ocr_line' id='line_1_85' title="bbox 1100 1731 2087 1775; baseline 0.006 -12"><span class='ocrx_word' id='word_1_555' title='bbox 1100 1731 1346 1765; x_wconf 76' lang='lat' dir='ltr'>controversiis</span> <span class='ocrx_word' id='word_1_556' title='bbox 1364 1732 1468 1775; x_wconf 89' lang='lat' dir='ltr'>plane</span> <span class='ocrx_word' id='word_1_557' title='bbox 1484 1731 1696 1775; x_wconf 85' lang='lat' dir='ltr'>perspicuis,</span> <span class='ocrx_word' id='word_1_558' title='bbox 1726 1732 1941 1774; x_wconf 89' lang='lat' dir='ltr'>illustribus,</span> <span class='ocrx_word' id='word_1_559' title='bbox 1969 1747 2087 1769; x_wconf 87' lang='lat' dir='ltr'>neces-</span> 
     </span>
     <span class='ocr_line' id='line_1_86' title="bbox 1098 1782 2087 1830; baseline 0.007 -16"><span class='ocrx_word' id='word_1_560' title='bbox 1098 1782 1219 1822; x_wconf 89' lang='lat' dir='ltr'>sariis,</span> <span class='ocrx_word' id='word_1_561' title='bbox 1248 1789 1280 1816; x_wconf 90' lang='lat' dir='ltr'>et</span> <span class='ocrx_word' id='word_1_562' title='bbox 1297 1782 1440 1815; x_wconf 80' lang='lat' dir='ltr'>maximi</span> <span class='ocrx_word' id='word_1_563' title='bbox 1458 1793 1541 1814; x_wconf 91' lang='lat' dir='ltr'>sane</span> <span class='ocrx_word' id='word_1_564' title='bbox 1559 1783 1738 1817; x_wconf 89' lang='lat' dir='ltr'>momenti.</span> <span class='ocrx_word' id='word_1_565' title='bbox 1799 1782 1838 1816; x_wconf 88' lang='lat' dir='ltr'>ln</span> <span class='ocrx_word' id='word_1_566' title='bbox 1860 1797 1926 1829; x_wconf 85' lang='lat' dir='ltr'>qua</span> <span class='ocrx_word' id='word_1_567' title='bbox 1944 1787 2087 1830; x_wconf 88' lang='lat' dir='ltr'>quidem</span> 
     </span>
     <span class='ocr_line' id='line_1_87' title="bbox 1098 1830 2088 1877; baseline 0.007 -12"><span class='ocrx_word' id='word_1_568' title='bbox 1098 1833 1290 1866; x_wconf 88' lang='lat' dir='ltr'>necessaria</span> <span class='ocrx_word' id='word_1_569' title='bbox 1323 1830 1597 1877; x_wconf 86' lang='lat' dir='ltr'>reprehensione</span> <span class='ocrx_word' id='word_1_570' title='bbox 1627 1834 1827 1866; x_wconf 88' lang='lat' dir='ltr'>studuimus</span> <span class='ocrx_word' id='word_1_571' title='bbox 1860 1835 1950 1868; x_wconf 83' lang='lat' dir='ltr'>intra</span> <span class='ocrx_word' id='word_1_572' title='bbox 1982 1837 2088 1872; x_wconf 88' lang='lat' dir='ltr'>iustas</span> 
     </span>
     <span class='ocr_line' id='line_1_88' title="bbox 1099 1882 2088 1922; baseline 0.002 -7"><span class='ocrx_word' id='word_1_573' title='bbox 1099 1891 1207 1917; x_wconf 88' lang='lat' dir='ltr'>metas</span> <span class='ocrx_word' id='word_1_574' title='bbox 1222 1895 1383 1921; x_wconf 83' lang='lat' dir='ltr'>manere,</span> <span class='ocrx_word' id='word_1_575' title='bbox 1412 1883 1561 1916; x_wconf 82' lang='lat' dir='ltr'>fideliter</span> <span class='ocrx_word' id='word_1_576' title='bbox 1581 1884 1742 1916; x_wconf 87' lang='lat' dir='ltr'>universa</span> <span class='ocrx_word' id='word_1_577' title='bbox 1760 1882 1938 1918; x_wconf 81' lang='lat' dir='ltr'>Ecclesiae</span> <span class='ocrx_word' id='word_1_578' title='bbox 1957 1888 2088 1922; x_wconf 84' lang='lat' dir='ltr'>doctri..</span> 
     </span>
     <span class='ocr_line' id='line_1_89' title="bbox 1098 1934 2088 1982; baseline 0.006 -16"><span class='ocrx_word' id='word_1_579' title='bbox 1098 1946 1163 1973; x_wconf 89' lang='lat' dir='ltr'>na,</span> <span class='ocrx_word' id='word_1_580' title='bbox 1191 1934 1370 1979; x_wconf 89' lang='lat' dir='ltr'>inquisitis</span> <span class='ocrx_word' id='word_1_581' title='bbox 1387 1934 1564 1974; x_wconf 86' lang='lat' dir='ltr'>fontibus,</span> <span class='ocrx_word' id='word_1_582' title='bbox 1592 1934 1773 1977; x_wconf 86' lang='lat' dir='ltr'>explicata,</span> <span class='ocrx_word' id='word_1_583' title='bbox 1800 1942 2006 1982; x_wconf 89' lang='lat' dir='ltr'>tantumque</span> <span class='ocrx_word' id='word_1_584' title='bbox 2024 1941 2088 1972; x_wconf 84' lang='lat' dir='ltr'>do-</span> 
     </span>
     <span class='ocr_line' id='line_1_90' title="bbox 1097 1984 2088 2030; baseline 0 -12"><span class='ocrx_word' id='word_1_585' title='bbox 1097 1986 1228 2026; x_wconf 87' lang='lat' dir='ltr'>cendo,</span> <span class='ocrx_word' id='word_1_586' title='bbox 1256 1997 1328 2018; x_wconf 95' lang='lat' dir='ltr'>non</span> <span class='ocrx_word' id='word_1_587' title='bbox 1346 1984 1579 2018; x_wconf 82' lang='lat' dir='ltr'>seditionibus</span> <span class='ocrx_word' id='word_1_588' title='bbox 1595 1992 1627 2017; x_wconf 90' lang='lat' dir='ltr'>et</span> <span class='ocrx_word' id='word_1_589' title='bbox 1643 1986 1749 2018; x_wconf 87' lang='lat' dir='ltr'>armis</span> <span class='ocrx_word' id='word_1_590' title='bbox 1769 1995 1968 2030; x_wconf 72' lang='lat' dir='ltr'>propagata.</span> <span class='ocrx_word' id='word_1_591' title='bbox 2016 1990 2088 2024; x_wconf 75' lang='lat' dir='ltr'>Lu-</span> 
     </span>
     <span class='ocr_line' id='line_1_91' title="bbox 1098 2035 2087 2080; baseline 0.006 -12"><span class='ocrx_word' id='word_1_592' title='bbox 1098 2043 1149 2069; x_wconf 87' lang='lat' dir='ltr'>cet</span> <span class='ocrx_word' id='word_1_593' title='bbox 1166 2036 1273 2079; x_wconf 85' lang='lat' dir='ltr'>igitur</span> <span class='ocrx_word' id='word_1_594' title='bbox 1291 2036 1327 2068; x_wconf 90' lang='lat' dir='ltr'>in</span> <span class='ocrx_word' id='word_1_595' title='bbox 1345 2036 1472 2068; x_wconf 86' lang='lat' dir='ltr'>nostris</span> <span class='ocrx_word' id='word_1_596' title='bbox 1482 2035 1663 2074; x_wconf 83' lang='lat' dir='ltr'>Ecclesiis‚</span> <span class='ocrx_word' id='word_1_597' title='bbox 1692 2036 1760 2068; x_wconf 73' lang='lat' dir='ltr'>Dei</span> <span class='ocrx_word' id='word_1_598' title='bbox 1782 2038 1968 2080; x_wconf 66' lang='lat' dir='ltr'>beneficio,</span> <span class='ocrx_word' id='word_1_599' title='bbox 1997 2050 2087 2075; x_wconf 81' lang='lat' dir='ltr'>certa</span> 
     </span>
     <span class='ocr_line' id='line_1_92' title="bbox 1098 2086 2086 2135; baseline 0.006 -16"><span class='ocrx_word' id='word_1_600' title='bbox 1098 2094 1129 2120; x_wconf 87' lang='lat' dir='ltr'>et</span> <span class='ocrx_word' id='word_1_601' title='bbox 1148 2087 1328 2130; x_wconf 86' lang='lat' dir='ltr'>perspicua</span> <span class='ocrx_word' id='word_1_602' title='bbox 1347 2087 1493 2125; x_wconf 80' lang='lat' dir='ltr'>veritas,</span> <span class='ocrx_word' id='word_1_603' title='bbox 1522 2088 1687 2119; x_wconf 77' lang='lat' dir='ltr'>adversus</span> <span class='ocrx_word' id='word_1_604' title='bbox 1704 2086 1833 2133; x_wconf 77' lang='lat' dir='ltr'>Papam</span> <span class='ocrx_word' id='word_1_605' title='bbox 1847 2116 1854 2125; x_wconf 74' lang='grc'><em>,</em></span> <span class='ocrx_word' id='word_1_606' title='bbox 1884 2089 2086 2135; x_wconf 79' lang='lat' dir='ltr'>Episcopus,</span> 
     </span>
     <span class='ocr_line' id='line_1_93' title="bbox 1099 2135 2087 2182; baseline 0.006 -13"><span class='ocrx_word' id='word_1_607' title='bbox 1099 2135 1315 2178; x_wconf 79' lang='lat' dir='ltr'>Monachos,</span> <span class='ocrx_word' id='word_1_608' title='bbox 1347 2149 1539 2182; x_wconf 87' lang='lat' dir='ltr'>omnesque</span> <span class='ocrx_word' id='word_1_609' title='bbox 1562 2138 1724 2170; x_wconf 84' lang='lat' dir='ltr'>factionis</span> <span class='ocrx_word' id='word_1_610' title='bbox 1741 2138 1945 2172; x_wconf 72' lang='lat' dir='ltr'>pontificiae</span> <span class='ocrx_word' id='word_1_611' title='bbox 1973 2144 2087 2175; x_wconf 75' lang='lat' dir='ltr'>mani-</span> 
     </span>
     <span class='ocr_line' id='line_1_94' title="bbox 1099 2188 2085 2233; baseline 0.003 -12"><span class='ocrx_word' id='word_1_612' title='bbox 1099 2188 1238 2232; x_wconf 86' lang='lat' dir='ltr'>pulares</span> <span class='ocrx_word' id='word_1_613' title='bbox 1255 2201 1292 2220; x_wconf 91' lang='lat' dir='ltr'>ac</span> <span class='ocrx_word' id='word_1_614' title='bbox 1310 2188 1490 2222; x_wconf 75' lang='lat' dir='ltr'>satellites:</span> <span class='ocrx_word' id='word_1_615' title='bbox 1529 2200 1679 2233; x_wconf 85' lang='lat' dir='ltr'>quorum</span> <span class='ocrx_word' id='word_1_616' title='bbox 1709 2189 1810 2222; x_wconf 84' lang='lat' dir='ltr'>multi</span> <span class='ocrx_word' id='word_1_617' title='bbox 1839 2191 1914 2222; x_wconf 83' lang='lat' dir='ltr'>tetri</span> <span class='ocrx_word' id='word_1_618' title='bbox 1939 2204 2085 2230; x_wconf 76' lang='lat' dir='ltr'>errores,</span> 
     </span>
     <span class='ocr_line' id='line_1_95' title="bbox 1098 2239 2087 2279; baseline 0.006 -8"><span class='ocrx_word' id='word_1_619' title='bbox 1098 2246 1129 2272; x_wconf 90' lang='lat' dir='ltr'>et</span> <span class='ocrx_word' id='word_1_620' title='bbox 1147 2239 1246 2272; x_wconf 89' lang='lat' dir='ltr'>multi</span> <span class='ocrx_word' id='word_1_621' title='bbox 1265 2240 1394 2272; x_wconf 90' lang='lat' dir='ltr'>abusus</span> <span class='ocrx_word' id='word_1_622' title='bbox 1420 2241 1506 2272; x_wconf 88' lang='lat' dir='ltr'>adeo</span> <span class='ocrx_word' id='word_1_623' title='bbox 1532 2239 1704 2271; x_wconf 83' lang='lat' dir='ltr'>manifesti</span> <span class='ocrx_word' id='word_1_624' title='bbox 1730 2246 1830 2279; x_wconf 87' lang='lat' dir='ltr'>suut,</span> <span class='ocrx_word' id='word_1_625' title='bbox 1859 2248 1894 2273; x_wconf 83' lang='lat' dir='ltr'>ut</span> <span class='ocrx_word' id='word_1_626' title='bbox 1921 2242 2087 2277; x_wconf 70' lang='lat' dir='ltr'>facillime</span> 
     </span>
     <span class='ocr_line' id='line_1_96' title="bbox 1097 2290 2087 2333; baseline 0.007 -11"><span class='ocrx_word' id='word_1_627' title='bbox 1097 2291 1235 2333; x_wconf 84' lang='lat' dir='ltr'>agnosci</span> <span class='ocrx_word' id='word_1_628' title='bbox 1265 2297 1298 2324; x_wconf 88' lang='lat' dir='ltr'>et</span> <span class='ocrx_word' id='word_1_629' title='bbox 1323 2290 1472 2323; x_wconf 88' lang='lat' dir='ltr'>iudicari</span> <span class='ocrx_word' id='word_1_630' title='bbox 1505 2291 1548 2323; x_wconf 88' lang='lat' dir='ltr'>ab</span> <span class='ocrx_word' id='word_1_631' title='bbox 1575 2290 1740 2323; x_wconf 86' lang='lat' dir='ltr'>omnibus</span> <span class='ocrx_word' id='word_1_632' title='bbox 1770 2293 1948 2325; x_wconf 64' lang='lat' dir='ltr'>communi</span> <span class='ocrx_word' id='word_1_633' title='bbox 1985 2306 2087 2329; x_wconf 86' lang='lat' dir='ltr'>seusu</span> 
     </span>
     <span class='ocr_line' id='line_1_97' title="bbox 1099 2341 1436 2386; baseline 0.003 -13"><span class='ocrx_word' id='word_1_634' title='bbox 1099 2341 1270 2385; x_wconf 89' lang='lat' dir='ltr'>praeditis</span> <span class='ocrx_word' id='word_1_635' title='bbox 1288 2341 1436 2386; x_wconf 83' lang='lat' dir='ltr'>possint.</span> 
     </span>
    </p>
   </div>
   <div class='ocr_carea' id='block_1_8' title="bbox 1429 2431 1754 2462">
    <p class='ocr_par' dir='ltr' id='par_1_11' title="bbox 1429 2431 1754 2462">
     <span class='ocr_line' id='line_1_98' title="bbox 1429 2431 1754 2462; baseline 0 -7"><span class='ocrx_word' id='word_1_636' title='bbox 1429 2431 1591 2462; x_wconf 81' lang='lat' dir='ltr'>Exempli</span> <span class='ocrx_word' id='word_1_637' title='bbox 1623 2431 1754 2461; x_wconf 77' lang='lat' dir='ltr'>gratia.</span> 
     </span>
    </p>
   </div>
   <div class='ocr_carea' id='block_1_9' title="bbox 1099 2491 2088 2739">
    <p class='ocr_par' dir='ltr' id='par_1_12' title="bbox 1099 2491 2088 2739">
     <span class='ocr_line' id='line_1_99' title="bbox 1201 2491 2086 2528; baseline 0 -1"><span class='ocrx_word' id='word_1_638' title='bbox 1201 2491 1302 2527; x_wconf 88' lang='lat' dir='ltr'>Certa</span> <span class='ocrx_word' id='word_1_639' title='bbox 1329 2500 1360 2526; x_wconf 87' lang='lat' dir='ltr'>et</span> <span class='ocrx_word' id='word_1_640' title='bbox 1384 2493 1527 2525; x_wconf 90' lang='lat' dir='ltr'>immota</span> <span class='ocrx_word' id='word_1_641' title='bbox 1546 2491 1672 2524; x_wconf 88' lang='lat' dir='ltr'>veritas</span> <span class='ocrx_word' id='word_1_642' title='bbox 1691 2499 1754 2524; x_wconf 79' lang='lat' dir='ltr'>est:</span> <span class='ocrx_word' id='word_1_643' title='bbox 1786 2493 1965 2525; x_wconf 75' lang='lat' dir='ltr'>manifesta</span> <span class='ocrx_word' id='word_1_644' title='bbox 1987 2507 2086 2528; x_wconf 76' lang='lat' dir='ltr'>men-</span> 
     </span>
     <span class='ocr_line' id='line_1_100' title="bbox 1099 2542 2086 2584; baseline -0.001 -7"><span class='ocrx_word' id='word_1_645' title='bbox 1099 2543 1217 2584; x_wconf 80' lang='lat' dir='ltr'>dacia,</span> <span class='ocrx_word' id='word_1_646' title='bbox 1245 2551 1277 2577; x_wconf 92' lang='lat' dir='ltr'>et</span> <span class='ocrx_word' id='word_1_647' title='bbox 1295 2543 1547 2577; x_wconf 85' lang='lat' dir='ltr'>contumeliosa</span> <span class='ocrx_word' id='word_1_648' title='bbox 1564 2543 1728 2575; x_wconf 88' lang='lat' dir='ltr'>adversus</span> <span class='ocrx_word' id='word_1_649' title='bbox 1751 2542 1862 2575; x_wconf 81' lang='lat' dir='ltr'>filium</span> <span class='ocrx_word' id='word_1_650' title='bbox 1881 2543 1944 2576; x_wconf 83' lang='lat' dir='ltr'>Dei</span> <span class='ocrx_word' id='word_1_651' title='bbox 1969 2546 2086 2580; x_wconf 74' lang='lat' dir='ltr'>doceri</span> 
     </span>
     <span class='ocr_line' id='line_1_101' title="bbox 1099 2591 2085 2640; baseline -0.002 -12"><span class='ocrx_word' id='word_1_652' title='bbox 1099 2595 1221 2635; x_wconf 79' lang='lat' dir='ltr'>abiis,</span> <span class='ocrx_word' id='word_1_653' title='bbox 1249 2595 1308 2640; x_wconf 87' lang='lat' dir='ltr'>qui</span> <span class='ocrx_word' id='word_1_654' title='bbox 1335 2595 1474 2631; x_wconf 88' lang='lat' dir='ltr'>dicunt,</span> <span class='ocrx_word' id='word_1_655' title='bbox 1502 2591 1664 2625; x_wconf 83' lang='lat' dir='ltr'>homines</span> <span class='ocrx_word' id='word_1_656' title='bbox 1689 2593 1814 2625; x_wconf 87' lang='lat' dir='ltr'>mereri</span> <span class='ocrx_word' id='word_1_657' title='bbox 1843 2595 2085 2629; x_wconf 81' lang='lat' dir='ltr'>remissionem</span> 
     </span>
     <span class='ocr_line' id='line_1_102' title="bbox 1101 2643 2088 2690; baseline 0.001 -12"><span class='ocrx_word' id='word_1_658' title='bbox 1101 2653 1339 2689; x_wconf 87' lang='lat' dir='ltr'>peccatorum,</span> <span class='ocrx_word' id='word_1_659' title='bbox 1376 2644 1527 2689; x_wconf 89' lang='lat' dir='ltr'>propriis</span> <span class='ocrx_word' id='word_1_660' title='bbox 1552 2644 1735 2687; x_wconf 86' lang='lat' dir='ltr'>operibus,</span> <span class='ocrx_word' id='word_1_661' title='bbox 1772 2644 1867 2677; x_wconf 80' lang='lat' dir='ltr'>cultu</span> <span class='ocrx_word' id='word_1_662' title='bbox 1887 2643 2088 2690; x_wconf 54' lang='lat' dir='ltr'>Missarurm</span> 
     </span>
     <span class='ocr_line' id='line_1_103' title="bbox 1101 2695 2086 2739; baseline 0.003 -10"><span class='ocrx_word' id='word_1_663' title='bbox 1101 2698 1274 2731; x_wconf 73' lang='lat' dir='ltr'>exercitiis</span> <span class='ocrx_word' id='word_1_664' title='bbox 1293 2698 1382 2731; x_wconf 77' lang='lat' dir='ltr'>vitae</span> <span class='ocrx_word' id='word_1_665' title='bbox 1402 2695 1637 2738; x_wconf 81' lang='lat' dir='ltr'>Monasticae,</span> <span class='ocrx_word' id='word_1_666' title='bbox 1675 2695 2017 2739; x_wconf 72' lang='lat' dir='ltr'>peregrinationibus</span> <span class='ocrx_word' id='word_1_667' title='bbox 2045 2702 2086 2732; x_wconf 88' lang='lat' dir='ltr'>ad</span> 
     </span>
    </p>
   </div>
   <div class='ocr_carea' id='block_1_10' title="bbox 1381 2744 1463 2780">
    <p class='ocr_par' dir='ltr' id='par_1_13' title="bbox 1381 2744 1463 2780">
     <span class='ocr_line' id='line_1_104' title="bbox 1381 2744 1463 2780; baseline -0.012 0"><span class='ocrx_word' id='word_1_668' title='bbox 1381 2744 1463 2780; x_wconf 67' lang='lat'>49*</span> 
     </span>
    </p>
   </div>
  </div>
 </body>
</html>
