2409 2915
122 105 194 141 105
698 104 761 142 xl.

813 104 1111 142 ENARRA'HO
1138 106 1190 142 IN
1216 106 1591 147 ECCLESIASTEN.

2068 118 2137 152 106

120 193 256 230 futuras
274 192 448 233 miserias,
475 198 507 225 et
524 191 666 236 quidem
684 191 791 224 semel
807 192 895 226 ortis
911 193 1103 226 mutuatio·
1153 190 1211 225 hie
1226 192 1328 225 dicit:
1355 192 1483 227 Risum
1510 195 1665 229 intellexi
1691 207 1762 230 esse
1778 198 1968 232 stulticiam
1980 227 1988 239 ,
2017 201 2052 232 id
2070 209 2129 242 est,

122 243 226 277 nibus
247 243 345 288 sequi
370 243 518 276 maiores
544 242 787 283 confusiones,
823 249 862 276 ut
886 250 983 276 moto
1008 243 1102 276 hello

122 306 139 327 a
157 293 313 335 Pericle,
339 299 453 326 secuta
478 298 561 326 sunt
585 293 719 325 excidia
744 305 832 337 pene
847 293 1008 326 omnium
1028 306 1102 327 ma-
1154 304 1237 325 esse.
1289 292 1359 326 Nec
1377 295 1502 336 procul
1526 295 1593 327 alia
1615 299 1785 332 sententia
1808 308 2006 344 quaeratur.

122 356 271 388 gnarum
288 343 429 377 urbium
447 343 482 375 in
501 341 663 378 Graecia.
713 341 759 376 Et
776 344 882 376 nimis
899 355 1019 377 verum
1038 351 1101 385 est,

122 396 216 441 qnod
234 395 317 428 dicit
332 392 527 427 Pindarus:
557 393 676 426 Facile
692 400 742 427 est
761 395 935 428 civitatem
961 407 1101 428 movere

122 446 248 485 cuivis,
273 444 332 476 sed
350 443 386 476 in
403 444 637 489 tranquillum
655 444 776 478 sistere
792 445 902 478 solius
921 443 986 477 Dei
1003 452 1064 481 est.

1127 355 1130 380 l

1154 243 1351 286 voluptates
1385 246 1542 287 corporis
1578 258 1639 279 nec
1671 247 1855 282 diuturnas
1885 261 1948 282 nec
1980 250 2131 294 integras

2060 301 2129 335 Sed

1154 343 1324 387 significat
1340 356 1412 377 non
1430 356 1527 387 posse
1545 343 1705 380 homines
1728 350 1944 393 acquiescere
1969 352 2006 384 in
2029 353 2131 385 volu-

1154 395 1308 437 ptatibus
1324 395 1499 438 corporiS‚
1528 407 1590 429 nec
1606 397 1719 440 frangi
1738 399 1881 440 debere,
1908 409 1945 434 ut
1966 403 2131 436 deficiant

1153 458 1170 477 a
1191 443 1285 484 Deo,
1312 457 1390 477 cum
1412 446 1608 490 voluptates
1633 448 1876 491 impediuntur
1900 459 1957 484 aut
1973 453 2132 496 eripiun-

221 501 398 536 Hactenus
429 503 569 547 querela
599 503 739 537 recitata
771 510 821 536 est
846 504 881 535 in
903 504 1017 550 primo
1044 515 1100 537 ca-
1126 506 1129 555 Ῑ
1152 502 1227 535 tur,
1263 495 1353 528 SlCUi.
1380 507 1483 540 Supra
1513 498 1668 535 monuit,
1703 510 1775 531 nOss
1801 500 2031 534 deficiendum
2059 515 2130 536 esse

122 555 208 599 pite,
247 565 285 586 ac
321 554 480 586 nondum
519 554 637 586 addita
673 561 723 588 est
757 554 968 592 consolatio,
1013 566 1101 600 quae
1126 561 1128 602 ζ
1152 558 1170 578 a
1190 545 1265 578 Deo
1293 553 1434 589 propter
1457 547 1572 580 tristes
1597 556 1741 582 eventus
1763 556 1795 582 et
1818 551 2042 585 confusiones
2067 565 2129 595 gu-

122 612 239 650 postea
265 604 434 649 sequitur.
495 603 558 637 Est
581 611 696 637 autem
728 602 812 637 haec
837 616 982 638 summa.
1036 604 1100 636 vi-

120 657 242 688 demus
268 666 409 697 magnas
435 655 471 687 in
498 655 568 688 vita
600 655 823 688 confusiones
851 667 939 696 esse,
975 667 1099 698 magna

786 705 867 739 Ideo
885 718 957 738 non
976 717 1099 750 possu-
1125 732 1127 735 .

120 713 231 740 errata
249 712 282 738 et
298 705 427 738 multos
445 706 560 738 tristes
577 711 732 751 eventus.

120 768 196 790 mus
221 757 438 801 acquiescere
462 756 499 789 in
523 756 606 800 ipsis
628 756 750 796 rebus,
782 769 855 789 non
883 757 974 800 parit
1000 763 1098 789 tran-

121 807 330 852 quillitatem
358 807 431 850 ipsa
463 818 579 840 rerum
613 807 792 850 confusio,
840 818 953 852 neque
982 814 1100 841 tamen

121 865 264 902 propter
291 855 352 890 has
378 858 536 891 miserias
556 870 574 891 a
596 856 671 890 Deo
686 858 920 891 deficiendum
945 864 1013 896 est,
1039 858 1099 890 sed

121 909 151 941 ei
178 908 414 942 obediendum
438 908 631 952 patienter,
665 914 699 941 et
719 910 763 941 ab
788 910 864 952 ipso
888 908 1099 952 expectanda

121 959 277 992 defensio
303 965 336 992 et
360 959 546 1001 liberatio,
575 960 604 991 el
631 959 667 991 in
691 958 766 1003 ipso
793 960 860 992 fide
877 959 1098 1003 acquiescen-

121 1011 204 1043 dum
238 1017 286 1043 est
309 1010 402 1042 iuxta
429 1011 575 1043 verbum
603 1010 722 1053 ipsius.
775 1009 869 1043 Haec
892 1016 942 1042 est
965 1020 1100 1042 summa

121 1072 194 1093 non
212 1061 324 1093 solum
344 1058 450 1093 huius
469 1061 603 1105 capitis,
630 1060 688 1092 sed
709 1060 812 1094 etiam
832 1060 988 1094 universi
1005 1059 1101 1097 libri,

122 1122 319 1155 congruens
345 1123 423 1144 cum
449 1108 504 1144 his
527 1111 648 1144 dictis:
678 1109 849 1144 Subditus
874 1117 946 1143 esto
970 1108 1046 1143 Deo
1069 1116 1102 1142 et

122 1174 184 1195 ora
207 1173 298 1196 eum.
353 1161 458 1194 Item:
490 1160 580 1194 lacta
603 1173 721 1194 curam
740 1168 835 1195 tuam
854 1162 890 1195 in
907 1160 1045 1199 Deum,
1069 1166 1101 1193 et

120 1213 195 1256 ipse
212 1219 244 1246 te
259 1212 479 1245 sustentabit.
531 1210 626 1244 Haec
642 1212 835 1246 consolatio
855 1218 973 1255 postea
990 1211 1028 1243 in
1046 1223 1102 1244 ca-

122 1263 192 1307 pite
210 1262 333 1302 tertio,
362 1269 393 1295 et
411 1262 576 1305 deinceps
593 1262 752 1296 addetur.

519 1385 654 1439 Caput
686 1387 737 1427 11.

173 1468 277 1503 Dixi
298 1479 383 1514 ergo
405 1468 443 1501 in
469 1465 572 1501 corde
595 1480 687 1502 meo:
721 1465 872 1501 Vadam
890 1472 920 1501 et
939 1465 1103 1515 adfluam

223 1517 382 1559 deliciis,
410 1523 441 1553 et
459 1519 581 1567 fruar
602 1519 720 1555 bonis.
757 1517 810 1552 Et
827 1516 904 1552 vidi
918 1516 1019 1565 quod
1039 1514 1107 1550 hoc

221 1579 362 1617 quoque
380 1574 467 1604 esset
489 1570 651 1606 vanitas.

223 1644 490 1684 Themistocles,
518 1645 689 1679 Lucullus
708 1652 742 1679 et
759 1645 862 1678 multi
883 1645 943 1679 alii
961 1645 1104 1678 tandem

125 1709 159 1730 se
186 1696 426 1740 voluptatibus
454 1696 667 1729 dediderunt
697 1696 844 1739 pertaesi
874 1695 1106 1738 Reipublicae

125 1753 268 1791 propter
294 1746 422 1779 multas
446 1746 591 1778 inutiles
615 1746 877 1785 contentiones,
905 1751 937 1777 et
961 1744 1107 1786 ingrati-

125 1796 284 1830 tudinem
310 1793 508 1829 hominum.
563 1796 616 1828 Ita
642 1796 686 1828 ab
710 1796 872 1828 extremis
895 1795 936 1827 ad
953 1801 1106 1827 extrema

125 1846 340 1881 delabuntur
370 1843 551 1886 homines,
599 1845 747 1889 pertaesi
780 1845 943 1878 laborum
976 1845 1105 1877 deinde

124 1896 362 1941 voluptatibus
403 1895 510 1929 effuse
552 1895 747 1938 indulgent.
808 1894 914 1929 Hunc
957 1895 1102 1927 modum

124 1948 343 1995 quaerendae
366 1947 633 1992 tranquillitatis
659 1945 717 1979 hic
743 1946 845 1979 etiam
865 1946 1025 1978 nominat
1044 1957 1104 1976 va-

125 2000 289 2039 nitatem,
325 2009 389 2031 nec
416 2005 466 2031 est
490 2009 607 2030 rerum
629 1994 878 2039 reprehensio,
913 1996 984 2028 imo
1009 1994 1104 2029 Deus

124 2051 196 2095 ipse
211 2050 380 2082 immensa
397 2048 555 2082 bonitate
571 2048 694 2081 multis
711 2047 925 2080 dulcissimis
942 2046 1104 2089 volupta-

124 2102 220 2142 tibus
237 2098 328 2133 hanc
345 2099 452 2132 vitam
471 2098 640 2133 condivit.
693 2096 746 2131 Ac
761 2098 932 2132 utendum
950 2104 1000 2130 est
1017 2097 1107 2136 cibo,

125 2158 212 2197 potu
237 2157 270 2184 et
294 2150 373 2183 aliis
395 2150 500 2183 rebus
525 2150 696 2182 divinitus
721 2149 874 2182 conditis
898 2149 993 2181 iuxta
1011 2146 1101 2179 (livi-

126 2215 208 2236 nam
224 2201 505 2240 ordinationem,
523 2212 602 2234 cum
620 2200 843 2233 invocatione
861 2205 894 2232 et
913 2198 1103 2241 gratiarum

126 2253 280 2287 actione:
317 2252 375 2285 sed
404 2250 539 2284 vanitas
561 2257 611 2284 est
627 2250 716 2283 velle
742 2250 778 2283 in
804 2247 859 2282 his
877 2248 1104 2294 acquiescere,

128 2316 207 2339 cum
227 2303 264 2336 in
280 2302 355 2337 Deo
372 2302 417 2335 sit
432 2301 734 2347 acquiescendum.

198 2374 201 2377 ’
229 2362 412 2397 Praeterea
436 2361 473 2393 in
493 2358 548 2393 his
565 2359 806 2403 voluptatibus
833 2358 937 2392 multi
963 2357 1101 2390 dolores

127 2414 274 2450 admixti
297 2419 398 2451 sunt,
425 2419 465 2445 ut
487 2411 524 2444 in
542 2410 713 2458 poematis
738 2411 866 2443 multae
884 2416 965 2442 sunt
982 2419 1105 2453 quere-

128 2468 193 2501 lae.
246 2462 401 2498 Ovidius
424 2463 556 2507 inquit:
584 2460 702 2506 Usque
727 2461 812 2493 adeo
838 2460 935 2492 nulla
961 2465 1010 2492 est
1033 2458 1104 2491 sin-

128 2528 206 2552 cera
229 2515 413 2559 voluptas,
441 2513 687 2557 solicitumque
710 2511 844 2556 aliquid
871 2510 969 2543 laetis
996 2509 1105 2543 inter-

129 2567 236 2603 venit.
288 2563 336 2600 Et
352 2564 514 2598 Plautus:
543 2562 658 2597 Statin
675 2575 779 2607 parva
798 2574 851 2595 res
876 2568 926 2594 est
944 2560 1104 2604 volupta-

130 2627 203 2654 tum
240 2619 277 2651 in
313 2616 384 2650 vita
419 2621 662 2660 praeterquam
698 2614 792 2659 quod
825 2612 1010 2646 molestum
1047 2617 1105 2643 cst.

130 2671 236 2709 Item,
271 2667 442 2712 voluptati
465 2677 605 2699 moeror
627 2676 742 2698 comes
766 2663 1001 2707 consequitur.
1056 2660 1104 2694 lta

1126 637 1127 654 l

1126 669 1127 687 l

1125 704 1127 720 l

1152 596 1391 637 bernationis,
1417 599 1475 629 sed
1495 596 1568 631 Deo
1587 599 1760 642 patienter
1785 601 2022 634 obediendum
2049 615 2130 636 esse.

1156 654 1189 680 et
1205 647 1248 680 ab
1268 647 1343 690 ipso
1363 649 1575 691 expectanda
1594 649 1694 683 bona.

1202 724 1459 773 BIagmficaci
1473 740 1580 775 opera
1599 741 1698 768 mea,
1727 730 1921 776 aedificavi
1946 730 2041 766 mihi
2068 732 2132 766 do-

1253 790 1331 812 mos
1351 783 1380 811 et
1395 776 1571 825 plantari
1585 780 1710 813 vineas
1733 786 1794 817 etc.

1256 843 1427 889 Sequitur
1444 846 1584 890 querela
1602 847 1644 879 de
1663 847 1729 879 alia
1750 848 1864 880 vicina
1883 849 2071 892 voluptate,
2097 851 2131 882 id

1153 901 1222 933 est,
1252 895 1294 927 de
1311 895 1569 937 magnificentia
1597 904 1631 930 et
1655 898 1841 941 splendore
1864 899 1901 930 iu
1921 899 2009 938 vita,
2038 909 2068 933 et
2090 902 2132 932 de

1152 945 1353 978 curiositate
1376 946 1619 990 inquisitionis
1643 948 1834 981 multarum
1861 961 1990 984 rerum.
2043 949 2132 983 Nam

1152 1003 1185 1029 et
1212 994 1297 1029 haec
1321 997 1495 1040 cupiditas
1520 1009 1593 1030 non
1620 1005 1671 1032 est
1693 998 1780 1031 levis
1804 999 2026 1041 carnificina,
2054 1012 2132 1032 cum

1152 1047 1290 1080 omissis
1305 1047 1528 1088 necessariis,
1555 1060 1681 1092 magna
1705 1060 1787 1082 cura
1806 1056 1838 1082 et
1861 1062 1987 1093 magno
2014 1051 2133 1084 labore

1153 1109 1225 1130 non
1243 1098 1436 1130 necessaria
1452 1098 1694 1143 inquiruntur.

1205 1175 1358 1212 Possedi
1375 1190 1495 1212 servos
1515 1184 1544 1212 et
1566 1179 1748 1219 ancillas,
1771 1179 1996 1229 multamque
2011 1183 2134 1229 sami-

1258 1227 1350 1261 liam
1368 1233 1427 1262 etc.

1255 1293 1367 1329 Addit
1383 1302 1417 1329 et
1432 1296 1499 1328 alia
1519 1298 1661 1339 negocia
1673 1323 1681 1334 ,
1709 1304 1746 1331 ut
1764 1298 1984 1341 diligentiam
2001 1310 2132 1342 augen-

1156 1346 1219 1378 dae
1236 1345 1286 1378 rei
1305 1346 1504 1387 familiaris,
1529 1359 1618 1392 quae
1636 1348 1813 1381 interdum
1832 1355 1882 1382 est
1901 1349 2017 1390 irrita,
2033 1361 2133 1392 saepe

1156 1407 1280 1438 magna
1306 1396 1518 1439 patrimonia
1543 1398 1692 1441 posteris
1715 1399 1909 1442 perniciosa
1936 1406 2028 1434 sunt.
2082 1399 2133 1433 De

1156 1445 1211 1480 his
1238 1447 1404 1480 omnibus
1420 1447 1462 1480 de
1484 1448 1714 1492 inquisitione
1732 1449 1930 1490 doctrinae,
1955 1451 1998 1482 de
2021 1449 2133 1483 facul-

1157 1497 1287 1531 tatibus
1308 1503 1348 1530 ut
1373 1509 1496 1541 supra,
1519 1506 1638 1533 monet
1661 1512 1715 1533 res
1732 1500 1843 1533 bonas
1863 1511 1954 1543 esse,
1980 1507 2014 1534 et
2031 1513 2133 1533 voca—

1156 1548 1245 1581 tioni
1267 1548 1494 1581 serviendum
1519 1560 1608 1591 esse,
1635 1551 1828 1584 necessaria
1847 1551 2031 1591 discenda,
2059 1563 2131 1584 rem

1156 1599 1364 1632 familiarem
1384 1601 1619 1643 quaerendam
1633 1628 1642 1642 ‚
1666 1602 1726 1634 sed
1744 1601 1811 1641 ita,
1838 1613 1882 1634 ne
1897 1601 2132 1635 existimemus

1157 1661 1221 1682 nos
1259 1649 1551 1692 tranquillitatem
1585 1651 1622 1683 in
1657 1649 1712 1684 his
1744 1652 1898 1692 negociis
1926 1652 2133 1685 inventuros

1157 1710 1238 1731 esse.
1293 1697 1428 1730 Multae
1449 1699 1542 1730 enim
1566 1701 1736 1734 accedunt
1761 1701 1905 1733 inutiles
1929 1702 2130 1745 occupatio·

1157 1760 1237 1786 nes,
1266 1748 1376 1781 multa
1392 1755 1515 1781 errata.
1558 1748 1628 1783 Nec
1646 1750 1872 1783 conficiamur
1889 1751 1981 1784 euris
2000 1752 2132 1790 dolore,

1157 1811 1235 1832 cum
1255 1810 1327 1831 non
1342 1800 1557 1842 respondent
1572 1807 1715 1834 eventus
1735 1801 1863 1833 nostris
1875 1802 2056 1835 conatibus
2073 1810 2133 1835 aut

1157 1849 1250 1893 spei,
1271 1850 1329 1881 sed
1348 1849 1520 1892 patienter
1537 1851 1734 1884 doleremus
1752 1851 1968 1885 voluntatem
1988 1852 2071 1890 Dei,
2100 1860 2131 1885 et

1156 1899 1348 1932 necessaria
1364 1899 1543 1935 faciainus.

1258 1948 1359 1983 Hanc
1393 1950 1655 1984 conclusionem
1692 1958 1806 1985 textus
1841 1952 1914 1994 ipse
1949 1953 2048 1996 ponit
2079 1954 2132 1985 in-

1156 2000 1296 2044 quiens:
1324 1997 1607 2047 Tranquillitas
1625 1999 1666 2034 de
1683 2014 1796 2034 manu
1813 2000 1890 2035 Dei
1911 2007 1974 2037 est.
2029 2003 2131 2037 ltem:

1155 2049 1260 2083 Deus
1284 2048 1349 2082 dat
1374 2047 1519 2083 homini
1537 2049 1699 2097 placenti
1719 2051 1942 2098 sapientiam
1970 2057 2000 2086 et
2027 2051 2132 2086 laeti-

1156 2100 1269 2140 ciam,
1302 2101 1484 2146 peccatori
1508 2113 1587 2134 cero
1609 2101 1862 2150 afflictionem.
1917 2103 1995 2137 Non
2027 2104 2133 2147 igitur

1157 2163 1229 2190 res,
1258 2164 1330 2184 nou
1354 2152 1621 2197 inquisitionem
1646 2154 1826 2188 doctrinae
1850 2155 2043 2199 improbat,
2073 2156 2129 2187 sed

1157 2203 1232 2235 vult
1255 2214 1337 2236 suae
1360 2215 1533 2248 quemque
1559 2205 1735 2237 vocationi
1764 2217 1904 2249 parere,
1939 2212 1971 2238 et
2001 2217 2064 2238 nos
2097 2206 2130 2237 in

1157 2254 1230 2287 Deo
1264 2253 1500 2298 acquiescere,
1534 2255 1605 2287 sive
1639 2257 1828 2299 procedant
1863 2256 2018 2296 labores,
2061 2255 2131 2288 six«-

1156 2316 1227 2337 non
1253 2305 1462 2348 procedant,
1491 2317 1564 2337 non
1589 2307 1789 2338 deseramus
1816 2306 2033 2344 vocationes,
2060 2318 2131 2338 non

1155 2355 1350 2389 irascamur
1373 2355 1466 2396 Deo,
1499 2357 1634 2389 etiamsi
1664 2368 1735 2389 non
1762 2357 1891 2401 pariter
1922 2356 2123 2390 ditescimus

1158 2405 1238 2439 Non
1268 2407 1476 2439 deserantur
1507 2408 1621 2440 studia
1655 2408 1866 2447 necessaria,
1900 2407 2035 2440 etiamsi
2060 2418 2131 2439 non

1157 2457 1275 2490 omnia
1308 2456 1469 2489 invenire
1493 2469 1696 2501 possumus,
1733 2470 1795 2490 nec
1829 2469 1944 2490 rerum
1978 2457 2131 2501 cognitio

1156 2508 1248 2542 tollit
1266 2515 1430 2547 mortem,
1449 2515 1507 2541 aut
1525 2508 1610 2540 alias
1629 2509 1809 2552 plerasque
1827 2507 1999 2546 miserias,
2024 2513 2060 2540 ut
2077 2504 2133 2540 liic

1157 2559 1289 2604 inquit:
1318 2556 1486 2591 Illoritur
1510 2556 1633 2592 doctus
1653 2563 1689 2591 11!
1711 2556 1889 2590 indoctus.
1941 2556 2065 2591 Narrat
2096 2570 2132 2590 en

1157 2622 1245 2654 quae
1280 2609 1352 2641 fieri
1381 2609 1516 2643 ,nostris
1541 2610 1651 2642 oculis
1676 2609 1870 2646 cernimus,
1905 2615 1934 2641 ct
1963 2609 2057 2647 vult,
2092 2622 2133 2641 ne

1159 2667 1300 2705 propter
1310 2660 1394 2693 tales
1411 2667 1554 2692 eventus
1565 2661 1744 2692 deseratur
1755 2659 1902 2694 vocatio.
1927 2657 2134 2691 Aristoteles
