2409 2915
93 95 166 132 337
631 88 710 124 XII.

195 177 290 212 Haec
315 178 357 210 de
380 176 499 209 labore
523 173 627 207 simul
651 173 833 216 cogitanda
857 180 937 206 sunt
953 198 961 211 ‚
989 186 1076 218 quo-

92 230 156 265 ties
175 229 326 274 petimus
342 224 545 270 corporalia,
564 224 644 269 quia
662 224 800 267 ignavia
816 230 992 267 peccatum
1015 231 1076 259 est.

91 279 139 315 Et
157 279 260 325 quale
283 284 475 311 monstrum
501 281 550 307 est
574 273 696 315 bomo,
722 275 780 319 qui
799 281 934 307 tantum
954 275 1076 307 inutile

90 332 230 376 pondus
249 336 298 363 est
315 335 442 366 terrae,
472 323 563 357 nihil
585 326 720 358 confert
738 336 923 368 operarum
948 327 990 358 ad
1011 324 1073 358 Dei

90 382 256 415 noticiam
275 377 550 422 propagandam,
578 382 637 409 aut
659 382 808 409 caeteras
828 376 936 408 bonas
958 387 1010 408 res
1037 376 1073 408 in

91 433 163 465 vita
186 430 332 465 tuendas
357 435 389 461 et
415 427 603 461 ornandas,
657 425 731 460 Iino
755 427 797 459 ad
817 425 938 459 Titum
958 426 1073 459 nomi-

91 482 201 516 natim
224 478 456 524 praecipitur,
483 484 523 510 ut
543 477 716 511 discamus
737 476 836 510 utilia
861 477 962 511 vitae.
1015 475 1072 510 Iu-

90 533 191 567 terim
216 541 299 563 vero
324 529 489 568 sciamus,
515 527 628 561 Deum
652 528 699 561 ita
720 527 926 560 benedicere
951 528 1072 566 labori,

88 594 167 616 cum
191 581 354 614 addimus
373 579 654 616 invocationem,
681 579 769 611 sicut
787 577 901 611 Lucae
918 576 953 611 5.
981 579 1070 610 dici-

89 639 159 667 tur:
189 630 230 664 In
246 631 353 663 verbo
370 636 430 663 tuo
450 629 574 662 laxabo
591 636 675 662 rete.
727 626 774 662 Et
789 628 879 662 Psal.
898 629 975 663 35:
1004 629 1071 662 Iste

88 694 220 728 pauper
243 681 406 714 clamavit
435 680 478 712 ad
507 679 723 719 Dominum,
759 686 791 712 et
816 679 991 713 Dominus
1015 691 1072 712 ex-

88 733 224 767 audivit
241 743 333 765 eum.
385 730 491 764 Item:
521 730 650 771 Petite,
679 737 712 763 et
729 730 915 773 accipietis.

481 823 525 846 De
555 822 684 853 quinto.

180 882 369 926 Quomodo
386 882 431 915 sit
447 883 637 915 exercenda
656 882 739 914 fides
755 882 791 914 in
813 881 980 925 petitione
996 892 1076 914 cor-

88 934 272 980 poralium.
316 932 384 966 Hic
402 933 610 977 praecipuus
627 933 723 965 locus
740 940 789 965 est
807 933 841 964 iu
863 930 924 964 bac
945 932 1075 964 doctri-

91 997 136 1019 na
150 985 194 1018 de
212 983 518 1029 promissionibus.
572 982 730 1015 Primum
756 991 869 1015 autem
895 982 1075 1015 sciendum

88 1042 157 1076 est,
190 1046 326 1078 semper
343 1034 504 1078 petitioni
521 1033 755 1077 corporalium
778 1039 914 1077 oportet
938 1033 1076 1076 praelu-

89 1098 165 1120 cere
186 1086 310 1125 fidem‚
347 1097 413 1130 qua
444 1085 619 1117 credimus
643 1096 706 1116 nos
729 1091 872 1128 propter
896 1081 1075 1116 Christum

89 1136 199 1180 recipi
217 1142 250 1169 et
267 1135 436 1168 exaudiri.
494 1134 566 1167 lmo
583 1141 621 1167 ut
643 1132 726 1167 haec
742 1135 826 1167 fides
843 1134 878 1166 in
895 1134 998 1166 nobis
1021 1146 1075 1165 ac-

88 1188 259 1222 cendatur
284 1192 317 1219 et
339 1192 487 1226 crescat,
515 1185 594 1217 ideo
618 1191 687 1217 tam
708 1185 824 1217 variae
843 1191 1003 1216 externae
1018 1197 1075 1216 oc-

89 1238 264 1276 casiones,
291 1236 462 1274 actiones,
492 1235 664 1276 pericula,
700 1235 918 1267 adflictiones
947 1246 1076 1277 propo-

89 1289 175 1322 sitae
199 1293 289 1320 sunt.
350 1284 509 1318 Sciamus
537 1296 617 1327 ergo
649 1284 798 1327 primam
835 1291 866 1317 et
903 1295 1074 1316 summam

90 1337 358 1382 promissionem
390 1336 434 1367 de
464 1335 676 1373 mediatore,
725 1341 758 1367 et
788 1335 831 1366 de
869 1334 1074 1366 reconcilia-

89 1389 203 1430 tione,
238 1397 375 1429 semper
398 1385 502 1418 simul
527 1385 827 1428 complectendam
851 1396 934 1419 esse.
993 1383 1074 1418 Ideo

89 1450 167 1472 cum
188 1437 341 1470 citantur
358 1436 448 1468 dicta
467 1437 508 1467 de
525 1435 603 1473 fide,
630 1435 764 1468 etiamsi
783 1443 925 1468 externa
942 1436 1074 1468 obiecta

89 1488 246 1526 variant,
272 1493 388 1520 tamen
406 1487 524 1519 omnia
551 1486 656 1519 simul
682 1486 965 1533 complectuntur
987 1484 1077 1519 banc

89 1540 191 1573 fidem
214 1537 575 1571 de‘reconeiliatione.
628 1534 827 1576 Abraham,
858 1536 978 1575 iacob,
1006 1537 1078 1570 Da-

88 1591 148 1624 vid
174 1590 252 1622 ideo
279 1594 403 1632 petunt
428 1595 460 1621 et
484 1594 665 1629 expectant
689 1598 707 1619 a
731 1586 806 1620 Deo
825 1588 1078 1627 defensionem,

90 1641 171 1686 quia
197 1640 343 1672 credunt
371 1650 406 1671 se
430 1645 585 1681 receptos
610 1649 699 1678 esse,
727 1644 760 1671 et
786 1639 943 1671 exaudiri
967 1651 984 1671 a
1002 1637 1076 1671 Deo

89 1698 233 1737 propter
247 1688 456 1733 promissum
477 1687 683 1723 Dominum.

204 1739 373 1782 Quotidie
391 1739 498 1781 igitur
517 1750 594 1770 cum
613 1739 654 1770 ad
675 1748 828 1770 mensam
851 1738 971 1770 recitas
993 1736 1077 1772 haec

91 1790 215 1833 verba,
240 1789 371 1822 Panem
390 1796 547 1821 nostrum
565 1787 813 1832 quotidianum
831 1789 874 1820 da
893 1789 995 1821 nobis
1013 1787 1076 1822 bo-

90 1842 166 1881 die,
201 1840 281 1885 quia
307 1852 385 1873 mox
415 1840 583 1882 obstrepit
608 1838 794 1872 infirmitas
815 1845 950 1877 nostra,
981 1839 1075 1872 Deus

90 1899 124 1926 te
145 1891 328 1934 indignum
356 1903 427 1922 non
453 1889 610 1927 exaudit,
638 1896 670 1922 te
697 1901 768 1921 non
791 1889 867 1922 vult
892 1890 1074 1922 defensum

88 1949 149 1977 aut
165 1942 300 1976 alitum.
356 1940 424 1974 Hic
441 1941 608 1973 intuenda
633 1947 681 1973 est
702 1940 888 1984 promissio
913 1942 955 1972 de
973 1939 1074 1974 Chri-

89 2000 160 2031 sto,
188 1999 220 2025 et
247 1992 509 2035 complectenda
535 1991 636 2029 fides,
662 1991 755 2035 quod
777 1998 920 2035 propter
942 1992 1074 2024 media-

88 2051 199 2078 torem
225 2043 436 2086 recipiamur
460 2049 491 2075 et
515 2042 754 2075 exaudiamur.
811 2041 893 2074 Ideo
917 2054 996 2075 mox
1022 2054 1073 2075 se-

90 2094 227 2139 quitur:
255 2091 301 2126 Et
316 2093 453 2126 remitte
466 2087 575 2125 ‘nobis
589 2093 705 2125 debita
721 2099 851 2125 nostra.

192 2143 338 2185 Semper
362 2143 468 2185 igitur
493 2143 530 2175 in
555 2149 742 2185 conspectu
767 2143 812 2176 sit
833 2141 918 2176 haec
934 2151 1073 2177 senten-

90 2195 153 2229 tia:
183 2192 251 2227 Per
273 2191 453 2227 Christum
479 2191 648 2226 habemus
672 2205 845 2226 accessum
865 2195 905 2226 ad
931 2201 1074 2237 patrem,

91 2246 169 2279 ideo
190 2255 327 2277 necesse
348 2251 396 2277 est
412 2255 549 2286 semper
565 2244 765 2287 praelucere
787 2242 877 2277 hanc
905 2245 1006 2277 fidem
1031 2246 1074 2277 de

91 2295 295 2330 remissione
312 2301 530 2338 peccatorum
550 2301 691 2337 propter
709 2291 899 2328 Christum.
952 2294 1074 2329 Postea

92 2347 175 2379 fides
191 2346 249 2379 illa
272 2346 338 2379 tria
357 2345 499 2389 cogitet,
526 2357 615 2389 quae
637 2356 739 2389 supra
758 2345 934 2384 recensui,
962 2344 1074 2379 Deum

92 2397 180 2430 vella
203 2408 222 2430 a
245 2408 280 2430 se
305 2397 374 2441 peti
398 2398 489 2429 bona
509 2396 677 2439 corporis.
732 2394 908 2436 Primum,
936 2396 987 2430 Ut
1003 2409 1074 2430 cre-

93 2443 217 2482 danius
231 2459 268 2480 ea
287 2447 362 2480 dari
380 2447 562 2486 divinitus,
590 2459 661 2479 non
679 2454 841 2488 putemus
857 2447 962 2479 obiici
984 2460 1074 2481 casu.

92 2497 273 2537 Secundo,
301 2497 392 2540 Quia
417 2498 491 2532 vult
511 2498 642 2530 servari
666 2495 858 2530 Ecclesiam
884 2497 919 2530 in
943 2495 1005 2531 bac
1025 2499 1076 2531 vi-

93 2555 145 2587 ta,
171 2550 230 2582 dat
255 2549 406 2588 victum,
431 2549 691 2587 defensionem,
726 2546 876 2591 hospitia
906 2549 1077 2582 mirabili-

96 2607 147 2633 ter
161 2607 223 2635 etc.
267 2599 406 2639 Tertio,
435 2597 520 2632 Vult
536 2599 675 2643 agnosci
693 2611 730 2631 ac
748 2599 813 2632 coli
831 2598 924 2633 Deus
943 2597 1006 2633 hac
1021 2600 1076 2633 in-

96 2650 290 2688 vocatione,
325 2650 402 2683 ideo
431 2650 560 2682 multas
581 2662 635 2682 res
665 2651 862 2694 proposuit,
898 2663 982 2696 quas
1008 2652 1079 2696 peti

146 2701 321 2733 Mittas-tn.
342 2702 443 2734 Orza.
473 2702 556 2735 Vox..
576 2699 669 2734 XIV.

765 85 1159 122 ANNOTATIONES

1201 86 1248 120 {N
1292 87 1586 124 EVANGELIA.
2044 103 2117 137 338

1127 171 1220 212 vult,
1248 173 1322 206 vult
1348 181 1379 207 et
1397 176 1596 209 confirmari
1615 178 1734 219 fidem,
1762 183 1928 224 petitione
1949 198 2113 231 corpora-

1128 222 1226 256 lium.
1280 221 1366 255 Nam
1393 226 1452 268 qui
1477 238 1546 258 nou
1573 235 1677 262 audet
1703 238 1816 272 petere
1836 239 2050 282 corporalia,
2080 249 2111 273 et

1127 272 1194 305 iam
1212 273 1347 307 dubitat
1372 276 1414 307 de
1434 279 1624 318 praesentia
1645 279 1708 312 Dei
1722 309 1729 317 ,
1755 295 1832 316 cum
1857 287 2050 322 deserimur
2069 292 2112 324 ab

1126 323 1292 356 omnibus
1315 325 1506 358 creaturis?
1559 326 1682 362 Esaiae
1705 331 1782 366 57.:
1820 334 1991 371 Habitans
2031 353 2108 375 cum

1126 374 1279 407 contrito
1311 382 1343 408 et
1368 373 1493 408 humili
1523 378 1669 421 spiritu,
1703 389 1739 414 ut
1767 384 1913 419 vivificet
1945 391 2107 430 spiritum

1124 424 1334 465 humilium,
1384 434 1417 460 et
1452 439 1511 460 cor
1546 430 1787 468 contritorum.
1871 437 2109 477 Contu-mator

1124 475 1226 532 etiam
1250 475 1354 516 fides,
1382 489 1460 510 cum
1490 481 1699 523 experientia
1727 486 1877 519 ost-»mlii
1906 500 1976 521 non
2004 493 2108 527 fuisse

1124 532 1258 558 irritam
1286 528 1539 569 precationem„
1567 538 1604 563 ut
1631 531 1666 564 iu
1695 532 1832 568 Psalmo
1864 539 2009 573 dicitur:
2042 543 2106 577 Iste

1123 588 1253 620 pauper
1271 578 1432 611 clamavit
1457 581 1498 611 ad
1518 579 1730 621 Dominum,
1758 592 1789 618 et
1809 584 1980 622 Dominus
2004 604 2107 627 exau-

1122 627 1211 660 divit
1227 639 1315 659 eum.
1373 628 1552 662 Postremo
1576 632 1647 665 vult
1674 634 1776 667 etiam
1797 634 1891 671 Deus
1918 642 2107 681 gratiarum

1122 677 1258 710 actione
1293 679 1358 711 coli
1389 687 1532 723 propter
1557 682 1800 727 liberationes,
1841 696 1880 722 ut
1907 692 2106 729 dulcissime

1124 728 1254 761 dicitur
1271 729 1305 764 2.
1323 728 1403 763 Cor.
1422 731 1471 770 1.,
1499 732 1559 763 ubi
1579 731 1708 766 Paulus
1724 737 1818 770 iubet
1835 741 1964 774 multos
1987 757 2048 787 pro
2069 759 2105 779 se

1127 785 1260 822 petere,
1283 787 1321 813 ut
1338 781 1439 814 multi
1457 789 1559 824 agant
1577 785 1703 825 gratias
1721 792 1785 821 etc.

1227 829 1294 863 Hic
1327 833 1414 864 ordo
1447 839 1479 865 et
1513 830 1576 865 hae
1607 847 1728 869 causae
1758 850 1879 872 omnes
1905 844 2107 885 cogitandae

1125 887 1224 920 sunt,
1258 893 1335 913 cum
1360 882 1509 926 petimus
1528 887 1740 928 corporalia.
1793 888 1839 923 Et
1871 893 1952 924 satis
1985 907 2107 938 magna

1126 931 1278 975 pericula
1297 940 1396 970 sunt,
1425 934 1560 975 publica
1580 943 1612 968 et
1630 938 1764 980 privata
1777 966 1785 978 ,
1814 953 1901 985 quae
1917 945 2108 981 admonent

1129 993 1190 1014 nos
1215 988 1252 1014 ut
1277 980 1360 1015 haec
1386 984 1586 1025 cogitemus.
1647 988 1734 1021 Cum
1760 989 1913 1025 Ecclesia
1939 1002 2044 1030 staret
2070 999 2106 1031 iu

1128 1032 1213 1064 mari
1232 1034 1358 1071 rubro,
1388 1042 1479 1067 certe
1497 1037 1719 1078 cogitandum
1738 1040 1801 1073 fuit
1824 1043 1974 1085 primum
1987 1045 2105 1087 Moisi‚

1127 1095 1169 1114 an
1188 1082 1261 1116 Deo
1280 1084 1447 1127 placeret,
1475 1092 1506 1118 et
1524 1099 1586 1119 cur
1607 1089 1775 1130 placeret,
1812 1093 1941 1128 scilicet
1965 1107 2106 1141 propter

1129 1133 1336 1177 promissum
1366 1134 1574 1169 Dominum.
1635 1137 1770 1173 Deinde
1801 1144 1888 1176 vidit
1914 1146 2023 1190 reipsa
2052 1161 2105 1182 sa-

1129 1185 1234 1216 lutem
1265 1196 1450 1227 corporum
1478 1199 1495 1218 a
1515 1185 1588 1219 Deo
1613 1190 1708 1230 dari,
1743 1193 1904 1235 cogitavit
1932 1195 2042 1231 Deum
2070 1201 2104 1233 iu

1129 1232 1191 1266 bac
1214 1234 1282 1267 vita
1307 1235 1396 1267 velle
1426 1248 1564 1283 servare
1588 1236 1800 1284 Ecclesiam,
1836 1246 1999 1287 cogitaxit
2026 1250 2105 1283 item

1130 1284 1238 1317 Deum
1266 1285 1354 1318 velle
1379 1286 1415 1318 in
1441 1287 1543 1320 nobis
1570 1301 1721 1324 crescere
1749 1294 1960 1335 agnitionem
1988 1299 2022 1331 in
2050 1301 2105 1334 in-

1128 1334 1327 1375 vocatione,
1355 1336 1446 1369 inter
1461 1338 1541 1370 talia
1559 1339 1711 1382 pericula
1731 1349 1762 1375 et
1781 1344 1960 1383 miracula.

1229 1384 1375 1429 Semper
1391 1394 1505 1420 autem
1526 1387 1680 1423 Ecclesia
1703 1401 1858 1428 versatur
1878 1396 1913 1428 in
1941 1401 2104 1441 periculis

1128 1436 1351 1479 ingentibus,
1395 1451 1482 1480 pene
1510 1447 1547 1472 ut
1572 1447 1664 1473 stans
1696 1443 1732 1475 in
1762 1447 1848 1477 mari
1879 1448 2002 1483 rubro:
2039 1452 2106 1486 iam

1129 1486 1276 1520 Turcica
1296 1499 1390 1520 arma
1411 1489 1445 1521 in
1463 1502 1538 1523 eam
1556 1500 1778 1535 grassantur,
1812 1503 1844 1530 et
1867 1498 1953 1530 aliae
1978 1503 2107 1536 multae

1128 1538 1349 1571 difficultates
1373 1540 1582 1574 domesticae
1605 1543 1760 1586 singulos
1785 1557 1954 1583 exercent.
2008 1552 2105 1587 Nulli

1129 1595 1218 1621 certa
1238 1591 1334 1621 sedes
1353 1597 1420 1630 est,
1455 1591 1524 1624 vita
1548 1593 1740 1627 multorum
1766 1597 1905 1638 piorum
1931 1602 2106 1643 periclita-

1129 1648 1204 1671 tur:
1239 1639 1408 1672 admoniti
1444 1652 1525 1682 ergo
1550 1643 1698 1683 publicis
1723 1652 1755 1678 et
1780 1649 1908 1681 nostris
1932 1653 2106 1694 periculis,

1129 1696 1285 1732 petamus
1302 1690 1470 1723 auxilium
1489 1698 1521 1724 et
1538 1693 1795 1736 defensionem,
1825 1698 1885 1731 illo
1903 1702 2046 1743 ordine,
2069 1713 2105 1738 ut

1127 1739 1258 1772 dictum
1276 1746 1343 1779 est,
1372 1747 1402 1773 et
1422 1753 1541 1775 causas
1558 1743 1633 1776 illas
1650 1746 1857 1788 cogitemus,
1892 1758 1927 1784 ut
1947 1752 2029 1786 fides
2049 1767 2105 1788 ex-

1128 1796 1294 1823 erceatur.
1348 1789 1484 1824 Deinde
1505 1805 1585 1825 vero
1604 1795 1704 1827 etiam
1722 1801 1899 1833 consecuti
1927 1803 2104 1845 beneficia,

1127 1841 1253 1883 gratias
1270 1845 1439 1884 agamus‚'
1467 1849 1498 1874 et
1516 1844 1639 1877 maiori
1662 1847 1779 1880 studio
1805 1850 1841 1881 in
1865 1853 1962 1885 omni
1986 1855 2103 1888 officio

1126 1891 1342 1924 declaremus
1358 1893 1624 1934 gratitudinem.

1228 1941 1295 1975 Sed
1321 1939 1377 1974 hic
1402 1943 1523 1977 obiicit
1551 1942 1703 1980 humana
1730 1948 1968 1993 imbecillitas,
2007 1955 2102 1998 Quid

1125 1991 1249 2025 attinet
1270 1999 1403 2035 petere,
1431 2006 1509 2026 cum
1528 1996 1677 2030 sciamus
1695 2007 1856 2042 oportere
1880 2016 1943 2036 nos
1962 2007 2104 2049 adfligi?

1125 2043 1212 2076 sicut
1239 2043 1407 2085 scriptum
1432 2051 1502 2084 est,
1541 2045 1678 2091 Corpus
1700 2056 1814 2083 autem
1838 2055 2029 2089 subiectum
2055 2067 2103 2091 est

1127 2093 1229 2126 morti
1258 2100 1400 2136 propter
1423 2103 1610 2138 peccatum.
1668 2098 1774 2141 ltem,
1803 2105 2025 2139 manifestum
2053 2117 2102 2142 est

1125 2144 1326 2187 saepissime
1345 2157 1415 2177 non
1435 2146 1576 2180 liberari
1596 2161 1635 2181 ex
1660 2153 1899 2193 praesentibus
1924 2157 2101 2191 calamita-

1126 2195 1219 2227 tibus
1234 2201 1388 2235 sanctos,
1403 2203 1441 2229 ut
1461 2196 1653 2240 Ionathan,
1673 2199 1933 2245 Maccabaeum,
1952 2215 1984 2240 et
2001 2209 2100 2244 alios,

1126 2243 1171 2278 Et
1185 2243 1346 2280 Christus
1369 2247 1469 2280 dicit:
1503 2247 1744 2284 Veruntamen
1774 2265 1844 2286 non
1872 2268 1945 2288 mea
1975 2259 2100 2292 volun-

1126 2303 1196 2337 tas,
1223 2298 1282 2329 sed
1300 2303 1370 2332 tua.
1422 2297 1511 2331 Cum
1530 2300 1636 2342 igitur
1661 2303 1849 2337 debeamus
1871 2307 1996 2341 offerre
2019 2312 2101 2343 obt·-

1126 2347 1313 2387 dientiam,
1347 2348 1432 2392 quid
1459 2351 1598 2393 prodest
1624 2352 1760 2394 petitio,
1797 2363 1829 2388 et
1854 2358 1997 2403 quidem
2023 2373 2100 2393 cum

1127 2398 1376 2432 dubitatione?

1226 2448 1449 2493 Respondeo.
1503 2448 1671 2485 Tenenda
1692 2461 1739 2487 est
1759 2457 1874 2497 regula
1895 2458 2103 2501 firmissime,

1127 2502 1220 2544 quod
1237 2499 1332 2534 Deus
1359 2502 1575 2534 mandaverit
1602 2510 1633 2536 et
1657 2506 1805 2547 postulet
1833 2507 2104 2551 invocationem,

1127 2557 1161 2584 et
1194 2553 1287 2596 quod
1314 2564 1494 2596 nunquam
1518 2552 1559 2585 sit
1585 2554 1699 2587 inanis
1723 2563 1781 2589 aut
1806 2557 1901 2590 irrita
1930 2560 2103 2595 invocatio

1128 2601 1284 2645 piorum,
1319 2602 1454 2635 etiamsi
1481 2603 1639 2637 liberatio
1665 2606 1843 2648 differtur,
1877 2617 1935 2643 aut
1960 2624 2028 2644 uon
2059 2614 2103 2646 ita

1127 2654 1340 2697 respondent
1359 2660 1522 2693 eventus,
1557 2661 1593 2687 ut
1614 2667 1676 2689 nos
1695 2656 1946 2701 imaginamur,
1982 2670 2013 2696 et
2038 2677 2107 2698 non

1552 2705 1601 2738 22
