2409 2915
88 101 181 135 1201
372 99 454 135 Xll.

151 182 316 227 Mulier,
352 196 430 218 cum
452 183 636 232 parturit,
671 182 862 216 tristitiam
888 180 1009 220 habet.

185 244 343 278 Primum
362 245 596 288 parturientes
610 243 708 276 nulla
719 255 785 286 ope
796 240 950 277 humana
962 244 1070 277 levari

84 302 247 340 possunt;
274 295 354 329 talis
376 301 426 328 est
447 301 479 328 et
495 293 673 327 Ecclesiae
697 294 859 333 afflictio,
888 306 965 327 cum
985 294 1071 328 furit

83 346 250 387 mundus,
277 358 355 379 cum
374 345 608 390 persequitur,
636 356 739 389 quam
759 345 877 378 nullae
892 353 1070 379 creaturae

82 389 322 437 consolantur,
338 397 430 431 iuxta
444 395 530 429 illud
543 394 633 428 Psal.
645 394 790 429 LXVI.:
813 394 915 429 Pater
927 408 1023 429 meus
1036 402 1070 429 et

82 452 194 480 mater
215 459 292 480 mea
315 447 578 491 dereliquerunt
595 458 669 484 me,
697 446 863 479 dominus
881 453 995 479 autem
1014 458 1068 480 as-

82 498 231 541 sumpsit
245 511 312 532 me.
347 496 457 530 Docet
473 497 590 542 itaque
601 496 801 541 Apostolos,
828 504 868 530 ut
886 498 922 530 in
940 498 1001 530 tali
1016 497 1067 530 af-

80 548 237 582 flictione
261 549 363 592 plane
387 559 460 580 nou
483 554 623 591 sperent
641 547 936 585 consolationem,
965 548 1033 580 nisi
1048 559 1067 580 a

80 597 168 634 Deo.
202 597 365 632 Christus
375 598 611 638 occidebatur,
629 598 788 631 doctrina
801 599 1067 641 reprobabatur,

81 650 163 694 quia
175 649 362 683 videbatur
372 650 479 683 verbo
488 648 556 683 Dei
568 650 608 681 ad
616 649 756 684 versari.
790 648 909 691 Quum
923 650 971 682 sic
981 661 1065 682 cou-

79 699 213 733 soletur
229 700 440 744 discipulos‚
468 707 557 733 certe
576 700 642 733 fuit
661 701 872 743 expectando
892 701 1065 742 glorifica-

78 750 127 783 tio
143 748 273 784 Christi
296 763 314 783 a
332 750 424 784 Deo:
453 751 593 784 Similes
610 758 692 784 sunt
710 749 885 783 Ecclesiae
903 751 1063 784 afflictio-

80 811 139 833 nes
163 808 340 844 perpetuo.
394 801 559 835 Secundo
576 803 696 841 docet,
723 802 812 834 vitae
832 801 973 834 initium
993 812 1064 833 esse

79 863 154 884 eam
185 851 432 891 afflictionem,
466 852 555 885 sicut
589 851 730 884 initium
760 852 852 885 vitae
885 858 935 885 est
962 851 1064 884 dolor

79 901 319 945 parturientis.
371 901 459 934 Nam
490 902 638 950 perinde
668 909 772 947 atque
806 914 899 935 mors
934 902 1061 946 peccati

78 962 190 995 poena
211 958 280 990 est,
307 952 356 986 ita
373 959 406 986 et
424 953 482 986 ille
499 953 770 997 parturientium
789 954 908 993 labor,
933 960 971 986 ut
990 952 1062 986 Ge-

76 1012 149 1036 nes.
167 1001 232 1038 ltt.
284 1000 418 1048 Estque
441 1004 479 1036 in
504 1001 570 1036 hoc
597 1004 805 1037 adumbrata
825 1005 893 1036 vita
912 1004 948 1036 in
965 1016 1060 1037 mor-

75 1059 119 1091 te,
146 1052 288 1094 scilicet,
307 1056 401 1098 quod
421 1066 482 1098 per
499 1062 648 1088 mortem
667 1055 709 1087 ad
728 1054 834 1087 vitam
853 1062 1060 1090 transeatur.

77 1101 163 1136 Vult
186 1115 267 1146 ergo
290 1105 464 1138 confidere
490 1106 701 1153 discipulos,
727 1112 759 1138 et
775 1106 905 1139 sentire
922 1117 1059 1139 crucem

77 1154 321 1189 mortificando
347 1164 485 1200 peccato
511 1157 716 1201 impositum
742 1167 830 1197 esse,
867 1168 927 1201 per
954 1168 1059 1201 quam

76 1204 160 1239 fides
183 1214 401 1248 exerceatur,
428 1216 461 1240 et
488 1208 556 1241 vita
575 1207 788 1240 restituatur.
813 1227 859 1232 —
913 1205 958 1240 Et
975 1219 1060 1250 gau-

77 1255 175 1289 dium
192 1264 345 1291 vestrum
364 1270 466 1291 nemo
485 1258 583 1292 tollet
599 1270 618 1291 a
636 1258 746 1297 vobis,
773 1258 1059 1291 scil.confirmata

74 1306 141 1339 side
159 1319 221 1351 per
238 1309 541 1347 resurrectionem,
569 1310 735 1342 adversus
751 1321 854 1353 quam
871 1321 941 1342 non
958 1320 1059 1356 prae-

75 1357 241 1393 valebunt
259 1366 380 1407 portae
398 1360 602 1394 inferorum.

171 1433 224 1467 El
248 1435 287 1468 in
315 1433 384 1468 illo
407 1432 464 1468 dia
487 1445 560 1467 non
584 1432 862 1479 interrogabitis
887 1438 963 1474 etc„

74 1496 108 1528 id
129 1502 199 1535 est,
226 1495 286 1527 ubi
304 1505 544 1534 resurrexero,
571 1493 686 1538 palam
703 1494 885 1534 videbitis,
913 1505 967 1526 me
983 1493 1058 1536 glo-

73 1546 245 1579 rificatum
263 1557 352 1585 esse3
379 1545 544 1579 videbitis
558 1546 660 1584 item,
689 1557 758 1589 quo
776 1546 882 1577 modo
901 1544 964 1577 sim
982 1544 1058 1583 glo-

72 1597 235 1631 rificatus.
287 1595 391 1629 Nunc
407 1596 549 1641 quidem
568 1608 640 1629 non
658 1596 870 1639 intelligitis,
896 1601 1058 1639 oportere

73 1660 127 1680 me
152 1647 327 1690 crucifigi,
355 1654 387 1680 et
411 1659 472 1691 per
494 1654 642 1681 mortem
667 1646 875 1692 glorificari,
903 1654 936 1679 at
954 1646 1057 1689 paulo

73 1705 150 1743 post
188 1698 301 1741 reipsa
332 1698 566 1742 comperietis.
640 1697 745 1740 Quod
780 1696 978 1730 Hieremias
1010 1697 1058 1729 ait

72 1761 144 1793 cap.
161 1748 293 1782 XXX-2
327 1749 371 1782 In
395 1749 587 1782 novissimo
614 1748 752 1781 dierum
779 1748 984 1790 intelligetis
1006 1759 1056 1788 ea,

72 1800 165 1833 idem
191 1797 246 1832 hic
271 1800 371 1833 docet
395 1798 579 1843 Christus,
614 1799 705 1838 sore,
739 1806 778 1833 ut
802 1800 874 1843 ipsa
901 1810 1055 1832 resurre-

72 1851 141 1884 ctio
166 1857 334 1894 testetur,
367 1851 564 1894 oportuisse
588 1847 768 1884 Christum
792 1850 881 1897 pati,
909 1850 1056 1893 proinde

72 1914 115 1934 ne
133 1901 414 1935 scandalizentur
432 1901 564 1934 interea
585 1913 704 1941 cruce,
730 1901 927 1934 doctrinam
945 1907 977 1934 et
995 1913 1056 1933 au-

71 1951 212 1986 toritate
248 1959 281 1985 et
321 1953 576 1985 resurrectione
592 1952 622 1995 ¹³)
664 1952 941 1985 confirmandam
973 1963 1055 1984 esse.

70 2001 117 2035 Et
141 2003 236 2046 quod
261 2003 297 2035 in
323 2000 387 2036 hac
411 2003 621 2041 tentatione,
649 2002 740 2035 idem
768 2003 803 2035 in
827 2003 904 2035 aliis
919 2002 1057 2036 accidit.

71 2051 211 2085 Eventu
233 2053 430 2086 declaratur
455 2054 549 2092 bona
573 2054 735 2086 voluntas
760 2052 838 2086 Dei.
893 2052 969 2086 Iloc
994 2060 1055 2093 est,

71 2105 164 2148 quod
192 2103 319 2147 passim
337 2103 510 2147 scriptura
528 2104 623 2136 iubet
640 2111 820 2146 expectare
839 2112 870 2137 et
886 2104 1057 2137 sustinere

69 2154 193 2187 Esaiae
210 2153 324 2186 Ylll.:
359 2152 560 2197 Expectabo
584 2154 792 2194 dominnm,
826 2155 885 2198 qui
909 2155 1057 2187 abscon-

72 2206 122 2238 dit
140 2205 262 2238 faciem
282 2217 379 2238 suam
397 2217 415 2237 a
437 2203 550 2238 lacob.

72 2255 167 2289 Deus
192 2263 328 2295 noster,
362 2256 621 2299 expectabimus
649 2267 726 2287 euin
755 2263 786 2288 et
811 2256 958 2289 salvabit
985 2268 1058 2288 uos.

72 2307 130 2340 Sic
152 2315 310 2340 servatur
326 2305 508 2340 Abraham
532 2306 776 2339 immolaturus
794 2306 922 2346 filium,
950 2313 1057 2339 etex-

72 2360 244 2405 pectando
265 2359 565 2402 sustentandoqne
591 2357 756 2399 cognovit
782 2357 911 2390 bonam
929 2357 1058 2390 volun-

71 2414 100 2441 ta
109 2415 174 2441 tem
191 2407 268 2443 Dei.

176 2483 288 2517 Amen
314 2483 394 2519 dico
422 2484 540 2524 robis,
574 2484 610 2517 sl
631 2481 724 2531 quid
744 2496 780 2529 p.
804 2488 956 2528 patrem.

108 2688 136 2712 4]
158 2687 222 2710 Tul».
245 2686 435 2709 autoritatem
456 2686 675 2710 resurrostinne.

74 2725 250 2757 Mutum.
281 2724 383 2755 Orza.
428 2724 507 2753 Vot..
536 2723 626 2753 ΧΙΥ.

604 2202 650 2237 Et
667 2203 790 2237 Esaiae
810 2204 939 2238 XXR:
968 2203 1058 2238 Ecce
1083 2224 1085 2234 ι

510 95 902 134 ANNOTATtONES
929 97 994 132 ET
1021 95 1302 133 CONCIONES
1332 96 1380 132 ΙΝ
1405 95 1587 132 EVANG.
1617 96 1829 134 lOANNlS.

1083 2350 1088 2536 ἒ

177 2545 283 2583 Vide,
310 2546 445 2590 quoties
470 2547 616 2577 eandem
644 2544 908 2588 promissionem
929 2550 1059 2587 repetat
1084 2546 1087 2560 '

73 2598 114 2628 de
148 2596 343 2629 sacerdotio
370 2609 451 2637 sno,
484 2603 522 2630 nt
549 2597 671 2629 reddat
697 2595 926 2628 conscientias
955 2607 1058 2639 quant
1084 2599 1086 2608 ¹

2016 103 2114 136 1202

1124 182 1381 223 certitissimas,
1417 183 1575 216 exaudiri
1602 191 1793 226 precantes,
1853 184 1983 223 Porro.
2017 189 2111 230 qnod

1124 234 1238 267 addit:
1269 232 1309 266 ln
1327 235 1472 267 nomine
1487 247 1578 275 meo,
1606 236 1706 268 fidem
1723 236 1827 278 exigit
1844 248 1861 268 a
1879 238 2113 280 precantibus.

1239 325 1364 374 Usque
1387 325 1495 360 modo
1518 339 1590 360 non
1612 327 1754 374 pelislis
1779 327 1987 376 quicquam.

1224 401 1316 444 Quia
1328 399 1488 435 Christus
1504 402 1660 435 nondum
1678 410 1750 436 erat
1766 403 1989 446 glorificatus,
2017 419 2105 439 non-

1121 452 1204 485 dum
1223 452 1466 496 intelligebant
1484 451 1667 496 Apostoli,
1695 455 1796 498 quale
1815 467 1960 498 regnum
1979 465 2037 491 aut
2053 470 2107 490 sa-

1121 503 1315 536 cerdotium
1346 503 1420 536 eius
1445 510 1530 536 esset
1558 504 1728 538 futurum.
1786 503 2018 548 Evangelium
2044 511 2106 541 ad-

1119 550 1188 586 hue
1205 553 1425 596 ignorabant,
1453 556 1610 598 adeoque
1627 556 1786 587 nondum
1803 557 1884 589 satis
1901 558 1981 590 certi
1995 566 2104 596 erant,

1119 615 1154 637 se
1179 612 1322 648 propter
1341 602 1522 638 Christum
1547 605 1722 645 exaudiri,
1750 607 1843 650 quod
1869 614 2031 650 putarent
2052 622 2103 642 rc-

1118 666 1225 697 gnum
1258 662 1439 688 externum
1465 662 1498 689 et
1521 655 1701 698 corporale
1726 656 1817 696 sore,
1851 669 1914 690 nec
1938 659 2103 700 sciebant,

1119 706 1154 737 in
1179 704 1245 738 hoc
1271 706 1383 748 ipsum
1404 706 1547 739 missum
1568 717 1639 738 esse
1655 703 1854 746 Christum,
1880 715 1918 741 ut
1935 711 2102 744 certifica-

1118 763 1168 789 ret
1185 757 1415 789 conscientias
1431 758 1473 789 de
1493 757 1672 789 voluntate
1688 759 1811 799 patris,
1840 771 1901 791 nec
1917 760 2010 793 aliud
2030 773 2100 793 esse

1117 804 1248 840 Christi
1272 807 1327 839 vel
1354 819 1498 850 regnum
1522 807 1575 840 vel
1594 807 1759 841 officium.
1815 807 1896 842 ldeo
1916 811 1978 843 ait:
2008 811 2100 844 tt-c-

1117 864 1217 890 tenus
1243 854 1334 889 nihil
1360 858 1492 900 petistis
1520 858 1554 890 in
1579 858 1723 890 nomine
1750 871 1845 896 meo,
1871 861 1952 905 quia
1970 862 2101 895 scilicit

1115 909 1274 941 nondum
1306 914 1437 941 certum
1470 908 1536 941 fuit
1568 920 1629 952 per
1660 910 1950 943 resurrectionem
1977 925 2099 952 meaw,

1116 961 1210 1003 quod
1243 967 1384 1003 propter
1415 971 1469 992 me
1494 959 1769 999 exaudiremini,
1806 962 1956 995 necdum
1979 962 2099 996 Evan-

1114 1010 1244 1052 gelium
1268 1010 1527 1053 promulgatum
1555 1016 1638 1043 erat.
1690 1009 1794 1043 Nunc
1818 1014 2024 1046 resurrectio
2047 1021 2098 1047 te—

1113 1060 1265 1094 stabitur
1297 1061 1339 1093 de
1371 1061 1479 1094 verbo
1511 1073 1609 1100 men,
1642 1061 1684 1093 de
1714 1062 1918 1102 autoritate,
1954 1065 1996 1097 de
2020 1065 2098 1097 offi-

1114 1111 1167 1145 cio
1190 1118 1273 1150 elc.‚
1308 1112 1452 1145 dabitur
1475 1111 1628 1154 Spiritus
1659 1119 1816 1152 sanctus,
1848 1114 1909 1156 qui
1933 1112 2096 1155 Evange-

1113 1162 1198 1195 lium
1226 1162 1372 1202 revelet,
1398 1163 1493 1195 unde
1510 1170 1642 1196 certum
1660 1163 1744 1202 erit,
1771 1165 1864 1208 quod
1884 1172 2026 1208 propter
2043 1178 2096 1199 me

1113 1213 1323 1246 exaudiendi
1347 1213 1433 1248 sitis.
1487 1212 1606 1257 Usque
1628 1215 1734 1246 modo
1759 1226 1833 1247 non
1853 1215 1983 1257 petistis
1999 1216 2097 1260 quic-

1112 1276 1216 1308 quam
1242 1264 1278 1297 in
1302 1263 1447 1296 nomine
1470 1275 1568 1306 meo,
1603 1263 1637 1295 id
1661 1271 1729 1304 est,
1762 1266 1922 1298 nondum
1947 1267 2098 1300 revelato

1113 1312 1306 1357 Evangelio
1324 1321 1457 1348 eertum
1473 1325 1561 1353 esse,
1589 1321 1732 1357 propter
1741 1313 1921 1348 Christum
1939 1318 2097 1351 exaudiri

1114 1373 1326 1407 precantem.
1379 1364 1513 1405 Petite,
1539 1372 1572 1398 et
1589 1365 1783 1408 accipietis,
1799 1360 1941 1401 scilicet
1962 1368 2098 1410 fiducia,

1112 1421 1150 1447 ut
1167 1411 1259 1446 nihil
1277 1412 1465 1449 haesitetis.

1257 1504 1309 1539 Ut
1331 1501 1696 1551 gaudium'veslrum
1721 1505 1770 1539 sil
1788 1507 1949 1554 plenum.

1213 1573 1362 1607 Plenum
1387 1573 1554 1616 gaudium
1581 1585 1646 1620 pax
1671 1581 1739 1614 est,
1774 1588 1878 1620 quam
1901 1578 2002 1619 fides,
2031 1578 2096 1615 hoc

1111 1632 1160 1659 est
1183 1625 1368 1658 certificata
1393 1625 1436 1657 de
1459 1625 1700 1658 misericordia
1716 1624 1781 1658 Dei
1805 1629 2014 1663 conscientia
2035 1644 2096 1675 pa-

1112 1676 1167 1711 rit.
1220 1675 1278 1709 Sic
1305 1688 1384 1718 ergo
1403 1675 1467 1708 ait:
1496 1674 1675 1708 Hactenus
1692 1678 1848 1710 nonduin
1869 1681 1951 1712 certi
1972 1682 2097 1722 fuistis,

1112 1739 1205 1760 nunc
1231 1734 1348 1760 autern
1367 1735 1452 1759 certi
1473 1734 1569 1759 eritis
1587 1738 1774 1769 pertineam
1795 1733 2094 1765 resurrectionem.

1112 1777 1194 1811 Ideo
1213 1789 1353 1810 securae
1372 1785 1404 1811 et
1423 1785 1561 1820 pacatae
1577 1785 1677 1810 eruut
1697 1780 1941 1816 conscientiae.

1271 1871 1372 1904 Ilaec
1399 1871 1437 1903 in
1457 1869 1647 1916 proverbio
1673 1869 1812 1904 loculus
1837 1885 1929 1912 sum,

1111 1940 1144 1972 id
1179 1946 1247 1981 est,
1283 1937 1451 1972 hactenus
1481 1939 1581 1971 vohis
1611 1939 1800 1972 obscurum
1836 1953 1973 1983 meum,
2010 1945 2093 1976 dnm

1110 1992 1213 2030 detur
1238 1990 1391 2033 Spiritus
1420 1996 1576 2029 sanctus,
1609 1990 1668 2034 qni
1700 1990 1842 2031 efficiet,
1876 2000 1913 2026 nt
1950 1996 2092 2026 verbnm

1111 2041 1324 2083 intelligatis.
1378 2039 1441 2073 Est
1465 2041 1555 2072 enim
1575 2039 1760 2084 Evangelii
1787 2044 1990 2087 iiiystt‘i·ittitt
2013 2047 2092 2078 abs-

1111 2093 1292 2125 conditum
1312 2104 1329 2124 a
1350 2093 1494 2125 mundo.

1167 2182 1276 2216 Venit
1295 2181 1406 2221 hora,
1436 2195 1512 2216 cum
1533 2183 1604 2215 iam
1623 2195 1694 2216 non
1714 2184 1751 2216 in
1767 2186 1968 2230 prmerhiis
1983 2193 2042 2224 elc.

1111 2262 1260 2301 scilicet,
1295 2261 1356 2293 nbi
1381 2260 1551 2302 Spiritum
1576 2268 1733 2293 sanctum
1760 2263 1907 2299 dedero,
1946 2265 1991 2295 ibi
2020 2278 2095 2297 ver..

1115 2315 1196 2345 huin
1228 2325 1343 2344 ineunt
1372 2312 1484 2354 palan!
1512 2311 1659 2354 eloquor
1683 2312 1774 2344 inter
1799 2324 1875 2349 xus,
1911 2316 1990 2358 qni-i
2015 2316 2095 2359 Spi-

1114 2365 1200 2397 ritus
1230 2370 1368 2395 sanctus
1394 2368 1537 2394 renovat
1566 2364 1690 2403 corda,
1727 2370 1758 2395 et
1782 2372 1914 2403 movet,
1949 2374 1983 2398 nt
2011 2378 2094 2398 con-

1113 2415 1243 2458 cipiunt
1273 2413 1416 2445 wrbnni
1443 2409 1587 2444 Christi.
1653 2411 1700 2445 lta
1728 2420 1759 2445 ct
1784 2424 1886 2457 snpra
1913 2416 2096 2450 coniunxit

1115 2465 1302 2509 impulsum
1329 2463 1482 2505 Spiritus
1509 2463 1618 2495 sancti
1644 2475 1721 2495 cuin
1747 2465 1869 2496 verbo:
1908 2466 2095 2508 Quat-rnn-

1113 2530 1179 2560 (μιν
1207 2515 1343 2550 ainiirt,
1378 2515 1541 2557 loquetur
1559 2521 1619 2547 t‘tc.
1674 2513 1732 2546 list
1752 2515 1844 2546 enini
1866 2513 2094 2560 Evangelium

1115 2567 1348 2599 ministerium
1374 2565 1536 2606 spiritus,
1567 2577 1644 2596 cuni
1673 2569 1775 2597 cord.»
1802 2579 1888 2598 nova
1914 2567 1989 2599 lnce
2012 2582 2096 2601 con-

1113 2626 1209 2661 cepta
1230 2629 1288 2659 per
1304 2615 1474 2656 Spiritum
1493 2622 1649 2647 sanctum
1669 2618 1813 2648 credunt
1833 2618 1936 2649 verbu
1955 2616 2096 2658 Christi,

1082 2703 1085 2714 Ι
1113 2677 1148 2702 nt
1174 2669 1281 2700 fidant
1311 2667 1403 2705 Deo,
1429 2673 1460 2698 ct
1488 2667 1706 2707 magnifici-nt
1732 2680 1829 2708 enni,
1851 2669 2096 2715 ,reiipiantqne

1425 2717 1445 2748 7
1452 2718 1472 2749 ό
