2409 2915
312 96 383 131 351

315 183 459 219 docere,
493 185 526 211 et
551 176 695 211 unicum
721 175 854 208 cultum
879 180 913 207 et
939 173 1141 218 proprium,
1176 173 1211 206 in
1237 173 1303 205 fide
1330 174 1333 212 f

317 239 349 266 et
366 233 458 265 bona
475 227 688 262 conscientia
709 226 875 259 invocare
893 223 1021 258 Deum.

422 279 492 313 Iam
512 285 551 312 ut
565 276 650 311 haec
668 276 808 322 publice
826 277 868 308 de
885 277 989 308 domo
1007 274 1074 308 Dei
1093 281 1126 308 et
1146 274 1302 307 ministe-
1330 296 1333 342 ¹

317 333 370 366 rio
395 331 582 369 dicuntur,
608 329 654 362 ita
676 327 919 372 unusquisque
942 327 985 359 ad
1007 338 1041 359 se
1059 326 1172 369 ipsum
1191 332 1303 358 trans-

317 384 424 422 ferat,
451 379 580 424 singuli
607 379 756 412 sciamus
779 389 843 410 nos
861 388 934 409 esse
953 378 1097 409 domum
1118 374 1193 408 Dei.
1246 374 1304 408 Sic

317 439 433 467 autem
457 431 608 471 erimus,
634 442 713 463 cum
739 429 776 461 in
795 429 898 461 nobis
916 426 1056 460 sonabit
1074 438 1153 458 vera
1172 425 1304 459 doctri—

316 496 380 523 na,
407 489 439 516 et
464 481 642 515 invocatio
665 481 702 512 in
724 480 792 512 fide
817 485 849 512 et
873 479 963 510 bona
982 477 1206 511 conscientia.
1259 474 1304 508 Et

317 533 478 568 hortetur
503 544 567 565 nos
589 529 656 565 hoc
680 530 812 563 dictum
832 529 874 562 ad
893 528 1130 561 invocandum
1148 534 1178 560 et
1199 538 1305 559 oran-

317 586 422 628 durn,
457 584 539 629 quia
568 588 714 616 testatur
745 577 840 618 bunc
863 591 934 612 esse
960 578 1142 623 proprium
1172 578 1303 610 cultum

317 635 439 679 populi
465 634 527 668 Dei
560 641 592 667 et
622 633 748 665 domus
774 630 865 671 Dei,
899 642 1002 675 quern
1031 627 1124 662 Deus
1156 628 1305 661 maxime

318 686 460 729 flagitet.

458 802 676 842 Dominica
702 799 777 840 XI.
808 804 902 852 post
934 797 1170 838 Trinitatis.

588 874 821 918 Evangelium
848 873 963 906 Lucae
987 872 1042 906 18.

369 943 485 979 Dixit
509 951 629 976 autem
654 945 683 974 et
708 937 762 972 ad
781 935 979 986 quosdam,
1008 936 1072 983 qui
1097 936 1134 968 in
1154 947 1190 968 se
1209 934 1306 980 ipsos

419 991 648 1038 confidebant
671 987 771 1038 quod
793 993 906 1022 essent
933 987 1038 1022 iusti.
1073 991 1102 1019 et
1128 997 1308 1031 asperna-

421 1045 558 1080 bantur
587 1046 760 1077 cmteros,
797 1037 1021 1086 parabolam
1050 1037 1182 1071 istam:
1216 1035 1307 1070 Duo

420 1094 585 1130 homines
614 1089 853 1126 ascenderunt
886 1090 924 1123 in
956 1087 1128 1136 templum
1157 1091 1194 1120 ut
1221 1099 1304 1120 ora-

422 1151 516 1186 rent,
553 1156 648 1178 unus
672 1139 924 1179 Pharisaeus,
954 1144 984 1173 et
1008 1138 1104 1173 aller
1130 1136 1308 1172 Publica-

420 1210 501 1233 nus.
553 1192 784 1229 Pharisaeus
805 1196 910 1226 stans
937 1187 1026 1223 haec
1050 1187 1155 1237 apud
1168 1201 1205 1223 se
1222 1201 1307 1222 ora-

420 1249 502 1283 bat.-
543 1245 665 1286 Deus,
701 1243 848 1290 gratias
882 1239 1076 1288 ago'tibi,
1113 1240 1202 1288 quia
1234 1252 1307 1273 non

419 1312 501 1334 sum
530 1299 622 1332 sicut
653 1294 784 1329 caeteri
811 1291 996 1334 homines,
1032 1296 1214 1338 raptores,
1250 1290 1307 1323 in-

422 1349 531 1391 iusti,
565 1345 744 1387 adulteri,
778 1343 870 1379 velut
901 1343 1009 1377 etiam
1041 1340 1101 1376 hic
1129 1339 1307 1374 Publica-

421 1414 509 1435 nus:
553 1399 675 1432 ieiuno
704 1394 764 1430 his
792 1395 829 1428 in
855 1394 1041 1433 Sabbato,
1078 1391 1237 1426 decimas
1261 1389 1307 1425 do

421 1451 583 1486 omnium
609 1459 702 1497 quae
725 1443 904 1495 possideo.
958 1443 1010 1478 Et
1029 1442 1258 1478 Publicanus
1283 1456 1305 1475 a

422 1502 529 1548 longe
552 1505 676 1539 stans,
704 1497 850 1532 nolebat
878 1507 988 1543 neque
1014 1493 1135 1529 oculos
1157 1491 1211 1527 ad
1233 1505 1307 1527 coe—

423 1553 498 1588 lum
527 1552 661 1589 levare,
695 1546 761 1583 sed
787 1546 1010 1594 percutiebat
1038 1551 1160 1593 pectus
1186 1557 1307 1585 suum,

422 1602 542 1638 dicens
554 1617 562 1633 :
595 1600 695 1634 Deus
718 1598 904 1645 propicius
921 1602 993 1631 esto
1010 1594 1105 1630 mihi
1118 1596 1307 1643 peccatori.

420 1654 519 1689 Dico
552 1651 671 1689 vobis,
706 1647 887 1683 descendit
921 1646 980 1681 hic
1012 1645 1233 1691 iustificatus
1268 1645 1306 1678 in

420 1704 566 1740 domum
590 1714 696 1737 suam
721 1712 810 1748 prae
835 1698 913 1733 illo.
971 1696 1072 1745 Quia
1100 1696 1218 1731 omnis
1244 1695 1310 1743 qui

420 1757 576 1804 seipsum
600 1751 763 1791 exaltat,
791 1748 1074 1785 humiliabitur:
1102 1748 1168 1796 qui
1185 1752 1307 1781 autem

419 1809 577 1855 seipsum
595 1802 792 1842 humiliat,
821 1800 1065 1849 exaitabitur.

1331 2533 1334 2564 l

1331 2576 1333 2607 Ι

1330 2643 1333 2671 l

371 1875 461 1910 Duo
478 1881 560 1908 sunt
574 1871 743 1915 exempla.

475 1933 514 1967 In
544 1932 653 1965 altero
683 1931 828 1963 damnat
851 1925 1014 1961 Christus
1037 1925 1200 1959 fiduciam
1227 1938 1308 1970 pro-

527 1983 622 2028 priae
643 1979 810 2014 iusticiae.

473 2035 512 2069 ln
537 2034 648 2067 altero
672 2030 840 2076 proponit
865 2028 1053 2071 imaginem
1081 2039 1182 2060 verae
1207 2027 1307 2061 iusti-

525 2096 610 2118 ctae.

420 2153 523 2188 Prior
540 2151 653 2193 imago
666 2146 832 2194 proponit
844 2143 1027 2178 bominem
1041 2156 1214 2184 securum,
1234 2144 1308 2178 sine

321 2203 552 2253 poenitentia,
578 2201 654 2235 sine
672 2195 884 2234 timoreDei‚
914 2196 988 2228 sine
1006 2196 1082 2235 side,
1113 2203 1143 2228 et
1161 2195 1235 2228 sine
1254 2196 1305 2228 in-

322 2257 516 2291 vocatione.
569 2251 703 2286 lnterea
723 2257 838 2283 tamen
858 2248 885 2280 is
902 2245 1006 2280 habet
1022 2258 1125 2290 opera
1145 2247 1247 2289 legis,
1276 2254 1309 2280 et

321 2307 406 2343 haec
430 2312 526 2350 putat
549 2315 620 2337 esse
639 2301 829 2339 iusticiam,
854 2305 996 2343 propter
1015 2294 1098 2330 hacc
1119 2298 1309 2331 arbitratur

320 2359 386 2393 sibi
412 2357 525 2391 Deum
558 2353 755 2387 debitorem
788 2362 870 2384 esse.
937 2348 1018 2382 ldeo
1051 2361 1123 2380 uon
1157 2348 1309 2390 invocat,

320 2409 387 2444 boc
404 2416 473 2447 est,
499 2418 570 2439 non
589 2404 672 2449 petit
690 2416 707 2435 a
727 2403 799 2437 Deo
820 2401 974 2438 veniam,
1001 2406 1060 2433 aut
1077 2399 1142 2431 alia
1162 2399 1265 2435 bona.

422 2457 598 2493 Secundo.
653 2454 719 2488 Sed
741 2465 802 2486 cur
821 2453 888 2496 agit
909 2450 1054 2495 gratias.
1083 2463 1161 2482 cum
1181 2451 1307 2491 gratia-

321 2524 398 2545 rum
430 2510 519 2542 actio
547 2508 591 2541 sit
621 2516 723 2539 verus
751 2503 890 2537 cultus?
945 2501 1174 2546 Respondi-o:
1214 2500 1307 2535 llaec
1332 2513 1333 2532 z

322 2562 511 2605 gratiarum
534 2558 623 2592 actio
647 2564 695 2590 est
711 2555 872 2589 simulata
885 2581 892 2594 ,
919 2553 1032 2599 qualis
1050 2559 1099 2586 est
1118 2552 1306 2596 impiorum

321 2614 492 2651 divitum,
520 2610 599 2655 qui,
627 2620 705 2641 cum
731 2606 882 2639 affluunt
905 2617 1007 2649 opes,
1035 2603 1136 2637 etiam
1165 2603 1305 2636 imitan-
1332 2612 1333 2618 ¹

323 2672 379 2699 tur
399 2664 503 2696 verba
522 2660 712 2705 gratiarum
729 2657 893 2697 actionis,
921 2663 952 2690 et
971 2663 1087 2689 tamen
1106 2654 1216 2700 reipsa
1235 2667 1305 2689 non
1330 2674 1332 2678 >

915 87 1040 124 PHIL.
1068 86 1183 124 MEL.
1211 86 1418 123 SCRIPTA
1443 85 1741 121 EXEGETlCA.

1358 222 1441 255 stria
1463 229 1597 265 partas,
1623 228 1683 255 aut
1707 233 1787 255 casu
1811 222 1973 255 obiectas

2268 86 2345 125 352

1357 170 1513 205 sentiunt
1537 183 1621 219 opes
1645 181 1717 204 esse
1741 171 1876 205 donum
1893 168 1979 212 Dei,
2004 172 2065 205 sed
2083 178 2143 206 aut
2155 183 2217 206 sua
2234 172 2341 206 indu-

2027 221 2086 256 Sic
2109 223 2168 256 ille
2186 223 2292 258 sentit
2308 235 2343 256 se

1358 284 1417 305 sua
1442 272 1624 316 diligentia
1643 272 1753 315 legem
1770 273 1882 306 facere
1894 297 1902 311 ‚
1931 280 1963 307 et
1980 283 2016 306 se
2033 273 2182 306 oblectat
2199 271 2265 306 hoc
2283 286 2342 307 or—

1358 329 1543 358 namento.
1578 335 1648 367 qno
1670 323 1847 356 antecellit
1872 323 2033 364 caeteris,
2059 330 2093 357 et
2115 323 2260 358 confidit
2284 337 2344 358 co-

1357 385 1432 406 ram
1451 374 1544 407 Deo.
1597 373 1635 407 Si
1659 385 1738 406 vere
1756 381 1872 417 ageret
1889 375 2035 417 gratias,
2062 374 2253 408 confideret
2269 375 2343 408 sola

1358 424 1618 464 misericordia,
1643 431 1675 458 et
1697 436 1770 457 non
1793 424 1944 465 diceret,
1969 424 2048 458 Non
2067 436 2142 458 sum
2161 425 2250 459 sicut
2267 437 2344 459 cae-

1358 475 1442 516 teri,
1475 476 1532 508 sed
1559 481 1761 518 agnosceret
1785 486 1820 508 se
1844 487 1986 521 quoque
2010 482 2181 521 quantum
2206 476 2244 509 in
2269 477 2344 519 ipso

1358 532 1426 564 est,
1454 526 1607 570 potuisse
1627 525 1760 570 impelli
1779 526 1820 558 ad
1839 526 2064 560 latrocinium
2084 533 2118 560 et
2131 534 2262 561 caetera
2283 527 2344 559 fla-

1359 576 1465 620 gitia,
1494 577 1709 620 praedicaret
1734 576 1940 610 beneficium
1957 575 2042 618 Dei,
2069 578 2162 621 qnod
2189 579 2344 611 custodi-

1359 634 1415 660 tus
1439 634 1536 661 esset.
1591 626 1686 661 Hinc
1710 627 1793 660 satis
1810 627 1958 669 intelligi
1976 633 2110 671 potest,
2136 625 2222 661 haec
2238 629 2342 661 verba

1359 675 1540 711 Pharisaei
1557 690 1628 712 non
1646 689 1718 712 esse
1736 689 1853 711 veram
1870 679 2060 721 gratiarum
2079 678 2262 714 actionem.

1463 728 1594 763 Tertio.
1649 729 1746 762 Sicut
1772 741 1873 773 saepe
1896 729 1980 761 alias
2001 729 2133 762 dictum
2155 736 2222 769 est,
2249 728 2345 763 Deus

1360 779 1493 823 flagitat
1510 779 1732 823 disciplinam
1744 806 1752 819 ,
1779 780 1838 812 sed
1854 787 1971 813 tamen
1989 776 2074 812 baec
2091 791 2164 813 non
2179 786 2228 814 est
2243 780 2345 814 iusti-

1361 830 1412 863 cia
1434 842 1551 863 coram
1571 827 1658 864 Deo.
1708 829 1791 863 Ideo
1810 831 1998 864 damnatur
2017 831 2153 864 fiducia.

1463 880 1612 922 Quarto.
1666 879 1734 913 Hic
1759 881 1959 920 considera,
1994 893 2099 925 quam
2128 881 2206 914 tetri
2231 880 2346 915 cultus

1360 931 1431 965 sint
1456 928 1741 976 hypocritarum,
1769 932 1938 965 accedunt
1956 933 1999 964 ad
2016 931 2131 965 Deum
2147 932 2223 965 sine
2240 931 2346 965 timo—

1360 994 1410 1022 re,
1437 982 1511 1014 sine
1531 981 1757 1025 poenitentia,
1784 990 1816 1016 et
1833 990 2020 1030 opponunt
2039 983 2169 1016 iudicio
2180 982 2247 1015 Dei
2263 994 2345 1027 pro·
2368 991 2370 994 '

1360 1033 1474 1077 priam
1510 1031 1696 1065 iusticiam.
1765 1031 1862 1075 Quid
1902 1040 1952 1066 est
1992 1040 2106 1066 autem
2146 1034 2345 1076 absurdius,

1361 1095 1464 1128 quam
1484 1083 1558 1115 sine
1578 1083 1705 1117 timore
1720 1084 1761 1116 ad
1781 1090 1912 1117 tantam
1930 1084 2144 1117 maiestatem
2162 1084 2347 1117 accedere?

1362 1133 1470 1174 Item,
1496 1133 1625 1168 Coram
1652 1140 1748 1168 tanta
1771 1134 1951 1167 maiestate
1975 1135 2117 1177 gloriari
2136 1136 2178 1167 de
2196 1135 2346 1175 iusticia,

1360 1197 1438 1218 cum
1455 1185 1626 1228 scriptura
1644 1184 1812 1218 clamitet:
1833 1183 2007 1217 Innocens
2023 1197 2140 1218 coram
2157 1193 2188 1218 te
2205 1197 2279 1218 non
2297 1192 2348 1219 est

1360 1236 1542 1268 innocens.
1600 1233 1738 1269 Deinde
1762 1247 1841 1269 curn
1867 1234 1964 1268 Deus
1987 1235 2035 1268 sic
2058 1235 2142 1269 velit
2163 1235 2252 1273 coli,
2287 1247 2347 1280 pe-

1361 1286 1477 1319 tendis
1502 1285 1622 1326 bonis,
1649 1287 1798 1330 petenda
1825 1285 2031 1320 remissione
2048 1293 2290 1330 peccatorum,
2314 1293 2348 1320 et

1359 1337 1635 1379 gubernatione,
1670 1335 1874 1382 hypocritae
1897 1349 1969 1369 non
1994 1337 2142 1370 veniunt
2166 1343 2203 1370 ut
2227 1343 2347 1381 petant

1360 1387 1600 1420 remissionem
1618 1394 1676 1420 aut
1691 1388 1996 1430 gubernationem.
2051 1387 2148 1430 Quid
2169 1385 2235 1421 hoc
2251 1387 2347 1421 aliud

1360 1444 1429 1477 est,
1470 1449 1575 1482 quam
1608 1435 1722 1471 Deum
1754 1437 1966 1471 contumelia
1997 1436 2159 1471 afficere?
2209 1436 2255 1473 Et
2287 1438 2346 1483 qui

1360 1489 1525 1531 ignorant
1540 1488 1736 1522 doctrinam
1753 1489 1795 1521 de
1812 1488 1948 1521 iusticia
1965 1488 2057 1528 fidei,
2083 1489 2252 1522 accedunt
2268 1500 2347 1522 cum

1360 1539 1594 1573 dubitatione.
1647 1538 1753 1572 Tales
1777 1539 1892 1572 cultus
1917 1546 1997 1572 sunt
2019 1551 2100 1572 vere
2123 1537 2255 1573 ethnici
2271 1540 2347 1573 cul-

1360 1597 1425 1623 tus.
1479 1588 1574 1622 Haec
1599 1589 1714 1633 imago
1739 1591 1854 1624 cultus
1879 1587 2143 1635 hypocritarum
2161 1590 2349 1634 diligenter
2385 1606 2389 1622 s

1360 1639 1611 1674 consideretur.
2380 1637 2385 1714 ἰ

1464 1690 1614 1732 Quinto,
1656 1688 1696 1724 In
1717 1689 1825 1723 altera
1843 1690 1995 1734 imagine
2013 1691 2225 1736 proponitur
2242 1688 2348 1724 homo
2380 1718 2384 1723 .
2407 1707 2409 1722 1

1360 1753 1465 1784 agens
1492 1741 1762 1785 poenitentiam,
1787 1742 2057 1788 perterrefactus
2073 1742 2252 1785 agnitione
2271 1754 2349 1785 pcc-
2379 1742 2382 1774 Ξ

1362 1800 1518 1825 catorum
1548 1803 1711 1828 suorum,
1746 1799 1777 1824 et
1811 1792 1882 1825 irae
1908 1792 1984 1825 Dei.
2043 1791 2130 1825 Nam
2155 1794 2248 1837 quod
2276 1805 2348 1825 non
2378 1805 2380 1822 ι

1362 1843 1466 1876 audet
1497 1842 1656 1875 attollere
1689 1842 1809 1875 oculos
1840 1842 1876 1874 in
1907 1843 2062 1882 coelum,
2099 1850 2149 1877 est
2173 1842 2349 1887 significa·
2378 1838 2380 1866 ἶ

1362 1893 1410 1927 tio
1449 1892 1668 1936 agnoscentis
1708 1893 1794 1926 iram
1828 1892 1910 1929 Dei.
1955 1901 1987 1927 et
2028 1891 2143 1927 adhuc
2183 1894 2349 1935 fugientis
2376 1921 2377 1925 ,

1361 1943 1494 1983 Deum,
1521 1951 1553 1976 et
1573 1943 1738 1977 luctantis
1756 1956 1834 1976 cum
1854 1944 2060 1984 diffidentia,
2088 1945 2215 1978 deinde
2234 1953 2349 1979 tamen

1363 1994 1471 2027 vincit
1489 1994 1525 2026 in
1543 2006 1582 2027 eo
1601 1994 1701 2034 fides,
1728 2007 1797 2040 qua
1817 1995 1907 2028 redit
1923 1995 1964 2027 ad
1983 1994 2117 2035 Deum,
2143 1996 2350 2039 confugiens

1362 2046 1404 2077 ad
1437 2045 1736 2084 misericordiam,
1779 2045 1948 2079 invocans
1981 2053 2012 2079 et
2045 2054 2165 2093 petens
2197 2047 2346 2080 veniam.

1363 2093 1455 2139 Ergo
1487 2093 1544 2128 bic
1566 2107 1645 2128 vere
1669 2096 1704 2129 fit
1732 2096 1862 2136 iustus,
1894 2104 1926 2131 et
1951 2104 2110 2141 acceptus
2140 2097 2235 2137 Deo,
2267 2098 2349 2143 quia

1362 2146 1428 2179 fide
1447 2147 1593 2190 erigitur
1614 2147 1647 2179 iu
1669 2148 1859 2191 pavoribus
1875 2155 1904 2180 et
1925 2148 2151 2191 poenitentia.
2206 2147 2283 2182 Hoc
2300 2157 2350 2184 est
2377 2174 2380 2181 .

1362 2198 1559 2242 exemplum
1585 2210 1686 2231 verae
1706 2198 1973 2232 iustificationis.
2029 2199 2098 2233 Nec
2115 2201 2243 2234 desunt
2256 2200 2348 2233 bona
2376 2225 2379 2232 .

1361 2260 1487 2292 opera,
1531 2249 1661 2282 scilicet
1703 2250 1773 2292 ipsa
1815 2250 2048 2293 poenitentia.
2091 2258 2123 2284 et
2158 2251 2346 2284 invocatio.
2374 2270 2377 2280 =

1361 2299 1506 2333 Summa
1526 2307 1640 2333 autem
1662 2298 1788 2333 horum
1806 2301 2044 2344 exemplorum
2065 2298 2148 2334 haec
2164 2309 2224 2341 est,
2251 2303 2346 2347 quod
2371 2319 2376 2333 ι

1363 2350 1590 2385 iustificemur
1615 2351 1681 2384 side
1706 2363 1766 2396 per
1790 2351 2087 2391 misericordiam,
2116 2365 2187 2385 non
2207 2359 2349 2397 propter
2372 2359 2377 2385 ἐ

1363 2402 1483 2445 legem.
2370 2405 2374 2439 l

1466 2453 1580 2488 Suco.
1634 2453 1789 2486 Additur
1820 2453 1976 2485 terribile
2007 2451 2262 2501 epiphonema,
2304 2445 2374 2499 dei

1360 2504 1522 2547 superbia
1543 2504 1578 2536 in
1598 2515 1736 2546 genere.
1790 2502 1922 2536 Omnis
1938 2505 1996 2549 qui
2014 2515 2049 2537 se
2065 2505 2202 2545 exaltat,
2231 2503 2348 2538 humi·
2366 2500 2373 2546 J

1362 2555 1516 2588 liabitur.
1569 2554 1627 2587 Sic
1651 2553 1735 2586 alibi
1764 2553 1886 2587 Petrus
1911 2555 2043 2600 inquit:
2073 2555 2164 2589 Deus
2188 2556 2347 2599 superbis

1361 2606 1507 2643 resistit.
1535 2603 1730 2638 humilibus
1756 2613 1870 2638 autem
1892 2607 1948 2640 dat
1967 2607 2123 2649 gratiam.
2181 2605 2220 2640 Et
2242 2604 2346 2640 sbri-

1360 2664 1448 2691 stus:
1484 2656 1669 2701 Quidquid
1713 2664 1758 2690 ost
1800 2657 1950 2690 sublime
1981 2669 2096 2691 coram
2131 2654 2369 2712 bominibus}

2359 2763 2367 2915 1
