2409 2915
296 105 370 140 207

356 190 440 223 Loci
458 195 538 223 sunt
556 198 691 221 noo-em.

459 257 486 289 l.
539 255 618 288 Duo
634 261 716 287 sunt
734 254 914 294 miracula,
937 265 1025 299 quae
1041 254 1194 298 primum
1210 261 1291 288 sunt

505 305 724 344 testimonia,
758 305 852 349 quod
876 302 932 337 hic
958 305 1080 338 doctor
1101 305 1145 338 sit
1168 305 1290 337 missus

509 369 526 389 a
551 355 636 388 Deo.
697 355 833 389 Deinde
857 362 938 388 sunt
962 357 1116 399 exempla
1143 356 1290 397 promis-

510 407 671 447 sionum,
700 407 793 450 quod
818 406 866 438 sic
890 406 974 440 velit
995 414 1028 440 et
1052 406 1155 439 nobis
1172 405 1290 449 opitu-

513 457 590 491 lari.

461 506 508 542 ll.
563 506 667 540 Fides
696 506 824 550 leprosi
855 506 941 550 petit
965 518 1043 540 cum
1068 506 1291 540 conditione:

513 556 551 591 Si
571 558 621 590 vis
639 563 702 589 etc.

461 607 525 642 lli.
580 606 731 639 Dilectio
749 606 974 640 anteferenda
992 608 1182 652 praeceptis
1199 620 1291 641 cere-

514 657 741 690 monialibus·

461 706 546 742 llll.

513 765 637 792 tuntur
653 757 781 801 leprosi
800 760 841 790 ad
862 759 1066 793 sacerdotes.

463 806 505 840 Υ.
558 807 767 852 Exemplum
788 809 1017 842 Centurionis
1041 809 1212 843 illustrius
1234 816 1294 849 est,

510 860 604 904 quod
637 859 794 893 continet
827 859 1022 893 doctrinam
1058 860 1293 903 poenitentiae

514 917 545 943 et
565 908 656 942 futei.

461 959 522 995 Vl.
574 959 666 992 Laus
683 959 781 998 fidei,
808 971 898 1004 quae
914 961 1013 993 docet
1030 957 1114 993 haec
1132 961 1292 994 exercitia

514 1021 586 1042 esse
605 1021 706 1042 veros
722 1010 835 1042 cultus
854 1009 928 1043 Dei.

462 1060 542 1094 Vll.
596 1059 647 1093 De
666 1060 847 1093 vocatione
864 1061 1032 1102 gentium.

461 1109 561 1144 x‘ltt.
617 1110 672 1143 De
695 1122 805 1154 poena
830 1123 902 1143 non
927 1111 1145 1145 credentium
1174 1109 1293 1145 Evann

514 1161 614 1204 gelio.

463 1211 523 1244 lx.
577 1210 628 1244 De
657 1210 897 1251 Centurione,
933 1213 1027 1257 quod
1059 1211 1292 1256 Evangelium

515 1263 686 1306 approbet
705 1262 863 1305 politiam
882 1270 913 1296 et
933 1263 1105 1296 militiam.

705 1369 749 1393 De
780 1369 898 1399 primo.

412 1429 558 1474 Semper
571 1430 612 1462 de
628 1429 806 1462 miraculis
824 1431 971 1464 tenenda
989 1437 1038 1465 est
1052 1433 1181 1475 regula.
1218 1432 1294 1466 Pri-

311 1493 428 1521 mum,
456 1481 549 1525 quod
574 1487 744 1514 testentur
768 1478 861 1515 hunc
886 1482 1064 1515 doctorem
1088 1495 1167 1516 vere
1185 1495 1201 1516 a
1220 1482 1294 1517 Deo

310 1532 455 1564 missum
483 1543 571 1563 esse:
602 1531 748 1575 ideoque
767 1528 872 1565 habet
889 1531 1042 1566 Ecclesia
1061 1534 1169 1568 multa
1190 1546 1294 1578 pecu—

311 1582 410 1615 liaria
430 1581 608 1622 miracula,
632 1588 668 1614 ut
687 1583 976 1616 resurrectionem
994 1591 1215 1617 mortuorum
1232 1592 1292 1618 etc.

310 1641 349 1666 ut
385 1632 468 1665 certi
503 1632 612 1665 simus
645 1630 876 1674 Evangotium
915 1645 994 1665 vere
1026 1646 1043 1666 a
1076 1634 1151 1668 Deo
1184 1636 1292 1669 tradi-

311 1691 384 1717 tum
407 1694 489 1717 esse.
546 1680 610 1715 His
632 1682 843 1716 testimoniis
867 1690 1022 1717 nostram
1047 1685 1149 1718 fidem
1168 1686 1293 1719 confir-

310 1745 456 1768 memus,

412 1800 549 1834 Deinde
587 1800 755 1834 miracula
791 1808 871 1835 sunt
902 1803 1058 1846 exempla
1091 1804 1295 1846 promissio—

311 1863 408 1884 num.
463 1851 520 1885 Sic
538 1851 612 1884 vult
629 1852 731 1885 nobis
747 1852 912 1894 opitulari
926 1852 1128 1895 FiliusDci,
1156 1863 1187 1888 et
1205 1867 1291 1888 sem-

313 1914 373 1945 per
397 1903 490 1934 adest
517 1902 639 1940 nobis,
668 1902 756 1934 sicut
781 1902 859 1934 illos
879 1903 1035 1942 iuvabat,
1062 1912 1092 1937 et
1112 1905 1147 1936 in
1167 1907 1294 1938 nostris

312 1952 490 1986 aerumnis
513 1952 700 1994 confugere
724 1953 765 1984 ad
791 1964 888 1992 eum,
922 1960 1038 1995 petere
1062 1955 1105 1988 ab
1130 1967 1170 1988 eo
1194 1957 1291 1989 auxi—

312 2004 418 2043 lium,
446 2004 511 2035 fide
529 2014 608 2035 eum
630 2002 791 2035 invocare
809 2003 986 2037 debemus-

414 2069 455 2103 Et
475 2081 610 2113 semper
627 2070 823 2102 referantur
842 2070 1008 2104 miracula
1026 2073 1067 2104 ad
1086 2070 1175 2105 lianc
1192 2085 1291 2115 regu-

313 2123 396 2155 lam:
435 2121 546 2154 Filius
573 2118 651 2152 Dei
680 2120 860 2164 apparuit,
893 2128 930 2154 ut
964 2123 1157 2156 destrueret
1188 2136 1291 2167 opera

313 2172 454 2205 diaboli.
507 2169 668 2204 Christus
692 2171 781 2204 tollit
809 2181 986 2215 peccatum
1012 2181 1044 2207 et
1063 2175 1190 2217 peccati
1211 2175 1290 2207 etle-

312 2230 404 2258 ctus,
432 2229 577 2255 mortem
596 2230 626 2255 et
643 2222 728 2254 alias
743 2234 944 2263 aerumnas,
972 2224 1113 2263 samem,
1139 2226 1291 2258 morbus.
1317 2234 1319 2264 t

313 2273 458 2309 excidia,
487 2273 588 2307 bella.

313 2335 396 2367 pora
423 2324 563 2356 fuerunt
590 2323 749 2362 mitiora,
783 2324 848 2356 alia
873 2325 1047 2365 saeviora,
1075 2333 1112 2358 ut
1137 2333 1291 2369 tempor·—

313 2373 563 2412 crucit'ixionis,
592 2374 636 2405 ita
655 2371 806 2406 Ecclesia
824 2375 909 2408 alias
922 2377 1049 2417 magis,
1076 2376 1160 2409 alias
1177 2378 1292 2410 miuus
1318 2382 1319 2400 ³

314 2425 504 2468 tranquilla
521 2432 580 2456 est.
634 2423 734 2456 Nunc
750 2432 941 2458 extremum
959 2434 1094 2471 tempus
1111 2435 1172 2465 est,
1198 2432 1290 2472 quud
1316 2416 1319 2465 l
1735 2463 1778 2486 De
1808 2464 1933 2491 quarto

1316 2471 1319 2488 Ι
1936 2479 1941 2484 .

316 2526 498 2564 tationem,
534 2526 626 2570 quod
655 2525 782 2557 Daniel
811 2527 939 2570 inquit:
970 2528 1072 2561 'l'unc
1096 2530 1197 2563 stabit
1221 2532 1288 2562 dux
1316 2531 1318 2552 ἶ

314 2475 549 2509 tristissimum
569 2481 637 2516 est,
669 2477 726 2506 sed
747 2483 859 2508 tamen
880 2474 1047 2510 babemus
1065 2479 1152 2511 lianc
1169 2491 1289 2512 cousu-

313 2588 458 2617 maguus
492 2588 554 2618 pro
588 2576 666 2608 filiis
697 2577 816 2620 populi
843 2578 908 2611 sui.
972 2578 1041 2611 lam
1067 2581 1172 2620 igitur
1196 2593 1289 2613 exer*

313 2638 449 2659 ccamus
468 2627 586 2665 fidem,
612 2635 643 2660 et
663 2627 863 2660 invocemus
881 2629 1003 2661 ducem
1022 2629 1213 2665 (liu-istum.

894 100 1020 138 PHIL.
1046 100 1162 137 MEL.
1195 99 1406 137 SCRIPTA
1439 99 1737 138 EXEGETICA.

599 705 870 740 Commendatio
888 707 1087 749 ministerii,
1113 719 1192 740 cum
1211 707 1292 741 mit·
1317 732 1319 742 t

635 2271 702 2304 Sed
720 2272 808 2306 sicut
825 2275 960 2317 corpori
973 2273 1104 2307 Christi
1122 2275 1188 2307 alia
1206 2284 1290 2309 tem-
1318 2304 1319 2310 ,

2250 106 2324 140 208

1714 187 1760 211 De
1786 186 1950 212 secundo.

1442 235 1483 270 ln
1503 237 1599 271 omni
1619 237 1843 271 invocatione
1861 239 1964 271 debet
1980 238 2099 272 adesse
2115 238 2200 273 fides
2219 251 2325 283 gene-

1340 287 1437 328 ralis,
1463 299 1552 332 quae
1570 289 1687 322 credat
1703 289 1945 322 remissionem
1963 296 2182 332 peccatorum
2199 297 2232 323 et
2249 291 2325 334 pla-

1314 356 1317 369 t
1341 350 1416 371 cere
1433 337 1508 371 Deo
1532 345 1668 372 nostras
1691 350 1831 382 preces,
1859 352 1922 372 nec
1944 339 2060 373 irritas
2086 351 2175 372 esse:
2202 342 2262 374 sed
2281 343 2325 375 de

1342 390 1463 429 rebus,
1499 401 1588 433 quae
1612 396 1798 433 petuntur,
1832 390 2022 423 discrimen
2047 397 2107 424 est.
2166 389 2219 424 De
2243 403 2326 436 pro-

1342 439 1507 472 missione
1541 440 1670 482 gratiae
1704 447 1751 473 est
1785 442 2008 479 mandatum,
2043 448 2081 474 ut
2114 442 2326 476 nominatim

1343 490 1405 523 tibi
1436 488 1525 522 hanc
1558 502 1629 523 rem
1663 490 1772 523 tribui
1805 493 1945 531 credas,
1981 498 2020 524 ut
2051 491 2181 525 Paulus
2212 493 2327 537 iuquit

1341 540 1444 574 Rom.
1463 540 1515 574 4.:
1540 539 1705 574 Credenti
1723 548 1838 573 autem
1855 541 2049 585 imputatur
2065 542 2148 575 fides
2166 543 2207 575 ad
2227 543 2326 576 iusti-

1343 592 1444 626 ciam.
1495 590 1584 624 Nam
1611 593 1654 624 de
1676 592 1784 634 gratia
1800 590 1895 624 Deus
1920 592 2086 635 expressit
2111 593 2326 628 voluntatem

1343 653 1440 674 suam
1453 668 1462 681 ‚
1489 648 1521 674 et
1538 642 1675 675 addidit
1693 643 1916 681 mandatum,
1942 648 1981 675 ut
1997 643 2126 685 singuli
2144 645 2327 678 credamus

1344 692 1569 739 promissioni
1592 693 1737 735 gratiae,
1765 699 1797 726 et
1821 690 1905 725 haec
1921 692 2005 726 fides
2022 699 2073 726 est
2090 693 2233 727 obedire
2251 692 2326 727 Deo

1315 746 1320 812 1
1344 744 1380 775 in
1401 741 1462 776 hac
1481 743 1714 777 invocatione.

1445 792 1497 826 De
1516 794 1757 837 corporalibus
1778 806 1860 827 vero
1878 794 2059 827 sciendum
2078 801 2146 833 est,
2173 800 2206 827 et
2223 793 2328 827 aliam

1345 843 1581 877 obedientiam
1606 845 1756 889 requiri,
1783 851 1822 878 ut
1847 845 2010 878 videlicet
2027 845 2136 888 parati
2156 845 2264 878 simus
2284 846 2326 877 ad

1344 894 1601 934 obedientiam,
1637 895 1665 927 si
1688 894 1782 928 Deus
1810 896 1894 929 velit
1921 907 1986 928 nos
2008 895 2142 928 diutius
2167 895 2329 935 exerceri,

1345 952 1376 978 et
1400 951 1516 978 tamen
1537 945 1621 978 fides
1644 945 1681 978 in
1705 957 1830 988 genere
1855 952 1980 980 statuat
2007 945 2118 979 Deum
2145 945 2233 979 velle
2257 946 2328 989 peti

1345 995 1560 1039 corporalia,
1595 1002 1632 1028 ut
1655 1003 1835 1030 conservet
1859 995 2069 1034 Ecclesiam,
2095 996 2330 1037 oeconomias,

1345 1054 1379 1080 et
1412 1046 1551 1090 politias
1582 1058 1654 1079 esse
1687 1058 1792 1090 opera
1816 1045 1900 1087 Dei,
1933 1058 2004 1080 esse
2027 1047 2105 1080 Deo
2138 1059 2262 1087 curae,
2295 1054 2329 1081 et

1346 1096 1458 1130 Deum
1485 1097 1571 1129 velle
1597 1108 1660 1129 nos
1686 1097 1722 1129 in
1747 1096 1801 1130 bis
1823 1097 1963 1131 tuendis
1987 1109 2144 1130 exercere
2169 1099 2271 1130 fidem
2295 1105 2328 1131 et

1346 1147 1618 1180 invocationem.
1672 1145 1720 1180 Et
1744 1160 1821 1181 cum
1841 1147 1877 1180 in
1894 1145 1950 1181 his
1965 1149 2246 1190 obtemperamus
2266 1160 2328 1181 vo-

1346 1198 1496 1238 cationi,
1523 1210 1594 1230 non
1621 1199 1823 1231 dubitemus
1845 1198 1932 1242 quin
1947 1197 2043 1232 Deus
2058 1198 2159 1231 nobis
2176 1198 2328 1242 opitule-

1346 1256 1420 1288 tur,
1454 1249 1542 1282 sicut
1567 1246 1623 1282 hic
1650 1249 1686 1281 iu
1713 1249 1930 1283 Centurione
1955 1255 2117 1293 apparet,
2144 1249 2204 1294 qui
2230 1248 2328 1282 labo-

1347 1311 1426 1332 rans
1445 1312 1506 1343 pro
1527 1300 1688 1333 ministro
1707 1301 1903 1335 exauditur.

1448 1349 1659 1383 Adseramus
1691 1351 1796 1394 igitur
1826 1351 1863 1383 in
1894 1350 2062 1395 petitione
2092 1349 2329 1394 corporalium

1347 1401 1449 1432 fidem
1482 1400 1698 1434 remissionis
1727 1408 1967 1445 peccatorum,
2002 1402 2105 1434 fidem
2133 1401 2328 1435 intuentem

1347 1450 1613 1494 promissionem
1652 1452 1900 1484 beneficiorum
1936 1451 2192 1495 corporalium,
2234 1453 2329 1496 quod

1346 1501 1440 1534 Dens
1464 1499 1677 1542 Ecclesiam,
1712 1502 1888 1545 politiam,
1921 1503 2164 1535 oeconomiam
2189 1514 2331 1535 conser-

1348 1564 1426 1584 vare
1452 1551 1555 1591 velit,
1583 1553 1676 1596 quod
1698 1552 1780 1586 velit
1798 1549 1923 1585 harum
1941 1553 2241 1586 conservationem
2259 1565 2276 1585 a
2295 1564 2330 1586 se

1348 1602 1427 1646 peti.
1481 1601 1549 1635 Sed
1581 1603 1661 1647 quia
1689 1615 1760 1635 non
1784 1603 1950 1645 expressit
1976 1603 2191 1636 voluntatem
2218 1614 2330 1642 suam,

1347 1654 1525 1698 quomodo
1549 1653 1743 1696 corporalia
1767 1653 1932 1686 beneficia
1950 1653 2097 1696 singulis
2113 1654 2258 1686 daturus
2273 1653 2330 1697 sit,

1347 1710 1379 1736 et
1411 1703 1831 1748 requiritur-obedientia
1859 1711 1976 1737 nostra
2007 1704 2044 1736 in
2067 1703 2330 1744 afflictionibus,

1348 1755 1425 1787 ideo
1451 1754 1567 1787 addita
1585 1761 1631 1787 est
1649 1754 1823 1787 conditio:
1853 1754 1890 1788 Si
1909 1754 1968 1787 vis.
2021 1753 2079 1788 Sic
2096 1753 2209 1788 David
2229 1754 2329 1798 petit:

1347 1805 1382 1839 Si
1409 1804 1584 1838 Dominus
1610 1805 1721 1845 volet,
1749 1805 1886 1837 reducet
1913 1817 1978 1839 me.
2030 1802 2075 1838 Et
2101 1812 2215 1837 tamen
2241 1809 2330 1838 scia-

1319 1832 1322 1895 l
1346 1868 1444 1894 mus,
1479 1867 1596 1898 preces
1627 1867 1698 1888 non
1730 1867 1800 1887 esse
1829 1855 1964 1893 irritas,
1998 1855 2078 1899 quia
2105 1852 2199 1888 Deus
2224 1855 2328 1888 etiam

1318 1908 1321 1943 ἱ
1346 1906 1541 1949 corporalia
1565 1906 1642 1945 dat,
1671 1912 1707 1938 ut
1733 1912 1914 1939 conservet
1939 1904 2150 1944 Ecclesiam,
2188 1906 2330 1950 politius

1318 1946 1320 1974 Ι
1346 1964 1376 1989 et
1395 1956 1626 1989 oeconomias.

1740 2049 1785 2072 De
1818 2047 1931 2072 tertio.

1448 2099 1518 2134 Lex
1535 2100 1619 2134 dicit
1635 2100 1901 2133 immundicicm
1917 2111 1999 2138 esse„
2023 2100 2192 2143 attingere
2208 2103 2326 2146 lepro-

1317 2186 1319 2196 γ
1345 2163 1436 2184 sum:
1464 2154 1522 2184 sed
1541 2150 1720 2189 Christus,
1749 2159 1784 2184 ut
1809 2158 1920 2184 servet
1939 2150 2154 2194 proximum.
2183 2154 2326 2197 negligit

1317 2198 1319 2229 l
1346 2201 1434 2235 lianc
1459 2203 1585 2243 legem,
1618 2202 1710 2235 iuxta
1737 2202 1908 2244 regulam,
1942 2201 2222 2236 Misericordiam
2246 2205 2327 2238 volo

1318 2271 1319 2274 ¹
1345 2254 1454 2295 magis
1470 2266 1573 2298 quam
1589 2253 1807 2286 sacrificium.
1845 2253 1902 2285 Sic
1914 2252 2112 2285 Maesta-bavi
2129 2255 2164 2286 in
2181 2255 2327 2289 sabbato

1345 2304 1566 2337 dimicarunt.
1619 2303 1685 2336 llic
1717 2305 1845 2344 gradus
1875 2315 2020 2348 operum
2052 2303 2209 2337 discendi
2235 2314 2327 2346 sunt,

1345 2363 1377 2388 et
1395 2355 1584 2387 videndum
1603 2355 1664 2401 qui
1681 2355 1758 2387 aliis
1773 2355 1908 2388 cedant.

1449 2513 1572 2547 Missio
1603 2514 1644 2545 ad
1677 2513 1870 2545 sacerdotes
1901 2520 1948 2545 est
1975 2513 2231 2548 commendatio
2257 2516 2323 2548 mi-

1344 2564 1496 2602 nisterii,
1537 2575 1623 2609 quos
1661 2564 1806 2596 numdat
1839 2563 1949 2603 Deus,
1991 2561 2053 2596 lios
2091 2565 2165 2598 vult
2201 2566 2323 2599 audire

1345 2613 1575 2657 Es·ang‹·liu¹n
1590 2625 1718 2647 sonans
1737 2615 1770 2646 iu
1793 2614 1953 2650 lici-lesia.
2008 2613 2051 2648 Et
2069 2615 2210 2659 quidem
2228 2616 2323 2650 iubet

1344 2667 1418 2697 dari
1444 2677 1590 2702 mutius,
1619 2665 1699 2710 quia
1715 2663 1876 2698 Clu-istus
1901 2665 1973 2699 vult
1999 2667 2194 2699 conservari
2216 2667 2323 2699 mini-

2389 1773 2409 1944 sa-cf·
