<?xml version="1.0" encoding="UTF-8"?>
<!DOCTYPE html PUBLIC "-//W3C//DTD XHTML 1.0 Transitional//EN"
    "http://www.w3.org/TR/xhtml1/DTD/xhtml1-transitional.dtd">
<html xmlns="http://www.w3.org/1999/xhtml" xml:lang="en" lang="en">
 <head>
  <title>
</title>
<meta http-equiv="Content-Type" content="text/html;charset=utf-8" />
  <meta name='ocr-system' content='tesseract 3.04.00' />
  <meta name='ocr-capabilities' content='ocr_page ocr_carea ocr_par ocr_line ocrx_word'/>
</head>
<body>
  <div class='ocr_page' id='page_1' title='image "./operaquaesupersu14melauoft/operaquaesupersu14melauoft_0570.png"; bbox 0 0 2409 2915; ppageno 0'>
   <div class='ocr_carea' id='block_1_1' title="bbox 230 97 327 133">
    <p class='ocr_par' dir='ltr' id='par_1_1' title="bbox 230 97 327 133">
     <span class='ocr_line' id='line_1_1' title="bbox 230 97 327 133; baseline -0.021 -1"><span class='ocrx_word' id='word_1_1' title='bbox 230 97 327 133; x_wconf 77' lang='lat'>1123</span> 
     </span>
    </p>
   </div>
   <div class='ocr_carea' id='block_1_2' title="bbox 230 169 1224 520">
    <p class='ocr_par' dir='ltr' id='par_1_2' title="bbox 230 169 1224 520">
     <span class='ocr_line' id='line_1_2' title="bbox 230 169 1222 220; baseline -0.015 -3"><span class='ocrx_word' id='word_1_2' title='bbox 230 195 309 217; x_wconf 90' lang='lat' dir='ltr'>rum</span> <span class='ocrx_word' id='word_1_3' title='bbox 325 192 416 220; x_wconf 84' lang='lat' dir='ltr'>esse,</span> <span class='ocrx_word' id='word_1_4' title='bbox 443 188 506 211; x_wconf 91' lang='lat' dir='ltr'>nec</span> <span class='ocrx_word' id='word_1_5' title='bbox 521 174 674 220; x_wconf 85' lang='lat' dir='ltr'>peccari,</span> <span class='ocrx_word' id='word_1_6' title='bbox 701 173 730 206; x_wconf 86' lang='lat' dir='ltr'>si</span> <span class='ocrx_word' id='word_1_7' title='bbox 745 183 819 206; x_wconf 91' lang='lat' dir='ltr'>non</span> <span class='ocrx_word' id='word_1_8' title='bbox 838 172 935 211; x_wconf 87' lang='lat' dir='ltr'>fiant,</span> <span class='ocrx_word' id='word_1_9' title='bbox 961 182 1024 204; x_wconf 91' lang='lat' dir='ltr'>nec</span> <span class='ocrx_word' id='word_1_10' title='bbox 1040 169 1222 204; x_wconf 81' lang='lat' dir='ltr'>iustificari</span> 
     </span>
     <span class='ocr_line' id='line_1_3' title="bbox 231 221 1222 269; baseline -0.016 -1"><span class='ocrx_word' id='word_1_11' title='bbox 231 234 261 268; x_wconf 88' lang='lat' dir='ltr'>si</span> <span class='ocrx_word' id='word_1_12' title='bbox 278 233 374 266; x_wconf 87' lang='lat' dir='ltr'>fiant.</span> <span class='ocrx_word' id='word_1_13' title='bbox 427 228 496 263; x_wconf 85' lang='lat' dir='ltr'>Sed</span> <span class='ocrx_word' id='word_1_14' title='bbox 514 227 626 261; x_wconf 87' lang='lat' dir='ltr'>utitur</span> <span class='ocrx_word' id='word_1_15' title='bbox 649 225 794 269; x_wconf 88' lang='lat' dir='ltr'>spiritus</span> <span class='ocrx_word' id='word_1_16' title='bbox 811 222 965 256; x_wconf 85' lang='lat' dir='ltr'>externis</span> <span class='ocrx_word' id='word_1_17' title='bbox 983 222 1088 256; x_wconf 87' lang='lat' dir='ltr'>rebus</span> <span class='ocrx_word' id='word_1_18' title='bbox 1105 221 1222 254; x_wconf 88' lang='lat' dir='ltr'>omni-</span> 
     </span>
     <span class='ocr_line' id='line_1_4' title="bbox 232 271 1224 325; baseline -0.013 -8"><span class='ocrx_word' id='word_1_19' title='bbox 232 285 316 323; x_wconf 88' lang='lat' dir='ltr'>bus,</span> <span class='ocrx_word' id='word_1_20' title='bbox 358 286 464 325; x_wconf 87' lang='lat' dir='ltr'>prout</span> <span class='ocrx_word' id='word_1_21' title='bbox 491 277 644 322; x_wconf 83' lang='lat' dir='ltr'>postulat</span> <span class='ocrx_word' id='word_1_22' title='bbox 676 276 761 308; x_wconf 85' lang='lat' dir='ltr'>fides</span> <span class='ocrx_word' id='word_1_23' title='bbox 784 281 818 308; x_wconf 90' lang='lat' dir='ltr'>et</span> <span class='ocrx_word' id='word_1_24' title='bbox 841 271 1003 308; x_wconf 73' lang='lat' dir='ltr'>charitas,</span> <span class='ocrx_word' id='word_1_25' title='bbox 1062 271 1224 312; x_wconf 88' lang='lat' dir='ltr'>Peccant,</span> 
     </span>
     <span class='ocr_line' id='line_1_5' title="bbox 233 323 1223 379; baseline -0.012 -12"><span class='ocrx_word' id='word_1_26' title='bbox 233 333 293 379; x_wconf 91' lang='lat' dir='ltr'>qui</span> <span class='ocrx_word' id='word_1_27' title='bbox 312 333 348 365; x_wconf 93' lang='lat' dir='ltr'>in</span> <span class='ocrx_word' id='word_1_28' title='bbox 368 330 433 365; x_wconf 88' lang='lat' dir='ltr'>hoc</span> <span class='ocrx_word' id='word_1_29' title='bbox 449 329 582 363; x_wconf 86' lang='lat' dir='ltr'>faciunt</span> <span class='ocrx_word' id='word_1_30' title='bbox 599 338 723 370; x_wconf 90' lang='lat' dir='ltr'>opera,</span> <span class='ocrx_word' id='word_1_31' title='bbox 750 332 790 359; x_wconf 91' lang='lat' dir='ltr'>ut</span> <span class='ocrx_word' id='word_1_32' title='bbox 805 336 868 369; x_wconf 86' lang='lat' dir='ltr'>per</span> <span class='ocrx_word' id='word_1_33' title='bbox 889 324 949 357; x_wconf 87' lang='lat' dir='ltr'>illa</span> <span class='ocrx_word' id='word_1_34' title='bbox 974 323 1223 362; x_wconf 81' lang='lat' dir='ltr'>iustificentur;</span> 
     </span>
     <span class='ocr_line' id='line_1_6' title="bbox 233 373 1223 429; baseline -0.014 -11"><span class='ocrx_word' id='word_1_35' title='bbox 233 389 388 429; x_wconf 87' lang='lat' dir='ltr'>peccant,</span> <span class='ocrx_word' id='word_1_36' title='bbox 411 381 472 426; x_wconf 91' lang='lat' dir='ltr'>qui</span> <span class='ocrx_word' id='word_1_37' title='bbox 489 379 620 413; x_wconf 84' lang='lat' dir='ltr'>carnali</span> <span class='ocrx_word' id='word_1_38' title='bbox 639 377 831 411; x_wconf 71' lang='lat' dir='ltr'>temeritate</span> <span class='ocrx_word' id='word_1_39' title='bbox 846 375 992 408; x_wconf 72' lang='lat' dir='ltr'>violant.</span> <span class='ocrx_word' id='word_1_40' title='bbox 1021 373 1113 408; x_wconf 84' lang='lat' dir='ltr'>Sunt</span> <span class='ocrx_word' id='word_1_41' title='bbox 1129 373 1223 406; x_wconf 89' lang='lat' dir='ltr'>enim</span> 
     </span>
     <span class='ocr_line' id='line_1_7' title="bbox 233 425 1224 472; baseline -0.012 -4"><span class='ocrx_word' id='word_1_42' title='bbox 233 435 403 468; x_wconf 87' lang='lat' dir='ltr'>elementa</span> <span class='ocrx_word' id='word_1_43' title='bbox 421 430 547 465; x_wconf 90' lang='lat' dir='ltr'>mundi</span> <span class='ocrx_word' id='word_1_44' title='bbox 566 428 794 469; x_wconf 77' lang='lat' dir='ltr'>ceremoniae,</span> <span class='ocrx_word' id='word_1_45' title='bbox 811 426 940 472; x_wconf 89' lang='lat' dir='ltr'>quibus</span> <span class='ocrx_word' id='word_1_46' title='bbox 954 426 1006 459; x_wconf 90' lang='lat' dir='ltr'>uti</span> <span class='ocrx_word' id='word_1_47' title='bbox 1022 425 1107 459; x_wconf 88' lang='lat' dir='ltr'>citra</span> <span class='ocrx_word' id='word_1_48' title='bbox 1125 436 1224 458; x_wconf 86' lang='lat' dir='ltr'>scan-</span> 
     </span>
     <span class='ocr_line' id='line_1_8' title="bbox 232 484 547 520; baseline -0.019 -1"><span class='ocrx_word' id='word_1_49' title='bbox 232 485 353 520; x_wconf 90' lang='lat' dir='ltr'>dalum</span> <span class='ocrx_word' id='word_1_50' title='bbox 370 484 547 518; x_wconf 89' lang='lat' dir='ltr'>debemus.</span> 
     </span>
    </p>
   </div>
   <div class='ocr_carea' id='block_1_3' title="bbox 335 583 1122 627">
    <p class='ocr_par' dir='ltr' id='par_1_3' title="bbox 335 583 1122 627">
     <span class='ocr_line' id='line_1_9' title="bbox 335 583 1122 627; baseline -0.011 0"><span class='ocrx_word' id='word_1_51' title='bbox 335 591 463 627; x_wconf 85' lang='lat' dir='ltr'>Semen</span> <span class='ocrx_word' id='word_1_52' title='bbox 482 585 657 623; x_wconf 78' lang='lat' dir='ltr'>Abrahae</span> <span class='ocrx_word' id='word_1_53' title='bbox 681 597 828 627; x_wconf 82' lang='lat' dir='ltr'>sumus,</span> <span class='ocrx_word' id='word_1_54' title='bbox 854 589 884 619; x_wconf 83' lang='lat' dir='ltr'>el</span> <span class='ocrx_word' id='word_1_55' title='bbox 907 583 1046 618; x_wconf 84' lang='lat' dir='ltr'>nemini</span> <span class='ocrx_word' id='word_1_56' title='bbox 1061 587 1122 618; x_wconf 79' lang='lat' dir='ltr'>etc.</span> 
     </span>
    </p>
   </div>
   <div class='ocr_carea' id='block_1_4' title="bbox 234 663 1234 1881">
    <p class='ocr_par' dir='ltr' id='par_1_4' title="bbox 234 663 1234 1881">
     <span class='ocr_line' id='line_1_10' title="bbox 337 663 1226 713; baseline -0.015 -10"><span class='ocrx_word' id='word_1_57' title='bbox 337 669 443 713; x_wconf 86' lang='lat' dir='ltr'>Quod</span> <span class='ocrx_word' id='word_1_58' title='bbox 468 666 589 701; x_wconf 86' lang='lat' dir='ltr'>Iudaei</span> <span class='ocrx_word' id='word_1_59' title='bbox 615 663 848 708; x_wconf 88' lang='lat' dir='ltr'>respondent,</span> <span class='ocrx_word' id='word_1_60' title='bbox 881 674 916 696; x_wconf 92' lang='lat' dir='ltr'>se</span> <span class='ocrx_word' id='word_1_61' title='bbox 945 671 1129 706; x_wconf 88' lang='lat' dir='ltr'>nunquam</span> <span class='ocrx_word' id='word_1_62' title='bbox 1154 668 1226 691; x_wconf 90' lang='lat' dir='ltr'>ser-</span> 
     </span>
     <span class='ocr_line' id='line_1_11' title="bbox 235 708 1225 761; baseline -0.013 -6"><span class='ocrx_word' id='word_1_63' title='bbox 235 723 342 761; x_wconf 89' lang='lat' dir='ltr'>visse,</span> <span class='ocrx_word' id='word_1_64' title='bbox 373 718 591 761; x_wconf 78' lang='lat' dir='ltr'>Augustinus</span> <span class='ocrx_word' id='word_1_65' title='bbox 608 727 666 750; x_wconf 91' lang='lat' dir='ltr'>eos</span> <span class='ocrx_word' id='word_1_66' title='bbox 684 713 891 758; x_wconf 81' lang='lat' dir='ltr'>simpliciter</span> <span class='ocrx_word' id='word_1_67' title='bbox 906 712 1022 756; x_wconf 83' lang='lat' dir='ltr'>arguit</span> <span class='ocrx_word' id='word_1_68' title='bbox 1039 708 1225 743; x_wconf 89' lang='lat' dir='ltr'>mendacii.</span> 
     </span>
     <span class='ocr_line' id='line_1_12' title="bbox 234 760 1227 816; baseline -0.014 -10"><span class='ocrx_word' id='word_1_69' title='bbox 234 773 308 816; x_wconf 81' lang='lat' dir='ltr'>Ego</span> <span class='ocrx_word' id='word_1_70' title='bbox 327 773 369 805; x_wconf 89' lang='lat' dir='ltr'>de</span> <span class='ocrx_word' id='word_1_71' title='bbox 388 771 483 810; x_wconf 87' lang='lat' dir='ltr'>iure,</span> <span class='ocrx_word' id='word_1_72' title='bbox 507 780 578 802; x_wconf 91' lang='lat' dir='ltr'>non</span> <span class='ocrx_word' id='word_1_73' title='bbox 601 769 644 800; x_wconf 88' lang='lat' dir='ltr'>de</span> <span class='ocrx_word' id='word_1_74' title='bbox 661 767 752 799; x_wconf 82' lang='lat' dir='ltr'>sacto</span> <span class='ocrx_word' id='word_1_75' title='bbox 772 764 869 810; x_wconf 91' lang='lat' dir='ltr'>loqui</span> <span class='ocrx_word' id='word_1_76' title='bbox 890 762 1038 797; x_wconf 79' lang='lat' dir='ltr'>Iudaeos</span> <span class='ocrx_word' id='word_1_77' title='bbox 1055 760 1227 802; x_wconf 84' lang='lat' dir='ltr'>intelligo.</span> 
     </span>
     <span class='ocr_line' id='line_1_13' title="bbox 234 811 1226 865; baseline -0.016 -7"><span class='ocrx_word' id='word_1_78' title='bbox 234 824 324 858; x_wconf 88' lang='lat' dir='ltr'>Nam</span> <span class='ocrx_word' id='word_1_79' title='bbox 348 829 381 855; x_wconf 88' lang='lat' dir='ltr'>et</span> <span class='ocrx_word' id='word_1_80' title='bbox 403 821 469 865; x_wconf 90' lang='lat' dir='ltr'>ipsi</span> <span class='ocrx_word' id='word_1_81' title='bbox 494 820 549 854; x_wconf 86' lang='lat' dir='ltr'>ius</span> <span class='ocrx_word' id='word_1_82' title='bbox 571 823 760 852; x_wconf 81' lang='lat' dir='ltr'>causantur</span> <span class='ocrx_word' id='word_1_83' title='bbox 783 827 862 849; x_wconf 88' lang='lat' dir='ltr'>cum</span> <span class='ocrx_word' id='word_1_84' title='bbox 882 814 1066 859; x_wconf 90' lang='lat' dir='ltr'>inquiunt:</span> <span class='ocrx_word' id='word_1_85' title='bbox 1099 811 1226 845; x_wconf 88' lang='lat' dir='ltr'>Semen</span> 
     </span>
     <span class='ocr_line' id='line_1_14' title="bbox 235 861 1226 912; baseline -0.015 -4"><span class='ocrx_word' id='word_1_86' title='bbox 235 872 400 908; x_wconf 80' lang='lat' dir='ltr'>Abrahae</span> <span class='ocrx_word' id='word_1_87' title='bbox 413 883 552 912; x_wconf 89' lang='lat' dir='ltr'>sumus,</span> <span class='ocrx_word' id='word_1_88' title='bbox 581 869 603 902; x_wconf 89' lang='lat' dir='ltr'>i.</span> <span class='ocrx_word' id='word_1_89' title='bbox 619 881 648 904; x_wconf 91' lang='lat' dir='ltr'>e.</span> <span class='ocrx_word' id='word_1_90' title='bbox 670 867 767 901; x_wconf 91' lang='lat' dir='ltr'>nulla</span> <span class='ocrx_word' id='word_1_91' title='bbox 788 877 872 909; x_wconf 87' lang='lat' dir='ltr'>gens</span> <span class='ocrx_word' id='word_1_92' title='bbox 897 864 1083 897; x_wconf 85' lang='lat' dir='ltr'>autoritate</span> <span class='ocrx_word' id='word_1_93' title='bbox 1106 861 1226 894; x_wconf 90' lang='lat' dir='ltr'>divina</span> 
     </span>
     <span class='ocr_line' id='line_1_15' title="bbox 236 910 1228 969; baseline -0.015 -10"><span class='ocrx_word' id='word_1_94' title='bbox 236 931 358 969; x_wconf 88' lang='lat' dir='ltr'>regnat</span> <span class='ocrx_word' id='word_1_95' title='bbox 374 929 433 956; x_wconf 88' lang='lat' dir='ltr'>aut</span> <span class='ocrx_word' id='word_1_96' title='bbox 449 929 577 955; x_wconf 88' lang='lat' dir='ltr'>terram</span> <span class='ocrx_word' id='word_1_97' title='bbox 592 919 745 963; x_wconf 83' lang='lat' dir='ltr'>possidet</span> <span class='ocrx_word' id='word_1_98' title='bbox 763 922 900 960; x_wconf 87' lang='lat' dir='ltr'>praeter</span> <span class='ocrx_word' id='word_1_99' title='bbox 916 926 1033 948; x_wconf 88' lang='lat' dir='ltr'>semen</span> <span class='ocrx_word' id='word_1_100' title='bbox 1050 910 1228 952; x_wconf 81' lang='lat' dir='ltr'>Abrahae,</span> 
     </span>
     <span class='ocr_line' id='line_1_16' title="bbox 236 964 1228 1023; baseline -0.015 -13"><span class='ocrx_word' id='word_1_101' title='bbox 236 977 333 1023; x_wconf 89' lang='lat' dir='ltr'>quod</span> <span class='ocrx_word' id='word_1_102' title='bbox 360 973 537 1019; x_wconf 89' lang='lat' dir='ltr'>peculium</span> <span class='ocrx_word' id='word_1_103' title='bbox 563 970 632 1005; x_wconf 89' lang='lat' dir='ltr'>Dei</span> <span class='ocrx_word' id='word_1_104' title='bbox 659 976 726 1006; x_wconf 91' lang='lat' dir='ltr'>est,</span> <span class='ocrx_word' id='word_1_105' title='bbox 760 967 816 1000; x_wconf 88' lang='lat' dir='ltr'>cui</span> <span class='ocrx_word' id='word_1_106' title='bbox 840 965 1027 1010; x_wconf 88' lang='lat' dir='ltr'>promissio</span> <span class='ocrx_word' id='word_1_107' title='bbox 1052 964 1141 997; x_wconf 78' lang='lat' dir='ltr'>facta</span> <span class='ocrx_word' id='word_1_108' title='bbox 1166 969 1228 1001; x_wconf 89' lang='lat' dir='ltr'>est,</span> 
     </span>
     <span class='ocr_line' id='line_1_17' title="bbox 235 1017 1226 1062; baseline -0.015 -1"><span class='ocrx_word' id='word_1_109' title='bbox 235 1034 276 1062; x_wconf 79' lang='lat' dir='ltr'>ut</span> <span class='ocrx_word' id='word_1_110' title='bbox 314 1026 544 1060; x_wconf 84' lang='lat' dir='ltr'>dominentur</span> <span class='ocrx_word' id='word_1_111' title='bbox 595 1019 756 1054; x_wconf 84' lang='lat' dir='ltr'>omnium</span> <span class='ocrx_word' id='word_1_112' title='bbox 801 1017 1029 1050; x_wconf 89' lang='lat' dir='ltr'>inimicorum</span> <span class='ocrx_word' id='word_1_113' title='bbox 1070 1026 1226 1052; x_wconf 88' lang='lat' dir='ltr'>suorum,</span> 
     </span>
     <span class='ocr_line' id='line_1_18' title="bbox 237 1065 1228 1112; baseline -0.015 -1"><span class='ocrx_word' id='word_1_114' title='bbox 237 1076 329 1112; x_wconf 87' lang='lat' dir='ltr'>Gen.</span> <span class='ocrx_word' id='word_1_115' title='bbox 342 1074 458 1109; x_wconf 70' lang='lat' dir='ltr'><strong>XXII.</strong></span> <span class='ocrx_word' id='word_1_116' title='bbox 492 1074 577 1106; x_wconf 85' lang='lat' dir='ltr'>Ideo</span> <span class='ocrx_word' id='word_1_117' title='bbox 594 1070 699 1105; x_wconf 90' lang='lat' dir='ltr'>liberi</span> <span class='ocrx_word' id='word_1_118' title='bbox 714 1075 815 1103; x_wconf 89' lang='lat' dir='ltr'>erant</span> <span class='ocrx_word' id='word_1_119' title='bbox 834 1068 967 1102; x_wconf 89' lang='lat' dir='ltr'>ludaei.</span> <span class='ocrx_word' id='word_1_120' title='bbox 1020 1066 1114 1110; x_wconf 82' lang='lat' dir='ltr'>Quia</span> <span class='ocrx_word' id='word_1_121' title='bbox 1133 1065 1228 1098; x_wconf 87' lang='lat' dir='ltr'>enim</span> 
     </span>
     <span class='ocr_line' id='line_1_19' title="bbox 235 1116 1228 1163; baseline -0.014 -1"><span class='ocrx_word' id='word_1_122' title='bbox 235 1129 291 1162; x_wconf 85' lang='lat' dir='ltr'>lex</span> <span class='ocrx_word' id='word_1_123' title='bbox 313 1125 464 1161; x_wconf 87' lang='lat' dir='ltr'>habebat</span> <span class='ocrx_word' id='word_1_124' title='bbox 489 1123 645 1158; x_wconf 88' lang='lat' dir='ltr'>carnales</span> <span class='ocrx_word' id='word_1_125' title='bbox 669 1120 841 1159; x_wconf 89' lang='lat' dir='ltr'>iusticias,</span> <span class='ocrx_word' id='word_1_126' title='bbox 870 1118 1028 1163; x_wconf 90' lang='lat' dir='ltr'>oportuit</span> <span class='ocrx_word' id='word_1_127' title='bbox 1052 1124 1085 1151; x_wconf 85' lang='lat' dir='ltr'>et</span> <span class='ocrx_word' id='word_1_128' title='bbox 1111 1116 1228 1149; x_wconf 92' lang='lat' dir='ltr'>locum</span> 
     </span>
     <span class='ocr_line' id='line_1_20' title="bbox 236 1167 1229 1222; baseline -0.015 -9"><span class='ocrx_word' id='word_1_129' title='bbox 236 1179 314 1213; x_wconf 86' lang='lat' dir='ltr'>dari</span> <span class='ocrx_word' id='word_1_130' title='bbox 343 1176 476 1222; x_wconf 89' lang='lat' dir='ltr'>populo</span> <span class='ocrx_word' id='word_1_131' title='bbox 509 1173 703 1208; x_wconf 89' lang='lat' dir='ltr'>carnalium</span> <span class='ocrx_word' id='word_1_132' title='bbox 727 1170 946 1205; x_wconf 86' lang='lat' dir='ltr'>iusticiarum</span> <span class='ocrx_word' id='word_1_133' title='bbox 972 1167 1229 1202; x_wconf 82' lang='lat' dir='ltr'>conservanda-</span> 
     </span>
     <span class='ocr_line' id='line_1_21' title="bbox 236 1216 1228 1270; baseline -0.014 -6"><span class='ocrx_word' id='word_1_134' title='bbox 236 1242 334 1270; x_wconf 85' lang='lat' dir='ltr'>rum,</span> <span class='ocrx_word' id='word_1_135' title='bbox 360 1235 399 1261; x_wconf 90' lang='lat' dir='ltr'>ut</span> <span class='ocrx_word' id='word_1_136' title='bbox 421 1228 565 1261; x_wconf 87' lang='lat' dir='ltr'>duraret</span> <span class='ocrx_word' id='word_1_137' title='bbox 586 1224 739 1269; x_wconf 90' lang='lat' dir='ltr'>populus</span> <span class='ocrx_word' id='word_1_138' title='bbox 764 1223 876 1255; x_wconf 88' lang='lat' dir='ltr'>donec</span> <span class='ocrx_word' id='word_1_139' title='bbox 900 1220 1038 1254; x_wconf 84' lang='lat' dir='ltr'>veniret</span> <span class='ocrx_word' id='word_1_140' title='bbox 1054 1216 1228 1253; x_wconf 90' lang='lat' dir='ltr'>Christus.</span> 
     </span>
     <span class='ocr_line' id='line_1_22' title="bbox 237 1271 1229 1316; baseline -0.014 -1"><span class='ocrx_word' id='word_1_141' title='bbox 237 1280 307 1316; x_wconf 85' lang='lat' dir='ltr'>Sed</span> <span class='ocrx_word' id='word_1_142' title='bbox 339 1280 382 1313; x_wconf 91' lang='lat' dir='ltr'>ad</span> <span class='ocrx_word' id='word_1_143' title='bbox 415 1277 506 1312; x_wconf 82' lang='lat' dir='ltr'>hane</span> <span class='ocrx_word' id='word_1_144' title='bbox 532 1276 708 1310; x_wconf 86' lang='lat' dir='ltr'>carnalem</span> <span class='ocrx_word' id='word_1_145' title='bbox 742 1274 940 1306; x_wconf 80' lang='lat' dir='ltr'>libertatem</span> <span class='ocrx_word' id='word_1_146' title='bbox 974 1271 1172 1305; x_wconf 85' lang='lat' dir='ltr'>retulerunt</span> <span class='ocrx_word' id='word_1_147' title='bbox 1198 1276 1229 1302; x_wconf 84' lang='lat' dir='ltr'>et</span> 
     </span>
     <span class='ocr_line' id='line_1_23' title="bbox 237 1319 1228 1376; baseline -0.014 -11"><span class='ocrx_word' id='word_1_148' title='bbox 237 1328 442 1376; x_wconf 85' lang='lat' dir='ltr'>prophetias</span> <span class='ocrx_word' id='word_1_149' title='bbox 472 1330 515 1362; x_wconf 91' lang='lat' dir='ltr'>de</span> <span class='ocrx_word' id='word_1_150' title='bbox 541 1325 684 1362; x_wconf 90' lang='lat' dir='ltr'>Christo</span> <span class='ocrx_word' id='word_1_151' title='bbox 710 1324 849 1362; x_wconf 86' lang='lat' dir='ltr'>Iudaei,</span> <span class='ocrx_word' id='word_1_152' title='bbox 893 1320 1017 1356; x_wconf 87' lang='lat' dir='ltr'>Ezech.</span> <span class='ocrx_word' id='word_1_153' title='bbox 1042 1319 1228 1354; x_wconf 52' lang='lat' dir='ltr'><strong>xxxiv:</strong></span> 
     </span>
     <span class='ocr_line' id='line_1_24' title="bbox 237 1368 1229 1427; baseline -0.015 -10"><span class='ocrx_word' id='word_1_154' title='bbox 237 1383 319 1417; x_wconf 86' lang='lat' dir='ltr'>Non</span> <span class='ocrx_word' id='word_1_155' title='bbox 344 1381 537 1427; x_wconf 90' lang='lat' dir='ltr'>portabunt</span> <span class='ocrx_word' id='word_1_156' title='bbox 561 1377 714 1421; x_wconf 90' lang='lat' dir='ltr'>amplius</span> <span class='ocrx_word' id='word_1_157' title='bbox 743 1373 934 1419; x_wconf 84' lang='lat' dir='ltr'>opprobria</span> <span class='ocrx_word' id='word_1_158' title='bbox 957 1372 1124 1415; x_wconf 87' lang='lat' dir='ltr'>gentium.</span> <span class='ocrx_word' id='word_1_159' title='bbox 1184 1368 1229 1403; x_wconf 89' lang='lat' dir='ltr'>Et</span> 
     </span>
     <span class='ocr_line' id='line_1_25' title="bbox 238 1421 1229 1473; baseline -0.014 -6"><span class='ocrx_word' id='word_1_160' title='bbox 238 1434 417 1467; x_wconf 85' lang='lat' dir='ltr'>finxerunt</span> <span class='ocrx_word' id='word_1_161' title='bbox 433 1429 608 1464; x_wconf 87' lang='lat' dir='ltr'>carnalem</span> <span class='ocrx_word' id='word_1_162' title='bbox 625 1427 803 1473; x_wconf 83' lang='lat' dir='ltr'>quandam</span> <span class='ocrx_word' id='word_1_163' title='bbox 821 1424 1018 1457; x_wconf 88' lang='lat' dir='ltr'>libertatem</span> <span class='ocrx_word' id='word_1_164' title='bbox 1039 1429 1072 1456; x_wconf 91' lang='lat' dir='ltr'>et</span> <span class='ocrx_word' id='word_1_165' title='bbox 1090 1421 1229 1455; x_wconf 84' lang='lat' dir='ltr'>carnale</span> 
     </span>
     <span class='ocr_line' id='line_1_26' title="bbox 238 1474 1231 1529; baseline -0.015 -11"><span class='ocrx_word' id='word_1_166' title='bbox 238 1483 448 1529; x_wconf 88' lang='lat' dir='ltr'>imperium,</span> <span class='ocrx_word' id='word_1_167' title='bbox 489 1492 559 1526; x_wconf 90' lang='lat' dir='ltr'>quo</span> <span class='ocrx_word' id='word_1_168' title='bbox 584 1476 802 1512; x_wconf 83' lang='lat' dir='ltr'>dominaturi</span> <span class='ocrx_word' id='word_1_169' title='bbox 824 1481 936 1509; x_wconf 85' lang='lat' dir='ltr'>essent</span> <span class='ocrx_word' id='word_1_170' title='bbox 962 1474 1124 1507; x_wconf 87' lang='lat' dir='ltr'>omnium</span> <span class='ocrx_word' id='word_1_171' title='bbox 1147 1483 1231 1514; x_wconf 86' lang='lat' dir='ltr'>gen-</span> 
     </span>
     <span class='ocr_line' id='line_1_27' title="bbox 238 1529 1231 1574; baseline -0.017 -4"><span class='ocrx_word' id='word_1_172' title='bbox 238 1535 328 1569; x_wconf 88' lang='lat' dir='ltr'>tium</span> <span class='ocrx_word' id='word_1_173' title='bbox 345 1541 426 1574; x_wconf 87' lang='lat' dir='ltr'>etc.,</span> <span class='ocrx_word' id='word_1_174' title='bbox 456 1544 534 1566; x_wconf 91' lang='lat' dir='ltr'>cum</span> <span class='ocrx_word' id='word_1_175' title='bbox 554 1537 669 1564; x_wconf 85' lang='lat' dir='ltr'>tamen</span> <span class='ocrx_word' id='word_1_176' title='bbox 695 1529 800 1561; x_wconf 69' lang='lat' dir='ltr'>vitam</span> <span class='ocrx_word' id='word_1_177' title='bbox 827 1533 1003 1559; x_wconf 70' lang='lat' dir='ltr'>aeternam</span> <span class='ocrx_word' id='word_1_178' title='bbox 1030 1530 1061 1556; x_wconf 95' lang='lat' dir='ltr'>et</span> <span class='ocrx_word' id='word_1_179' title='bbox 1085 1534 1231 1565; x_wconf 82' lang='lat' dir='ltr'>regnum</span> 
     </span>
     <span class='ocr_line' id='line_1_28' title="bbox 238 1573 1231 1628; baseline -0.015 -8"><span class='ocrx_word' id='word_1_180' title='bbox 238 1592 423 1620; x_wconf 86' lang='lat' dir='ltr'>aeternum</span> <span class='ocrx_word' id='word_1_181' title='bbox 442 1579 758 1628; x_wconf 85' lang='lat' dir='ltr'>promiseritDeus‚</span> <span class='ocrx_word' id='word_1_182' title='bbox 777 1574 1034 1611; x_wconf 73' lang='lat' dir='ltr'>llier.xxxt.:</span> <span class='ocrx_word' id='word_1_183' title='bbox 1063 1573 1231 1607; x_wconf 89' lang='lat' dir='ltr'>Sanctum</span> 
     </span>
     <span class='ocr_line' id='line_1_29' title="bbox 240 1623 1231 1671; baseline -0.016 0"><span class='ocrx_word' id='word_1_184' title='bbox 240 1636 378 1671; x_wconf 86' lang='lat' dir='ltr'>domini</span> <span class='ocrx_word' id='word_1_185' title='bbox 395 1647 467 1668; x_wconf 92' lang='lat' dir='ltr'>non</span> <span class='ocrx_word' id='word_1_186' title='bbox 485 1633 671 1669; x_wconf 82' lang='lat' dir='ltr'>evelletur,</span> <span class='ocrx_word' id='word_1_187' title='bbox 699 1637 731 1663; x_wconf 90' lang='lat' dir='ltr'>et</span> <span class='ocrx_word' id='word_1_188' title='bbox 758 1641 831 1662; x_wconf 83' lang='lat' dir='ltr'>nou</span> <span class='ocrx_word' id='word_1_189' title='bbox 856 1628 1058 1660; x_wconf 86' lang='lat' dir='ltr'>destruetur</span> <span class='ocrx_word' id='word_1_190' title='bbox 1081 1624 1171 1658; x_wconf 87' lang='lat' dir='ltr'>ultra</span> <span class='ocrx_word' id='word_1_191' title='bbox 1196 1623 1231 1656; x_wconf 88' lang='lat' dir='ltr'>in</span> 
     </span>
     <span class='ocr_line' id='line_1_30' title="bbox 241 1675 1232 1733; baseline -0.016 -11"><span class='ocrx_word' id='word_1_192' title='bbox 241 1695 464 1733; x_wconf 87' lang='lat' dir='ltr'>perpetuum.</span> <span class='ocrx_word' id='word_1_193' title='bbox 518 1684 617 1718; x_wconf 84' lang='lat' dir='ltr'>Sicut</span> <span class='ocrx_word' id='word_1_194' title='bbox 644 1689 676 1715; x_wconf 84' lang='lat' dir='ltr'>et</span> <span class='ocrx_word' id='word_1_195' title='bbox 699 1680 844 1724; x_wconf 77' lang='lat' dir='ltr'>angelus</span> <span class='ocrx_word' id='word_1_196' title='bbox 869 1677 952 1712; x_wconf 87' lang='lat' dir='ltr'>Luc.</span> <span class='ocrx_word' id='word_1_197' title='bbox 976 1677 1001 1712; x_wconf 87' lang='grc' dir='ltr'>Ι.</span> <span class='ocrx_word' id='word_1_198' title='bbox 1027 1675 1232 1721; x_wconf 88' lang='lat' dir='ltr'>promissio-</span> 
     </span>
     <span class='ocr_line' id='line_1_31' title="bbox 242 1724 1232 1783; baseline -0.016 -9"><span class='ocrx_word' id='word_1_199' title='bbox 242 1751 304 1773; x_wconf 88' lang='lat' dir='ltr'>nes</span> <span class='ocrx_word' id='word_1_200' title='bbox 322 1738 479 1783; x_wconf 88' lang='lat' dir='ltr'>exponit:</span> <span class='ocrx_word' id='word_1_201' title='bbox 515 1735 622 1769; x_wconf 86' lang='lat' dir='ltr'>Dabit</span> <span class='ocrx_word' id='word_1_202' title='bbox 650 1733 701 1766; x_wconf 91' lang='lat' dir='ltr'>illi</span> <span class='ocrx_word' id='word_1_203' title='bbox 723 1731 887 1765; x_wconf 80' lang='lat' dir='ltr'>dominus</span> <span class='ocrx_word' id='word_1_204' title='bbox 907 1728 1001 1762; x_wconf 88' lang='lat' dir='ltr'>Deus</span> <span class='ocrx_word' id='word_1_205' title='bbox 1026 1728 1141 1761; x_wconf 88' lang='lat' dir='ltr'>sedem</span> <span class='ocrx_word' id='word_1_206' title='bbox 1163 1724 1232 1759; x_wconf 90' lang='lat' dir='ltr'>Da-</span> 
     </span>
     <span class='ocr_line' id='line_1_32' title="bbox 242 1778 1234 1834; baseline -0.015 -10"><span class='ocrx_word' id='word_1_207' title='bbox 242 1791 302 1823; x_wconf 84' lang='lat' dir='ltr'>vid</span> <span class='ocrx_word' id='word_1_208' title='bbox 321 1789 428 1834; x_wconf 90' lang='lat' dir='ltr'>patris</span> <span class='ocrx_word' id='word_1_209' title='bbox 445 1788 537 1825; x_wconf 84' lang='lat' dir='ltr'>eius,</span> <span class='ocrx_word' id='word_1_210' title='bbox 566 1793 597 1819; x_wconf 82' lang='lat' dir='ltr'>et</span> <span class='ocrx_word' id='word_1_211' title='bbox 623 1783 782 1827; x_wconf 73' lang='lat' dir='ltr'>regnabit</span> <span class='ocrx_word' id='word_1_212' title='bbox 810 1782 844 1814; x_wconf 89' lang='lat' dir='ltr'>in</span> <span class='ocrx_word' id='word_1_213' title='bbox 871 1781 976 1813; x_wconf 89' lang='lat' dir='ltr'>domo</span> <span class='ocrx_word' id='word_1_214' title='bbox 995 1778 1100 1813; x_wconf 81' lang='lat' dir='ltr'>Iacob</span> <span class='ocrx_word' id='word_1_215' title='bbox 1119 1779 1156 1810; x_wconf 90' lang='lat' dir='ltr'>in</span> <span class='ocrx_word' id='word_1_216' title='bbox 1178 1789 1234 1810; x_wconf 89' lang='lat' dir='ltr'>ae-</span> 
     </span>
     <span class='ocr_line' id='line_1_33' title="bbox 244 1828 1233 1881; baseline -0.015 -6"><span class='ocrx_word' id='word_1_217' title='bbox 244 1849 383 1875; x_wconf 87' lang='lat' dir='ltr'>ternum</span> <span class='ocrx_word' id='word_1_218' title='bbox 396 1865 404 1877; x_wconf 80' lang='grc'>,</span> <span class='ocrx_word' id='word_1_219' title='bbox 434 1847 466 1873; x_wconf 90' lang='lat' dir='ltr'>et</span> <span class='ocrx_word' id='word_1_220' title='bbox 483 1837 579 1881; x_wconf 82' lang='lat' dir='ltr'>regui</span> <span class='ocrx_word' id='word_1_221' title='bbox 597 1837 671 1869; x_wconf 86' lang='lat' dir='ltr'>eius</span> <span class='ocrx_word' id='word_1_222' title='bbox 689 1847 758 1867; x_wconf 84' lang='lat' dir='ltr'>uon</span> <span class='ocrx_word' id='word_1_223' title='bbox 778 1833 843 1866; x_wconf 88' lang='lat' dir='ltr'>erit</span> <span class='ocrx_word' id='word_1_224' title='bbox 860 1831 950 1866; x_wconf 84' lang='lat' dir='ltr'>finis.</span> <span class='ocrx_word' id='word_1_225' title='bbox 1004 1829 1127 1870; x_wconf 88' lang='lat' dir='ltr'>Porro,</span> <span class='ocrx_word' id='word_1_226' title='bbox 1152 1828 1233 1874; x_wconf 87' lang='lat' dir='ltr'>quia</span> 
     </span>
    </p>
   </div>
   <div class='ocr_carea' id='block_1_5' title="bbox 245 1882 1263 1980">
    <p class='ocr_par' dir='ltr' id='par_1_5' title="bbox 245 1882 1263 1980">
     <span class='ocr_line' id='line_1_34' title="bbox 245 1882 1261 1931; baseline -0.014 -7"><span class='ocrx_word' id='word_1_227' title='bbox 245 1893 316 1926; x_wconf 86' lang='lat' dir='ltr'>vita</span> <span class='ocrx_word' id='word_1_228' title='bbox 338 1898 479 1924; x_wconf 84' lang='lat' dir='ltr'>aeterua</span> <span class='ocrx_word' id='word_1_229' title='bbox 504 1897 535 1922; x_wconf 93' lang='lat' dir='ltr'>et</span> <span class='ocrx_word' id='word_1_230' title='bbox 561 1899 708 1931; x_wconf 83' lang='lat' dir='ltr'>reguum</span> <span class='ocrx_word' id='word_1_231' title='bbox 725 1891 916 1918; x_wconf 81' lang='lat' dir='ltr'>·aeternum</span> <span class='ocrx_word' id='word_1_232' title='bbox 941 1882 1112 1926; x_wconf 85' lang='lat' dir='ltr'>promissa</span> <span class='ocrx_word' id='word_1_233' title='bbox 1142 1887 1235 1917; x_wconf 84' lang='lat' dir='ltr'>sunt,</span> <span class='ocrx_word' id='word_1_234' title='bbox 1260 1896 1261 1910; x_wconf 67' lang='grc' dir='ltr'><strong>ι</strong></span> 
     </span>
     <span class='ocr_line' id='line_1_35' title="bbox 245 1935 1263 1980; baseline -0.015 -4"><span class='ocrx_word' id='word_1_235' title='bbox 245 1953 384 1977; x_wconf 82' lang='lat' dir='ltr'>necesse</span> <span class='ocrx_word' id='word_1_236' title='bbox 401 1948 493 1980; x_wconf 73' lang='lat' dir='ltr'>erat,</span> <span class='ocrx_word' id='word_1_237' title='bbox 520 1946 669 1971; x_wconf 84' lang='lat' dir='ltr'>mortem</span> <span class='ocrx_word' id='word_1_238' title='bbox 686 1944 717 1970; x_wconf 88' lang='lat' dir='ltr'>et</span> <span class='ocrx_word' id='word_1_239' title='bbox 735 1935 858 1968; x_wconf 86' lang='lat' dir='ltr'>mortis</span> <span class='ocrx_word' id='word_1_240' title='bbox 874 1944 1010 1966; x_wconf 86' lang='lat' dir='ltr'>causam</span> <span class='ocrx_word' id='word_1_241' title='bbox 1023 1957 1031 1969; x_wconf 89' lang='lat'>‚</span> <span class='ocrx_word' id='word_1_242' title='bbox 1058 1938 1233 1976; x_wconf 81' lang='lat' dir='ltr'>peceatum</span> <span class='ocrx_word' id='word_1_243' title='bbox 1260 1943 1263 1967; x_wconf 68' lang='lat' dir='ltr'>i</span> 
     </span>
    </p>
   </div>
   <div class='ocr_carea' id='block_1_6' title="bbox 245 1982 1238 2389">
    <p class='ocr_par' dir='ltr' id='par_1_6' title="bbox 245 1982 1238 2389">
     <span class='ocr_line' id='line_1_36' title="bbox 245 1982 1234 2034; baseline -0.014 -7"><span class='ocrx_word' id='word_1_244' title='bbox 245 1993 343 2033; x_wconf 86' lang='lat' dir='ltr'>tolli,</span> <span class='ocrx_word' id='word_1_245' title='bbox 369 1993 458 2025; x_wconf 71' lang='lat' dir='ltr'>sicut</span> <span class='ocrx_word' id='word_1_246' title='bbox 481 1991 591 2034; x_wconf 87' lang='lat' dir='ltr'>prima</span> <span class='ocrx_word' id='word_1_247' title='bbox 610 1987 793 2032; x_wconf 86' lang='lat' dir='ltr'>promissio</span> <span class='ocrx_word' id='word_1_248' title='bbox 818 1984 964 2018; x_wconf 80' lang='lat' dir='ltr'>indicat:</span> <span class='ocrx_word' id='word_1_249' title='bbox 999 1982 1094 2015; x_wconf 70' lang='lat' dir='ltr'>Evae</span> <span class='ocrx_word' id='word_1_250' title='bbox 1117 1994 1234 2015; x_wconf 87' lang='lat' dir='ltr'>semen</span> 
     </span>
     <span class='ocr_line' id='line_1_37' title="bbox 248 2034 1235 2086; baseline -0.012 -9"><span class='ocrx_word' id='word_1_251' title='bbox 248 2050 405 2078; x_wconf 82' lang='lat' dir='ltr'>conteret</span> <span class='ocrx_word' id='word_1_252' title='bbox 434 2048 537 2086; x_wconf 82' lang='lat' dir='ltr'>caput</span> <span class='ocrx_word' id='word_1_253' title='bbox 564 2039 736 2083; x_wconf 71' lang='lat' dir='ltr'>serpentis</span> <span class='ocrx_word' id='word_1_254' title='bbox 763 2044 825 2070; x_wconf 86' lang='lat' dir='ltr'>etc.</span> <span class='ocrx_word' id='word_1_255' title='bbox 895 2034 1014 2079; x_wconf 83' lang='lat' dir='ltr'>ltaque.</span> <span class='ocrx_word' id='word_1_256' title='bbox 1046 2035 1155 2067; x_wconf 82' lang='lat' dir='ltr'>sactus</span> <span class='ocrx_word' id='word_1_257' title='bbox 1187 2039 1235 2065; x_wconf 87' lang='lat' dir='ltr'>est</span> 
     </span>
     <span class='ocr_line' id='line_1_38' title="bbox 247 2084 1236 2140; baseline -0.014 -11"><span class='ocrx_word' id='word_1_258' title='bbox 247 2093 409 2129; x_wconf 81' lang='lat' dir='ltr'>Christus</span> <span class='ocrx_word' id='word_1_259' title='bbox 426 2105 505 2133; x_wconf 78' lang='lat' dir='ltr'>rex,</span> <span class='ocrx_word' id='word_1_260' title='bbox 533 2099 632 2140; x_wconf 76' lang='lat' dir='ltr'>parta</span> <span class='ocrx_word' id='word_1_261' title='bbox 651 2090 794 2122; x_wconf 83' lang='lat' dir='ltr'>libertas</span> <span class='ocrx_word' id='word_1_262' title='bbox 811 2094 877 2127; x_wconf 88' lang='lat' dir='ltr'>est,</span> <span class='ocrx_word' id='word_1_263' title='bbox 907 2086 927 2118; x_wconf 91' lang='lat' dir='ltr'>i.</span> <span class='ocrx_word' id='word_1_264' title='bbox 943 2098 971 2120; x_wconf 76' lang='lat' dir='ltr'>e.</span> <span class='ocrx_word' id='word_1_265' title='bbox 993 2084 1061 2117; x_wconf 84' lang='lat' dir='ltr'>vita</span> <span class='ocrx_word' id='word_1_266' title='bbox 1079 2092 1236 2123; x_wconf 77' lang='lat' dir='ltr'>aeterua3</span> 
     </span>
     <span class='ocr_line' id='line_1_39' title="bbox 249 2135 1237 2191; baseline -0.014 -11"><span class='ocrx_word' id='word_1_267' title='bbox 249 2152 428 2191; x_wconf 85' lang='lat' dir='ltr'>peccatum</span> <span class='ocrx_word' id='word_1_268' title='bbox 455 2151 488 2177; x_wconf 92' lang='lat' dir='ltr'>et</span> <span class='ocrx_word' id='word_1_269' title='bbox 512 2153 607 2175; x_wconf 88' lang='lat' dir='ltr'>mors</span> <span class='ocrx_word' id='word_1_270' title='bbox 630 2148 710 2174; x_wconf 90' lang='lat' dir='ltr'>sunt</span> <span class='ocrx_word' id='word_1_271' title='bbox 736 2145 911 2173; x_wconf 81' lang='lat' dir='ltr'>evacuata.</span> <span class='ocrx_word' id='word_1_272' title='bbox 972 2135 1067 2169; x_wconf 71' lang='lat' dir='ltr'>llaec</span> <span class='ocrx_word' id='word_1_273' title='bbox 1095 2137 1237 2168; x_wconf 77' lang='lat' dir='ltr'>libertas</span> 
     </span>
     <span class='ocr_line' id='line_1_40' title="bbox 250 2186 1238 2239; baseline -0.012 -8"><span class='ocrx_word' id='word_1_274' title='bbox 250 2205 299 2231; x_wconf 85' lang='lat' dir='ltr'>est</span> <span class='ocrx_word' id='word_1_275' title='bbox 320 2191 688 2239; x_wconf 76' lang='lat' dir='ltr'>incomprehensibilis</span> <span class='ocrx_word' id='word_1_276' title='bbox 704 2190 819 2229; x_wconf 71' lang='lat' dir='ltr'>carni,</span> <span class='ocrx_word' id='word_1_277' title='bbox 847 2200 950 2234; x_wconf 79' lang='lat' dir='ltr'>quam</span> <span class='ocrx_word' id='word_1_278' title='bbox 968 2188 1125 2232; x_wconf 70' lang='lat' dir='ltr'>promisit</span> <span class='ocrx_word' id='word_1_279' title='bbox 1146 2186 1238 2220; x_wconf 85' lang='lat' dir='ltr'>Deus</span> 
     </span>
     <span class='ocr_line' id='line_1_41' title="bbox 251 2236 1237 2292; baseline -0.01 -11"><span class='ocrx_word' id='word_1_280' title='bbox 251 2260 269 2282; x_wconf 86' lang='lat' dir='ltr'>a</span> <span class='ocrx_word' id='word_1_281' title='bbox 289 2247 481 2292; x_wconf 84' lang='lat' dir='ltr'>principio,</span> <span class='ocrx_word' id='word_1_282' title='bbox 517 2251 550 2278; x_wconf 80' lang='lat' dir='ltr'>et</span> <span class='ocrx_word' id='word_1_283' title='bbox 572 2243 741 2287; x_wconf 84' lang='lat' dir='ltr'>praestitit</span> <span class='ocrx_word' id='word_1_284' title='bbox 764 2242 798 2275; x_wconf 88' lang='lat' dir='ltr'>in</span> <span class='ocrx_word' id='word_1_285' title='bbox 816 2239 968 2273; x_wconf 79' lang='lat' dir='ltr'>Christo.</span> <span class='ocrx_word' id='word_1_286' title='bbox 1029 2239 1072 2271; x_wconf 76' lang='lat' dir='ltr'>Et</span> <span class='ocrx_word' id='word_1_287' title='bbox 1100 2236 1164 2270; x_wconf 80' lang='lat' dir='ltr'>lioc</span> <span class='ocrx_word' id='word_1_288' title='bbox 1190 2245 1237 2271; x_wconf 87' lang='lat' dir='ltr'>est</span> 
     </span>
     <span class='ocr_line' id='line_1_42' title="bbox 249 2286 1237 2344; baseline -0.012 -12"><span class='ocrx_word' id='word_1_289' title='bbox 249 2300 343 2344; x_wconf 83' lang='lat' dir='ltr'>quod</span> <span class='ocrx_word' id='word_1_290' title='bbox 362 2297 553 2342; x_wconf 75' lang='lat' dir='ltr'>Apostolus</span> <span class='ocrx_word' id='word_1_291' title='bbox 568 2295 675 2330; x_wconf 77' lang='lat' dir='ltr'>Rom.</span> <span class='ocrx_word' id='word_1_292' title='bbox 698 2292 760 2327; x_wconf 69' lang='grc' dir='ltr'>ΙΥ.</span> <span class='ocrx_word' id='word_1_293' title='bbox 776 2292 876 2325; x_wconf 86' lang='lat' dir='ltr'>dicit:</span> <span class='ocrx_word' id='word_1_294' title='bbox 907 2286 1072 2323; x_wconf 64' lang='lat' dir='ltr'>Abra-line</span> <span class='ocrx_word' id='word_1_295' title='bbox 1089 2289 1237 2333; x_wconf 79' lang='lat' dir='ltr'>promis-</span> 
     </span>
     <span class='ocr_line' id='line_1_43' title="bbox 251 2340 1237 2389; baseline -0.012 -6"><span class='ocrx_word' id='word_1_296' title='bbox 251 2362 321 2384; x_wconf 84' lang='lat' dir='ltr'>sam</span> <span class='ocrx_word' id='word_1_297' title='bbox 341 2347 592 2382; x_wconf 72' lang='lat' dir='ltr'>haereditatem</span> <span class='ocrx_word' id='word_1_298' title='bbox 621 2344 766 2384; x_wconf 79' lang='lat' dir='ltr'>muudi,</span> <span class='ocrx_word' id='word_1_299' title='bbox 793 2343 887 2389; x_wconf 84' lang='lat' dir='ltr'>quod</span> <span class='ocrx_word' id='word_1_300' title='bbox 912 2348 962 2374; x_wconf 84' lang='lat' dir='ltr'>est</span> <span class='ocrx_word' id='word_1_301' title='bbox 978 2340 1102 2373; x_wconf 82' lang='lat' dir='ltr'>semini</span> <span class='ocrx_word' id='word_1_302' title='bbox 1124 2341 1237 2372; x_wconf 73' lang='lat' dir='ltr'>Abra-</span> 
     </span>
    </p>
   </div>
   <div class='ocr_carea' id='block_1_7' title="bbox 251 2389 1267 2486">
    <p class='ocr_par' dir='ltr' id='par_1_7' title="bbox 251 2389 1267 2486">
     <span class='ocr_line' id='line_1_44' title="bbox 251 2389 1239 2441; baseline -0.012 -7"><span class='ocrx_word' id='word_1_303' title='bbox 251 2400 335 2441; x_wconf 73' lang='lat' dir='ltr'>hae,</span> <span class='ocrx_word' id='word_1_304' title='bbox 363 2401 384 2435; x_wconf 91' lang='lat' dir='ltr'>i.</span> <span class='ocrx_word' id='word_1_305' title='bbox 402 2413 430 2433; x_wconf 73' lang='lat' dir='ltr'>e.</span> <span class='ocrx_word' id='word_1_306' title='bbox 454 2396 595 2433; x_wconf 72' lang='lat' dir='ltr'>Christo</span> <span class='ocrx_word' id='word_1_307' title='bbox 621 2397 831 2441; x_wconf 84' lang='lat' dir='ltr'>promissum</span> <span class='ocrx_word' id='word_1_308' title='bbox 856 2405 946 2430; x_wconf 73' lang='lat' dir='ltr'>esse,</span> <span class='ocrx_word' id='word_1_309' title='bbox 974 2398 1010 2424; x_wconf 91' lang='lat' dir='ltr'>ut</span> <span class='ocrx_word' id='word_1_310' title='bbox 1038 2391 1081 2425; x_wconf 87' lang='lat' dir='ltr'>sit</span> <span class='ocrx_word' id='word_1_311' title='bbox 1108 2389 1239 2428; x_wconf 57' lang='lat' dir='ltr'>ham-os.</span> 
     </span>
     <span class='ocr_line' id='line_1_45' title="bbox 254 2431 1267 2486; baseline -0.013 0"><span class='ocrx_word' id='word_1_312' title='bbox 254 2453 274 2486; x_wconf 87' lang='lat' dir='ltr'>i.</span> <span class='ocrx_word' id='word_1_313' title='bbox 294 2465 323 2485; x_wconf 84' lang='lat' dir='ltr'>e.</span> <span class='ocrx_word' id='word_1_314' title='bbox 347 2451 513 2483; x_wconf 73' lang='lat' dir='ltr'>«lominus</span> <span class='ocrx_word' id='word_1_315' title='bbox 538 2449 716 2485; x_wconf 75' lang='lat' dir='ltr'>omnium,</span> <span class='ocrx_word' id='word_1_316' title='bbox 750 2454 783 2480; x_wconf 85' lang='lat' dir='ltr'>et</span> <span class='ocrx_word' id='word_1_317' title='bbox 809 2445 843 2478; x_wconf 88' lang='lat' dir='ltr'>in</span> <span class='ocrx_word' id='word_1_318' title='bbox 864 2442 1006 2477; x_wconf 75' lang='lat' dir='ltr'>Christo</span> <span class='ocrx_word' id='word_1_319' title='bbox 1031 2440 1240 2476; x_wconf 73' lang='lat' dir='ltr'>cohaeredes</span> <span class='ocrx_word' id='word_1_320' title='bbox 1265 2431 1267 2451; x_wconf 61' lang='lat'><em>³</em></span> 
     </span>
    </p>
   </div>
   <div class='ocr_carea' id='block_1_8' title="bbox 708 2492 1239 2629">
    <p class='ocr_par' dir='ltr' id='par_1_8' title="bbox 708 2492 1239 2629">
     <span class='ocr_line' id='line_1_46' title="bbox 708 2492 1238 2533; baseline -0.013 -2"><span class='ocrx_word' id='word_1_321' title='bbox 708 2499 836 2532; x_wconf 77' lang='lat' dir='ltr'>semen</span> <span class='ocrx_word' id='word_1_322' title='bbox 868 2492 1050 2533; x_wconf 73' lang='lat' dir='ltr'>Abrahae,</span> <span class='ocrx_word' id='word_1_323' title='bbox 1092 2493 1113 2526; x_wconf 89' lang='lat' dir='ltr'>i.</span> <span class='ocrx_word' id='word_1_324' title='bbox 1129 2506 1157 2526; x_wconf 80' lang='lat' dir='ltr'>e.</span> <span class='ocrx_word' id='word_1_325' title='bbox 1185 2493 1238 2525; x_wconf 83' lang='lat' dir='ltr'>rui</span> 
     </span>
     <span class='ocr_line' id='line_1_47' title="bbox 761 2545 1239 2582; baseline -0.015 0"><span class='ocrx_word' id='word_1_326' title='bbox 761 2546 903 2582; x_wconf 78' lang='lat' dir='ltr'>Nemini</span> <span class='ocrx_word' id='word_1_327' title='bbox 931 2545 1140 2578; x_wconf 81' lang='lat' dir='ltr'>servivimus</span> <span class='ocrx_word' id='word_1_328' title='bbox 1174 2557 1239 2576; x_wconf 83' lang='lat' dir='ltr'>un-</span> 
     </span>
     <span class='ocr_line' id='line_1_48' title="bbox 1027 2595 1239 2629; baseline -0.009 -1"><span class='ocrx_word' id='word_1_329' title='bbox 1027 2597 1102 2629; x_wconf 84' lang='lat' dir='ltr'>iure</span> <span class='ocrx_word' id='word_1_330' title='bbox 1139 2595 1239 2627; x_wconf 71' lang='lat' dir='ltr'>litu-ri</span> 
     </span>
    </p>
   </div>
   <div class='ocr_carea' id='block_1_9' title="bbox 253 2500 975 2690">
    <p class='ocr_par' dir='ltr' id='par_1_9' title="bbox 253 2500 975 2690">
     <span class='ocr_line' id='line_1_49' title="bbox 253 2500 648 2535; baseline -0.01 0"><span class='ocrx_word' id='word_1_331' title='bbox 253 2514 375 2535; x_wconf 78' lang='lat' dir='ltr'>omnes</span> <span class='ocrx_word' id='word_1_332' title='bbox 407 2503 532 2535; x_wconf 66' lang='lat' dir='ltr'>fratres</span> <span class='ocrx_word' id='word_1_333' title='bbox 564 2500 648 2532; x_wconf 80' lang='lat' dir='ltr'>eius.</span> 
     </span>
     <span class='ocr_line' id='line_1_50' title="bbox 256 2552 691 2596; baseline -0.005 -10"><span class='ocrx_word' id='word_1_334' title='bbox 256 2554 425 2596; x_wconf 70' lang='lat' dir='ltr'>promissa</span> <span class='ocrx_word' id='word_1_335' title='bbox 459 2560 507 2586; x_wconf 78' lang='lat' dir='ltr'>est</span> <span class='ocrx_word' id='word_1_336' title='bbox 538 2552 691 2584; x_wconf 76' lang='lat' dir='ltr'>libertas.</span> 
     </span>
     <span class='ocr_line' id='line_1_51' title="bbox 253 2599 975 2649; baseline -0.011 -12"><span class='ocrx_word' id='word_1_337' title='bbox 253 2617 380 2649; x_wconf 75' lang='lat' dir='ltr'>quam,</span> <span class='ocrx_word' id='word_1_338' title='bbox 437 2605 470 2636; x_wconf 77' lang='lat' dir='ltr'>id</span> <span class='ocrx_word' id='word_1_339' title='bbox 514 2610 582 2641; x_wconf 80' lang='lat' dir='ltr'>est,</span> <span class='ocrx_word' id='word_1_340' title='bbox 638 2613 717 2634; x_wconf 82' lang='lat' dir='ltr'>cum</span> <span class='ocrx_word' id='word_1_341' title='bbox 762 2599 830 2633; x_wconf 89' lang='lat' dir='ltr'>iam</span> <span class='ocrx_word' id='word_1_342' title='bbox 875 2604 975 2631; x_wconf 77' lang='lat' dir='ltr'>antea</span> 
     </span>
     <span class='ocr_line' id='line_1_52' title="bbox 253 2655 373 2690; baseline -0.008 -2"><span class='ocrx_word' id='word_1_343' title='bbox 253 2655 373 2690; x_wconf 80' lang='lat' dir='ltr'>simus.</span> 
     </span>
    </p>
   </div>
   <div class='ocr_carea' id='block_1_10' title="bbox 815 82 1651 121">
    <p class='ocr_par' dir='ltr' id='par_1_10' title="bbox 815 82 1651 121">
     <span class='ocr_line' id='line_1_53' title="bbox 815 82 1651 121; baseline -0.002 0"><span class='ocrx_word' id='word_1_344' title='bbox 815 85 939 121; x_wconf 84' lang='lat' dir='ltr'><strong>PHIL.</strong></span> <span class='ocrx_word' id='word_1_345' title='bbox 967 82 1085 121; x_wconf 81' lang='lat' dir='ltr'><strong>MEL.</strong></span> <span class='ocrx_word' id='word_1_346' title='bbox 1112 82 1322 119; x_wconf 84' lang='lat' dir='ltr'><strong>SCRIPTA</strong></span> <span class='ocrx_word' id='word_1_347' title='bbox 1351 82 1651 121; x_wconf 80' lang='lat' dir='ltr'><strong>EXEGETICA.</strong></span> 
     </span>
    </p>
   </div>
   <div class='ocr_carea' id='block_1_11' title="bbox 2164 80 2263 120">
    <p class='ocr_par' dir='ltr' id='par_1_11' title="bbox 2164 80 2263 120">
     <span class='ocr_line' id='line_1_54' title="bbox 2164 80 2263 120; baseline 0.01 -2"><span class='ocrx_word' id='word_1_348' title='bbox 2164 80 2263 120; x_wconf 75' lang='lat'>1124</span> 
     </span>
    </p>
   </div>
   <div class='ocr_carea' id='block_1_12' title="bbox 1246 166 2152 227">
    <p class='ocr_par' dir='ltr' id='par_1_12' title="bbox 1246 166 2152 227">
     <span class='ocr_line' id='line_1_55' title="bbox 1246 166 2152 227; baseline -0.002 -21"><span class='ocrx_word' id='word_1_349' title='bbox 1246 170 1250 227; x_wconf 71' lang='lat' dir='ltr'>l</span> <span class='ocrx_word' id='word_1_350' title='bbox 1397 166 1532 205; x_wconf 84' lang='lat' dir='ltr'>Omnis</span> <span class='ocrx_word' id='word_1_351' title='bbox 1553 170 1704 220; x_wconf 83' lang='lat' dir='ltr'>faciens</span> <span class='ocrx_word' id='word_1_352' title='bbox 1732 173 1916 218; x_wconf 83' lang='lat' dir='ltr'>peccatum</span> <span class='ocrx_word' id='word_1_353' title='bbox 1942 179 2065 203; x_wconf 70' lang='lat' dir='ltr'>servus</span> <span class='ocrx_word' id='word_1_354' title='bbox 2089 172 2152 205; x_wconf 76' lang='lat' dir='ltr'>est.</span> 
     </span>
    </p>
   </div>
   <div class='ocr_carea' id='block_1_13' title="bbox 1249 236 2276 1096">
    <p class='ocr_par' dir='ltr' id='par_1_13' title="bbox 1249 236 2276 1096">
     <span class='ocr_line' id='line_1_56' title="bbox 1376 236 2266 283; baseline -0.003 -10"><span class='ocrx_word' id='word_1_355' title='bbox 1376 236 1583 283; x_wconf 86' lang='lat' dir='ltr'>Respondet</span> <span class='ocrx_word' id='word_1_356' title='bbox 1592 236 1755 273; x_wconf 89' lang='lat' dir='ltr'>Christus</span> <span class='ocrx_word' id='word_1_357' title='bbox 1775 238 1988 272; x_wconf 86' lang='lat' dir='ltr'>transferens</span> <span class='ocrx_word' id='word_1_358' title='bbox 2004 249 2077 270; x_wconf 89' lang='lat' dir='ltr'>rem</span> <span class='ocrx_word' id='word_1_359' title='bbox 2095 237 2136 270; x_wconf 87' lang='lat' dir='ltr'>ad</span> <span class='ocrx_word' id='word_1_360' title='bbox 2155 236 2266 270; x_wconf 87' lang='lat' dir='ltr'>servi-</span> 
     </span>
     <span class='ocr_line' id='line_1_57' title="bbox 1275 287 2269 335; baseline -0.003 -12"><span class='ocrx_word' id='word_1_361' title='bbox 1275 295 1384 323; x_wconf 87' lang='lat' dir='ltr'>tutem</span> <span class='ocrx_word' id='word_1_362' title='bbox 1414 296 1447 323; x_wconf 83' lang='lat' dir='ltr'>et</span> <span class='ocrx_word' id='word_1_363' title='bbox 1473 289 1687 331; x_wconf 91' lang='lat' dir='ltr'>libertatem,</span> <span class='ocrx_word' id='word_1_364' title='bbox 1727 291 1769 323; x_wconf 88' lang='lat' dir='ltr'>de</span> <span class='ocrx_word' id='word_1_365' title='bbox 1795 301 1862 335; x_wconf 91' lang='lat' dir='ltr'>qua</span> <span class='ocrx_word' id='word_1_366' title='bbox 1889 288 2030 334; x_wconf 86' lang='lat' dir='ltr'>proprie</span> <span class='ocrx_word' id='word_1_367' title='bbox 2052 287 2161 321; x_wconf 87' lang='lat' dir='ltr'>factae</span> <span class='ocrx_word' id='word_1_368' title='bbox 2186 293 2269 321; x_wconf 93' lang='lat' dir='ltr'>sunt</span> 
     </span>
     <span class='ocr_line' id='line_1_58' title="bbox 1249 320 2269 385; baseline -0.002 -12"><span class='ocrx_word' id='word_1_369' title='bbox 1249 320 1251 382; x_wconf 79' lang='lat' dir='ltr'>l</span> <span class='ocrx_word' id='word_1_370' title='bbox 1276 339 1539 384; x_wconf 86' lang='lat' dir='ltr'>promissiones,</span> <span class='ocrx_word' id='word_1_371' title='bbox 1558 341 1656 385; x_wconf 87' lang='lat' dir='ltr'>quasi</span> <span class='ocrx_word' id='word_1_372' title='bbox 1674 340 1724 374; x_wconf 87' lang='lat' dir='ltr'>sic</span> <span class='ocrx_word' id='word_1_373' title='bbox 1733 341 1878 374; x_wconf 87' lang='lat' dir='ltr'>diceret:</span> <span class='ocrx_word' id='word_1_374' title='bbox 1907 339 2033 373; x_wconf 86' lang='lat' dir='ltr'>Nonne</span> <span class='ocrx_word' id='word_1_375' title='bbox 2049 350 2143 371; x_wconf 87' lang='lat' dir='ltr'>mors</span> <span class='ocrx_word' id='word_1_376' title='bbox 2154 335 2269 372; x_wconf 83' lang='lat' dir='ltr'>adhuc</span> 
     </span>
     <span class='ocr_line' id='line_1_59' title="bbox 1278 388 2268 434; baseline -0.001 -11"><span class='ocrx_word' id='word_1_377' title='bbox 1278 391 1387 424; x_wconf 83' lang='lat' dir='ltr'>saevit</span> <span class='ocrx_word' id='word_1_378' title='bbox 1407 391 1444 423; x_wconf 92' lang='lat' dir='ltr'>in</span> <span class='ocrx_word' id='word_1_379' title='bbox 1469 403 1547 431; x_wconf 86' lang='lat' dir='ltr'>vos,</span> <span class='ocrx_word' id='word_1_380' title='bbox 1582 397 1615 424; x_wconf 86' lang='lat' dir='ltr'>et</span> <span class='ocrx_word' id='word_1_381' title='bbox 1641 388 1757 424; x_wconf 86' lang='lat' dir='ltr'>adbuc</span> <span class='ocrx_word' id='word_1_382' title='bbox 1780 391 1953 434; x_wconf 75' lang='lat' dir='ltr'>peccatis?</span> <span class='ocrx_word' id='word_1_383' title='bbox 1999 400 2080 433; x_wconf 83' lang='lat' dir='ltr'>ergo</span> <span class='ocrx_word' id='word_1_384' title='bbox 2106 389 2268 423; x_wconf 89' lang='lat' dir='ltr'>nondum</span> 
     </span>
     <span class='ocr_line' id='line_1_60' title="bbox 1277 440 2270 485; baseline -0.002 -11"><span class='ocrx_word' id='word_1_385' title='bbox 1277 441 1382 474; x_wconf 87' lang='lat' dir='ltr'>liberi</span> <span class='ocrx_word' id='word_1_386' title='bbox 1400 441 1492 476; x_wconf 88' lang='lat' dir='ltr'>estis.</span> <span class='ocrx_word' id='word_1_387' title='bbox 1524 440 1629 475; x_wconf 87' lang='lat' dir='ltr'>Pater</span> <span class='ocrx_word' id='word_1_388' title='bbox 1645 442 1806 484; x_wconf 89' lang='lat' dir='ltr'>promisit</span> <span class='ocrx_word' id='word_1_389' title='bbox 1822 453 1938 475; x_wconf 86' lang='lat' dir='ltr'>veram</span> <span class='ocrx_word' id='word_1_390' title='bbox 1957 441 2153 474; x_wconf 85' lang='lat' dir='ltr'>libertatem</span> <span class='ocrx_word' id='word_1_391' title='bbox 2166 464 2174 478; x_wconf 90' lang='lat'><strong><em>‚</em></strong></span> <span class='ocrx_word' id='word_1_392' title='bbox 2202 451 2270 485; x_wconf 86' lang='lat' dir='ltr'>qua</span> 
     </span>
     <span class='ocr_line' id='line_1_61' title="bbox 1278 492 2270 538; baseline -0.002 -13"><span class='ocrx_word' id='word_1_393' title='bbox 1278 492 1427 526; x_wconf 87' lang='lat' dir='ltr'>servitus</span> <span class='ocrx_word' id='word_1_394' title='bbox 1450 492 1549 526; x_wconf 85' lang='lat' dir='ltr'>fieret</span> <span class='ocrx_word' id='word_1_395' title='bbox 1572 492 1687 525; x_wconf 91' lang='lat' dir='ltr'>irrita:</span> <span class='ocrx_word' id='word_1_396' title='bbox 1716 504 1820 538; x_wconf 91' lang='lat' dir='ltr'>quam</span> <span class='ocrx_word' id='word_1_397' title='bbox 1843 493 1906 526; x_wconf 90' lang='lat' dir='ltr'>diu</span> <span class='ocrx_word' id='word_1_398' title='bbox 1922 492 2060 526; x_wconf 78' lang='lat' dir='ltr'>servitis</span> <span class='ocrx_word' id='word_1_399' title='bbox 2080 497 2220 536; x_wconf 76' lang='lat' dir='ltr'>peccato</span> <span class='ocrx_word' id='word_1_400' title='bbox 2237 495 2270 523; x_wconf 88' lang='lat' dir='ltr'>et</span> 
     </span>
     <span class='ocr_line' id='line_1_62' title="bbox 1280 540 2271 586; baseline -0.003 -10"><span class='ocrx_word' id='word_1_401' title='bbox 1280 543 1406 584; x_wconf 89' lang='lat' dir='ltr'>morti,</span> <span class='ocrx_word' id='word_1_402' title='bbox 1442 544 1576 576; x_wconf 89' lang='lat' dir='ltr'>tamdiu</span> <span class='ocrx_word' id='word_1_403' title='bbox 1602 540 1718 576; x_wconf 87' lang='lat' dir='ltr'>adhuc</span> <span class='ocrx_word' id='word_1_404' title='bbox 1740 543 1900 584; x_wconf 90' lang='lat' dir='ltr'>servitis,</span> <span class='ocrx_word' id='word_1_405' title='bbox 1935 554 2016 586; x_wconf 83' lang='lat' dir='ltr'>ergo</span> <span class='ocrx_word' id='word_1_406' title='bbox 2043 542 2203 575; x_wconf 88' lang='lat' dir='ltr'>nondum</span> <span class='ocrx_word' id='word_1_407' title='bbox 2226 541 2271 573; x_wconf 85' lang='lat' dir='ltr'>li-</span> 
     </span>
     <span class='ocr_line' id='line_1_63' title="bbox 1279 592 2272 637; baseline -0.002 -11"><span class='ocrx_word' id='word_1_408' title='bbox 1279 594 1355 626; x_wconf 89' lang='lat' dir='ltr'>beri</span> <span class='ocrx_word' id='word_1_409' title='bbox 1384 594 1477 628; x_wconf 78' lang='lat' dir='ltr'>estis,</span> <span class='ocrx_word' id='word_1_410' title='bbox 1540 593 1727 631; x_wconf 87' lang='lat' dir='ltr'>Secundo,</span> <span class='ocrx_word' id='word_1_411' title='bbox 1763 594 1908 627; x_wconf 87' lang='lat' dir='ltr'>libertas</span> <span class='ocrx_word' id='word_1_412' title='bbox 1932 594 2101 637; x_wconf 88' lang='lat' dir='ltr'>promissa</span> <span class='ocrx_word' id='word_1_413' title='bbox 2125 592 2272 632; x_wconf 78' lang='lat' dir='ltr'>confert,</span> 
     </span>
     <span class='ocr_line' id='line_1_64' title="bbox 1279 643 2272 689; baseline -0.004 -11"><span class='ocrx_word' id='word_1_414' title='bbox 1279 651 1317 678; x_wconf 88' lang='lat' dir='ltr'>ut</span> <span class='ocrx_word' id='word_1_415' title='bbox 1333 645 1377 678; x_wconf 90' lang='lat' dir='ltr'>sit</span> <span class='ocrx_word' id='word_1_416' title='bbox 1396 645 1432 677; x_wconf 91' lang='lat' dir='ltr'>in</span> <span class='ocrx_word' id='word_1_417' title='bbox 1451 651 1630 678; x_wconf 86' lang='lat' dir='ltr'>aeternum</span> <span class='ocrx_word' id='word_1_418' title='bbox 1649 644 1686 676; x_wconf 87' lang='lat' dir='ltr'>in</span> <span class='ocrx_word' id='word_1_419' title='bbox 1702 645 1806 677; x_wconf 89' lang='lat' dir='ltr'>domo</span> <span class='ocrx_word' id='word_1_420' title='bbox 1827 645 1867 685; x_wconf 83' lang='lat' dir='ltr'>is,</span> <span class='ocrx_word' id='word_1_421' title='bbox 1895 645 1953 689; x_wconf 90' lang='lat' dir='ltr'>qui</span> <span class='ocrx_word' id='word_1_422' title='bbox 1972 645 2081 678; x_wconf 82' lang='lat' dir='ltr'>factus</span> <span class='ocrx_word' id='word_1_423' title='bbox 2099 650 2147 677; x_wconf 89' lang='lat' dir='ltr'>est</span> <span class='ocrx_word' id='word_1_424' title='bbox 2166 643 2272 676; x_wconf 89' lang='lat' dir='ltr'>liber:</span> 
     </span>
     <span class='ocr_line' id='line_1_65' title="bbox 1280 695 2273 737; baseline -0.003 -8"><span class='ocrx_word' id='word_1_425' title='bbox 1280 695 1375 729; x_wconf 84' lang='lat' dir='ltr'>solus</span> <span class='ocrx_word' id='word_1_426' title='bbox 1405 695 1499 729; x_wconf 84' lang='lat' dir='ltr'>filins</span> <span class='ocrx_word' id='word_1_427' title='bbox 1530 695 1566 728; x_wconf 89' lang='lat' dir='ltr'>in</span> <span class='ocrx_word' id='word_1_428' title='bbox 1594 702 1776 729; x_wconf 89' lang='lat' dir='ltr'>aeternum</span> <span class='ocrx_word' id='word_1_429' title='bbox 1804 695 1840 727; x_wconf 92' lang='lat' dir='ltr'>in</span> <span class='ocrx_word' id='word_1_430' title='bbox 1866 696 1972 728; x_wconf 92' lang='lat' dir='ltr'>domo</span> <span class='ocrx_word' id='word_1_431' title='bbox 2005 701 2073 735; x_wconf 86' lang='lat' dir='ltr'>est,</span> <span class='ocrx_word' id='word_1_432' title='bbox 2104 705 2185 737; x_wconf 85' lang='lat' dir='ltr'>ergo</span> <span class='ocrx_word' id='word_1_433' title='bbox 2210 703 2273 726; x_wconf 77' lang='lat' dir='ltr'>vos</span> 
     </span>
     <span class='ocr_line' id='line_1_66' title="bbox 1281 745 2271 787; baseline -0.002 -8"><span class='ocrx_word' id='word_1_434' title='bbox 1281 747 1440 779; x_wconf 87' lang='lat' dir='ltr'>nondum</span> <span class='ocrx_word' id='word_1_435' title='bbox 1459 746 1561 779; x_wconf 89' lang='lat' dir='ltr'>liberi</span> <span class='ocrx_word' id='word_1_436' title='bbox 1579 747 1671 781; x_wconf 87' lang='lat' dir='ltr'>estis.</span> <span class='ocrx_word' id='word_1_437' title='bbox 1725 745 1848 780; x_wconf 87' lang='lat' dir='ltr'>Tertio</span> <span class='ocrx_word' id='word_1_438' title='bbox 1860 773 1868 787; x_wconf 91' lang='lat'><strong><em>‚</em></strong></span> <span class='ocrx_word' id='word_1_439' title='bbox 1896 746 1924 778; x_wconf 87' lang='lat' dir='ltr'>si</span> <span class='ocrx_word' id='word_1_440' title='bbox 1941 745 2036 779; x_wconf 88' lang='lat' dir='ltr'>solus</span> <span class='ocrx_word' id='word_1_441' title='bbox 2052 745 2143 779; x_wconf 89' lang='lat' dir='ltr'>filius</span> <span class='ocrx_word' id='word_1_442' title='bbox 2161 745 2197 777; x_wconf 90' lang='lat' dir='ltr'>in</span> <span class='ocrx_word' id='word_1_443' title='bbox 2215 756 2271 777; x_wconf 89' lang='lat' dir='ltr'>ae-</span> 
     </span>
     <span class='ocr_line' id='line_1_67' title="bbox 1280 793 2274 840; baseline -0.003 -10"><span class='ocrx_word' id='word_1_444' title='bbox 1280 805 1419 832; x_wconf 90' lang='lat' dir='ltr'>ternum</span> <span class='ocrx_word' id='word_1_445' title='bbox 1444 797 1480 830; x_wconf 91' lang='lat' dir='ltr'>in</span> <span class='ocrx_word' id='word_1_446' title='bbox 1503 799 1608 830; x_wconf 88' lang='lat' dir='ltr'>domo</span> <span class='ocrx_word' id='word_1_447' title='bbox 1634 803 1701 837; x_wconf 82' lang='lat' dir='ltr'>est,</span> <span class='ocrx_word' id='word_1_448' title='bbox 1735 809 1816 840; x_wconf 80' lang='lat' dir='ltr'>ergo</span> <span class='ocrx_word' id='word_1_449' title='bbox 1840 809 1944 830; x_wconf 86' lang='lat' dir='ltr'>nemo</span> <span class='ocrx_word' id='word_1_450' title='bbox 1970 797 2062 830; x_wconf 90' lang='lat' dir='ltr'>liber</span> <span class='ocrx_word' id='word_1_451' title='bbox 2083 796 2170 837; x_wconf 90' lang='lat' dir='ltr'>erit,</span> <span class='ocrx_word' id='word_1_452' title='bbox 2206 793 2274 828; x_wconf 89' lang='lat' dir='ltr'>nisi</span> 
     </span>
     <span class='ocr_line' id='line_1_68' title="bbox 1280 847 2275 894; baseline -0.001 -14"><span class='ocrx_word' id='word_1_453' title='bbox 1280 860 1383 894; x_wconf 86' lang='lat' dir='ltr'>quem</span> <span class='ocrx_word' id='word_1_454' title='bbox 1400 848 1491 881; x_wconf 88' lang='lat' dir='ltr'>filius</span> <span class='ocrx_word' id='word_1_455' title='bbox 1509 848 1723 882; x_wconf 86' lang='lat' dir='ltr'>liberaverit.</span> <span class='ocrx_word' id='word_1_456' title='bbox 1778 848 1908 882; x_wconf 88' lang='lat' dir='ltr'>Servus</span> <span class='ocrx_word' id='word_1_457' title='bbox 1925 854 1974 882; x_wconf 92' lang='lat' dir='ltr'>est</span> <span class='ocrx_word' id='word_1_458' title='bbox 1990 847 2119 892; x_wconf 88' lang='lat' dir='ltr'>peccati</span> <span class='ocrx_word' id='word_1_459' title='bbox 2132 874 2142 888; x_wconf 93' lang='lat'>‚</span> <span class='ocrx_word' id='word_1_460' title='bbox 2169 847 2275 880; x_wconf 83' lang='lat' dir='ltr'>adeo-</span> 
     </span>
     <span class='ocr_line' id='line_1_69' title="bbox 1281 898 2273 944; baseline -0.003 -12"><span class='ocrx_word' id='word_1_461' title='bbox 1281 911 1349 944; x_wconf 88' lang='lat' dir='ltr'>que</span> <span class='ocrx_word' id='word_1_462' title='bbox 1367 910 1446 932; x_wconf 92' lang='lat' dir='ltr'>reus</span> <span class='ocrx_word' id='word_1_463' title='bbox 1469 899 1611 940; x_wconf 87' lang='lat' dir='ltr'>mortis,</span> <span class='ocrx_word' id='word_1_464' title='bbox 1638 906 1671 932; x_wconf 89' lang='lat' dir='ltr'>et</span> <span class='ocrx_word' id='word_1_465' title='bbox 1695 911 1732 932; x_wconf 91' lang='lat' dir='ltr'>se</span> <span class='ocrx_word' id='word_1_466' title='bbox 1755 899 1906 932; x_wconf 85' lang='lat' dir='ltr'>liberare</span> <span class='ocrx_word' id='word_1_467' title='bbox 1929 911 2001 932; x_wconf 92' lang='lat' dir='ltr'>non</span> <span class='ocrx_word' id='word_1_468' title='bbox 2025 904 2157 943; x_wconf 87' lang='lat' dir='ltr'>potest,</span> <span class='ocrx_word' id='word_1_469' title='bbox 2185 898 2273 930; x_wconf 86' lang='lat' dir='ltr'>adeo</span> 
     </span>
     <span class='ocr_line' id='line_1_70' title="bbox 1282 947 2274 984; baseline -0.003 -1"><span class='ocrx_word' id='word_1_470' title='bbox 1282 947 1374 983; x_wconf 89' lang='lat' dir='ltr'>nihil</span> <span class='ocrx_word' id='word_1_471' title='bbox 1397 957 1448 984; x_wconf 85' lang='lat' dir='ltr'>est</span> <span class='ocrx_word' id='word_1_472' title='bbox 1472 949 1623 983; x_wconf 90' lang='lat' dir='ltr'>liberum</span> <span class='ocrx_word' id='word_1_473' title='bbox 1653 950 1850 983; x_wconf 82' lang='lat' dir='ltr'>arbitrium.</span> <span class='ocrx_word' id='word_1_474' title='bbox 1904 948 2034 984; x_wconf 83' lang='lat' dir='ltr'>Servus</span> <span class='ocrx_word' id='word_1_475' title='bbox 2057 960 2130 982; x_wconf 92' lang='lat' dir='ltr'>non</span> <span class='ocrx_word' id='word_1_476' title='bbox 2155 953 2274 981; x_wconf 87' lang='lat' dir='ltr'>manet</span> 
     </span>
     <span class='ocr_line' id='line_1_71' title="bbox 1282 998 2276 1045; baseline -0.002 -12"><span class='ocrx_word' id='word_1_477' title='bbox 1282 1007 1346 1035; x_wconf 90' lang='lat' dir='ltr'>etc.</span> <span class='ocrx_word' id='word_1_478' title='bbox 1361 1027 1370 1041; x_wconf 90' lang='lat'>,</span> <span class='ocrx_word' id='word_1_479' title='bbox 1398 1001 1421 1036; x_wconf 92' lang='lat' dir='ltr'>i.</span> <span class='ocrx_word' id='word_1_480' title='bbox 1441 1013 1470 1035; x_wconf 87' lang='lat' dir='ltr'>e.</span> <span class='ocrx_word' id='word_1_481' title='bbox 1488 1013 1560 1034; x_wconf 88' lang='lat' dir='ltr'>non</span> <span class='ocrx_word' id='word_1_482' title='bbox 1581 1007 1631 1034; x_wconf 90' lang='lat' dir='ltr'>est</span> <span class='ocrx_word' id='word_1_483' title='bbox 1647 998 1770 1034; x_wconf 78' lang='lat' dir='ltr'>haeres</span> <span class='ocrx_word' id='word_1_484' title='bbox 1793 1001 2085 1045; x_wconf 63' lang='lat' dir='ltr'>promissionum</span> <span class='ocrx_word' id='word_1_485' title='bbox 2114 1010 2195 1043; x_wconf 83' lang='lat' dir='ltr'>ergo</span> <span class='ocrx_word' id='word_1_486' title='bbox 2212 1009 2276 1031; x_wconf 92' lang='lat' dir='ltr'>nec</span> 
     </span>
     <span class='ocr_line' id='line_1_72' title="bbox 1282 1049 2275 1096; baseline -0.003 -12"><span class='ocrx_word' id='word_1_487' title='bbox 1282 1063 1344 1085; x_wconf 91' lang='lat' dir='ltr'>vos</span> <span class='ocrx_word' id='word_1_488' title='bbox 1359 1051 1440 1085; x_wconf 87' lang='lat' dir='ltr'>estis</span> <span class='ocrx_word' id='word_1_489' title='bbox 1457 1049 1624 1085; x_wconf 88' lang='lat' dir='ltr'>haeredes</span> <span class='ocrx_word' id='word_1_490' title='bbox 1643 1052 1834 1096; x_wconf 86' lang='lat' dir='ltr'>promissae</span> <span class='ocrx_word' id='word_1_491' title='bbox 1851 1051 2043 1092; x_wconf 83' lang='lat' dir='ltr'>libertatis,</span> <span class='ocrx_word' id='word_1_492' title='bbox 2078 1050 2159 1096; x_wconf 86' lang='lat' dir='ltr'>quia</span> <span class='ocrx_word' id='word_1_493' title='bbox 2183 1049 2275 1083; x_wconf 74' lang='lat' dir='ltr'>servi</span> 
     </span>
    </p>
   </div>
   <div class='ocr_carea' id='block_1_14' title="bbox 1282 1099 2277 1198">
    <p class='ocr_par' dir='ltr' id='par_1_14' title="bbox 1252 727 2277 1830">
     <span class='ocr_line' id='line_1_73' title="bbox 1283 1099 2277 1137; baseline -0.004 -1.121"><span class='ocrx_word' id='word_1_494' title='bbox 1283 1103 1374 1136; x_wconf 90' lang='lat' dir='ltr'>estis.</span> <span class='ocrx_word' id='word_1_495' title='bbox 1429 1102 1542 1136; x_wconf 85' lang='lat' dir='ltr'>Filius</span> <span class='ocrx_word' id='word_1_496' title='bbox 1566 1109 1681 1136; x_wconf 88' lang='lat' dir='ltr'>autem</span> <span class='ocrx_word' id='word_1_497' title='bbox 1700 1110 1819 1137; x_wconf 88' lang='lat' dir='ltr'>manet</span> <span class='ocrx_word' id='word_1_498' title='bbox 1845 1103 1881 1135; x_wconf 90' lang='lat' dir='ltr'>in</span> <span class='ocrx_word' id='word_1_499' title='bbox 1907 1110 2099 1136; x_wconf 87' lang='lat' dir='ltr'>aeternum.</span> <span class='ocrx_word' id='word_1_500' title='bbox 2154 1099 2204 1135; x_wconf 82' lang='lat' dir='ltr'>lta</span> <span class='ocrx_word' id='word_1_501' title='bbox 2230 1099 2277 1132; x_wconf 89' lang='lat' dir='ltr'>si-</span> 
     </span>
     <span class='ocr_line' id='line_1_74' title="bbox 1282 1151 2275 1198; baseline -0.003 -12.085"><span class='ocrx_word' id='word_1_502' title='bbox 1282 1154 1357 1187; x_wconf 77' lang='lat' dir='ltr'>mil</span> <span class='ocrx_word' id='word_1_503' title='bbox 1383 1160 1522 1188; x_wconf 83' lang='lat' dir='ltr'>accusat</span> <span class='ocrx_word' id='word_1_504' title='bbox 1538 1165 1662 1187; x_wconf 89' lang='lat' dir='ltr'>omnes</span> <span class='ocrx_word' id='word_1_505' title='bbox 1689 1151 1851 1187; x_wconf 88' lang='lat' dir='ltr'>homines</span> <span class='ocrx_word' id='word_1_506' title='bbox 1877 1153 2026 1198; x_wconf 86' lang='lat' dir='ltr'>peccati,</span> <span class='ocrx_word' id='word_1_507' title='bbox 2058 1163 2137 1186; x_wconf 87' lang='lat' dir='ltr'>cum</span> <span class='ocrx_word' id='word_1_508' title='bbox 2161 1151 2275 1184; x_wconf 90' lang='lat' dir='ltr'>solum</span> 
     </span>
    </p>
   </div>
   <div class='ocr_carea' id='block_1_15' title="bbox 1248 236 1251 319">
    <p class='ocr_par' dir='ltr' id='par_1_15' title="bbox 1248 236 1251 319">
     <span class='ocr_line' id='line_1_75' title="bbox 1248 236 1251 319; baseline 0 2596"><span class='ocrx_word' id='word_1_509' title='bbox 1248 236 1251 319; x_wconf 95' lang='lat' dir='ltr'> </span> 
     </span>
    </p>
   </div>
   <div class='ocr_carea' id='block_1_16' title="bbox 1282 1202 2278 1291">
    <p class='ocr_par' dir='ltr' id='par_1_16' title="bbox 1282 1202 2278 1291">
     <span class='ocr_line' id='line_1_76' title="bbox 1282 1202 2278 1249; baseline -0.003 -12"><span class='ocrx_word' id='word_1_510' title='bbox 1282 1205 1395 1238; x_wconf 89' lang='lat' dir='ltr'>filium</span> <span class='ocrx_word' id='word_1_511' title='bbox 1429 1211 1603 1239; x_wconf 86' lang='lat' dir='ltr'>asseverat</span> <span class='ocrx_word' id='word_1_512' title='bbox 1633 1217 1774 1238; x_wconf 88' lang='lat' dir='ltr'>manere</span> <span class='ocrx_word' id='word_1_513' title='bbox 1805 1206 1843 1238; x_wconf 91' lang='lat' dir='ltr'>in</span> <span class='ocrx_word' id='word_1_514' title='bbox 1872 1206 1978 1238; x_wconf 92' lang='lat' dir='ltr'>domo</span> <span class='ocrx_word' id='word_1_515' title='bbox 2010 1203 2118 1249; x_wconf 88' lang='lat' dir='ltr'>patris</span> <span class='ocrx_word' id='word_1_516' title='bbox 2151 1202 2188 1235; x_wconf 90' lang='lat' dir='ltr'>in</span> <span class='ocrx_word' id='word_1_517' title='bbox 2219 1213 2278 1235; x_wconf 88' lang='lat' dir='ltr'>ae-</span> 
     </span>
     <span class='ocr_line' id='line_1_77' title="bbox 1283 1262 1439 1291; baseline -0.013 -1"><span class='ocrx_word' id='word_1_518' title='bbox 1283 1262 1439 1291; x_wconf 81' lang='lat' dir='ltr'>ternum.</span> 
     </span>
    </p>
   </div>
   <div class='ocr_carea' id='block_1_17' title="bbox 1469 1329 2091 1377">
    <p class='ocr_par' dir='ltr' id='par_1_17' title="bbox 1469 1329 2091 1377">
     <span class='ocr_line' id='line_1_78' title="bbox 1469 1329 2091 1377; baseline 0.003 -13"><span class='ocrx_word' id='word_1_519' title='bbox 1469 1330 1516 1365; x_wconf 79' lang='lat' dir='ltr'>Si</span> <span class='ocrx_word' id='word_1_520' title='bbox 1538 1343 1623 1377; x_wconf 78' lang='lat' dir='ltr'>crgo</span> <span class='ocrx_word' id='word_1_521' title='bbox 1648 1343 1708 1365; x_wconf 68' lang='lat' dir='ltr'>cos</span> <span class='ocrx_word' id='word_1_522' title='bbox 1731 1329 1844 1376; x_wconf 85' lang='lat' dir='ltr'>filius</span> <span class='ocrx_word' id='word_1_523' title='bbox 1870 1330 2091 1366; x_wconf 67' lang='lat' dir='ltr'>liberaverit.</span> 
     </span>
    </p>
   </div>
   <div class='ocr_carea' id='block_1_18' title="bbox 1284 1404 2281 1602">
    <p class='ocr_par' dir='ltr' id='par_1_18' title="bbox 1284 1404 2281 1602">
     <span class='ocr_line' id='line_1_79' title="bbox 1385 1404 2277 1451; baseline -0.002 -12"><span class='ocrx_word' id='word_1_524' title='bbox 1385 1404 1453 1440; x_wconf 81' lang='lat' dir='ltr'>Hic</span> <span class='ocrx_word' id='word_1_525' title='bbox 1486 1407 1605 1448; x_wconf 88' lang='lat' dir='ltr'>docet,</span> <span class='ocrx_word' id='word_1_526' title='bbox 1645 1408 1824 1451; x_wconf 85' lang='lat' dir='ltr'>quomodo</span> <span class='ocrx_word' id='word_1_527' title='bbox 1853 1419 1916 1439; x_wconf 91' lang='lat' dir='ltr'>nos</span> <span class='ocrx_word' id='word_1_528' title='bbox 1948 1412 1979 1440; x_wconf 88' lang='lat' dir='ltr'>et</span> <span class='ocrx_word' id='word_1_529' title='bbox 2007 1406 2129 1439; x_wconf 87' lang='lat' dir='ltr'>fiamus</span> <span class='ocrx_word' id='word_1_530' title='bbox 2162 1404 2277 1446; x_wconf 87' lang='lat' dir='ltr'>liberi,</span> 
     </span>
     <span class='ocr_line' id='line_1_80' title="bbox 1284 1455 2279 1500; baseline -0.002 -10"><span class='ocrx_word' id='word_1_531' title='bbox 1284 1468 1344 1491; x_wconf 89' lang='lat' dir='ltr'>seu</span> <span class='ocrx_word' id='word_1_532' title='bbox 1370 1455 1538 1490; x_wconf 83' lang='lat' dir='ltr'>haeredes</span> <span class='ocrx_word' id='word_1_533' title='bbox 1561 1457 1752 1500; x_wconf 84' lang='lat' dir='ltr'>promissae</span> <span class='ocrx_word' id='word_1_534' title='bbox 1779 1457 1969 1496; x_wconf 78' lang='lat' dir='ltr'>libertatis,</span> <span class='ocrx_word' id='word_1_535' title='bbox 1997 1457 2128 1490; x_wconf 90' lang='lat' dir='ltr'>erimus</span> <span class='ocrx_word' id='word_1_536' title='bbox 2148 1463 2279 1496; x_wconf 88' lang='lat' dir='ltr'>autem,</span> 
     </span>
     <span class='ocr_line' id='line_1_81' title="bbox 1284 1506 2281 1551; baseline -0.001 -11"><span class='ocrx_word' id='word_1_537' title='bbox 1284 1509 1312 1541; x_wconf 92' lang='lat' dir='ltr'>si</span> <span class='ocrx_word' id='word_1_538' title='bbox 1339 1508 1432 1540; x_wconf 84' lang='lat' dir='ltr'>filius</span> <span class='ocrx_word' id='word_1_539' title='bbox 1460 1519 1525 1540; x_wconf 83' lang='lat' dir='ltr'>nos</span> <span class='ocrx_word' id='word_1_540' title='bbox 1557 1507 1698 1541; x_wconf 87' lang='lat' dir='ltr'>liberet:</span> <span class='ocrx_word' id='word_1_541' title='bbox 1736 1519 1816 1551; x_wconf 84' lang='lat' dir='ltr'>ergo</span> <span class='ocrx_word' id='word_1_542' title='bbox 1840 1520 1912 1541; x_wconf 89' lang='lat' dir='ltr'>non</span> <span class='ocrx_word' id='word_1_543' title='bbox 1938 1508 2130 1540; x_wconf 83' lang='lat' dir='ltr'>liberamur</span> <span class='ocrx_word' id='word_1_544' title='bbox 2151 1506 2281 1540; x_wconf 89' lang='lat' dir='ltr'>nostris</span> 
     </span>
     <span class='ocr_line' id='line_1_82' title="bbox 1286 1558 1694 1602; baseline 0.005 -11"><span class='ocrx_word' id='word_1_545' title='bbox 1286 1559 1420 1592; x_wconf 86' lang='lat' dir='ltr'>viribus</span> <span class='ocrx_word' id='word_1_546' title='bbox 1438 1564 1497 1591; x_wconf 90' lang='lat' dir='ltr'>aut</span> <span class='ocrx_word' id='word_1_547' title='bbox 1516 1558 1694 1602; x_wconf 87' lang='lat' dir='ltr'>operibus.</span> 
     </span>
    </p>
   </div>
   <div class='ocr_carea' id='block_1_19' title="bbox 1457 1639 2111 1691">
    <p class='ocr_par' dir='ltr' id='par_1_19' title="bbox 1457 1639 2111 1691">
     <span class='ocr_line' id='line_1_83' title="bbox 1457 1639 2111 1691; baseline 0 -16"><span class='ocrx_word' id='word_1_548' title='bbox 1457 1640 1557 1685; x_wconf 80' lang='lat' dir='ltr'>Scio,</span> <span class='ocrx_word' id='word_1_549' title='bbox 1585 1640 1686 1691; x_wconf 76' lang='lat' dir='ltr'>quod</span> <span class='ocrx_word' id='word_1_550' title='bbox 1703 1640 1790 1688; x_wconf 84' lang='lat' dir='ltr'>filii</span> <span class='ocrx_word' id='word_1_551' title='bbox 1817 1639 1992 1676; x_wconf 79' lang='lat' dir='ltr'>Abrahae</span> <span class='ocrx_word' id='word_1_552' title='bbox 2017 1641 2111 1676; x_wconf 79' lang='lat' dir='ltr'>sitis.</span> 
     </span>
    </p>
   </div>
   <div class='ocr_carea' id='block_1_20' title="bbox 1259 1709 2284 2268">
    <p class='ocr_par' dir='ltr' id='par_1_20' title="bbox 1259 1709 2284 2268">
     <span class='ocr_line' id='line_1_84' title="bbox 1390 1709 2280 1751; baseline -0.002 -7"><span class='ocrx_word' id='word_1_553' title='bbox 1390 1710 1548 1750; x_wconf 83' lang='lat' dir='ltr'>Scilicet,</span> <span class='ocrx_word' id='word_1_554' title='bbox 1576 1713 1769 1745; x_wconf 88' lang='lat' dir='ltr'>secundum</span> <span class='ocrx_word' id='word_1_555' title='bbox 1794 1723 1946 1744; x_wconf 89' lang='lat' dir='ltr'>carnem.</span> <span class='ocrx_word' id='word_1_556' title='bbox 2001 1709 2132 1751; x_wconf 85' lang='lat' dir='ltr'>Porro,</span> <span class='ocrx_word' id='word_1_557' title='bbox 2162 1720 2280 1743; x_wconf 83' lang='lat' dir='ltr'>semen</span> 
     </span>
     <span class='ocr_line' id='line_1_85' title="bbox 1287 1760 2282 1806; baseline -0.003 -10"><span class='ocrx_word' id='word_1_558' title='bbox 1287 1764 1481 1796; x_wconf 82' lang='lat' dir='ltr'>secundum</span> <span class='ocrx_word' id='word_1_559' title='bbox 1521 1775 1661 1796; x_wconf 87' lang='lat' dir='ltr'>carnem</span> <span class='ocrx_word' id='word_1_560' title='bbox 1694 1775 1766 1795; x_wconf 91' lang='lat' dir='ltr'>non</span> <span class='ocrx_word' id='word_1_561' title='bbox 1798 1770 1847 1796; x_wconf 89' lang='lat' dir='ltr'>est</span> <span class='ocrx_word' id='word_1_562' title='bbox 1882 1760 2003 1795; x_wconf 72' lang='lat' dir='ltr'>imeres</span> <span class='ocrx_word' id='word_1_563' title='bbox 2035 1761 2282 1806; x_wconf 85' lang='lat' dir='ltr'>promissionis</span> 
     </span>
     <span class='ocr_line' id='line_1_86' title="bbox 1259 1812 2282 1876; baseline -0.002 -30"><span class='ocrx_word' id='word_1_564' title='bbox 1259 1843 1262 1876; x_wconf 30' lang='grc' dir='ltr'>γ</span> <span class='ocrx_word' id='word_1_565' title='bbox 1288 1814 1398 1847; x_wconf 77' lang='lat' dir='ltr'>sactae</span> <span class='ocrx_word' id='word_1_566' title='bbox 1416 1812 1600 1853; x_wconf 73' lang='lat' dir='ltr'>Abrabae,</span> <span class='ocrx_word' id='word_1_567' title='bbox 1629 1815 1688 1847; x_wconf 82' lang='lat' dir='ltr'>sed</span> <span class='ocrx_word' id='word_1_568' title='bbox 1715 1825 1832 1847; x_wconf 86' lang='lat' dir='ltr'>semen</span> <span class='ocrx_word' id='word_1_569' title='bbox 1849 1813 2042 1846; x_wconf 86' lang='lat' dir='ltr'>secundum</span> <span class='ocrx_word' id='word_1_570' title='bbox 2062 1812 2282 1852; x_wconf 83' lang='lat' dir='ltr'>electionem,</span> 
     </span>
     <span class='ocr_line' id='line_1_87' title="bbox 1260 1862 2282 1909; baseline -0.002 -12"><span class='ocrx_word' id='word_1_571' title='bbox 1260 1877 1262 1887; x_wconf 52' lang='lat' dir='ltr'><em>r</em></span> <span class='ocrx_word' id='word_1_572' title='bbox 1289 1862 1355 1898; x_wconf 84' lang='lat' dir='ltr'>boc</span> <span class='ocrx_word' id='word_1_573' title='bbox 1372 1871 1439 1908; x_wconf 83' lang='lat' dir='ltr'>est,</span> <span class='ocrx_word' id='word_1_574' title='bbox 1476 1865 1536 1909; x_wconf 78' lang='lat' dir='ltr'>qui</span> <span class='ocrx_word' id='word_1_575' title='bbox 1563 1877 1600 1898; x_wconf 79' lang='lat' dir='ltr'>ea</span> <span class='ocrx_word' id='word_1_576' title='bbox 1626 1866 1692 1898; x_wconf 77' lang='lat' dir='ltr'>fide</span> <span class='ocrx_word' id='word_1_577' title='bbox 1717 1865 1829 1898; x_wconf 79' lang='lat' dir='ltr'>renati</span> <span class='ocrx_word' id='word_1_578' title='bbox 1857 1871 1956 1904; x_wconf 82' lang='lat' dir='ltr'>sunt,</span> <span class='ocrx_word' id='word_1_579' title='bbox 1983 1876 2051 1909; x_wconf 87' lang='lat' dir='ltr'>qua</span> <span class='ocrx_word' id='word_1_580' title='bbox 2075 1863 2282 1897; x_wconf 77' lang='lat' dir='ltr'>iustificatos</span> 
     </span>
     <span class='ocr_line' id='line_1_88' title="bbox 1260 1912 2281 1959; baseline -0.003 -11"><span class='ocrx_word' id='word_1_581' title='bbox 1260 1924 1263 1937; x_wconf 73' lang='lat'><em>⁵</em></span> <span class='ocrx_word' id='word_1_582' title='bbox 1288 1922 1338 1949; x_wconf 85' lang='lat' dir='ltr'>est</span> <span class='ocrx_word' id='word_1_583' title='bbox 1367 1913 1549 1949; x_wconf 69' lang='lat' dir='ltr'>Abraham</span> <span class='ocrx_word' id='word_1_584' title='bbox 1582 1923 1615 1950; x_wconf 88' lang='lat' dir='ltr'>et</span> <span class='ocrx_word' id='word_1_585' title='bbox 1648 1917 1760 1949; x_wconf 81' lang='lat' dir='ltr'>sactus</span> <span class='ocrx_word' id='word_1_586' title='bbox 1792 1922 1889 1959; x_wconf 79' lang='lat' dir='ltr'>pater</span> <span class='ocrx_word' id='word_1_587' title='bbox 1917 1928 1988 1948; x_wconf 87' lang='lat' dir='ltr'>non</span> <span class='ocrx_word' id='word_1_588' title='bbox 2014 1912 2119 1947; x_wconf 86' lang='lat' dir='ltr'>huius</span> <span class='ocrx_word' id='word_1_589' title='bbox 2144 1921 2281 1947; x_wconf 79' lang='lat' dir='ltr'>tantum</span> 
     </span>
     <span class='ocr_line' id='line_1_89' title="bbox 1260 1963 2283 2010; baseline -0.004 -10"><span class='ocrx_word' id='word_1_590' title='bbox 1260 1973 1263 2000; x_wconf 78' lang='lat' dir='ltr'>i</span> <span class='ocrx_word' id='word_1_591' title='bbox 1290 1968 1430 2010; x_wconf 75' lang='lat' dir='ltr'>populi,</span> <span class='ocrx_word' id='word_1_592' title='bbox 1457 1969 1514 2000; x_wconf 74' lang='lat' dir='ltr'>sed</span> <span class='ocrx_word' id='word_1_593' title='bbox 1535 1967 1694 1999; x_wconf 89' lang='lat' dir='ltr'>omnium</span> <span class='ocrx_word' id='word_1_594' title='bbox 1721 1967 1890 2009; x_wconf 84' lang='lat' dir='ltr'>gentium.</span> <span class='ocrx_word' id='word_1_595' title='bbox 1946 1965 1992 1999; x_wconf 78' lang='lat' dir='ltr'>lli</span> <span class='ocrx_word' id='word_1_596' title='bbox 2018 1964 2082 1999; x_wconf 83' lang='lat' dir='ltr'>filii</span> <span class='ocrx_word' id='word_1_597' title='bbox 2099 1963 2164 1998; x_wconf 88' lang='lat' dir='ltr'>Dei</span> <span class='ocrx_word' id='word_1_598' title='bbox 2188 1970 2283 2002; x_wconf 87' lang='lat' dir='ltr'>sunt,</span> 
     </span>
     <span class='ocr_line' id='line_1_90' title="bbox 1261 2001 2283 2060; baseline -0.002 -10"><span class='ocrx_word' id='word_1_599' title='bbox 1261 2001 1263 2057; x_wconf 71' lang='lat' dir='ltr'>l</span> <span class='ocrx_word' id='word_1_600' title='bbox 1290 2018 1383 2052; x_wconf 82' lang='lat' dir='ltr'>iuxta</span> <span class='ocrx_word' id='word_1_601' title='bbox 1406 2018 1511 2050; x_wconf 81' lang='lat' dir='ltr'>illud:</span> <span class='ocrx_word' id='word_1_602' title='bbox 1542 2017 1613 2060; x_wconf 84' lang='lat' dir='ltr'>Qui</span> <span class='ocrx_word' id='word_1_603' title='bbox 1639 2030 1710 2051; x_wconf 90' lang='lat' dir='ltr'>non</span> <span class='ocrx_word' id='word_1_604' title='bbox 1731 2030 1770 2051; x_wconf 81' lang='lat' dir='ltr'>ex</span> <span class='ocrx_word' id='word_1_605' title='bbox 1787 2017 2039 2060; x_wconf 79' lang='lat' dir='ltr'>sanguinibus,</span> <span class='ocrx_word' id='word_1_606' title='bbox 2066 2017 2125 2049; x_wconf 90' lang='lat' dir='ltr'>sed</span> <span class='ocrx_word' id='word_1_607' title='bbox 2149 2027 2189 2049; x_wconf 78' lang='lat' dir='ltr'>ex</span> <span class='ocrx_word' id='word_1_608' title='bbox 2207 2013 2283 2048; x_wconf 80' lang='lat' dir='ltr'>Deo</span> 
     </span>
     <span class='ocr_line' id='line_1_91' title="bbox 1261 2066 2283 2143; baseline -0.002 -42"><span class='ocrx_word' id='word_1_609' title='bbox 1261 2068 1264 2143; x_wconf 52' lang='grc'>1</span> <span class='ocrx_word' id='word_1_610' title='bbox 1290 2069 1361 2101; x_wconf 82' lang='lat' dir='ltr'>nati</span> <span class='ocrx_word' id='word_1_611' title='bbox 1383 2077 1484 2108; x_wconf 84' lang='lat' dir='ltr'>sunt,</span> <span class='ocrx_word' id='word_1_612' title='bbox 1514 2067 1638 2102; x_wconf 88' lang='lat' dir='ltr'>loann.</span> <span class='ocrx_word' id='word_1_613' title='bbox 1659 2068 1683 2101; x_wconf 92' lang='grc' dir='ltr'>Ι.</span> <span class='ocrx_word' id='word_1_614' title='bbox 1736 2067 1835 2102; x_wconf 71' lang='lat' dir='ltr'>Adeo</span> <span class='ocrx_word' id='word_1_615' title='bbox 1855 2068 1952 2101; x_wconf 79' lang='lat' dir='ltr'>nulla</span> <span class='ocrx_word' id='word_1_616' title='bbox 1968 2074 2019 2101; x_wconf 86' lang='lat' dir='ltr'>est</span> <span class='ocrx_word' id='word_1_617' title='bbox 2042 2066 2283 2112; x_wconf 74' lang='lat' dir='ltr'>praerogativa</span> 
     </span>
     <span class='ocr_line' id='line_1_92' title="bbox 1290 2117 2284 2163; baseline -0.002 -11"><span class='ocrx_word' id='word_1_618' title='bbox 1290 2121 1424 2157; x_wconf 85' lang='lat' dir='ltr'>carnis,</span> <span class='ocrx_word' id='word_1_619' title='bbox 1451 2131 1598 2163; x_wconf 83' lang='lat' dir='ltr'>operum</span> <span class='ocrx_word' id='word_1_620' title='bbox 1616 2120 1679 2153; x_wconf 87' lang='lat' dir='ltr'>ulli</span> <span class='ocrx_word' id='word_1_621' title='bbox 1700 2117 1835 2153; x_wconf 83' lang='lat' dir='ltr'>homini</span> <span class='ocrx_word' id='word_1_622' title='bbox 1854 2131 1935 2163; x_wconf 77' lang='lat' dir='ltr'>prae</span> <span class='ocrx_word' id='word_1_623' title='bbox 1958 2119 2028 2152; x_wconf 86' lang='lat' dir='ltr'>alio</span> <span class='ocrx_word' id='word_1_624' title='bbox 2055 2126 2094 2153; x_wconf 87' lang='lat' dir='ltr'>ut</span> <span class='ocrx_word' id='word_1_625' title='bbox 2119 2117 2284 2151; x_wconf 78' lang='lat' dir='ltr'>iustifice-</span> 
     </span>
     <span class='ocr_line' id='line_1_93' title="bbox 1292 2170 2284 2215; baseline -0.003 -11"><span class='ocrx_word' id='word_1_626' title='bbox 1292 2178 1366 2212; x_wconf 86' lang='lat' dir='ltr'>tur,</span> <span class='ocrx_word' id='word_1_627' title='bbox 1392 2172 1449 2204; x_wconf 78' lang='lat' dir='ltr'>sed</span> <span class='ocrx_word' id='word_1_628' title='bbox 1478 2173 1612 2204; x_wconf 85' lang='lat' dir='ltr'>donum</span> <span class='ocrx_word' id='word_1_629' title='bbox 1632 2170 1698 2203; x_wconf 79' lang='lat' dir='ltr'>Dei</span> <span class='ocrx_word' id='word_1_630' title='bbox 1725 2177 1776 2205; x_wconf 90' lang='lat' dir='ltr'>est</span> <span class='ocrx_word' id='word_1_631' title='bbox 1800 2171 1866 2204; x_wconf 76' lang='lat' dir='ltr'>sule</span> <span class='ocrx_word' id='word_1_632' title='bbox 1891 2170 2110 2204; x_wconf 76' lang='lat' dir='ltr'>iustificantis</span> <span class='ocrx_word' id='word_1_633' title='bbox 2134 2180 2284 2215; x_wconf 85' lang='lat' dir='ltr'>quomo—</span> 
     </span>
     <span class='ocr_line' id='line_1_94' title="bbox 1291 2222 1701 2268; baseline -0.005 -12"><span class='ocrx_word' id='word_1_634' title='bbox 1291 2223 1478 2268; x_wconf 86' lang='lat' dir='ltr'>docunque</span> <span class='ocrx_word' id='word_1_635' title='bbox 1495 2222 1701 2267; x_wconf 81' lang='lat' dir='ltr'>peccaveris.</span> 
     </span>
    </p>
   </div>
   <div class='ocr_carea' id='block_1_21' title="bbox 1539 2311 2035 2361">
    <p class='ocr_par' dir='ltr' id='par_1_21' title="bbox 1539 2311 2035 2361">
     <span class='ocr_line' id='line_1_95' title="bbox 1539 2311 2035 2361; baseline 0.002 -14"><span class='ocrx_word' id='word_1_636' title='bbox 1539 2312 1730 2361; x_wconf 59' lang='grc' dir='ltr'>φυσιν-ἰῆς</span> <span class='ocrx_word' id='word_1_637' title='bbox 1752 2326 1805 2348; x_wconf 84' lang='lat' dir='ltr'>me</span> <span class='ocrx_word' id='word_1_638' title='bbox 1831 2311 2035 2358; x_wconf 73' lang='lat' dir='ltr'>interficere.</span> 
     </span>
    </p>
   </div>
   <div class='ocr_carea' id='block_1_22' title="bbox 1295 2387 2284 2587">
    <p class='ocr_par' dir='ltr' id='par_1_22' title="bbox 1295 2387 2284 2587">
     <span class='ocr_line' id='line_1_96' title="bbox 1395 2387 2284 2435; baseline 0 -13"><span class='ocrx_word' id='word_1_639' title='bbox 1395 2389 1555 2426; x_wconf 65' lang='lat' dir='ltr'>Scilicet.</span> <span class='ocrx_word' id='word_1_640' title='bbox 1595 2390 1675 2435; x_wconf 78' lang='lat' dir='ltr'>quia</span> <span class='ocrx_word' id='word_1_641' title='bbox 1700 2391 1840 2424; x_wconf 75' lang='lat' dir='ltr'>carnale</span> <span class='ocrx_word' id='word_1_642' title='bbox 1861 2402 1976 2424; x_wconf 81' lang='lat' dir='ltr'>semen</span> <span class='ocrx_word' id='word_1_643' title='bbox 2004 2387 2168 2424; x_wconf 68' lang='lat' dir='ltr'>Abrahae</span> <span class='ocrx_word' id='word_1_644' title='bbox 2191 2389 2284 2429; x_wconf 71' lang='lat' dir='ltr'>ostis,</span> 
     </span>
     <span class='ocr_line' id='line_1_97' title="bbox 1295 2438 2282 2486; baseline -0.002 -12"><span class='ocrx_word' id='word_1_645' title='bbox 1295 2442 1373 2474; x_wconf 83' lang='lat' dir='ltr'>ideo</span> <span class='ocrx_word' id='word_1_646' title='bbox 1392 2442 1558 2486; x_wconf 68' lang='lat' dir='ltr'>qum-ritis</span> <span class='ocrx_word' id='word_1_647' title='bbox 1583 2454 1636 2474; x_wconf 83' lang='lat' dir='ltr'>me</span> <span class='ocrx_word' id='word_1_648' title='bbox 1663 2441 1873 2475; x_wconf 74' lang='lat' dir='ltr'>interficere:</span> <span class='ocrx_word' id='word_1_649' title='bbox 1907 2442 2001 2475; x_wconf 66' lang='lat' dir='ltr'>iuxta</span> <span class='ocrx_word' id='word_1_650' title='bbox 2028 2442 2132 2474; x_wconf 85' lang='lat' dir='ltr'>illud:</span> <span class='ocrx_word' id='word_1_651' title='bbox 2163 2438 2206 2474; x_wconf 83' lang='lat' dir='ltr'>Et</span> <span class='ocrx_word' id='word_1_652' title='bbox 2229 2440 2282 2474; x_wconf 76' lang='lat' dir='ltr'>sui</span> 
     </span>
     <span class='ocr_line' id='line_1_98' title="bbox 1762 2490 2283 2526; baseline -0.004 -1"><span class='ocrx_word' id='word_1_653' title='bbox 1762 2492 2036 2526; x_wconf 60' lang='lat' dir='ltr'>Psatm.xt&#39;11.:</span> <span class='ocrx_word' id='word_1_654' title='bbox 2066 2491 2147 2525; x_wconf 74' lang='lat' dir='ltr'>Filii</span> <span class='ocrx_word' id='word_1_655' title='bbox 2177 2490 2283 2525; x_wconf 74' lang='lat' dir='ltr'>alieni</span> 
     </span>
     <span class='ocr_line' id='line_1_99' title="bbox 1727 2542 2282 2587; baseline 0 -13"><span class='ocrx_word' id='word_1_656' title='bbox 1727 2544 1820 2586; x_wconf 77' lang='lat' dir='ltr'>Quia</span> <span class='ocrx_word' id='word_1_657' title='bbox 1846 2555 1960 2577; x_wconf 78' lang='lat' dir='ltr'>sermo</span> <span class='ocrx_word' id='word_1_658' title='bbox 1988 2551 2073 2582; x_wconf 82' lang='lat' dir='ltr'>etc..</span> <span class='ocrx_word' id='word_1_659' title='bbox 2102 2543 2124 2579; x_wconf 89' lang='lat' dir='ltr'>i.</span> <span class='ocrx_word' id='word_1_660' title='bbox 2147 2555 2176 2578; x_wconf 76' lang='lat' dir='ltr'>e.</span> <span class='ocrx_word' id='word_1_661' title='bbox 2200 2542 2282 2587; x_wconf 81' lang='lat' dir='ltr'>quia</span> 
     </span>
    </p>
   </div>
   <div class='ocr_carea' id='block_1_23' title="bbox 1265 2593 2284 2699">
    <p class='ocr_par' dir='ltr' id='par_1_23' title="bbox 1265 2593 2284 2699">
     <span class='ocr_line' id='line_1_100' title="bbox 1295 2593 2284 2679; baseline -0.002 -51"><span class='ocrx_word' id='word_1_662' title='bbox 1295 2608 1357 2679; x_wconf 63' lang='grc' dir='ltr'>πὸοε</span> <span class='ocrx_word' id='word_1_663' title='bbox 1390 2594 1585 2639; x_wconf 80' lang='lat' dir='ltr'>intelligitis</span> <span class='ocrx_word' id='word_1_664' title='bbox 1611 2607 1672 2628; x_wconf 89' lang='lat' dir='ltr'>nec</span> <span class='ocrx_word' id='word_1_665' title='bbox 1699 2595 1821 2638; x_wconf 80' lang='lat' dir='ltr'>capitis</span> <span class='ocrx_word' id='word_1_666' title='bbox 1845 2607 2022 2629; x_wconf 82' lang='lat' dir='ltr'>sermones</span> <span class='ocrx_word' id='word_1_667' title='bbox 2054 2605 2167 2631; x_wconf 71' lang='lat' dir='ltr'>meos.</span> <span class='ocrx_word' id='word_1_668' title='bbox 2202 2593 2284 2638; x_wconf 78' lang='lat' dir='ltr'>quia</span> 
     </span>
     <span class='ocr_line' id='line_1_101' title="bbox 1265 2653 1478 2699; baseline -0.005 -20"><span class='ocrx_word' id='word_1_669' title='bbox 1265 2664 1270 2699; x_wconf 61' lang='grc' dir='ltr'>Ι</span> <span class='ocrx_word' id='word_1_670' title='bbox 1331 2659 1359 2679; x_wconf 76' lang='lat' dir='ltr'>ri</span> <span class='ocrx_word' id='word_1_671' title='bbox 1387 2653 1478 2680; x_wconf 88' lang='lat' dir='ltr'>sunt.</span> 
     </span>
    </p>
   </div>
   <div class='ocr_carea' id='block_1_24' title="bbox 1266 2500 1707 2589">
    <p class='ocr_par' dir='ltr' id='par_1_24' title="bbox 1266 2500 1707 2589">
     <span class='ocr_line' id='line_1_102' title="bbox 1266 2500 1707 2539; baseline 0.002 -14"><span class='ocrx_word' id='word_1_672' title='bbox 1266 2532 1267 2539; x_wconf 14' lang='grc' dir='ltr'>ἵ</span> <span class='ocrx_word' id='word_1_673' title='bbox 1294 2506 1372 2525; x_wconf 78' lang='lat' dir='ltr'>eum</span> <span class='ocrx_word' id='word_1_674' title='bbox 1395 2506 1464 2525; x_wconf 78' lang='lat' dir='ltr'>nun</span> <span class='ocrx_word' id='word_1_675' title='bbox 1490 2500 1707 2537; x_wconf 66' lang='lat' dir='ltr'>receperunt.</span> 
     </span>
     <span class='ocr_line' id='line_1_103' title="bbox 1266 2542 1666 2589; baseline -0.008 -12"><span class='ocrx_word' id='word_1_676' title='bbox 1266 2581 1267 2589; x_wconf 14' lang='grc' dir='ltr'>ἵ</span> <span class='ocrx_word' id='word_1_677' title='bbox 1294 2544 1431 2577; x_wconf 72' lang='lat' dir='ltr'>mentiti</span> <span class='ocrx_word' id='word_1_678' title='bbox 1458 2551 1538 2577; x_wconf 77' lang='lat' dir='ltr'>sunt</span> <span class='ocrx_word' id='word_1_679' title='bbox 1567 2542 1666 2578; x_wconf 76' lang='lat' dir='ltr'>milii.</span> 
     </span>
    </p>
   </div>
  </div>
 </body>
</html>
