2409 2915
272 108 320 143 79

860 93 986 130 PHIL.
1015 93 1131 131 MEL.
1156 92 1368 131 SCRIPTA
1395 94 1693 133 EXEGETICA.

2263 93 2312 128 80

273 198 393 226 monet
417 188 608 226 Salomon,
635 189 675 216 ut
708 180 818 213 simus
843 179 956 220 cnuti,
989 186 1024 214 et
1055 180 1142 215 tales
1166 180 1264 214 aulas
1288 185 1292 228 l
1318 189 1460 228 petant,
1485 195 1549 217 nec
1566 182 1747 216 cumulent
1763 182 1892 220 selera,
1919 187 1958 214 ut
1975 178 2073 214 Deus
2097 179 2229 214 adimat
2254 191 2310 214 sa-

276 243 467 287 fugiamus‚
494 233 732 278 sicutUlysses
750 231 894 264 iubetur
910 231 1100 275 praeterire
1110 231 1265 278 Scyllam
1290 230 1293 259 Ι
1320 235 1449 268 lutares
1466 234 1729 277 gubernatores,

277 302 311 328 et
329 288 561 336 Charybdim.

328 384 421 422 Cum
455 385 568 417 cessat
600 376 812 427 prophetia,
850 376 1057 424 dissipatur
1090 377 1268 426 populus.-

382 435 434 469 Et
455 429 660 468 custodiens
677 430 809 476 legem,
839 429 904 461 erit
924 427 1063 464 beatus.

382 513 597 562 Prophefia,
626 514 661 546 id
681 519 742 552 est,
766 507 1019 554 Propheticum
1037 521 1205 554 regnum,
1233 508 1270 540 in

281 583 351 618 quo
373 570 471 604 Dens
503 578 565 612 per
588 565 741 608 aliquem
775 561 962 594 salutarem
997 563 1271 605 gubernatorem
1298 567 1300 596 ξι

281 627 343 657 dat
358 619 473 655 felicia
499 616 664 653 consilia,
693 620 725 646 et
743 613 856 645 bonos
876 619 1033 646 eventus.
1087 610 1183 644 Dicit
1209 622 1271 643 au-
1298 598 1301 639 l

283 682 371 711 tem,
397 669 569 711 tantisper
590 665 716 697 florere
739 663 904 706 imperia,
932 664 1045 710 donec
1061 668 1144 695 sunt
1161 660 1273 706 aliqui
1299 670 1302 707 Ι

285 724 372 759 tales
391 721 654 763 gubernatores
711 713 759 748 Ut
773 713 957 746 Helisaeus
980 713 1118 747 circiter
1135 711 1184 744 70
1211 723 1274 744 an·
1300 710 1303 747 l

286 786 351 807 nos
376 777 454 816 post
475 767 592 802 Etiam
619 765 709 799 rexit
731 764 877 797 consilia
903 776 1024 807 regum
1054 765 1090 796 in
1116 762 1277 795 maximis
1301 748 1304 797 i

286 820 555 859 calamitatibus.

287 886 365 910 cum
387 873 496 906 fames
523 875 619 903 tanta
645 874 753 906 esset,
778 873 816 899 ut
839 874 943 909 caput
968 866 1058 899 asini
1078 865 1126 899 80
1151 875 1277 907 argen-
1303 872 1307 886 ³

288 927 373 963 teis,
403 923 437 955 id
466 928 537 959 est,
565 916 782 952 didrachmis
800 916 848 950 80
867 924 1051 950 emeretur.
1105 914 1151 948 Et
1168 922 1279 948 sexta-

289 977 364 1010 rius
382 972 546 1007 stercoris
556 969 800 1003 columbarum
810 968 967 1012 quinque
983 966 1165 1010 argenteis,
1195 964 1279 998 Post

290 1025 448 1060 Helisaei
466 1028 612 1055 mortem
635 1032 705 1052 non
724 1019 835 1051 multo
849 1019 926 1062 plus
939 1026 1079 1052 centum
1097 1016 1199 1049 annis
1214 1017 1281 1049 du-
1307 1020 1309 1048 ἱ

291 1077 384 1111 ravit
404 1085 569 1115 regnum,
596 1071 762 1114 agitatum
785 1071 933 1102 assiduis
951 1068 1197 1103 seditionibus.
1307 1055 1310 1117 l

395 1125 452 1160 Sic
468 1123 592 1157 Esaiae
611 1121 817 1166 gubernatio
840 1121 968 1154 multas
993 1119 1206 1154 calamitates
1233 1118 1282 1150 le-
1308 1141 1311 1169 ἶ

293 1178 360 1213 niit
378 1176 515 1211 circiter
537 1174 583 1206 80
600 1184 721 1206 annos.
779 1171 900 1204 Postea
918 1178 1105 1217 sequutum
1122 1176 1170 1202 est
1190 1169 1282 1202 exci-
1309 1181 1312 1239 ι

292 1230 413 1266 dium,
449 1227 485 1259 in
509 1237 579 1270 qno
602 1231 719 1258 tamen
748 1222 914 1256 ieremiae
939 1223 1096 1257 consiliis
1119 1231 1197 1265 pars
1222 1232 1284 1264 po·
1310 1243 1312 1269 k

293 1280 370 1324 puli
388 1283 521 1311 servata
540 1281 601 1308 est.

394 1328 446 1363 Ex
474 1326 604 1361 talibus
639 1324 808 1368 exemplis
833 1321 981 1363 intelligi
1015 1328 1144 1364 potest,
1175 1332 1284 1366 quare

294 1381 404 1414 dicat:
431 1376 596 1412 Cessante
616 1373 801 1419 prophetia
818 1373 979 1416 dissipari
1001 1373 1187 1417 populum,
1205 1372 1286 1417 quia

295 1429 458 1465 extinctis
473 1427 687 1461 salutaribus
704 1424 1001 1469 gubernatoribus
1025 1430 1223 1468 sequnntur
1248 1423 1284 1455 in

296 1480 454 1525 imperiis
472 1478 661 1512 certamina
681 1476 917 1510 ambitionum
931 1501 940 1514 ,
958 1474 1169 1515 seditiones,
1186 1473 1288 1507 dein·
1313 1489 1315 1507 t

298 1534 342 1566 de
361 1530 543 1569 interitus,
569 1530 663 1562 utin
681 1539 783 1560 versu
802 1527 953 1559 dicitur:
1313 1517 1317 1606 ς

552 1587 625 1615 Nam
650 1591 766 1614 caetera
789 1593 879 1622 regna

623 816 780 851 Samaria
815 815 1001 848 obsidione
1034 815 1182 848 liberata
1215 821 1305 852 est‚:

423 1641 567 1668 Luxuries
589 1640 682 1673 vitiis,
705 1639 838 1675 odiisque
862 1637 997 1674 superbia
1021 1637 1119 1664 vertit.
1314 1634 1318 1710 Ι

401 1699 511 1733 Addit
529 1703 644 1731 autem
663 1695 833 1730 Salomon
847 1721 857 1735 ,
884 1694 998 1739 qualis
1022 1694 1065 1727 sit
1086 1691 1288 1737 prophetica

296 1750 516 1797 gubernatio,
535 1760 613 1782 cum
634 1747 766 1791 inquit:
797 1745 926 1778 Beatus
950 1745 1010 1790 qui
1039 1744 1151 1787 legem
1173 1751 1289 1777 custo·
1316 1743 1317 1751 ¹

299 1804 375 1842 dit,
402 1801 501 1846 quasi
521 1800 628 1831 dicat:
659 1797 758 1830 Talis
773 1803 821 1830 est
845 1796 1056 1839 gubernatio
1076 1792 1290 1839 prophetica,

296 1853 426 1888 retinet.
452 1863 568 1883 veram
594 1848 793 1881 doctrinam
817 1855 849 1880 et
876 1858 976 1879 veros
1003 1846 1135 1882 cultus,
1171 1853 1203 1878 et
1230 1847 1287 1878 dat

296 1903 443 1938 consilia
461 1900 688 1943 congruentia
717 1899 823 1931 verbo
842 1897 929 1936 Dei,
954 1897 1090 1942 quaerit
1117 1896 1287 1940 praesidia
1316 1911 1317 1918 ¹

297 1961 419 1989 contra
446 1953 592 1984 verbum
619 1949 704 1987 Dei,
731 1949 820 1982 sicut
841 1945 956 1981 Acbas
988 1954 1107 1980 contra
1127 1949 1289 1980 mandata
1315 1938 1317 1970 Ϊ

297 2004 423 2040 Esaiae
459 2001 597 2047 quaerit
628 1993 895 2044 peregrinorum
930 2011 1050 2041 regum
1086 1998 1225 2031 foedera
1258 2004 1287 2030 et
1316 2016 1317 2022 κ

298 2057 425 2090 cultus.
488 2051 532 2086 Et
558 2051 760 2084 foederibus
784 2049 946 2082 Turcicis
971 2049 1147 2081 Graecum
1180 2050 1291 2092 impc-
1316 2073 1317 2095 1

298 2109 392 2141 rium
412 2112 444 2138 et
462 2115 609 2145 regnum
625 2101 829 2142 llungariae
847 2099 1070 2133 interierunt.
1316 2099 1318 2132 7

401 2156 524 2189 Monet
555 2152 620 2187 hoc
640 2164 780 2198 quoque
806 2152 957 2185 secunda
985 2162 1064 2193 pars
1081 2150 1290 2183 sententiae:

303 2207 432 2241 Beatus
456 2206 515 2251 qui
542 2204 691 2238 custodit
721 2204 850 2245 legem,
886 2203 920 2234 in
950 2202 1020 2234 illis
1038 2202 1120 2245 ipsis
1140 2201 1289 2244 dissipa·
1316 2193 1318 2220 ξ

300 2258 460 2292 tionibus
486 2257 562 2289 illas
588 2254 755 2300 reliquias
773 2254 885 2286 salvas
903 2254 997 2289 sore,
1025 2265 1112 2297 quae
1139 2253 1288 2285 retinent

300 2308 554 2353 possessionem
572 2306 754 2339 doctrinae
774 2305 935 2343 divinae,
955 2305 1044 2336 sieut
1062 2304 1096 2336 in
1111 2302 1218 2336 Amos
1237 2304 1291 2335 di-

300 2361 406 2394 citur:
454 2357 543 2391 Ecce
575 2358 624 2390 ira
654 2355 801 2390 Domini
832 2367 936 2399 super
962 2367 1108 2397 regnunt
1134 2366 1292 2397 peccans„
1317 2379 1318 2382 η

299 2413 332 2444 id
351 2418 411 2449 est,
437 2420 585 2452 regnum
603 2420 719 2445 reum,
748 2409 841 2451 quod
867 2407 934 2439 iam
957 2407 1160 2439 ordinatum
1179 2413 1228 2439 est
1249 2407 1290 2438 ad

299 2474 459 2506 poenam.
529 2461 596 2493 Sed
629 2465 744 2491 tamen
778 2470 958 2502 excerpam
993 2457 1178 2502 reliquias.
1220 2469 1291 2490 ser-

303 2513 391 2545 vabo
410 2524 515 2551 grana
535 2517 564 2543 et
587 2510 761 2543 cribrabo,
1317 2506 1320 2526 ¹

407 2570 570 2610 Cogitent
591 2576 705 2601 autern
724 2575 753 2600 et
775 2567 950 2611 principes
977 2574 1006 2598 ct
1029 2567 1179 2610 populus
1197 2579 1290 2599 com-

305 2621 492 2654 moni-sacti
521 2619 583 2653 hac
608 2619 781 2653 sententia
806 2625 837 2651 et
865 2618 1062 2658 similibus,
1098 2629 1177 2650 vere
1205 2629 1293 2661 opus

307 2673 373 2707 Dei
402 2684 472 2704 esse
491 2672 678 2704 salutarem
702 2670 993 2713 gubernationem
1007 2696 1014 2707 ,
1037 2677 1069 2703 et
1088 2681 1162 2702 cani
1185 2682 1201 2702 a
1221 2669 1292 2703 Deo

1658 340 1796 394 Caput
1822 340 1967 382 XXX.

1425 430 1630 476 Plerunque
1655 430 1692 463 in
1716 428 1973 472 gnomologicis
2003 426 2143 471 scriptis
2176 425 2315 460 etiarnsi

1296 493 1299 510 v
1324 493 1417 516 unus
1434 481 1562 527 aliquis
1579 488 1683 515 autor
1698 488 1749 514 est
1764 491 1911 523 magnae
1929 478 2058 523 partis,
2085 484 2202 511 tamen
2222 476 2317 510 inse-

1297 545 1299 561 *
1325 539 1456 567 rnntur
1479 539 1513 566 et
1538 532 1690 566 aliorum
1716 531 1892 564 concinna
1912 531 2026 569 dicta,
2053 536 2091 562 ut
2108 526 2315 574 Pbocylidis

1327 583 1475 618 carmini
1493 583 1592 617 aiunt
1610 583 1807 629 Sibyllinos
1826 593 1947 614 versus
1967 581 2114 614 insertos
2132 591 2217 614 esse.
2255 579 2315 614 Sic

1299 645 1301 656 ⁴
1328 634 1498 668 credibile
1515 641 1565 668 est
1582 633 1786 668 Salomonis
1805 632 1927 665 libello
1947 631 2098 664 aliorum
2121 629 2316 664 sententias

1329 685 1467 718 additas
1483 695 1575 724 esse,
1604 685 1681 717 ideo
1700 695 1812 718 novus
1838 683 1962 716 titulus
1979 687 2031 715 est
2054 680 2091 712 in
2115 680 2176 715 80.
2195 680 2319 723 capite,

1330 736 1448 769 Verba
1484 735 1750 779 congregantis,
1797 735 1830 767 id
1867 741 1934 772 est,
1975 731 2136 765 collectio
2166 731 2316 764 aliarum

1302 800 1305 821 ι
1331 786 1587 820 sententiarum
1611 787 1674 819 filii
1703 783 1830 825 lambit,
1858 783 1992 818 tametsi
2026 791 2058 816 et
2083 779 2149 815 hoc
2174 793 2320 825 nomen,

1304 851 1305 870 1
1332 845 1365 871 et
1387 837 1454 870 alia
1472 848 1561 881 quae
1584 843 1798 882 sequuntur,
1834 834 2045 880 appellative
2071 834 2114 866 de
2132 833 2217 866 viris
2235 844 2319 877 pro-

1335 886 1483 934 pheticis
1505 887 1653 930 intelligi
1676 893 1832 931 possunt.

1437 938 1554 971 Prima
1576 945 1693 971 autem
1718 937 1910 977 sententia,
1933 936 1970 968 in
1996 947 2064 981 qua
2090 934 2192 968 dicit:
2221 932 2320 968 Stul-

1334 990 1490 1024 tissimus
1521 1000 1598 1021 sum
1627 986 1833 1027 hominum,
1868 987 2041 1021 confessio
2070 994 2117 1019 cst
2146 983 2322 1018 humanae

1336 1040 1574 1084 ignorantiae,
1603 1046 1636 1073 et
1653 1038 1850 1083 deploratio
1867 1037 2028 1081 caliginis
2053 1037 2087 1069 in
2107 1034 2171 1069 bac
2198 1036 2324 1068 misera

1337 1099 1461 1124 natura
1489 1089 1686 1125 hominum.
1741 1089 1814 1123 Nec
1839 1089 1954 1122 solum
1976 1089 2132 1130 exempla
2152 1084 2323 1120 Etlinico-

1338 1155 1415 1176 rum
1442 1142 1655 1184 ostendunt,
1684 1138 1880 1173 horrendas
1908 1151 1979 1172 esse
2004 1140 2165 1172 tenebras
2185 1141 2226 1170 de
2246 1136 2321 1170 Deo

1339 1194 1375 1226 in
1394 1193 1571 1226 mentibus
1587 1190 1796 1229 bominum,
1826 1192 1884 1223 sed
1909 1189 2039 1232 singuli
2064 1187 2226 1222 homines
2244 1199 2325 1221 sen-

1340 1245 1453 1283 tiunt,
1481 1255 1516 1276 se
1534 1243 1640 1276 variis
1656 1241 1920 1275 dubitationum
1939 1240 2105 1273 {luctibus
2124 1238 2272 1272 turbari.

1444 1293 1646 1328 Simonides
1668 1294 1922 1335 interrogatus,
1947 1291 2032 1336 quid
2059 1290 2102 1324 sit
2118 1290 2236 1331 Dens,
2266 1300 2326 1333 pe-

1340 1345 1420 1379 tivit
1444 1345 1602 1378 triduum
1628 1345 1671 1377 ad
1698 1344 1943 1382 liberandum,
1977 1342 2118 1376 tandem
2143 1339 2328 1384 respondit

1340 1395 1510 1435 Hieroni,
1537 1405 1590 1435 se,
1615 1409 1685 1441 qno
1702 1394 1837 1427 diutins
1855 1395 1999 1435 cogitet,
2029 1404 2068 1425 eo
2089 1391 2207 1424 minus
2226 1391 2325 1423 iuve-

1342 1449 1417 1480 nire
1444 1448 1536 1491 quod
1564 1447 1721 1480 affirmet.
1775 1444 1856 1478 Non
1880 1451 1971 1478 recte
1986 1442 2202 1479 Simonides.
2255 1441 2329 1475 Lu-

1342 1506 1395 1532 cet
1421 1498 1514 1531 enim
1540 1497 1576 1529 in
1601 1498 1780 1530 mentibus
1795 1503 1975 1540 utcunque
1994 1494 2115 1538 legalis
2133 1493 2264 1526 noticia
2283 1493 2327 1526 de

1343 1550 1440 1588 Deo,
1485 1561 1574 1594 quae
1602 1547 1771 1581 discernit
1797 1545 1911 1580 Deum
1939 1558 1957 1579 a
1981 1545 2082 1578 malis
2107 1546 2224 1577 rebus.
2282 1541 2329 1576 Et

1314 1619 1317 1632 ι
1344 1601 1426 1633 inde
1445 1599 1635 1643 descriptio
1646 1598 1804 1632 Platonis
1820 1604 1933 1631 sumta
1951 1603 2017 1631 est:
2047 1596 2146 1629 Deus
2163 1601 2214 1628 est
2228 1603 2328 1626 mens

1343 1658 1504 1689 aeterna,
1531 1661 1633 1683 causa
1658 1649 1743 1683 boni
1770 1649 1806 1681 in
1833 1655 1970 1681 natura.
2024 1646 2238 1690 Quanquam
2264 1656 2331 1677 au-

1344 1709 1413 1735 tem
1442 1708 1491 1734 est
1516 1698 1601 1734 baec
1618 1700 1771 1734 scintilla
1790 1699 1827 1732 in
1845 1696 2033 1731 hominnm
2051 1697 2250 1734 mentibus,
2277 1701 2331 1729 ta—

1315 1776 1318 1797 3
1344 1763 1425 1784 men
1449 1751 1602 1785 assensio
1626 1751 1794 1794 languida
1820 1757 1888 1790 est,
1918 1757 1949 1783 et
1967 1756 2076 1782 rinint
2104 1746 2268 1780 homines
2293 1746 2330 1779 in

1316 1823 1317 1842 3
1345 1802 1604 1842 dubitationes,
1640 1809 1823 1846 propterea
1849 1800 1930 1845 quia
1963 1799 2073 1832 multa
2108 1797 2182 1830 fieri
2208 1804 2330 1830 contra

1344 1853 1505 1886 ordinem
1532 1853 1670 1891 vident,
1698 1852 1879 1891 videlicet,
1913 1862 2013 1895 saepe
2038 1851 2150 1882 bonos
2180 1861 2198 1881 a
2229 1849 2332 1882 malis

1344 1903 1509 1947 opprimi.
1564 1901 1651 1936 Eius
1675 1903 1724 1936 rei
1751 1913 1889 1936 causam
1915 1914 1993 1935 cum
2015 1913 2086 1935 nou
2105 1900 2236 1941 sciant,
2264 1901 2330 1933 du-

1345 1955 1455 1988 bitant
1476 1955 1518 1987 de
1538 1953 1770 1998 providentia.

1447 2004 1605 2038 Primum
1624 2005 1731 2048 igitur
1746 2001 1802 2037 hic
1821 2004 2028 2048 deploratur
2044 2000 2201 2036 hnmana
2230 2002 2331 2046 igno-

1345 2056 1478 2093 rantia.
1506 2069 1610 2102 quam
1630 2057 1759 2099 singuli
1781 2053 1944 2088 homines
1963 2062 1993 2087 et
2014 2065 2201 2097 agnoscere
2221 2061 2253 2086 et
2271 2065 2329 2097 ge-

1316 2143 1317 2154 *
1345 2115 1479 2140 mentes
1498 2107 1682 2151 deplorare
1701 2108 1849 2146 debent,
1877 2107 1966 2139 sicut
1986 2103 2184 2148 Prophetae
2209 2105 2331 2149 deplo-

1345 2164 1440 2191 rant:
1496 2156 1627 2191 Omnis
1664 2157 1770 2191 bomo
1806 2159 1967 2191 mendax.
2039 2156 2137 2189 ltem:
2184 2155 2331 2189 Perver-

1345 2221 1422 2242 sum
1443 2215 1491 2242 est
1512 2221 1571 2241 ror
1597 2207 1771 2249 bominis,
1801 2215 1833 2241 et
1862 2219 2124 2241 aerumnosum.
2179 2206 2271 2241 Sunt
2298 2213 2332 2240 et

1345 2261 1437 2303 apud
1459 2257 1629 2293 Ethniros
1658 2260 1876 2292 tristissimae
1900 2259 2162 2303 deplorationes
2186 2257 2332 2291 nniver-

1346 2323 1403 2344 sae
1429 2308 1605 2343 humanae
1631 2310 1862 2347 infirmitatis.
1900 2322 1988 2355 quae
2015 2310 2093 2341 ideo
2129 2309 2334 2348 recitantur,

1346 2370 1382 2395 ut
1403 2360 1564 2395 homines
1582 2368 1747 2395 revocent
1765 2363 1807 2394 ad
1825 2361 2041 2393 modestiam.
2100 2357 2274 2393 Pindarus
2295 2361 2330 2393 in

1346 2412 1426 2446 Oda
1438 2414 1471 2448 8.
1491 2411 1591 2458 Pyth.
1613 2413 1743 2458 inquit:
1774 2411 1807 2446 τὶ
1823 2409 1867 2445 δέ
1884 2424 1951 2450 reg:
1976 2409 2007 2445 τὶ
2027 2408 2066 2445 δι’
2086 2408 2202 2450 otum:
2230 2413 2333 2450 σκιᾶς

1345 2464 1439 2510 {drap
1457 2463 1666 2509 ἄνθρωποι.
1722 2463 1817 2497 llaec
1835 2462 1927 2496 dicta
1946 2475 2048 2508 saepe
2068 2463 2220 2506 rogitare
2247 2463 2333 2496 utilc

1347 2524 1406 2549 est.

1449 2567 1564 2600 Nescit
1600 2574 1715 2599 autent
1747 2566 1919 2610 sapientia
1952 2563 2139 2599 bominum
2176 2564 2333 2599 remedia

1348 2626 1469 2651 contra
1491 2618 1725 2660 ignorantiam
1743 2625 1772 2650 et
1796 2618 2047 2651 infirmitatem.
2101 2617 2170 2650 Sed
2202 2617 2236 2649 in
2264 2614 2332 2650 Ec-

1317 2698 1319 2710 2
1349 2671 1451 2702 cli-sia
1474 2670 1601 2702 scimus
1627 2669 1875 2712 patefactiones
1900 2669 2059 2708 divinas,
2088 2668 2123 2700 iu
2149 2668 2278 2713 quibus
2300 2674 2333 2702 et
