2409 2915
278 90 347 125 125

277 172 555 208 mediocritatem
574 166 728 210 negociis
749 176 810 197 seu
832 162 1103 197 circumstantiis
1132 173 1259 195 conve-

278 226 433 258 nientem
451 220 592 266 quaeri,
617 223 656 250 ut
681 216 764 248 alias
784 215 965 252 duriores,
996 213 1081 246 alias
1103 212 1258 245 leniores

280 276 367 313 sint,
394 279 431 305 ut
450 270 603 304 medicus
622 267 700 300 aliis
715 266 775 299 dat
791 265 860 297 alia
877 261 1076 309 pharmaca.
1129 261 1261 296 Fabius

282 325 377 357 videt
394 321 534 367 quando
550 317 779 361 pugnandum
800 315 862 354 sii,
878 315 1021 360 quando
1042 326 1116 347 non
1134 313 1178 346 sit
1195 324 1262 356 pu-

281 374 472 418 gnandum.
527 369 611 404 Saul
631 368 738 402 stulto
755 367 830 399 zelo
849 365 1013 399 interficit
1029 363 1262 403 Gabaonitas‚

283 425 384 458 losue
405 420 559 467 pepercit
577 419 636 454 eis.

384 487 618 523 Observanda
646 492 697 519 est
730 491 847 517 autem
883 479 1059 526 emphasis
1095 481 1132 513 in
1157 480 1263 513 verbo
1290 489 1292 499 ¹

283 537 572 586 Apprehendere.
624 535 806 578 Significat
829 533 923 566 enim
941 532 1177 577 quaerendam
1195 541 1266 563 esse
1290 519 1292 568 l

281 603 399 626 veram
417 601 555 624 causam
576 586 629 619 vel
644 597 762 618 severe
788 584 843 616 vel
859 583 987 616 leniter
1005 582 1150 626 agendi,
1177 582 1266 614 sicut
1292 611 1294 629 j

283 642 414 676 Paulus
447 638 580 683 inquit:
627 635 879 680 Unusquisque
913 640 1028 666 certus
1065 634 1110 666 sit
1144 632 1179 664 in
1205 643 1266 664 sua

286 691 467 726 sententia.
529 687 668 720 Bonum
696 686 791 730 quod
816 681 1109 728 apprehenderis,
1142 682 1177 715 id
1207 688 1268 722 est,

284 753 362 776 cum
380 753 416 774 re
435 738 628 772 deliberata
648 736 823 769 invenerit
841 734 1056 768 conscientia
1074 745 1191 767 verani
1211 744 1266 765 ra-

283 793 435 830 tionem,
462 789 517 823 cui
544 788 691 821 firmiter
709 786 969 820 assentiendum
996 792 1063 823 est,
1090 785 1149 817 illa
1178 783 1268 816 ratio

287 843 502 877 anteferatur
524 837 748 877 iracundiae,
783 844 815 869 et
839 836 917 868 aliis
943 835 1136 869 affectibus,
1200 833 1269 867 Sed

289 895 381 927 dicat
396 891 535 936 aliquiS,
562 889 740 934 quomodo
757 893 869 931 potest
885 886 1038 918 inveniri
1058 886 1116 918 illa
1135 884 1270 916 medio-

287 945 389 978 critas
409 954 468 975 seu
489 941 599 973 virtus
617 938 831 972 conveniens
849 935 1143 969 circumstantiae.
1196 933 1269 968 Re-

287 995 454 1040 spondet:
483 988 634 1023 Timens
652 987 774 1021 Deum
790 983 912 1020 evadet
938 997 984 1018 ex
1008 982 1069 1019 his
1091 983 1271 1021 omnibus,

287 1047 323 1079 id
342 1051 410 1083 est,
440 1043 541 1085 eliget
567 1040 749 1073 meliorem
778 1038 1007 1077 sententiam,
1035 1036 1116 1081 quia
1145 1037 1272 1069 timens
1297 1023 1300 1063 l

286 1096 401 1129 Deum
425 1094 582 1126 intuetur
609 1092 718 1133 legem
742 1090 922 1127 divinam,
960 1094 991 1120 et
1016 1087 1122 1120 simul
1141 1086 1273 1129 regitur

1295 864 1298 907 ἶ

289 1146 423 1190 Spiritu
455 1149 593 1181 sancto,
628 1148 661 1175 et
687 1141 771 1184 petit
798 1151 859 1172 sna
894 1138 1040 1171 consilia
1070 1137 1273 1181 gubernari,
1298 1159 1301 1172 .
1327 1170 1335 1177 ,
1443 1169 1450 1175 ,
1680 1166 1687 1173 ,
1708 1166 1716 1173 ,
1772 1167 1779 1172 ,
1874 1167 1881 1173 ,
2074 1167 2082 1174 ,
2194 1166 2202 1173 ,

1299 1184 1301 1198 ι
1326 1182 1363 1202 111
1390 1169 1520 1202 talibus
1544 1167 1850 1200 admonitionibus
1873 1173 2048 1210 ingentem
2073 1167 2312 1200 infirmitatem

289 1197 495 1230 moderatur
520 1194 692 1235 impetus,
727 1191 803 1224 vult
831 1189 1013 1223 consulere
1038 1186 1216 1222 Ecclesiae
1240 1194 1273 1220 et
1300 1199 1301 1225 5

288 1247 448 1292 publicae
474 1243 597 1280 saluti,
627 1254 700 1275 non
724 1241 811 1284 gerit
836 1251 970 1273 morem
994 1239 1132 1283 privato
1158 1237 1274 1271 dolori
1300 1257 1302 1266 ›

289 1305 320 1331 et
339 1295 484 1342 privatis
500 1293 764 1338 cupiditatibus.

340 1386 536 1435 Sapientia
559 1385 682 1431 magis
704 1382 889 1432 confortat
914 1382 1132 1429 sapientem,
1163 1393 1274 1429 quam

392 1437 505 1473 decem
522 1436 704 1485 principes
721 1435 757 1468 in
775 1433 931 1468 civitate.

393 1511 580 1546 Generalis
599 1509 795 1543 admonitio
805 1515 867 1549 est,
883 1520 973 1553 quae
990 1507 1161 1550 significat
1183 1507 1274 1539 bona

292 1564 438 1600 consilia
478 1570 511 1596 et
553 1561 834 1594 moderationem
877 1559 1086 1592 antecellere
1129 1558 1276 1594 viribus,

293 1617 510 1660 gubernator
533 1612 658 1644 melius
686 1611 844 1643 munitus
871 1616 922 1642 est
948 1608 1131 1650 diligentia
1159 1609 1194 1640 in
1220 1620 1275 1640 ca-

294 1666 416 1700 vendis
442 1662 626 1708 periculis,
662 1660 904 1692 moderatione
927 1660 963 1691 in
988 1659 1170 1691 frenandis
1192 1658 1277 1690 affe·
1302 1674 1305 1697 1

294 1718 427 1753 ctilius,
456 1712 678 1746 invocatione
698 1711 789 1750 Dei,
815 1721 921 1754 quam
939 1710 968 1742 si
995 1721 1120 1752 magna
1145 1708 1277 1753 praesi-
1302 1711 1305 1738 ¹,

295 1769 351 1801 dia
378 1773 412 1800 et
436 1774 580 1807 magnos
604 1762 775 1796 exercitiis
800 1761 868 1793 sibi
892 1761 1104 1799 circumdet,
1132 1766 1169 1792 ut
1193 1757 1278 1792 Ale—
1303 1750 1306 1804 ἱ

296 1819 429 1853 xaiider
446 1813 624 1848 Pheraeus
643 1813 846 1846 interfectus
863 1818 913 1844 est
933 1823 950 1843 a
969 1811 1118 1853 coniuge
1143 1817 1176 1843 et
1204 1809 1279 1842 eius
1303 1806 1306 1848 ἶ

294 1868 480 1905 fratribus,
507 1863 642 1898 etiamsi
672 1870 779 1895 noctu
806 1863 900 1895 inter
924 1861 1095 1905 praesidia
1126 1861 1162 1893 in
1188 1860 1279 1893 turri
1304 1850 1307 1923 γ

297 1919 459 1956 cubabat,
479 1927 549 1961 quo
568 1914 832 1947 ascendendum
853 1919 927 1945 erat
947 1923 1008 1955 per
1027 1911 1147 1944 scalas.
1177 1909 1280 1943 Pater
1305 1929 1307 1940 A

299 1967 492 2005 Alexandri
510 1966 544 1998 in
564 1964 704 2009 publica
729 1975 855 2007 pompa
884 1962 1125 2008 spectantibus
1147 1961 1280 2005 princi·
1306 1967 1307 2012 l

299 2022 400 2066 pibus
418 2026 449 2051 et.
468 2016 679 2050 satellitibus
697 2015 899 2047 interfectus
917 2020 977 2045 est.
1030 2011 1141 2045 lulius
1167 2011 1201 2044 in
1218 2011 1281 2044 Se·
1306 2017 1307 2027 ¹

298 2079 382 2105 natu
406 2081 467 2102 suo
499 2067 702 2100 interfectus
731 2071 796 2103 est,
833 2071 865 2097 et
896 2070 978 2096 suut
1005 2062 1280 2095 innumerabilia
1306 2066 1309 2085 ³

299 2121 472 2164 exempla:
502 2119 558 2152 sed
582 2117 758 2161 principes
773 2115 931 2148 mitiores
948 2121 981 2147 et
997 2113 1281 2158 tranquilliorem

300 2170 590 2216 gubernationem
619 2174 652 2201 et
675 2167 833 2215 placidos
857 2166 969 2199 exitiis
994 2163 1214 2205 habuerunt,
1244 2170 1283 2197 iit

303 2221 482 2267 iosaphat,
512 2219 692 2263 Augustus
702 2245 710 2258 ‚
739 2215 971 2250 Theodosius.

354 2312 440 2350 Νοη
459 2317 507 2346 est
526 2309 633 2344 licinio
652 2312 768 2344 iuslus
787 2310 824 2343 in
843 2315 939 2343 [erra
952 2335 959 2345 ,
989 2307 1054 2356 qui
1069 2319 1283 2355 quanquam
1309 2300 1312 2356 l

404 2364 499 2397 bona
511 2362 632 2411 facit,
660 2375 731 2395 non
751 2362 858 2395 eliani
878 2365 1000 2407 peccet.
1309 2357 1312 2407 Ι

1310 2422 1312 2435 l

406 2439 552 2473 politica
578 2438 748 2471 sententia
782 2445 849 2475 est,
879 2449 949 2469 uon
975 2437 1016 2468 dc
1039 2442 1178 2479 peccato
1203 2432 1284 2467 hae-
1310 2439 1313 2456 ⁵

307 2500 402 2526 rente
427 2492 461 2523 iii
487 2497 631 2527 natura,
659 2490 716 2521 sed
743 2490 783 2520 de
801 2489 924 2520 erratis
948 2494 980 2520 et
999 2486 1154 2530 lapsibus
1174 2492 1285 2517 exter·
1311 2493 1313 2535 ἶ

308 2544 380 2576 11ἰ5;
408 2543 511 2574 ctiam
533 2541 612 2574 insti
631 2547 660 2573 ct
682 2541 946 2573 benemereiites
965 2545 1079 2570 tamen
1096 2536 1286 2581 aliquando

309 2599 470 2636 peccant,
499 2604 569 2623 uon
598 2591 632 2623 in
658 2591 776 2623 eadem
804 2591 960 2625 actione,
987 2589 1044 2621 scd
1068 2588 1102 2619 iii
1128 2587 1286 2620 «liversis.

309 2644 428 2678 Bonus
451 2649 482 2675 ct
508 2641 665 2675 salutaris
684 2642 845 2688 princeps
861 2647 910 2675 esi
930 2639 1042 2673 David
1057 2663 1064 2674 ,
1093 2645 1123 2671 et
1143 2638 1286 2682 pleriiii-
1301 2655 1308 2661 -

863 78 986 113 PHlL.
1014 75 1131 112 MEL.
1155 73 1364 112 SCRIPTA
1391 69 1691 112 EXEGETICA.

1302 1702 1305 1710 ,
1330 1676 1427 1708 tione
1451 1685 1511 1707 seu
1534 1673 1732 1706 calumniis.

1306 1945 1307 1954 1
1333 1927 1399 1964 cit.
1435 1925 1624 1959 Sermones
1655 1924 1844 1957 maledicos
1875 1921 2064 1957 olisoiiiiiiii
2096 1937 2179 1958 esse.

1308 2107 1309 2111 ,
1335 2079 1381 2112 sis
1404 2089 1546 2110 susurro
1572 2077 1607 2109 in
1632 2076 1782 2120 populis.

2220 67 2292 103 124

1313 171 1380 204 que
1398 165 1488 191 recte
1503 158 1602 197 facit,
1629 163 1662 190 et
1679 143 1925 190 tamenmulta
1943 154 2106 198 negligit,
2133 154 2207 187 imo
2225 153 2299 187 ruit

1288 228 1289 236 1
1315 209 1509 252 perniciose
1542 215 1639 252 rapta
1670 207 1774 240 amici
1803 205 1950 248 coniuge
1983 211 2016 238 et
2040 205 2166 238 marito
2188 204 2301 238 inter-

1314 261 1424 300 fecto,
1453 259 1528 291 viro
1551 264 1671 291 sancto
1695 264 1727 291 et
1751 257 1848 292 sorti.
1901 255 2009 289 Iosias
2026 256 2141 288 bonus
2157 261 2190 289 et
2207 255 2302 288 salu-

1316 311 1400 344 taris
1422 309 1606 354 princeps,
1634 314 1750 340 tamen
1777 314 1851 340 erat
1867 313 1962 340 moto
1981 306 2074 339 bello
2091 317 2167 339 non
2183 317 2304 339 neces-

1317 360 1420 394 sario.
1475 359 1524 392 Ita
1548 370 1611 391 nec
1635 357 1717 391 iusti
1742 363 1825 391 sunt
1844 357 1919 390 sine
1937 356 2117 402 aliquibus
2134 355 2303 399 lapsibus.

1317 411 1396 444 Huc
1428 407 1650 451 Theognidis
1687 418 1808 440 versus
1841 408 2139 441 accommodetur:
2185 403 2304 451 αὐτὰρ

1318 459 1412 505 ἀνὴρ
1450 457 1598 506 ἀγαθὸς
1636 457 1722 493 πότε
1757 454 1826 501 μὲν
1856 455 1967 496 κακὸς
1999 456 2127 491 ἄλλοτε
2158 454 2302 495 ἐσθλὸς.

1318 514 1406 546 Item
1439 509 1647 555 Euripides:
1690 506 1708 542 ὁ
1745 505 1859 542 πολλὰ
1890 505 2065 553 πράττων
2093 505 2209 542 πολλὰ
2243 505 2304 541 καὶ

1291 571 1292 574 ’
1319 557 1535 608 ἁμαρτάνει.

1422 611 1517 645 Hinc
1541 618 1574 645 et
1596 611 1850 654 descriptiones
1872 617 2061 644 sumuntur
2080 612 2256 644 bonorum
2274 617 2307 643 et

1321 663 1493 697 malorum
1519 663 1806 705 gubernatorum.
1859 659 1983 694 Bonus
2007 662 2222 704 gubernator
2247 667 2310 699 est,

1321 715 1382 760 qui
1411 713 1566 747 studium
1598 710 1703 746 habet
1731 718 1822 745 recte
1850 712 2020 751 faciendi,
2054 718 2087 745 et
2111 711 2309 755 plerunque

1321 771 1413 798 recte
1431 764 1531 804 facit,
1558 763 1693 797 etiamsi
1713 763 1904 807 aliquando
1922 769 2042 797 cessat.
2097 761 2148 796 Ita
2167 762 2310 795 fuerunt

1321 816 1407 850 boni
1433 814 1627 858 principes,
1660 812 1796 851 David,
1835 812 1961 850 iosias,
1997 813 2188 856 Augustus.
2241 810 2309 845 Sed

1324 866 1435 899 maliis
1468 865 1681 908 gubernator
1709 871 1781 903 est,
1817 863 1876 908 qui
1910 875 1982 895 non
2017 861 2123 897 hahet
2154 862 2308 897 studium

1324 923 1415 950 recte
1430 914 1594 952 faciendi,
1623 921 1655 948 et
1670 914 1865 958 plerunque
1878 915 2040 948 scelerate
2051 914 2146 954 facit,
2174 913 2310 947 etiamsi
2359 940 2361 942 ,

1324 967 1516 1011 aliquando
1535 971 1625 998 recte
1642 965 1738 1004 facit,
1764 963 2013 1010 utCambyses.
2067 963 2230 998 Sumitur
2246 963 2312 1005 igi-

1325 1025 1382 1051 tur
1399 1017 1587 1049 discrimen
1603 1027 1620 1047 a
1638 1022 1804 1059 perpetua
1822 1015 2001 1049 voluntate
2017 1027 2076 1048 seii
2091 1011 2311 1060 προαιρέσει.

1326 1069 1426 1103 Sicut
1449 1075 1481 1101 et
1503 1066 1636 1099 Paulus
1659 1063 1749 1098 lianc
1774 1072 1900 1097 metam
1926 1066 2126 1106 constituit,
2155 1064 2232 1098 Hoc
2254 1076 2311 1097 re-

1326 1119 1498 1164 quiritur,
1532 1117 1650 1149 fideles
1677 1122 1715 1149 ut
1741 1115 1861 1150 simus.
1931 1116 2173 1158 Agnoscamus
2198 1121 2313 1149 autem

1300 1235 1301 1244 ¹
1326 1226 1499 1259 nostram,
1534 1224 1730 1250 metuamus
1757 1217 1902 1249 insidias
1929 1216 2084 1257 diaboli,
2120 1224 2153 1258 et
2176 1217 2315 1250 assidue

1300 1278 1302 1281 ’
1327 1277 1503 1314 petamus,
1537 1274 1576 1301 ut.
1607 1274 1638 1301 et
1662 1274 1757 1309 regat
1781 1279 1845 1300 nos
1869 1266 1984 1305 Deus,
2020 1274 2053 1300 et
2078 1273 2175 1300 sanet
2202 1273 2314 1300 errata

1329 1328 1446 1354 nostra
1460 1346 1468 1358 ‚
1495 1319 1584 1351 sicut
1603 1317 1729 1351 Petrus
1747 1317 1930 1361 praecipit:
1962 1317 2130 1361 Vigilate,
2158 1317 2238 1362 quia
2254 1318 2316 1350 ad-

1329 1371 1503 1404 versarius
1519 1375 1631 1402 vester
1649 1368 1822 1401 circumit.

1380 1452 1469 1490 Non
1511 1452 1679 1487 omnibus
1718 1451 1946 1486 sermonibus
1984 1450 2219 1486 accommoda
2260 1463 2320 1485 cor

1432 1510 1546 1540 tuum.

1434 1572 1645 1606 Admonitio
1677 1579 1726 1605 est
1758 1573 1801 1604 de
1826 1572 2162 1611 obtrectationibus,
2197 1583 2241 1604 ne
2264 1571 2318 1603 vel

1332 1624 1394 1667 ipsi
1420 1625 1529 1656 simus
1551 1624 1821 1659 obtrectatores,
1849 1622 1904 1654 vel
1926 1623 2130 1665 frangamur
2147 1622 2320 1655 obtrecta-

1787 1671 1850 1705 Est
1875 1679 1990 1704 autem
2010 1673 2218 1706 obtrectatio
2235 1684 2320 1705 con·

1331 1724 1437 1759 traria
1463 1723 1601 1756 veritati
1629 1729 1661 1756 et
1686 1723 1847 1761 candori,
1872 1730 1964 1755 recte
1988 1723 2075 1756 sacta
2100 1729 2161 1756 aut
2179 1734 2321 1756 excusa-

1332 1775 1417 1808 bilia
1437 1775 1643 1817 depravans,
1670 1781 1728 1806 aut
1746 1779 1890 1816 propter
1905 1773 2021 1816 aliqua
2039 1779 2150 1806 errata
2170 1774 2213 1805 de
2230 1780 2320 1805 recte

1332 1825 1540 1858 facientibus
1568 1835 1684 1856 serens
1709 1834 1850 1866 pravam
1876 1823 2092 1865 opinionem.
2151 1822 2320 1868 Adeoque

1333 1876 1434 1908 multi
1459 1874 1678 1907 delectantur
1702 1873 1976 1910 obtrectatione,
2004 1881 2043 1907 iit
2065 1872 2242 1908 Pindarus
2264 1874 2319 1907 di-

2244 1924 2320 1959 Hoc

1334 1977 1459 2010 vitium
1482 1973 1692 2019 prohibetur
1718 1975 1753 2007 in
1778 1983 1961 2018 praecepto
1986 1983 2125 2009 octavo:
2161 1975 2240 2009 Non
2264 1976 2320 2009 di-

1335 2039 1389 2061 cas
1416 2026 1541 2060 salsum
1565 2026 1819 2060 testimonium.
1889 2025 1935 2059 Et
1965 2026 2000 2058 iii
2027 2026 2203 2061 Levitico:
2241 2026 2320 2060 Non

1837 2076 1951 2120 Supra
1977 2084 2093 2110 autem
2118 2078 2251 2112 dictum
2271 2085 2321 2112 est

1335 2131 1379 2162 de
1409 2128 1538 2161 iudicio
1571 2128 1805 2161 conscientiae
1836 2136 1866 2160 et
1893 2129 1935 2161 de
1960 2129 2062 2161 sama.
2104 2126 2180 2162 Etsi
2206 2135 2322 2162 autem

1335 2179 1518 2224 utriusque.
1549 2179 1767 2212 conservatio
1797 2179 1951 2211 curanda
1979 2186 2048 2217 est,
2083 2187 2199 2213 tamen
2226 2179 2324 2224 prior

1337 2232 1379 2264 sit
1404 2242 1504 2268 cura,
1532 2242 1574 2262 nc
1599 2229 1811 2263 couscientia
1840 2227 1896 2263 fiat
1923 2230 2056 2271 saucia,
2083 2237 2200 2274 postea
2221 2241 2323 2274 expe-

1339 2288 1431 2315 tatur
1455 2288 1486 2314 ct
1512 2281 1603 2313 bona
1629 2281 1740 2318 fama,
1767 2287 1804 2313 iit
1827 2280 1942 2325 inquit
1960 2280 2194 2323 Augustinus:
2222 2279 2322 2315 Bona

1338 2332 1549 2367 conscientia
1581 2329 1666 2364 milii
1698 2343 1787 2376 opus
1811 2338 1859 2364 est
1887 2337 2028 2375 propter
2052 2330 2186 2371 Deum,
2223 2330 2321 2366 Bona

1340 2385 1429 2417 fama
1452 2390 1594 2427 propter
1613 2383 1821 2426 proximum.
1878 2379 1922 2415 Et
1942 2382 2022 2427 qnia
2043 2383 2145 2416 inulti
2163 2390 2242 2417 suiit
2261 2384 2324 2417 ob·

1339 2441 1560 2475 trectatorcs,
1589 2445 1659 2466 non
1689 2440 1870 2476 propterca
1897 2433 2046 2466 nimium
2067 2434 2266 2474 doleamus,
2294 2435 2323 2469 si

1339 2486 1399 2530 qiii
1432 2498 1504 2518 uon
1540 2485 1695 2518 iudicant
1722 2484 1892 2523 candide,
1930 2484 1987 2517 sed
2015 2485 2239 2519 consolemur
2259 2497 2324 2519 nos

1341 2536 1541 2570 testimonio
1557 2534 1800 2571 conscientiae.
1827 2535 1913 2568 sicut
1926 2534 2201 2582 Paiilusin'qiiit:
2230 2534 2324 2569 Haec

1341 2595 1388 2621 cst
1407 2586 1570 2631 gloriatio
1585 2592 1701 2618 nostra
1714 2611 1722 2623 ,
1751 2586 1991 2620 testimonium
2008 2586 2242 2621 conscientiae
2259 2600 2324 2621 no-

1340 2645 1438 2671 strae.
1484 2636 1583 2671 item:
1612 2635 1741 2669 Probet
1767 2637 2009 2683 uuusquisque
2032 2649 2119 2683 opus
2146 2649 2266 2680 suum,
2293 2645 2325 2672 et

2399 1395 2408 1407 .
2375 1305 2406 1373 Ὃν.

2398 1502 2409 1665 ...ξι-ο
