2409 2915
125 98 199 133 155
688 98 749 133 xl.
803 97 1100 136 ENARRATIO
1137 101 1186 136 IN
1221 100 1594 140 ECCLESIASTEN.
2081 111 2151 145 134

174 180 282 230 Quid
303 182 418 229 igilur
442 180 649 228 eligendum
675 184 756 217 est?
807 182 856 218 In
879 184 1012 219 vivente
1029 197 1110 233 spes
1162 185 1320 221 Fortiter
1350 201 1505 232 operare.
1566 188 1611 225 Et
1639 192 1735 226 addit
1764 193 2041 227 consolationem
2068 197 2146 229 dul-

228 238 296 274 esl‚
331 233 385 268 Et
408 232 537 268 melior
559 238 609 267 est
635 234 740 270 canis
765 235 864 269 vivus
890 234 988 270 leone
1012 249 1109 270 mor-
1160 237 1350 271 cissimam:
1386 238 1441 271 Pii
1470 240 1580 274 sciant
1608 242 1712 275 talem
1743 255 1882 277 cursum
1916 245 2010 278 iuxta
2045 259 2147 279 voca-

227 290 302 320 tuo.
1159 288 1293 321 tionem
1306 288 1380 321 Deo
1396 289 1544 332 placere,
1573 299 1604 324 et
1621 293 1808 334 gubernari
1827 295 2009 334 divinitus,
2035 309 2147 341 quan-

1159 350 1263 382 quam
1283 340 1391 371 multa
1409 339 1572 374 incidunt
1589 341 1857 385 impedimenta,
1884 346 2015 379 multae
2034 347 2146 380 offen-

225 360 337 395 Antea
355 360 497 394 “eitam
516 367 564 394 e⁵t
584 362 743 407 querela'
771 363 865 406 qu⁰d
884 361 984 396 iustis
1002 371 1034 397 et
1052 364 1108 396 in*
1158 389 1285 424 siones,
1339 389 1425 423 Mox
1443 397 1558 424 autem
1577 392 1645 424 alia
1665 393 1816 426 obiectio
1831 397 1985 430 additur.

123 413 224 447 iustis
259 411 388 445 similia
429 412 608 446 eveniant:
663 410 747 446 haec
784 413 943 446 confusio
991 415 1108 448 turbat

123 469 274 502 mentes,
308 469 342 496 et
373 462 584 505 languefacit
615 463 833 497 voluntatem
858 472 947 498 recte
971 465 1107 508 agendi.

123 512 285 558 Opponit
309 525 389 556 ergo
413 510 495 546 huic
519 513 708 547 offensioni
735 521 966 557 praeceptum.
1033 515 1107 548 lmo

124 563 256 608 inquit:
283 563 430 597 Necesse
448 571 497 597 est
512 571 630 598 tamen
642 565 720 598 Deo
735 565 890 605 obedire,
918 572 951 599 et
966 578 984 599 a
1001 578 1107 611 quae-

121 614 235 648 stione
263 626 406 648 exorsus
437 621 495 649 est.
558 614 655 658 Quid
680 616 788 659 igitur
811 616 1010 658 eligendum
1035 617 1108 650 est?

120 662 231 699 Estne
268 665 451 709 eligendus
487 666 605 704 labor,
652 679 730 700 cum
768 678 839 699 non
872 668 1107 710 respondeant

119 716 298 760 praemia?
349 715 555 760 Respondet
574 716 759 751 Salomon:
788 715 850 750 Est
871 718 1017 751 omnino
1044 730 1105 751 vo-

120 766 250 800 cationi
266 768 580 810 obtemperandum
591 795 600 808 ‚
627 775 660 802 et
675 774 819 801 eventus
835 767 911 801 Deo
928 780 1105 802 commen-

121 817 230 850 dandi
261 825 362 857 sunt,
396 824 434 851 ut
469 829 574 862 supra
605 830 706 862 saepe
729 819 863 852 dictum
889 827 956 854 est:
999 818 1105 852 Com-

120 869 247 901 menda
269 867 343 902 Deo
369 868 461 902 viam
484 876 599 909 tuam,
633 877 665 903 et
692 870 763 913 ipse
784 870 896 904 faciet.
960 869 1006 904 At
1032 881 1104 902 non

120 919 252 964 poteris
277 932 348 953 esse
369 919 451 952 felix
470 920 658 964 praeliator
673 921 787 965 qualis
805 921 870 954 fuit
890 921 970 954 Asa.
1023 919 1104 953 Non

119 976 217 1014 potes
239 982 310 1003 esse
335 971 405 1003 dux
429 971 554 1003 similis
573 970 750 1015 Scipioni,
777 970 832 1004 Sis
856 971 962 1014 igitur
980 971 1105 1003 similis

120 1020 230 1054 Fabio
242 1046 252 1061 ,
280 1022 385 1054 modo
402 1022 532 1054 servias
547 1028 607 1055 tuo
626 1023 701 1054 loco
717 1021 885 1059 fideliter,
912 1022 1001 1055 sicut
1011 1020 1104 1054 Pau-

119 1072 173 1104 lus
199 1071 331 1115 inquit:
360 1070 438 1105 Hoc
454 1072 667 1116 requiritur,
695 1073 808 1105 fidelis
825 1079 861 1105 ut
881 1072 923 1105 sit
941 1073 1103 1116 quisque.

118 1122 335 1156 Sufficientia
362 1135 443 1155 vero
463 1130 581 1155 nostra
600 1135 638 1155 ex
657 1122 730 1156 Deo
747 1131 807 1156 est.
862 1121 981 1167 lnquit
998 1123 1104 1165 igitur

118 1172 303 1206 Salomon:
347 1173 386 1206 ln
417 1173 556 1206 vivente
587 1185 664 1217 spes
693 1181 762 1212 est,
807 1173 840 1205 id
874 1180 940 1211 est,
982 1174 1104 1206 vivens

118 1231 197 1266 agat
218 1223 350 1268 aliquid
376 1223 469 1256 iuxta
493 1225 722 1258 vocationem.
777 1222 823 1257 Et
842 1224 967 1256 melior
984 1231 1034 1257 est
1051 1225 1103 1256 vi-

117 1285 181 1307 vus
206 1275 301 1307 canis
326 1274 426 1307 leone
453 1281 612 1314 mortuo,
637 1275 673 1308 id
700 1281 766 1314 est,
794 1274 927 1307 etiamsi
949 1286 1020 1307 non
1040 1287 1102 1318 po—

117 1332 168 1358 tes
197 1336 268 1357 esse
300 1325 372 1364 leo,
414 1325 460 1357 sis
486 1325 673 1358 mediocris
695 1325 843 1359 catulus.
911 1324 1008 1366 Quid
1033 1325 1101 1357 iam

118 1376 319 1421 quaerimus
357 1375 491 1415 leones,
536 1373 695 1409 heroicos
733 1377 838 1409 duces
868 1383 901 1409 et
927 1376 1102 1418 guberna-

117 1433 229 1464 101'05‘
262 1426 382 1471 quale-5
408 1427 459 1458 llll
483 1433 614 1460 veteres
640 1427 783 1460 fuerunt
806 1426 972 1466 Gedeon‘
1000 1426 1101 1460 Sflm·
1256 1436 1431 1479 Congruit
1461 1449 1539 1470 cum
1573 1439 1684 1471 dicto:
1726 1438 1804 1471 Nisi
1836 1437 2011 1473 Dominus
2045 1444 2139 1475 aedi-

118 1488 201 1517 SOss,
235 1475 375 1510 David?
427 1476 578 1511 Utamur
602 1478 749 1517 nostris,
784 1478 845 1522 (1οἰ
870 1478 1005 1511 θῑίἱΠΠδῖ
1028 1489 1101 1511 ¹¹⁰⁰
1154 1487 1307 1520 ficaverit
1322 1489 1484 1526 domum,
1507 1489 1636 1521 frustra
1653 1489 1788 1522 laborat
1803 1489 1863 1534 qui
1879 1491 2035 1526 aedificat
2052 1505 2138 1527 eam.

118 1535 199 1561 sunt
229 1528 299 1560 illis
326 1528 477 1565 similes,
509 1535 549 1561 ut
581 1529 718 1569 leones,
753 1535 834 1561 sunt
867 1535 981 1561 autem
1008 1529 1102 1561 velut
1126 1551 1129 1583 ξ
1155 1537 1242 1570 Nam
1270 1535 1337 1571 hoc
1362 1539 1455 1579 vult,
1483 1545 1566 1572 tunc
1589 1540 1730 1572 demum
1755 1540 1872 1573 felices
1895 1553 1966 1574 esse
1983 1550 2139 1583 conatus,

118 1579 244 1621 catuli,
282 1577 429 1623 Aliquid
455 1591 517 1611 ⁵110
543 1579 619 1612 l0⁶0
644 1586 766 1622 agant,
793 1586 826 1612 et
850 1586 952 1611 orent
976 1578 1103 1619 Deum,
1127 1589 1129 1597 '
1156 1589 1297 1632 quando
1325 1587 1419 1622 Deus
1450 1600 1509 1622 eos
1537 1589 1700 1630 adiuvat,
1733 1592 1792 1623 dat
1816 1591 1898 1624 felix
1921 1601 2139 1627 momentum

118 1636 157 1663 ut
183 1629 285 1662 faciat
308 1640 365 1662 eos
391 1641 470 1661 vasa
495 1629 768 1663 misericordiae.
822 1628 863 1661 ln
881 1627 945 1661 hac
961 1636 1100 1662 senten-
1155 1645 1187 1671 et
1212 1639 1299 1681 regit
1323 1647 1477 1672 evemus,
1532 1639 1612 1672 Non
1633 1641 1726 1673 enim
1744 1641 1988 1684 intelligantur
2003 1651 2140 1688 tempus

119 1680 164 1712 tia
180 1680 241 1711 diu
259 1687 496 1712 commoratur
514 1678 696 1714 Salomon.
748 1678 842 1712 Dicit
858 1686 1016 1711 mortuos
1034 1680 1101 1711 iam
1156 1695 1189 1721 et
1214 1700 1312 1721 casus
1334 1688 1509 1732 Epicureo
1536 1701 1643 1723 more,
1697 1690 1764 1723 Sed
1789 1690 2015 1734 reprehendit
2037 1693 2139 1727 Salo-

120 1729 315 1762 discessisse
333 1729 376 1761 ab
401 1726 507 1761 buius
531 1729 621 1762 vitae
638 1730 911 1772 gubernatione,
935 1741 1102 1773 praesen·
1127 1754 1129 1776 ;
1156 1751 1240 1771 mon
1257 1739 1420 1772 fiduciam
1439 1746 1637 1772 nostrarum
1654 1740 1782 1772 virium
1799 1748 1832 1774 et
1849 1749 1986 1775 nostrae
2002 1745 2139 1787 sapien-

118 1780 212 1813 tibus
236 1780 406 1812 utendum
424 1791 513 1816 esse.
541 1787 573 1812 Εἰ
590 1781 687 1813 iubet
705 1779 881 1812 VOCflllOfll
901 1791 1020 1822 Parere
1034 1806 1042 1819 s
1070 1785 1102 1812 el-
1156 1789 1242 1829 tiae,
1270 1802 1358 1833 quae
1377 1790 1589 1832 imaginatur
1606 1790 1761 1823 sufficere
1780 1789 1970 1825 humanam
1990 1795 2140 1837 diligen-

117 1830 335 1875 acquiescere
352 1828 475 1861 5⁰D⁰0
492 1829 578 1870 fide,
606 1837 638 1863 ‘31
654 1831 747 1863 bona
764 1830 989 1870 COUSCiemla,
1018 1843 1102 1875 qua·
1127 1842 1130 1858 '
1155 1840 1239 1872 tiam
1264 1840 1337 1872 sine
1359 1838 1446 1872 Deo.
1502 1840 1553 1873 Ac
1578 1852 1658 1873 mox
1680 1842 1779 1874 addit
1803 1842 1952 1875 vicinam
1976 1845 2140 1878 admoni-

119 1882 307 1925 lescunque
324 1879 395 1912 sint
413 1886 569 1913 eventus·
1156 1890 1288 1922 tionem
1321 1889 1490 1923 Salomon
1522 1891 1565 1923 de
1597 1898 1716 1924 nostra
1750 1892 1968 1927 infirmitate:
2012 1893 2138 1930 Nescit

204 1980 216 1984 -
1073 1981 1078 1987 ι
1156 1937 1265 1972 homo
1278 1937 1394 1984 finem
1419 1953 1543 1979 suum,
1579 1938 1646 1974 sed
1667 1940 1760 1974 velut
1779 1942 1892 1988 piscis
1918 1944 2077 1987 εαριἸιιν,
2104 1948 2138 1980 id

174 1979 300 2021 l'ade,
324 1979 516 2015 comedeia
535 1979 683 2015 laelicl'a
700 1993 833 2029 panem
853 1986 972 2021 tuum,
1000 1979 1102 2028 Qum
1127 2007 1130 2020 ι
1157 1998 1224 2031 est,
1248 1989 1410 2024 homines
1433 2003 1533 2035 saepe
1557 1992 1654 2024 falsis
1681 1994 1968 2036 persuasionibus
1985 2004 2017 2030 ct
2033 1999 2139 2031 stulta

218 2031 302 2065 Deo
316 2031 462 2078 placent
481 2044 589 2080 opem
606 2037 682 2066 lua.
1157 2053 1215 2086 spe
1233 2042 1368 2075 incitati
1387 2043 1590 2075 sonmniant
1608 2043 1720 2076 bonos
1738 2052 1895 2085 eventus,
1923 2058 2000 2079 cnm
2022 2055 2138 2081 tamen

1158 2093 1192 2124 in
1222 2093 1339 2125 medio
1363 2105 1467 2126 cursu
1493 2093 1629 2136 magnis
1655 2094 1912 2129 calamitatibus
1935 2099 2139 2140 oppriman-

1128 2162 1129 2168 κ
1157 2150 1230 2184 tur,
1259 2150 1296 2175 ut
1315 2144 1441 2177 accidit
1455 2143 1591 2184 Mario,
1620 2143 1804 2188 Pompeio,
1834 2145 1923 2179 Iulio
1940 2154 1971 2180 et
1990 2149 2066 2181 aliis
2085 2151 2139 2181 in-

1156 2194 1437 2227 numerabilibus
1476 2196 1741 2238 erumpentibus
1783 2204 1876 2230 extra
1910 2201 2137 2232 vocationem.

1156 2243 1235 2277 Huc
1259 2245 1432 2287 pertinent
1456 2246 1654 2279 communia
1679 2246 1786 2279 dicta:
1816 2245 1948 2280 Omnia
1974 2257 2055 2283 sunt
2073 2248 2137 2283 ho-

1157 2295 1292 2328 minum
1319 2297 1415 2330 tenui
1443 2297 1629 2340 pendentia
1648 2296 1724 2335 filo,
1751 2295 1796 2330 Et
1816 2298 1932 2331 subito
1951 2312 2031 2333 casu
2050 2314 2138 2345 quae

1156 2346 1298 2379 valuere
1333 2354 1452 2381 ruunt.
1524 2346 1625 2379 ltem:
1667 2343 1815 2390 μάταιοι
1846 2346 1907 2382 διὰ
1939 2349 2139 2394 ἐπιθυμίας

1156 2393 1297 2440 μάταια
1326 2395 1547 2444 λογίζονται.
1611 2396 1857 2441 Repetendum
1889 2407 1937 2432 est
1969 2412 2049 2440 ergo
2084 2403 2139 2433 di-

1157 2455 1250 2481 ctum
1276 2449 1477 2492 saepissime
1502 2449 1569 2481 iam
1595 2448 1794 2481 recitatum:
1821 2448 2036 2484 Commenda
2063 2451 2144 2485 Deo*

1157 2499 1250 2531 viam
1276 2506 1392 2539 tuam,
1420 2507 1453 2533 et
1476 2511 1573 2543 spera
1600 2499 1635 2531 in
1661 2511 1758 2539 eum,
1785 2507 1816 2532 et
1840 2500 1911 2542 ipse
1933 2501 2046 2537 faciet.
2100 2503 2137 2535 ld

1158 2557 1226 2587 est,
1254 2550 1357 2583 facies
1383 2550 1574 2583 necessaria
1600 2549 1692 2582 iuxta
1719 2550 1958 2591 vocationem,
1987 2559 2019 2586 et
2047 2561 2142 2598 petas

1157 2607 1189 2633 te
1208 2601 1320 2634 iuvari
1338 2613 1355 2634 a
1375 2601 1453 2635 Deo
1471 2612 1603 2633 memor
1621 2607 1699 2632 tuae
1716 2600 1940 2637 infirmitatis.

1209 496 1316 545 Quid
1334 497 1480 545 prodest
1505 499 1692 541 laborare,
1721 514 1798 535 cum
1818 516 1889 537 non
1907 505 1954 538 sit
1973 506 2142 540 velocium

1259 561 1384 583 cursus
1401 562 1462 584 nec
1474 551 1635 598 fortium
1656 551 1834 586 victoria?

1258 632 1488 677 Respondeo:
1519 633 1610 669 Volo
1636 643 1673 670 ut
1692 637 1849 677 labores,
1877 646 1909 672 et
1927 647 2041 673 tamen
2063 643 2141 675 volo

1157 682 1318 717 homines
1342 696 1415 717 non
1441 685 1616 719 confidere
1645 688 1785 731 propria
1805 689 1975 733 sapientia
1994 699 2024 724 et
2042 692 2143 726 sorti-

1156 735 1298 775 tudine,
1332 747 1404 767 non
1437 747 1578 769 movere
1605 748 1658 769 res
1686 750 1757 769 non
1783 741 1991 774 necessarias
2017 743 2142 775 fiducia

1157 786 1318 830 propriae
1350 785 1540 829 sapientiae
1572 796 1631 821 aut
1663 788 1897 822 fortitudinis:
1933 793 1990 824 sed
2027 800 2143 836 petere

1156 844 1189 870 et
1220 843 1400 880 expectare
1428 837 1598 871 auxilium
1633 850 1649 870 a
1684 837 1777 879 Deo,
1820 847 1852 873 et
1883 842 2141 888 qualescunque

1156 894 1239 920 sunt
1271 894 1433 928 eventus,
1466 899 1539 920 non
1568 889 1712 921 deficere
1738 901 1756 921 a
1780 889 1875 930 Deo,
1909 904 1972 924 nec
1995 893 2141 926 fremere,

1156 939 1323 970 adversus
1346 950 1445 978 enm,
1477 939 1537 971 sed
1563 950 1749 982 agnoscere
1772 948 1927 975 nostram
1952 943 2140 977 infirmita—

1155 996 1235 1022 tem.
1289 988 1411 1022 Simile
1435 989 1567 1022 dictum
1593 997 1642 1023 est
1667 990 1737 1022 illi:
1766 990 1846 1024 Scio
1874 990 2041 1034 Domine,
2069 1007 2140 1027 non

1156 1046 1205 1072 est
1237 1036 1392 1071 hominis
1425 1039 1480 1072 via
1513 1039 1596 1074 eius.
1666 1040 1769 1073 ltem:
1813 1041 1894 1075 Non
1925 1051 2036 1086 potest
2070 1046 2136 1077 sibi

1155 1088 1262 1122 homo
1286 1100 1423 1122 sumere
1439 1089 1645 1134 quicquam,
1672 1091 1739 1124 nisi
1757 1092 1876 1125 datum
1893 1094 1936 1127 sit
1955 1095 1984 1126 ei
2003 1096 2044 1128 de
2061 1108 2138 1128 coe-

1155 1141 1200 1174 to.
1256 1138 1349 1172 Haec
1373 1141 1464 1173 dicta
1489 1141 1533 1172 de
1557 1142 1742 1175 eventibus
1768 1142 1979 1187 loquuntur,
2015 1153 2051 1178 ut
2076 1158 2139 1179 suo

1155 1191 1232 1223 loco
1258 1191 1390 1224 dictum
1409 1197 1478 1232 est,
1502 1203 1573 1224 non
1593 1190 1658 1224 hoc
1679 1193 1820 1233 volunt,
1846 1206 1988 1237 prorsus
2006 1197 2138 1229 nullam

1155 1253 1226 1275 esse
1246 1242 1442 1275 libertatem
1463 1242 1499 1274 in
1518 1242 1590 1286 ipsa
1609 1243 1777 1276 electione
1798 1245 2001 1281 voluntatis.

1127 1302 1129 1322 ι

1126 1333 1129 1464 i
1203 1348 1363 1396 Tempus
1383 1355 1412 1384 et
1431 1363 1536 1384 casus
1555 1351 1674 1385 valent
1694 1353 1731 1385 in
1751 1353 1932 1388 omnibus.

222 2109 260 2142 ld
291 2116 358 2149 est,
390 2121 478 2154 quae
507 2109 589 2142 sacis
620 2109 713 2142 iuxta
741 2109 980 2147 vocationem,
1015 2108 1104 2141 sicut

121 2167 236 2204 postea
262 2160 362 2192 dicit:
392 2158 486 2192 Haec
508 2167 557 2193 est
581 2172 660 2204 pars
686 2160 722 2192 in
748 2160 817 2193 vita
843 2167 874 2193 et
899 2160 1020 2193 labore
1043 2166 1103 2193 tuo

121 2223 224 2256 quem
245 2210 308 2244 tibi
328 2210 425 2243 dedit
444 2208 550 2244 Deus.

222 2259 267 2294 Et
292 2267 426 2304 postea:
454 2256 572 2293 Omne
595 2258 695 2308 quod
719 2259 854 2293 invenit
876 2271 1009 2293 manus
1028 2264 1104 2298 lua,

115 2311 410 2361 sortilersacito.
466 2310 542 2344 Hoc
559 2313 692 2344 dictum
710 2313 897 2355 diligenter
915 2312 1105 2345 observan-

121 2366 205 2397 dum
237 2371 303 2403 est,
337 2363 430 2407 quod
461 2363 602 2407 quidem
629 2362 710 2395 satis
736 2363 918 2406 perspicue
942 2362 1106 2402 ostendit,

121 2428 193 2449 non
230 2414 345 2447 doceri
386 2426 404 2446 a
432 2412 623 2447 Salomone
662 2413 895 2446 desertionem
933 2413 1106 2446 societatis

121 2465 319 2500 communis
342 2472 400 2498 aut
421 2465 646 2507 negociorum
661 2491 669 2504 ‚
697 2471 757 2498 aut
780 2464 897 2497 ocium
915 2461 1106 2497 monacho-

122 2529 219 2554 rum,
247 2516 306 2549 sed
325 2515 475 2560 proponi
496 2515 736 2559 gravissimam
756 2514 951 2548 doctrinam
972 2520 1006 2547 et
1023 2526 1106 2548 con-

122 2569 342 2602 solationem.
400 2565 503 2599 lubet
525 2579 589 2599 nos
609 2567 764 2600 studiose
785 2566 1027 2609 obtemperare
1044 2578 1106 2599 vo-

124 2619 253 2653 cationi
285 2624 316 2651 et
342 2625 487 2651 eventus
512 2616 587 2651 Deo
611 2618 877 2656 commendare,
910 2622 941 2649 et
964 2616 1104 2660 quidem

125 2670 326 2704 fidelitatem
353 2675 384 2702 et
410 2668 628 2712 diligentiam
656 2668 827 2712 postulat,
856 2678 933 2700 cum
959 2663 1017 2700 bic
1041 2668 1104 2701 ait:

1616 2715 1669 2751 9.
