2409 2915
295 84 366 118 411

300 169 444 205 humeto
475 158 580 198 alibi:
614 157 721 194 Dicet
748 152 986 204 blasphemias
1015 159 1137 188 contra
1161 151 1289 188 Domi-

306 230 405 254 num·

889 64 1014 104 PfflL.
1041 66 1157 104 MEL.
1183 65 1395 102 SCRIPTA
1421 63 1718 103 EXEGETICA.

2240 71 2319 108 412

1339 153 1405 189 rio.
1464 150 1559 198 Ergo
1590 151 1676 188 haec
1698 153 1812 199 capita
1832 165 1908 188 non
1926 160 2060 191 errant.
2118 154 2213 191 Haec
2235 158 2325 193 ratio

1340 204 1538 248 plausibilis
1562 211 1634 246 est,
1661 212 1695 240 et
1720 205 1894 250 plurimos
1917 204 1954 238 in
1973 212 2048 239 toto
2065 206 2150 240 orbe
2168 206 2216 241 ita
2232 215 2326 244 tenet

407 265 477 301 Sed
500 274 574 297 non
594 261 640 295 de
659 259 734 294 solo
751 255 957 293 Mahometo
973 253 1030 290 hic
1046 255 1187 290 dicitur.
1230 252 1291 288 Ait
1339 255 1545 297 fascinatos,
1571 262 1612 290 ut
1626 256 1821 290 contradici
1837 268 1910 290 non
1928 255 2059 290 sinant.

308 318 418 354 enim:
445 314 561 351 Stabit
584 312 623 346 in
646 311 724 345 loco
744 316 882 350 sancto,
910 309 945 341 id
970 314 1039 348 est,
1066 307 1102 340 in
1122 319 1162 341 eo
1181 312 1294 346 coetu,

309 371 347 403 in
370 379 441 413 quo
462 363 578 400 adhuc
602 368 718 396 manet
739 372 871 395 nomen
893 357 1027 393 Christi
1047 365 1082 392 ει
1104 355 1291 396 Ecclesiae,

308 427 341 454 et
361 419 399 452 in
423 429 493 463 quo
510 421 592 450 sunt
609 412 719 458 aliqui
735 418 826 446 recte
842 412 1045 443 invocantes
1061 408 1188 444 Deum.
1241 406 1293 441 Ilii

308 479 449 516 quoque
465 472 568 501 erunt
584 464 678 498 idola
692 462 861 496 vastantia
877 472 999 494 verum
1014 460 1160 495 cultum.
1211 457 1294 492 Dixi

307 527 424 555 autem
446 518 561 553 cultus
583 524 705 549 omnes
728 513 803 546 sine
824 511 1003 555 agnitione
1026 507 1155 544 Christi
1180 509 1294 542 idolo-

309 570 449 605 latriam
471 579 563 606 esse,
596 575 704 610 quare
729 561 786 601 hi,
822 563 882 608 qui
907 574 981 595 non
1006 567 1138 595 norunt
1162 559 1295 593 doctri-

309 633 391 655 nam
407 616 611 661 Evangelii,
637 616 681 648 de
703 612 772 647 fide
796 613 834 646 in
851 611 1053 652 Christum,
1080 619 1111 645 et
1134 612 1176 644 de
1193 611 1295 643 invo-

310 671 446 706 catione
475 669 514 701 in
540 665 603 700 hac
627 664 695 699 fide
718 664 896 704 facienda,
930 674 1052 697 omnes
1077 668 1158 695 sunt
1184 660 1296 704 ignari

310 721 384 755 veri
406 719 540 756 cultus,
566 723 599 751 et
624 715 686 761 qui
713 726 832 748 veram
857 714 1054 748 doctrinam
1078 722 1296 756 persequun-

311 778 389 812 tur,
416 776 499 803 sunt
515 766 733 801 idololatrae.

412 819 482 855 Sed
505 828 642 862 semper
667 813 830 849 homines
852 813 979 847 amisso
997 811 1190 854 Evangelio
1213 810 1298 844 sibi-

311 871 380 917 ipsi
403 881 495 904 nova
519 875 554 902 et
575 866 759 901 manifesta
782 864 878 898 idola
901 863 1114 906 excogitant,
1140 872 1221 904 ergo
1241 873 1299 894 ac-

312 923 444 957 cedunt
464 919 570 954 etiam
594 924 736 951 externa
762 914 876 955 idola,
907 920 947 947 ut
968 920 1121 953 statuae,
1147 913 1190 945 ad
1214 923 1300 956 quas

313 971 557 1012 concurritur,
585 968 658 1011 ipsa
683 965 859 998 invocatio
878 970 1119 1003 mortuorum,
1146 959 1298 1006 propha-

316 1023 413 1057 natio
435 1031 564 1054 coenae
586 1016 752 1055 Domini,
786 1015 822 1047 in
845 1025 912 1059 qua
936 1014 974 1047 fit
996 1013 1082 1046 falsa
1106 1013 1239 1046 oblatio
1267 1018 1301 1046 et

316 1074 402 1107 falsa
423 1069 594 1105 adoratio.
649 1066 757 1104 Item,
782 1065 909 1099 fiducia
934 1062 1170 1098 humanarum
1189 1062 1301 1097 tradi-

315 1124 472 1160 tionum,
498 1127 538 1154 ut
555 1114 805 1152 Monachatus.

417 1171 512 1205 Haec
531 1175 682 1215 quatuor
699 1164 791 1200 nihil
810 1165 978 1200 differunt
997 1165 1042 1198 ab
1057 1161 1207 1198 ethnicis
1222 1163 1302 1196 ido-

318 1223 479 1262 lolatriis,
506 1232 570 1254 nec
587 1219 659 1252 ulla
671 1216 826 1251 humana
838 1228 904 1250 vox
916 1216 1032 1248 dicere
1044 1221 1170 1259 potest,
1197 1226 1302 1259 quain

318 1283 405 1309 tetra
430 1273 501 1306 sint
523 1269 607 1305 haec
630 1269 743 1308 idola,
769 1274 803 1301 et
826 1274 992 1312 quantam
1017 1265 1104 1298 iram
1130 1264 1195 1299 Dei
1222 1276 1303 1308 pro-

318 1330 454 1364 vocent,
480 1322 539 1356 sed
556 1330 688 1365 poenae
704 1326 883 1362 utcunque
897 1316 1107 1359 significant.
1159 1314 1304 1358 Nequa-

320 1386 424 1421 quam
448 1378 561 1406 essent
583 1369 670 1403 tanti
695 1378 871 1401 successus
889 1366 1110 1404 Turcorum‚
1136 1364 1205 1397 nisi
1229 1376 1304 1396 ma·
1328 1379 1331 1395 a
1447 1396 1455 1404 ‚
1780 1395 1788 1402 ⁶
1878 1395 1885 1401 ·

1329 1417 1331 1423 «
1356 1398 1426 1430 lam
1446 1395 1654 1429 idololatrae
1671 1401 1703 1428 et
1719 1393 1898 1440 Epicurei.

1460 1453 1523 1488 Est
1540 1460 1656 1488 autem
1673 1453 1734 1486 ille
1748 1460 1867 1487 coetus
1884 1465 1983 1487 verae
2002 1450 2158 1487 Ecclesia
2169 1451 2256 1494 Dei,
2284 1454 2345 1499 qui
2402 1455 2403 1458 ’

322 1436 389 1470 gna
419 1428 508 1457 esset
539 1418 754 1453 idolomania
779 1417 816 1450 in
842 1415 1021 1455 Ecclesia,
1054 1421 1087 1448 et
1112 1415 1193 1459 quia
1220 1412 1306 1446 haec

321 1487 394 1509 non
413 1473 496 1508 satis
511 1470 581 1505 dici
602 1475 766 1514 possunt,
793 1479 875 1500 vero
893 1467 1019 1500 timore
1031 1465 1098 1498 Dei
1116 1465 1306 1507 cogitemus

322 1526 414 1571 apud
439 1534 505 1556 nos
524 1531 644 1553 vocem
669 1518 822 1563 Spiritus
845 1516 973 1550 sancti:
1010 1515 1134 1558 Fugite
1157 1515 1307 1547 idolola-

323 1577 444 1615 triam,
471 1579 503 1606 et
526 1571 700 1604 discamus
724 1580 824 1601 veros
842 1567 975 1605 cultus,
1004 1573 1035 1598 et
1054 1566 1229 1607 fugiamus
1247 1565 1308 1597 ‹le-

323 1626 518 1660 sensionem
536 1620 732 1659 idolorum,
758 1630 802 1652 ne
820 1629 898 1650 cum
915 1616 1032 1660 impiis
1049 1626 1240 1659 pereamus.

690 1709 713 1733 D
727 1715 742 1733 e
777 1716 793 1740 q
807 1714 824 1732 u
838 1714 854 1732 a
868 1714 882 1732 r
895 1708 906 1732 t
918 1713 942 1732 ο.

559 1761 615 1793 An
637 1757 784 1790 Ecclesia
804 1757 907 1797 possit
930 1753 1073 1787 errare?

428 1823 576 1868 Proprie
604 1822 646 1855 ad
671 1828 826 1862 tempora
852 1825 930 1862 post
951 1815 1140 1860 Apostolos
1163 1814 1313 1858 pertinet

330 1875 518 1919 descriptio
541 1884 630 1917 quae
653 1869 710 1903 liic
728 1870 880 1904 additur.
932 1866 1057 1900 Dicent
1077 1865 1195 1899 vobis:
1223 1863 1313 1898 Ecce

332 1927 389 1961 hic
422 1931 473 1958 est
495 1921 676 1958 Christus,
713 1932 789 1953 ecce
820 1919 892 1951 illic
924 1925 992 1956 est,
1023 1918 1057 1949 id
1082 1923 1151 1953 est.
1188 1926 1339 1964 magnass

330 1983 434 2012 erunt
451 1973 594 2008 dissidia
612 1973 833 2013 dogmatum,
861 1966 1013 2001 Ecclesia
1029 1965 1253 2003 lacerabitur,
1281 1971 1314 1998 et

332 2027 508 2073 quaelibet
544 2034 623 2067 pars
659 2020 869 2065 gloriabitur
902 2030 937 2052 se
969 2016 1097 2051 liabere
1121 2013 1312 2050 Chi-istum.
1338 2008 1339 2046 J

333 2078 429 2121 Quid
461 2075 522 2109 tali
553 2081 709 2117 tempore
739 2070 937 2103 faciendum
964 2069 1052 2101 erit?
1085 2067 1163 2111 quis
1188 2066 1315 2110 poterit

335 2128 507 2166 iudicare,
533 2136 621 2169 quae
646 2133 724 2166 pars
751 2121 793 2154 sit
817 2119 967 2164 populus
984 2117 1074 2151 Dei?
1100 2130 1180 2150 nain
1199 2128 1314 2150 errare

335 2180 469 2223 aliquas
485 2182 598 2220 partes
616 2184 752 2206 necesse
769 2178 829 2204 est.

437 2227 503 2260 Hie
524 2226 675 2258 muudus
692 2222 848 2266 seqnitur
864 2219 1044 2264 politicum
1062 2225 1316 2261 argumentum.
1340 2219 1341 2237 ἶ

335 2279 385 2314 {Jt
409 2278 456 2310 ibi
482 2277 676 2309 iudicamus
699 2284 770 2305 esse
786 2272 947 2314 rempub.
965 2269 1025 2303 uhi
1043 2276 1122 2301 sunt
1142 2269 1317 2312 principes

337 2338 369 2363 et
394 2328 612 2370 magistratus
638 2323 828 2360 ordinarii,
855 2328 1006 2353 caeteros
1031 2320 1226 2352 iudicamus
1246 2331 1318 2352 esse

338 2379 537 2414 seditiosos:
566 2376 611 2409 ita
629 2387 706 2408 cum
723 2380 803 2406 sunt
820 2372 962 2405 dissidia
977 2370 1171 2408 Ecclesiae,
1198 2381 1318 2403 accur-

341 2437 425 2464 runt
447 2426 591 2472 plurimi
617 2427 657 2458 ad
678 2423 760 2461 hos,
788 2424 847 2468 qui
866 2423 1008 2456 titulum
1027 2418 1157 2454 habent
1174 2421 1319 2453 ordina-

341 2482 412 2515 riae
446 2476 642 2523 potestatis,
677 2482 709 2508 et
734 2472 788 2507 his
812 2474 1007 2506 attribuunt
1031 2471 1319 2515 praerogativam,

342 2531 434 2576 quod
462 2540 533 2561 non
559 2527 692 2571 possint
716 2537 851 2562 errare.
879 2524 959 2568 quia
978 2523 1118 2560 dicunt,
1146 2519 1319 2555 Ecclesiae

341 2583 464 2615 factam
495 2590 567 2612 esse
597 2576 875 2621 promissionem.

1336 1865 1338 1876 ¹
1366 1858 1506 1902 publica
1524 1857 1668 1896 delicta,
1697 1856 1860 1888 eiiciendi
1877 1863 1970 1896 suut,
1997 1862 2028 1889 et
2048 1856 2230 1899 puniendi.

1443 312 1514 349 Sed
1544 325 1610 347 nos
1636 315 1786 349 sciamus
1810 312 2004 349 Ecclesiam
2026 314 2233 349 dissimilem
2256 327 2329 351 esse

1342 364 1487 399 caeteris
1502 364 1653 409 politiis,
1681 376 1745 399 nec
1759 372 1876 400 tamen
1893 365 2110 411 loquendum
2127 376 2199 399 esse
2214 366 2258 400 de
2273 366 2330 400 in·

1343 415 1477 450 visibili
1498 413 1668 451 Ecclesia.
1726 414 1822 450 Deus
1842 416 1922 450 ideo
1948 416 2107 450 condidit
2130 427 2239 460 genus
2262 413 2330 450 hu-

1343 478 1506 506 manum,
1533 465 1616 501 ideo
1636 466 1805 506 redemit,
1827 473 1868 500 ut
1891 467 1966 514 ipse
1989 467 2172 500 invocetur
2189 473 2222 500 et
2240 467 2331 500 cele-

1343 517 1485 557 bretur,
1510 523 1544 551 et
1563 514 1727 552 Christus
1748 516 1960 551 innotescat:
1989 528 2127 550 necesse
2151 524 2202 551 est
2224 516 2332 560 igitur
2374 527 2380 530 ·

1346 567 1501 611 conspici
1524 566 1737 607 Ecclesiam,
1770 577 1909 600 necesse
1937 574 1989 602 est
2016 567 2273 602 confessionem
2299 574 2334 602 et

1346 618 1606 652 invocationem
1622 625 1744 652 notam
1761 617 1850 652 fieri.

1449 676 1662 722 Quanquam
1679 682 1794 710 autem
1804 673 1960 710 Ecclesia
1975 682 2026 710 est
2040 675 2191 710 visibilis
2203 683 2335 715 coetus,

1347 734 1465 762 tamen
1488 727 1643 771 dispersa
1667 733 1738 771 est,
1764 738 1830 759 nee
1855 733 1906 760 est
1930 726 2053 771 politia
2073 726 2199 759 similis
2215 738 2336 769 regno,

1349 778 1488 821 alligata
1519 777 1616 815 loco,
1651 777 1882 817 successioni,
1917 783 1950 810 et
1980 776 2085 810 certis
2110 776 2246 819 legibus
2266 774 2336 809 liu-

1349 828 1474 863 manis.
1527 827 1595 862 Sed
1621 827 1760 871 alligata
1785 833 1835 861 est
1855 839 1962 871 purae
1979 827 2158 860 doctrinae
2176 824 2338 870 Evange-

1350 879 1401 913 lii.
1462 877 1557 911 Haec
1593 878 1769 912 consociat
1802 875 1995 911 Ecclesiam
2031 877 2236 922 ubicunque
2276 882 2337 918 est,

1351 930 1446 963 iuxta
1477 929 1585 961 illud:
1622 925 1719 961 Oves
1749 939 1848 961 meae
1877 940 1998 961 vocem
2029 940 2142 961 meam
2174 927 2339 962 audiunt.

1350 977 1483 1024 Sopho.
1503 978 1556 1014 3.:
1590 977 1737 1023 Reliqui
1768 975 1856 1011 mihi
1888 978 2059 1022 populum
2087 989 2276 1022 pauperem
2305 983 2341 1012 et
2386 974 2388 976 ’

1351 1041 1517 1074 egenum,
1544 1035 1577 1062 et
1593 1028 1787 1072 sperabunt
1804 1028 1842 1061 in
1859 1029 2004 1062 nomine
2020 1027 2182 1064 Domini.

1453 1094 1553 1129 Talis
1570 1105 1706 1138 semper
1723 1099 1776 1127 est
1791 1093 1908 1139 aliqua
1925 1105 2006 1127 vera
2021 1092 2196 1134 Ecclesia,
2220 1100 2261 1128 ut
2274 1093 2341 1128 sub

1353 1142 1496 1186 Achab,
1537 1144 1639 1179 Eliae
1670 1151 1847 1188 tempore,
1886 1150 1986 1178 erant
2016 1141 2134 1185 Elias,
2172 1143 2343 1185 Elisaeus,

1353 1203 1387 1230 et
1418 1196 1478 1229 alii
1508 1195 1634 1236 multi,
1669 1194 1758 1229 sicut
1788 1194 1875 1228 dicit
1906 1200 2037 1228 textus:
2075 1193 2223 1239 Reliqui
2253 1192 2343 1227 mihi

1353 1253 1484 1290 septem
1503 1246 1614 1278 millia
1630 1252 1693 1279 etc.
1748 1243 1806 1279 Sic
1822 1243 2025 1278 subHanna
2043 1252 2076 1278 et
2084 1242 2219 1289 Caipha
2233 1250 2344 1286 erant,

1355 1297 1517 1335 Simeon,
1557 1293 1764 1333 Zacharias,
1799 1292 2003 1336 Elisabeth,
2039 1294 2173 1335 Maria,
2207 1292 2345 1338 loseph,

1355 1353 1388 1380 et
1410 1346 1470 1379 alii
1494 1345 1617 1385 multi,
1644 1345 1778 1379 etiarnsi
1801 1356 1899 1388 reges
1916 1352 1949 1379 et
1967 1345 2149 1390 pontifices
2167 1352 2266 1378 erant
2282 1357 2343 1390 pa-

1358 1505 1580 1549 amplectitur
1612 1504 1759 1537 verbum
1788 1503 1875 1542 Dei,
1910 1516 1972 1548 per
1994 1501 2206 1548 Prophetas,
2239 1502 2345 1538 Chri-

1359 1564 1450 1590 stum
1475 1561 1506 1588 et
1523 1554 1712 1598 Apostolos
1738 1554 1924 1594 traditum,
1951 1561 1984 1587 et
2004 1566 2075 1587 non
2092 1554 2250 1588 defendit
2267 1566 2347 1599 per·
2400 1554 2401 1559 ’

1360 1605 1523 1639 tinaciter
1547 1605 1660 1644 idola,
1694 1610 1727 1636 et
1753 1615 1889 1637 errores
1915 1611 2111 1648 pugnantes
2135 1616 2214 1638 cum
2240 1605 2347 1639 verbo

1360 1654 1438 1690 Dei.
1490 1655 1653 1699 Suntque
1676 1654 1713 1686 in
1739 1651 1805 1687 hoc
1830 1661 1929 1688 coetu
1954 1655 2081 1699 partim
2107 1655 2239 1696 renati,
2264 1667 2348 1689 vero

1362 1708 1487 1740 timore
1501 1705 1585 1745 Dei,
1612 1712 1645 1738 et
1662 1717 1740 1738 vera
1758 1704 1825 1737 fide
1842 1704 1956 1738 Deum
1975 1705 2194 1746 invocantes,
2221 1706 2347 1749 partim

1363 1757 1462 1796 mali,
1490 1763 1523 1790 et
1544 1757 1618 1789 sine
1641 1767 1722 1788 vcro
1747 1755 1872 1788 timore
1889 1755 1974 1795 Dei,
2001 1756 2059 1788 sed
2079 1762 2195 1789 tamen
2213 1756 2247 1789 in
2266 1767 2349 1799 pro·

1363 1808 1512 1840 sessione
1534 1807 1714 1839 doctrinae
1735 1806 2009 1845 consentientes,
2035 1806 2094 1850 qui
2115 1805 2141 1838 si
2161 1806 2349 1842 admittant

2283 1856 2350 1891 Hic

1365 1915 1483 1941 coetus
1508 1908 1551 1939 de
1574 1907 1669 1939 cultu
1694 1903 1771 1938 Dei
1788 1907 1955 1944 consulit,
1984 1913 2016 1939 et
2039 1906 2198 1951 sequitur
2221 1919 2348 1951 purum

1366 1957 1617 2000 Evangeliuin.
1659 1968 1730 1989 non
1768 1956 1954 1999 opiniones
1986 1956 2130 1989 traditas
2163 1958 2350 1991 autoritate

1367 2006 1530 2041 humana.
1595 2006 1695 2041 Sicut
1716 2006 1877 2044 Simeon.
1913 2005 2116 2043 Zacharias,
2153 2007 2266 2040 Maria
2296 2020 2349 2040 se-

1367 2059 1567 2103 quebantur
1582 2058 1778 2090 doctrinam
1794 2055 2051 2101 Prophetarum
2069 2057 2198 2091 relictis
2215 2059 2350 2092 dcliriis

1338 2108 1340 2114 ⁸
1367 2109 1652 2143 Sadducaeorum
1674 2115 1705 2141 ει
1722 2104 2001 2142 Pharisaeorum.

1470 2166 1521 2200 De
1553 2179 1592 2200 eo
1626 2174 1745 2205 coetu,
1778 2166 2009 2209 amplectente
2037 2179 2164 2214 purum
2192 2164 2352 2211 Evange-

1368 2219 1475 2257 lium,
1503 2225 1594 2251 recte
1612 2217 1758 2255 dicitur.
1786 2214 1976 2250 Ecclesiam
1994 2230 2063 2250 non
2082 2229 2196 2250 errare
2215 2217 2250 2250 in
2268 2219 2351 2251 arti·

1369 2269 1458 2302 culis
1482 2269 1561 2301 fidei
1575 2295 1583 2307 ,
1610 2279 1669 2301 seu
1689 2268 1724 2300 iii
1746 2268 1947 2300 necessariis
1965 2269 2006 2300 ad
2026 2268 2192 2306 salutem,
2219 2269 2277 2300 sed
2297 2269 2352 2301 iii·

1375 2319 1474 2353 terim
1507 2319 1579 2352 fieri
1612 2325 1741 2362 potest,
1772 2325 1809 2352 ut
1834 2318 1955 2360 iugens
1977 2318 2167 2351 multitudo
2192 2319 2352 2352 omnium

1370 2370 1559 2407 ordinum.
1587 2369 1859 2413 Episcoporiim,
1884 2368 2125 2407 sacerdotum,
2155 2367 2352 2403 Monachu-

1371 2433 1469 2457 rum,
1495 2419 1650 2462 Regum,
1677 2418 1882 2461 Principum
1909 2426 1938 2452 et
1966 2419 2086 2463 populi
2113 2419 2155 2453 sit
2180 2419 2350 2453 contami-

1371 2478 1451 2504 nata
1477 2471 1599 2509 idolis,
1634 2477 1665 2502 et
1690 2469 1810 2502 inultis
1832 2470 2011 2502 erroribus
2037 2469 2257 2511 perniciosis,
2289 2470 2349 2514 qui

1372 2528 1528 2565 pugnant
1545 2533 1622 2554 curu
1638 2519 1794 2553 articulis
1810 2519 1888 2551 fidei
1900 2548 1908 2558 ,
1935 2521 2020 2554 sicut
2032 2518 2206 2553 Pharisaei
2222 2527 2251 2552 et
2263 2520 2351 2553 Sad-

935 2572 1087 2606 Ecclesia
1112 2579 1226 2605 autem
1249 2584 1318 2603 non
1372 2572 1492 2605 ducaei
1517 2570 1750 2603 defendebant
1768 2582 1902 2603 errores
1919 2578 2113 2614 pugnantes
2129 2582 2206 2602 rum
2223 2574 2353 2603 articu-

342 2639 392 2667 εει
415 2636 613 2664 truncatum
639 2638 783 2671 corpus,
812 2627 885 2658 sine
910 2625 1039 2668 capite,
1069 2623 1142 2657 sine
1166 2622 1321 2655 miiiiste-
1345 2651 1348 2660 ,

1373 2623 1414 2655 lis
1446 2622 1544 2661 fidei,
1577 2621 1658 2666 quia
1689 2619 1770 2653 hacc
1803 2622 1991 2655 multitudo
2022 2632 2142 2654 errans
2172 2622 2352 2664 anteponit
