2409 2915
278 93 350 128 823

283 177 514 210 conflictetur.

282 228 434 260 beretur.

385 274 449 308 Est
470 280 584 308 autem
609 272 786 307 Ecclesiae
810 281 918 309 status
944 275 1110 309 omnibus
1134 281 1269 318 tempo-
1293 289 1296 297 ·

286 327 384 360 ribus
406 325 659 369 propemodum
677 325 774 363 talis,
800 331 838 358 ut
862 326 1016 360 motibus
1037 323 1270 359 horribilibus

289 377 438 409 subinde
455 374 692 415 concutiatur,
710 381 743 408 et
760 375 797 407 in
815 372 869 408 his
885 376 1107 410 diabolorum
1126 377 1272 415 furores,

289 434 322 460 et
340 434 570 471 tyrannorum
588 426 778 464 saevitiam,
796 432 828 459 et
844 423 1029 460 hominum
1040 427 1270 460 fanaticorum

292 477 416 510 deliria
439 483 593 509 metuere
621 482 656 509 et
682 476 830 519 experiri
857 484 1018 520 cogatur,
1061 477 1121 523 qui
1151 487 1274 510 omnes

291 527 488 571 opprimere
506 534 538 560 et
556 526 670 559 delere
690 524 880 559 Ecclesiam
896 529 978 561 totis
992 528 1128 561 viribus
1142 539 1274 560 conan-

294 585 361 611 tur.
413 576 547 622 Estque
571 577 761 618 praesentis
778 577 925 621 periculi
948 578 1123 618 narratio,
1151 577 1187 610 in
1204 589 1274 622 quo

294 634 398 671 caput
425 625 599 660 Ecclesiae
621 627 694 671 ipse
711 625 886 661 Dominus
901 630 995 662 Iesus
1012 627 1174 662 Christus
1196 639 1275 661 cum

294 677 475 721 discipulis
492 684 671 718 versatur,
697 678 954 722 expressissima
979 680 1091 722 imago
1113 679 1275 712 furorum

296 728 448 768 diaboli,
474 728 603 772 quibus
618 725 841 762 etChristum
858 728 1088 773 etApostolos
1104 735 1195 762 totos
1210 729 1278 761 im-

295 789 451 822 mergere
475 784 508 811 et
532 779 719 812 absorbere
744 779 910 813 fluctibus
933 780 1058 814 voluit.
1119 778 1172 813 Ae
1193 780 1278 812 dum

294 836 464 872 geruntur
486 828 567 869 ista,
607 835 639 863 et
660 827 822 874 Apostoli
854 830 1114 874 periclitantur,
1149 830 1281 863 dormit

295 876 479 919 Christus,
512 879 659 927 perinde
684 891 722 913 ac
749 880 777 912 si
801 878 977 914 Ecclesiae
999 892 1118 913 curam
1142 880 1278 914 nullam

298 937 394 973 agat,
421 936 454 963 ct
470 937 663 972 grassantes
679 930 837 963 diabolos
853 931 1061 973 reprimere,
1077 939 1109 965 et
1128 938 1280 965 caeteros

298 978 414 1014 hostes
441 984 616 1020 coercere,
651 991 713 1012 nec
738 980 845 1023 possit
869 992 933 1014 nec
955 982 1099 1024 cogitet,
1134 981 1222 1014 sicut
1247 988 1281 1015 et

297 1031 440 1063 secundi
459 1029 586 1062 Psalmi
606 1031 761 1063 narratio
781 1042 922 1074 prorsus
944 1043 1022 1064 cum
1042 1029 1107 1065 hac
1130 1032 1281 1075 imagine

298 1081 475 1114 convenit:
517 1080 636 1122 Quare
667 1081 888 1115 fremuerunt
920 1089 1055 1125 gentes,
1096 1089 1129 1116 et
1159 1083 1281 1126 populi

295 1131 452 1164 meditati
471 1137 552 1164 sunt
568 1131 711 1164 inania?
737 1131 960 1166 Adstiterunt
971 1131 1084 1175 Reges
1100 1139 1225 1173 terrae,
1249 1139 1282 1166 et

296 1180 477 1225 Principes
502 1188 743 1215 convenerunt
769 1182 805 1214 in
831 1195 942 1216 unum
967 1185 1133 1216 adversus
1156 1182 1282 1216 Domi—

298 1244 382 1264 num
412 1238 444 1264 et
467 1232 634 1266 adversus
657 1229 838 1267 Christum
864 1233 950 1269 eius.
1010 1232 1282 1277 Disrumpamus

298 1275 452 1315 vincula⁶
469 1293 608 1323 eorum,
649 1290 682 1317 et
713 1283 939 1327 proiiciamus
970 1295 989 1317 a
1018 1284 1122 1317 nobis
1161 1285 1282 1327 iugum

298 1333 468 1376 ipsorum.
523 1332 595 1375 Qui
619 1331 809 1368 habitatin
829 1335 935 1368 coelis
959 1334 1120 1368 irridebit
1144 1346 1222 1375 eos,
1249 1341 1282 1367 et

296 1381 472 1417 Dominus
489 1384 719 1417 subsannabit
735 1396 793 1417 eos
815 1391 879 1418 etc.

400 1433 476 1466 Has
494 1432 662 1476 imagines
678 1440 711 1467 et
725 1435 943 1468 narrationes
961 1446 1097 1469 necesse
1119 1441 1169 1468 est
1190 1434 1283 1475 sciri,

297 1490 336 1517 ut
359 1483 596 1526 intelligamus
623 1484 660 1517 in
684 1482 740 1518 his
764 1485 927 1529 periculis
955 1486 1058 1518 fidem
1085 1492 1118 1519 et
1142 1485 1283 1518 invoca-

298 1535 430 1568 tionem
452 1535 677 1567 necessariam
696 1547 784 1575 esse,
811 1536 899 1568 sicut
923 1533 989 1568 hoc
1015 1536 1050 1568 in
1077 1536 1154 1568 loco
1182 1536 1283 1568 audi-

298 1596 374 1617 mus
396 1581 607 1627 reprehendi
633 1597 651 1618 a
677 1584 832 1618 Domino
859 1586 1114 1630 discipulorum
1140 1592 1284 1626 metum,

297 1643 329 1669 et
355 1635 434 1668 fidei
465 1635 751 1671 imbecillitatem,
805 1635 963 1670 Sciamus
989 1636 1096 1679 igitur
1121 1643 1282 1680 oportere

299 1685 334 1719 in
350 1686 515 1718 omnibus
540 1685 609 1719 illis
635 1687 798 1730 periculis
825 1686 1079 1720 confessionem
1097 1686 1283 1730 Evangelii

299 1743 498 1769 constanter
521 1737 684 1777 retineri,
718 1744 751 1771 et
773 1737 986 1771 communiri
1009 1738 1165 1777 animos,
1198 1744 1237 1771 ut
1263 1749 1282 1771 a

298 1786 389 1820 Filio
409 1785 473 1819 Dei
493 1785 646 1820 Domino
663 1795 782 1821 nostro
801 1787 878 1821 lesu
895 1787 1036 1823 Christo
1059 1789 1222 1822 alacriter
1245 1800 1283 1822 ac

298 1838 513 1871 confidenter
537 1845 656 1881 petant
682 1839 871 1876 auxilium,
900 1845 932 1873 et
948 1846 1148 1873 constanter
1164 1850 1283 1882 exspe-

298 1895 405 1922 ctent.
444 1888 542 1922 Sicut
558 1888 717 1923 videmus
727 1887 928 1933 Apostolos,
956 1902 1156 1934 quanquam
1172 1890 1282 1932 trepi-

299 1940 442 1976 dantes,
469 1945 585 1971 tamen
611 1948 727 1982 petere
751 1940 942 1979 auxilium,
970 1947 1002 1973 et
1027 1940 1281 1973 consessionem

300 1987 483 2030 Evangelii
501 1995 532 2022 et
547 1986 691 2023 Domini
709 1990 762 2023 sui
782 1989 858 2023 lesu
874 1987 1005 2024 Christi
1023 2002 1095 2023 non
1119 1990 1282 2025 abiicere.

300 2038 432 2073 Eadem
449 2051 466 2071 a
486 2039 587 2072 nobis
606 2052 746 2085 quoque
765 2041 894 2085 requiri
913 2048 1124 2081 statuamus,
1152 2047 1189 2074 ut
1205 2052 1282 2073 mo-

299 2098 382 2123 nent
408 2088 490 2123 haec
516 2090 625 2131 dicta,
654 2090 792 2124 Psalmo
810 2090 888 2127 372:
917 2091 1089 2126 Subditus
1113 2099 1184 2125 esto
1203 2091 1281 2124 Deo

299 2148 329 2174 et
350 2153 447 2185 spera
466 2140 500 2172 iu
519 2152 569 2180 en,
597 2149 627 2175 et
646 2142 717 2186 ipse
738 2143 850 2178 saciet.
889 2142 1057 2186 Exspecta
1073 2141 1283 2183 Dominum,

300 2201 331 2225 et
349 2191 482 2225 custodi
504 2191 594 2224 viam
611 2193 695 2233 eius,
719 2200 752 2226 et
771 2194 934 2227 exaltabit
953 2200 994 2233 to,
1010 2200 1046 2226 ut
1068 2191 1282 2227 haereditate

301 2243 414 2286 capias
445 2249 589 2276 terram:
619 2255 695 2276 cum
724 2243 891 2286 perierint
917 2251 1111 2288 peccatores
1134 2244 1280 2279 videbis.

401 2291 495 2325 llaec
514 2294 673 2327 exercitia
690 2294 768 2326 fidei
788 2295 977 2331 discamus.
1005 2302 1036 2328 et
1060 2294 1094 2326 in
1121 2307 1280 2337 praesen-

301 2343 388 2376 tium
407 2351 602 2387 temporum
621 2345 786 2388 periculis
803 2348 1004 2387 rogitemus.
1055 2343 1096 2377 Et
1116 2343 1206 2377 lianc
1226 2357 1279 2378 sa-

300 2394 467 2438 pientiam
495 2394 667 2429 Ecclesiae
691 2396 866 2440 propriam
893 2397 927 2430 in
952 2408 1030 2428 vera
1058 2395 1279 2429 invocatione

300 2452 330 2477 et
351 2446 567 2479 consessione
587 2446 786 2489 Evangelii,
813 2455 845 2482 et
866 2448 899 2480 in
925 2447 1001 2480 aliis
1025 2446 1147 2479 officiis
1171 2447 1277 2490 porti-

299 2496 464 2529 nentibus
481 2499 521 2530 ad
544 2495 734 2530 Ecclesiam
750 2499 944 2543 exprimere
961 2509 1138 2531 conemur.
1180 2498 1277 2529 Scia-

297 2559 374 2579 mus
392 2555 504 2580 autem
524 2555 554 2581 et
575 2549 724 2581 fructum
743 2562 780 2582 ac
796 2550 1017 2582 dulcedinem
1035 2545 1160 2581 horum
1181 2560 1277 2580 ewr-

298 2598 479 2632 ritiorum:
509 2600 588 2643 quia
613 2613 690 2633 cum
717 2601 918 2633 accenditur
937 2599 1128 2637 invocatio,
1159 2606 1276 2631 oste-u-

293 2649 346 2682 dit
364 2662 396 2683 sc
416 2652 567 2693 tandem,
583 2665 670 2697 quae
686 2652 815 2686 dicitur
833 2651 888 2686 liic
902 2651 1014 2685 dulcis
1030 2650 1276 2696 tranquillitas.

874 87 1000 123 PHIL.
1027 85 1142 124 MEL.
1171 84 1381 124 SCRIPTA
1408 84 1704 122 EXEGETICA.

567 173 705 208 Deinde
736 173 915 218 quomodo
946 185 986 206 ac
1010 184 1072 218 per
1095 185 1198 219 quem
1223 173 1268 206 li-
1291 173 1295 215 Ι
1319 171 1494 205 Suscitato
1519 171 1612 204 enim
1631 171 1790 206 Domino
1813 171 2011 218 gemitibus!
2028 183 2067 206 ac
2087 173 2178 208 votis
2201 173 2306 207 invo-

2229 89 2306 124 824

1320 222 1496 261 cantium,
1529 222 1762 256 certissimum
1789 229 1840 255 est
1870 234 1949 256 eurn
1982 230 2120 267 praesto
2153 235 2244 264 esse,
2272 230 2307 258 et

1320 272 1454 306 furores
1484 283 1523 304 ac
1552 272 1712 306 fremitus
1739 279 1860 306 contra
1891 271 2124 317 Evangelium
2155 274 2306 316 gloriose

1322 333 1540 365 compescere
1562 323 1728 366 repressis
1752 335 1790 356 ac
1806 323 1928 357 deletis
1944 324 2115 362 diabolis,
2147 324 2308 370 tyrannis

1323 379 1356 406 et
1374 370 1772 414 hominibusfanaticis,
1799 380 1838 408 ut
1854 382 2017 419 appareat
2035 373 2210 408 Ecclesiae
2227 374 2308 417 glo-

1325 423 1396 463 ria,
1422 421 1617 466 praesentia
1643 429 1676 456 et
1700 423 1898 467 benignitas
1924 425 2080 459 custodis
2104 432 2138 459 et
2161 423 2309 458 Domini

1326 474 1379 507 sui
1397 473 1557 506 salutaris
1573 479 1606 505 et
1624 473 1857 516 omnipotens.
1890 475 2108 520 Proponitur
2123 472 2208 509 haec
2223 486 2309 507 ron-

1326 523 1452 557 solatio
1472 523 1574 556 etiam
1595 522 1724 556 Psalmi
1745 522 1820 559 44.:
1849 524 2025 569 Exsurge,
2051 537 2159 570 quare
2175 525 2309 559 obdor-

1329 574 1394 607 mis
1402 572 1555 607 Domine
1564 573 1580 606 ?
1606 571 1763 617 Exsurge
1773 581 1806 608 et
1816 587 1859 608 ne
1869 577 2015 620 repellas
2027 576 2062 609 in
2072 577 2188 617 finem,
2202 586 2313 621 quare

1328 625 1450 658 faciem
1476 630 1570 657 tuam
1596 624 1742 661 avertis,
1770 625 1987 659 oblivisceris
2008 627 2149 670 inopiae
2170 633 2312 660 nostrae

1330 682 1363 708 et
1386 674 1625 709 tribulationis
1649 675 1814 708 nostrae'.>
1838 673 1886 709 Et
1903 675 2043 710 Psalmo
2061 678 2135 712 12.:
2164 676 2312 720 Propter

1331 725 1508 758 miseriam
1536 725 1681 768 inopum
1706 733 1739 760 et
1761 726 1930 769 gemitum
1963 739 2174 771 pauperum,
2218 737 2314 760 nunc

1331 787 1530 816 exsurgam,
1558 775 1643 809 dicit
1659 775 1854 818 Dominus,
1881 789 2010 821 ponam
2026 778 2175 812 salutare
2191 778 2226 810 in
2243 788 2314 822 quo

1332 838 1409 860 cum
1429 825 1553 858 fiducia
1573 827 1766 860 docebitur.

1383 874 1437 908 Et
1461 887 1538 909 cum
1563 875 1713 909 venisset
1730 875 1834 911 Iesus
1858 882 1964 911 trans
1979 876 2120 925 fretum
2140 877 2178 911 in
2198 876 2315 923 regio-

1435 938 1514 960 nem
1533 923 1823 966 Gerasenorum,
1853 933 2079 962 occurrerunt
2101 928 2134 962 ei
2155 926 2227 961 duo
2243 925 2316 960 lta-

1436 976 1554 1010 benles
1572 975 1802 1020 Daemonia,
1831 983 1888 1013 etc.

1437 1027 1567 1061 Gerasa
1598 1034 1695 1061 trans
1723 1028 1906 1063 Iordanem
1930 1037 1979 1064 est
2003 1041 2123 1064 versus
2138 1028 2320 1067 Arabiam,

1334 1078 1376 1111 de
1400 1090 1468 1123 qua
1494 1078 1614 1111 scribit
1639 1078 1786 1120 Strabo,
1818 1092 1891 1114 esse
1924 1094 1963 1114 eo
1988 1081 2024 1114 in
2048 1081 2124 1114 loco
2155 1086 2318 1123 stagnum

1334 1129 1505 1162 foetidum
1538 1127 1669 1162 vehens
1699 1142 1805 1175 aquas
1836 1132 2033 1165 mortiferas
2064 1131 2316 1169 animantibus,

1335 1191 1424 1224 quae
1449 1180 1532 1212 inde
1558 1179 1694 1215 bibant.
1751 1181 1804 1214 Ac
1827 1181 2015 1216 verisimile
2039 1188 2088 1215 est
2113 1187 2273 1224 stagnum
2297 1191 2318 1213 a

1335 1230 1499 1264 Diabolis
1523 1230 1691 1264 infectum
1717 1243 1755 1264 ac
1786 1239 1991 1276 corruptum
2020 1243 2111 1272 esse,
2149 1242 2237 1276 quos
2262 1229 2320 1264 hic

1335 1281 1496 1314 adfirmat
1514 1287 1625 1315 textus
1641 1281 1814 1315 immissos
1831 1283 1868 1315 in
1891 1294 2034 1327 porcos,
2061 1282 2266 1327 praecipites
2282 1281 2321 1314 in

1335 1338 1495 1374 stagnum
1513 1332 1700 1374 proruisse.

1437 1379 1513 1414 Etsi
1545 1388 1661 1414 autem
1692 1382 1805 1425 imago
1836 1383 1963 1425 gentis,
2004 1382 2104 1416 cuius
2134 1381 2254 1415 itidem
2282 1381 2319 1413 in

1336 1437 1429 1464 textu
1454 1431 1587 1464 mentio
1612 1430 1667 1471 fit,
1695 1438 1727 1465 et
1753 1434 1913 1467 omnium
1937 1445 2078 1473 eorum,
2112 1432 2172 1477 qui
2197 1443 2317 1465 vocem

1336 1480 1518 1524 Evangelii
1543 1489 1791 1523 contemnunt,
1831 1491 1888 1517 aut
1919 1483 2171 1527 cupiditatibus
2203 1482 2320 1516 stultis

1338 1539 1541 1574 praetexunt
1572 1539 1688 1575 spreto
1724 1545 1762 1566 ac
1794 1533 1978 1577 repudiato
2008 1531 2163 1567 Christo.
2218 1532 2321 1566 lubet

1335 1580 1517 1615 Christum
1537 1583 1701 1616 excedere
1716 1584 1788 1617 suis
1802 1584 1932 1617 finibus
1950 1595 2033 1626 gens
2045 1582 2321 1623 Gerasenorum,

1336 1644 1379 1665 ne
1401 1644 1524 1676 porcos
1548 1633 1719 1668 amittant.
1779 1632 1883 1667 Tales
1905 1641 1987 1668 sunt
2011 1632 2182 1668 Canonici
2211 1633 2321 1677 magis

1336 1683 1427 1716 foedi
1452 1694 1491 1716 ac
1513 1683 1668 1723 sordidi,
1702 1695 1807 1728 quam
1830 1685 1894 1717 ulli
1921 1685 2037 1727 porci,
2071 1684 2131 1729 qui
2157 1695 2318 1730 quocun·

1337 1745 1404 1776 que
1421 1741 1594 1777 proruunt
1606 1745 1742 1767 veneno
1757 1734 1987 1768 abominabili
1998 1735 2176 1779 complent
2186 1734 2319 1769 omnia.

1336 1783 1427 1818 Sunt
1457 1790 1489 1817 et
1511 1785 1636 1817 caeteri
1663 1782 1717 1817 his
1742 1784 1929 1818 Gerasenis
1953 1785 2104 1825 similes,
2138 1785 2199 1830 qui
2223 1791 2319 1829 post-

1336 1847 1439 1879 quam
1464 1846 1582 1867 vocem
1609 1835 1792 1877 Evangelii
1818 1836 2047 1874 audiverunt,
2081 1836 2238 1868 furenter
2263 1835 2319 1867 in-

1336 1885 1483 1928 dulgent
1506 1885 1671 1918 omnibus
1694 1886 1765 1918 suis
1789 1886 2058 1929 cupiditatibus,
2092 1897 2130 1919 ac
2156 1885 2317 1918 libidini-

1337 1935 1421 1978 bus,
1449 1936 1497 1968 sic
1520 1943 1557 1969 ut
1584 1936 1767 1974 foeditate,
1796 1948 1930 1969 veneno
1956 1948 1994 1969 ac
2010 1936 2178 1969 scelerum
2197 1942 2318 1969 conta-

1335 1986 1391 2027 gio
1423 1986 1580 2030 proxima
1611 1998 1769 2031 quaeque
1803 1998 1884 2030 prae
1915 1986 2058 2019 caeteris
2089 1986 2252 2020 infestent
2279 1998 2319 2019 ac

1335 2037 1550 2080 compleant,
1585 2044 1622 2070 ut
1646 2044 1726 2070 sunt
1755 2037 1910 2080 exempla
1936 2035 2041 2080 (proli
2068 2037 2186 2080 dolor)
2211 2036 2318 2070 inuu-

1335 2087 1527 2122 merabilia.
1580 2086 1686 2120 Tales
1702 2099 1825 2120 onmes
1843 2088 2011 2129 significat
2031 2087 2145 2128 imago
2166 2086 2318 2121 Gerase-

1336 2150 1482 2175 norum,
1517 2144 1548 2171 et
1573 2138 1666 2170 lacus
1682 2138 1765 2171 ⁴eius
1791 2139 1901 2181 gentis
1926 2138 2076 2171 foetidus
2099 2151 2138 2172 ac
2167 2150 2318 2171 venena·

1335 2195 1401 2222 tus.
1459 2187 1534 2232 lpsa
1563 2201 1626 2221 vox
1653 2188 1786 2221 Gerasa
1812 2201 1869 2222 seu
1888 2195 2038 2228 §ww-2⁸]
2057 2188 2224 2232 siguificat
2243 2188 2319 2222 val-

1335 2239 1401 2272 lem
1439 2239 1686 2272 seditiosorum
1719 2239 1956 2279 nebulonum,
2000 2239 2155 2273 fortassis
2188 2251 2317 2272 numen

1334 2290 1417 2323 inde
1446 2291 1573 2323 sactum
1600 2296 1668 2326 est,
1702 2291 1795 2335 quod
1822 2291 1985 2324 seditiosa
2013 2291 2202 2323 multitudo
2227 2289 2316 2324 Ara-

1334 2342 1416 2373 bum
1444 2341 1723 2373 latrunculorum
1748 2352 1807 2374 seu
1834 2341 2003 2378 aliorum,
2031 2341 2090 2384 qui
2116 2348 2245 2374 certam
2263 2351 2317 2374 se-

1332 2393 1410 2424 dem
1436 2392 1569 2424 millam
1596 2389 1811 2432 babuerunt,
1843 2403 1883 2424 eo
1911 2392 2105 2439 profugerit
2128 2398 2233 2437 atque
2259 2403 2315 2425 re-

1331 2449 1469 2487 ceptum
1490 2442 1537 2474 ibi
1558 2440 1732 2477 babuerit.

1694 2532 1740 2556 D·
1772 2533 1941 2563 axe-pto.

1434 2595 1641 2640 Exemplum
1668 2595 1780 2639 ipsum
1801 2596 1992 2636 significat,
2019 2598 2190 2641 primum,
2221 2597 2316 2642 qnod

1331 2647 1506 2681 Dominus
1523 2646 1616 2681 lesus
1626 2644 1788 2681 Christus
1803 2647 1899 2681 eiicit
1909 2646 2095 2690 Diabolus,
2120 2655 2151 2683 ct
2168 2659 2315 2693 regnum
