2409 2915
127 109 199 145 113
683 109 745 147 XI.
798 108 1096 147 ENARRATto
1125 111 1174 147 ΙΝ
1201 112 1584 153 ECCLESIASTEN.

170 190 328 227 Multas
344 205 452 228 curas
467 197 667 240 sequuntur
681 193 846 233 somnia,
874 199 905 228 et
923 194 961 228 in
978 195 1105 231 multis
1127 198 1132 232 1

219 244 453 279 sermonibus
469 242 654 277 invenitur
668 243 849 280 stulticia.

2063 135 2078 167 1
2089 135 2133 169 14

1205 197 1252 231 Si
1264 198 1358 246 quid
1370 201 1498 235 vovisti
1514 201 1615 247 Deo,
1642 219 1715 241 non
1730 209 1880 244 moreris
1899 211 2054 251 reddere.

1254 274 1460 310 Temeritati
1476 277 1615 320 linguae
1632 283 1731 317 addit
1747 287 1948 333 exemplum
1967 290 2128 327 devotis;

443 369 450 376 ·
840 370 847 377 .
1150 325 1300 359 sciamus
1340 333 1456 359 autern
1493 328 1597 361 simul
1633 332 1699 364 alia
1725 336 1834 368 multa
1867 340 2129 383 complectenda

120 383 204 405 cura
225 378 319 404 extra
338 375 570 403 vocationem.
622 368 716 403 Cura
734 369 866 403 laboris
885 373 1102 405 severissime
1150 387 1241 416 esse,
1276 377 1493 420 iuramenta,
1523 386 1643 422 pacta,
1672 385 1877 425 sponsiones
1929 390 2055 425 iudicia
2086 396 2128 427 de

121 421 333 466 praecipitur
356 417 459 452 Rom·
485 419 560 454 122
597 418 669 462 Qui
695 428 844 464 praeest,
873 421 915 453 Sit
941 423 1101 466 diligens.
1125 461 1127 465 ,
1149 427 1328 466 doctrina,
1357 427 1640 466 deliberationes.
1693 432 1780 465 Nam
1811 435 1848 467 in
1882 415 1935 471 tiis
1961 444 2128 478 omnibus

124 475 153 508 1.
169 468 332 505 Corinth.
350 468 403 503 4.;
433 469 509 502 Hoc
535 471 729 515 requiritur
755 471 792 503 in
818 471 1033 513 ministerio,
1062 481 1100 507 ut
1124 471 1127 477 ’
1148 489 1237 520 opus
1252 485 1301 510 est
1317 478 1425 511 vitare
1444 480 1744 524 praecipitantiam
1764 491 1796 517 et
1816 490 2042 525 temeritatem
2093 503 2126 529 et

119 521 230 556 fidelis
248 521 304 554 sit.
359 518 422 553 Est
439 526 555 553 autem
575 521 743 554 adfectata
763 521 973 564 negligentia
1001 524 1097 556 simi·
1148 540 1228 561 mox
1252 529 1394 562 additur
1416 530 1619 571 gravissima
1643 534 1839 569 admonitio
1869 538 1912 570 de
1934 520 2125 582 provid'en,

117 573 162 605 lis
183 571 359 616 perfidiae.
410 570 605 604 Laudanda
631 578 681 605 est
703 571 812 614 igitur
835 585 916 605 cura
939 573 1098 614 Davidis,
1122 591 1124 607 ι
1147 578 1206 613 tia,
1260 578 1353 621 Quia
1374 580 1550 614 temeritas
1575 582 1634 615 illa
1653 590 1700 615 est
1718 587 1859 628 propria
1878 591 1988 622 securi
2006 601 2125 635 pecto-

116 634 196 656 cum
215 628 372 665 tempora
389 627 422 654 et
439 622 513 655 loca
530 628 705 666 oportuna
722 623 942 656 dimicationi
961 626 1097 668 praevi·
1147 629 1210 668 ris,
1239 631 1332 673 quod
1359 641 1431 661 non
1458 638 1554 663 curat
1577 632 1748 666 iudicium
1775 634 1860 675 Dei,
1889 646 1921 672 et
1936 642 1989 673 vel
2011 644 2124 679 admi-

115 673 194 713 det,
219 680 258 707 ut
275 671 476 706 Alexander
491 673 627 705 dicebat
646 672 891 707 Parmenioni:
922 673 978 707 An
995 683 1097 719 putas
1145 679 1280 712 ratione
1297 680 1458 723 propriae
1477 681 1688 727 sapientiae,
1718 685 1770 717 vel
1789 689 2024 725 aemulatione
2069 697 2123 729 vel

115 735 171 756 me
203 723 359 757 dormire
390 723 562 767 potuisse,
590 723 794 768 priusquam
827 725 1098 766 constituissem,
1120 724 1123 760 ,ἶ
1145 730 1222 762 aliis
1249 730 1501 774 cupiditatibus
1530 732 1714 774 incitatur,
1746 743 1779 768 „t
1802 739 1919 773 turbet
1951 720 2111 779 deomant

114 774 293 820 quomodo
313 774 518 807 instructuri
537 774 645 806 simus
662 774 797 807 aciem?
840 773 962 808 Petere
977 783 1095 809 autem
1120 768 1123 816 l
1144 786 1203 813 aut
1223 787 1362 813 moveat
1378 792 1450 813 non
1466 784 1652 818 movenda,
1700 783 1753 818 Sit
1772 786 1875 820 infixa
1894 768 2021 825 fflfimi}
2039 773 2125 829 haec’

114 836 133 858 a
150 824 224 858 Deo
241 824 378 858 felicem
394 824 523 857 ‘Xifflm
542 825 665 868 praelii
682 824 796 858 Dffl'id
816 825 925 864 solet,
954 833 986 860 el
1003 824 1094 859 hanc
1119 817 1122 878 ῃ
1144 831 1340 863 admonitio
1364 832 1407 863 de
1429 832 1672 874 providentia,
1698 842 1729 867 et
1753 836 1979 874 confirmetur
2003 855 2121 878 assen—

112 886 232 923 curam
245 874 321 909 Deo
338 875 570 909 commendat·
1117 904 1120 934 Ι
1143 881 1195 914 sio
1212 882 1248 914 iu
1267 882 1368 915 uobis
1394 883 1561 925 exemplis
1577 896 1769 927 poenarum
1788 890 1946 922 omniurn
1967 905 2054 937 quae
2072 896 2121 929 le-

214 925 368 959 Econtra
393 937 476 958 vero
500 931 651 971 utroque
676 929 782 960 modo
809 933 988 969 peccatur,
1015 939 1092 959 cum
1118 947 1119 951 =
1142 932 1275 974 girum,
1299 940 1331 966 et
1353 945 1441 977 quae
1459 934 1617 977 quotidie
1642 936 1836 977 cernimus,
1864 946 1896 972 et
1922 952 2122 986 opponatur

112 975 219 1010 stulta
237 976 462 1020 persuasione
479 983 622 1019 propter
641 977 730 1009 vires
754 983 812 1009 aut
828 977 1006 1010 fortunam
1028 977 1093 1009 ali-
1117 1000 1119 1008 ι
1143 995 1208 1015 vox
1226 983 1366 1023 dix-ina,
1393 995 1480 1027 quae
1503 985 1734 1019 concionatur
1756 988 1798 1019 de
1821 991 2060 1035 providentia,
2088 1005 2120 1030 et

112 1026 191 1071 quis
215 1026 283 1060 sibi
307 1034 436 1060 certam
461 1027 642 1060 victoriam
662 1027 856 1071 promittit,
883 1034 922 1060 ut
942 1027 1092 1071 Pompe-
1117 1022 1119 1035 ¹
1141 1033 1240 1066 cuius
1265 1034 1422 1077 exempla
1446 1034 1481 1065 in
1511 1036 1634 1078 poenis
1657 1037 1850 1077 cernimus,
1879 1042 2003 1077 stultae
2022 1057 2120 1080 secu-

224 320 410 354 Differunt
441 329 524 351 cura
554 318 708 360 laboris,
742 331 825 352 cura
854 320 897 353 de
924 321 1036 362 exitu,
1071 329 1101 356 et

111 1077 186 1115 ius,
212 1084 273 1110 aut
297 1089 375 1110 cum
401 1076 598 1110 diffidentia
626 1078 866 1117 excruciatur,
893 1084 933 1110 ut
952 1076 1091 1112 Aratus.
1116 1101 1117 1106 ,

111 1126 235 1160 Talem
255 1139 373 1161 curam
392 1125 450 1160 hic
465 1125 692 1171 reprehendit
707 1127 895 1167 Salomon,
923 1139 1012 1172 quae
1029 1140 1091 1160 an·
1115 1148 1117 1155 ·

108 1177 203 1221 {itur
217 1179 260 1211 de
275 1178 380 1212 exitu.

211 1233 276 1269 Est
306 1242 341 1268 et
370 1233 454 1267 haec
484 1246 565 1267 cura
599 1231 907 1277 reprehendenda,
950 1247 1091 1268 movere

109 1299 181 1319 non
216 1285 428 1327 necessaria,
468 1285 582 1317 aliena
607 1296 625 1316 a
652 1285 849 1318 vocatione.
910 1284 1006 1317 Haec
1041 1293 1090 1318 est

108 1331 451 1383 πολυπραγμοσύνη
474 1346 575 1379 saepe
598 1331 796 1378 prohibita,
825 1342 863 1368 ut
886 1336 979 1379 apud
997 1335 1090 1368 Pau-

107 1388 201 1421 lum:
228 1385 376 1430 Propria
403 1385 503 1428 agite.

107 1436 195 1472 ἀλλο
219 1434 504 1483 τριοεπίσκοποι.
557 1435 652 1468 Haec
677 1437 757 1478 duo·
774 1447 899 1479 genera
925 1448 1088 1469 curarum

108 1489 251 1523 inutilia
270 1494 371 1526 sunt,
400 1493 432 1520 et
458 1487 587 1520 frustra
605 1486 805 1520 excruciant
823 1494 967 1521 mentes.
1006 1486 1087 1519 ldeo

107 1537 165 1573 hic
179 1539 340 1572 additur:
369 1535 485 1571 Tales
502 1549 611 1570 curas
634 1548 762 1582 parere
786 1535 906 1569 mulla
928 1536 1087 1572 somnia.

107 1588 186 1623 Etsi
210 1596 325 1623 autern
350 1589 399 1621 sic
421 1595 604 1627 enarrant,
632 1589 725 1632 quod
755 1588 882 1621 multas
905 1589 1089 1621 anxietatis

109 1640 219 1674 animi
237 1639 396 1683 pariant,
422 1645 538 1671 tamen
556 1637 684 1681 opinor
708 1635 774 1670 hoc
793 1638 1001 1679 significari,
1028 1650 1087 1671 cu—

109 1702 164 1723 ras
189 1689 298 1734 ipsas,
328 1699 417 1733 quae
449 1685 649 1731 prohibitae
673 1694 774 1726 sunt,
806 1688 925 1720 inania
952 1688 1087 1720 somnia

109 1751 198 1773 esse:
228 1734 570 1784 πολυπραγμοσύνη
591 1736 703 1769 Cassii
725 1744 757 1770 et
781 1736 902 1777 Bruti,
937 1738 980 1770 de
1004 1750 1089 1770 con-

107 1790 285 1823 stituendo
303 1789 427 1832 pulcro
449 1793 540 1820 statu
555 1785 709 1830 Reipub.
728 1795 799 1820 erat
817 1795 951 1820 tantum
971 1788 1089 1820 vanis—

107 1840 236 1873 simum
248 1838 437 1872 somnium.

105 1887 246 1935 μάταια
275 1885 485 1936 λογίζονται
509 1884 571 1921 διὰ
597 1884 810 1930 ἐπιθυμίας.
864 1886 999 1929 Regula
1025 1901 1087 1920 au-

106 1949 174 1976 tem
197 1941 238 1974 de
254 1941 347 1973 curis
364 1940 427 1971 ista
446 1945 621 1972 teneatur:
660 1936 877 1970 Commenda
897 1936 972 1970 Deo
994 1939 1086 1971 viam

68 2002 71 2003 ’
106 2000 200 2026 tuam
213 2016 222 2030 ‚
250 1997 283 2024 et
300 1991 374 2034 ipse
390 1989 500 2022 faciet.
533 1987 637 2021 Prior
660 1999 740 2032 pars
759 1989 929 2032 praecipit
945 1989 988 2021 de
1005 2001 1085 2021 cura

106 2042 237 2076 laboris
254 2041 290 2074 in
308 2040 490 2074 vocatione
512 2046 546 2072 et
564 2039 606 2071 de
630 2038 716 2077 fide,
744 2038 865 2072 Altera
886 2051 965 2083 pars
988 2039 1087 2073 addit

106 2092 390 2138 promissionem:
420 2090 498 2135 lpse
514 2089 628 2124 faciet.

161 2183 250 2219 Vox·
264 2182 373 2217 stulti
387 2183 425 2217 in
441 2181 687 2230 multiloquio.

207 2261 318 2306 Saepe
332 2257 423 2293 hanc
439 2259 717 2292 admonitionem
736 2259 870 2303 repetit,
898 2271 942 2292 ne
959 2266 1089 2293 temere

105 2313 344 2358 pronuncient
361 2309 522 2344 homines
540 2310 583 2342 de
600 2310 822 2352 dogmatibus
844 2318 877 2344 et
901 2311 936 2343 in
955 2309 1087 2343 delibe-

105 2364 321 2404 rationibus,
347 2362 406 2395 sed
423 2367 515 2394 recte
533 2367 566 2393 et
588 2361 651 2393 diu
675 2361 906 2394 consideratis
930 2361 1088 2394 sontibus

105 2423 139 2450 et
163 2415 256 2448 veris
279 2413 406 2447 causis:
435 2423 474 2444 ae
504 2411 729 2444 manifestum
755 2417 825 2454 est,
851 2423 951 2455 saepe
969 2423 1088 2445 errare

105 2465 314 2512 praecipites
345 2471 376 2497 et
401 2462 512 2496 multa
542 2462 748 2495 iudicantes.
809 2461 892 2495 Ideo
922 2474 997 2509 cap.
1030 2461 1088 2497 10.

105 2517 276 2552 Proverb.
293 2514 429 2562 inquit:
459 2510 509 2546 In
525 2510 763 2560 multiloquio
779 2523 851 2545 non
877 2509 987 2544 deerit
1009 2523 1087 2559 pec-

105 2572 237 2603 calum.
285 2563 333 2599 Et
349 2571 466 2599 extant
482 2563 612 2596 similes
629 2563 890 2597 admonitiones
906 2563 1088 2606 plurimae,

105 2631 195 2665 quae
211 2614 401 2662 prohibent
420 2614 658 2658 garrulitatem
671 2639 679 2652 ‚
708 2614 1012 2658 praecipitantiam
1031 2614 1085 2648 iu-

106 2671 299 2708 diciorum,
327 2675 360 2701 et
377 2666 505 2699 similia
522 2665 618 2699 vitia.

159 2723 332 2752 Mutum.
363 2719 464 2750 Orza.
496 2717 691 2748 V01..le,

555 1384 602 1419 Et
618 1386 710 1429 apud
729 1385 890 1420 Petrum:
917 1385 998 1418 Non
1015 1386 1090 1418 sitis
1112 1408 1113 1421 ι

492 1835 571 1869 Huc
589 1837 742 1879 pertinet
757 1837 909 1871 dictum:
938 1834 1087 1881 μάταιοι
1110 1838 1113 1863 ff

1116 1086 1118 1099 *
1140 1084 1252 1123 rituti,
1280 1091 1312 1117 et
1336 1084 1550 1117 dubitationi
1572 1083 1763 1128 humanae,
1792 1097 1823 1122 et
1849 1093 2014 1128 omnibus
2042 1099 2118 1141 opi-

1141 1135 1309 1168 nionibus
1326 1133 1510 1179 Epicureis
1529 1143 1560 1169 et
1576 1135 1782 1182 Cyclopicis.

1190 1223 1325 1261 Coram
1354 1226 1507 1273 Angelo.

1240 1300 1413 1335 Usitatum
1448 1311 1497 1337 est
1518 1305 1676 1347 patribus
1709 1314 1741 1340 et
1767 1306 1968 1353 Prophetis*
1989 1313 2118 1349 Filium

1137 1352 1225 1390 Dei,
1249 1353 1435 1385 nominare
1458 1352 1654 1396 Angelum,
1685 1357 1766 1399 quia
1790 1360 1903 1393 sciunt
1928 1359 2022 1396 hunc
2044 1365 2119 1398 Do-

1137 1403 1294 1443 minum,
1320 1401 1497 1436 Ecclesiae
1515 1406 1743 1447 promissum,
1771 1411 1941 1444 nuncium
1965 1425 2036 1448 esse
2052 1417 2119 1448 mi-

1112 1481 1114 1494 ,
1136 1454 1214 1486 radi
1236 1454 1366 1486 decreti
1394 1455 1436 1487 de
1464 1455 1675 1488 liberatione
1694 1459 1829 1499 generis
1847 1459 2006 1497 humaui.
2060 1465 2118 1500 Sic

1137 1511 1168 1537 et
1186 1503 1288 1537 [acob
1308 1505 1467 1538 nominat
1487 1517 1565 1539 eum
1584 1505 1779 1550 Angelum,
1807 1518 1840 1544 et
1871 1514 1969 1547 addit
1987 1516 2118 1549 descri-

1136 1555 1311 1598 ptionem,
1347 1567 1435 1599 quae
1459 1557 1627 1590 discernit
1659 1570 1736 1591 eum
1768 1572 1785 1593 a
1811 1564 1934 1597 creatis
1961 1563 2117 1609 Angelis.

1137 1605 1230 1648 Quia
1248 1606 1380 1650 inquit:
1408 1605 1600 1640 Benedicat
1617 1609 1717 1641 vobis
1736 1609 1892 1653 Angelus
1906 1641 1913 1655 ,
1943 1616 2004 1659 qui
2029 1617 2119 1651 libe-

1137 1656 1228 1688 ravit
1244 1668 1298 1688 me
1315 1668 1354 1688 ex
1371 1657 1536 1689 omnibus
1553 1659 1668 1691 malis.
1720 1658 1894 1696 Adfirmat
1919 1677 1999 1707 ergo
2023 1664 2119 1701 hunc

1137 1705 1312 1748 Angelum
1338 1705 1615 1749 omnipotentem
1637 1718 1729 1748 esse,
1757 1710 1966 1746 liberantem
1992 1728 2009 1748 a
2039 1729 2118 1761 pec—

1137 1762 1211 1788 cato
1235 1762 1266 1788 et
1291 1767 1308 1787 a
1336 1762 1465 1796 morte,
1504 1763 1537 1790 et
1561 1758 1642 1790 facit
1669 1758 1742 1792 eius
1771 1763 2000 1798 mentionem:
2037 1769 2119 1812 quia

1136 1806 1278 1852 proprie
1295 1806 1358 1839 scit
1377 1804 1472 1840 hunc
1489 1819 1560 1840 esse
1577 1808 1776 1842 Dominum
1800 1819 1832 1845 et
1848 1816 2028 1850 custodem
2050 1817 2119 1852 Ec-

1110 1878 1112 1882 ι
1136 1857 1270 1889 clesiae.

1187 1936 1233 1971 Si
1259 1935 1391 1971 videris
1427 1938 1637 1974 calumnias
1667 1953 1858 1987 egenorum
1890 1953 1920 1980 el
1961 1948 2118 1985 violenta

1239 1987 1391 2025 iudicia.

1238 2055 1325 2088 Mox
1343 2057 1439 2089 addit
1463 2057 1760 2100 admonitionem,
1787 2073 1829 2095 ne
1851 2072 2033 2108 propterea
2053 2069 2119 2101 du-

1136 2106 1269 2139 bitetur
1287 2107 1329 2138 de
1347 2107 1567 2150 providentia
1580 2136 1588 2148 ,
1617 2110 1698 2154 quia
1715 2112 1846 2145 multae
1866 2114 2014 2150 iniuriae
2038 2130 2118 2162 per-

1109 2135 1343 2195 imittuntur,
1378 2165 1417 2191 ut
1438 2155 1613 2201 Diogenes
1645 2161 1799 2201 dicebat,
1834 2164 2032 2209 Harpalum
2062 2169 2118 2201 di-

1110 2192 1113 2248 !
1137 2219 1213 2240 cere
1239 2208 1358 2241 vivum
1393 2209 1633 2243 testimonium
1662 2219 1782 2246 contra
1807 2212 1920 2256 Deos,
1953 2220 2046 2262 quod
2081 2220 2117 2252 in

1110 2256 1113 2300 j
1137 2258 1273 2301 magnis
1298 2259 1537 2303 voluptatibus
1570 2269 1647 2305 post
1674 2263 1782 2296 multa
1807 2266 1934 2300 scelera
1967 2269 2117 2305 vivebat.

1110 2305 1113 2358 Ξ
1137 2308 1230 2342 Huic
1255 2310 1448 2343 obiectioni
1473 2313 1759 2354 respondendum
1783 2322 1833 2348 est
1858 2328 1897 2349 ex
1923 2319 1995 2361 ipsa
2015 2333 2116 2364 cxpe-

1110 2389 1114 2408 4
1137 2360 1274 2399 rientia,
1301 2359 1512 2405 Quanquam
1531 2362 1736 2407 aliquandiu
1755 2367 2008 2408 permittuntur
2023 2371 2116 2403 iniu-

1110 2415 1113 2465 i
1136 2411 1228 2448 riae,
1258 2418 1372 2443 tamen
1392 2420 1588 2456 sequuntur
1615 2426 1764 2457 poenae,
1791 2423 1822 2449 et
1842 2416 1934 2450 Deus
1958 2421 2113 2460 regulam

1110 2478 1113 2496 ;
1137 2468 1268 2501 servat,
1296 2473 1384 2506 quae
1412 2470 1462 2496 est
1485 2475 1613 2496 nervus
1637 2465 1862 2508 disciplinae,
1890 2468 2032 2502 Atrocia
2053 2472 2115 2504 de·

1136 2512 1216 2546 licta
1235 2512 1337 2545 etiam
1355 2512 1391 2544 in
1408 2510 1472 2546 hac
1483 2515 1552 2547 vita
1575 2515 1773 2558 puniuntur
1789 2518 1964 2552 atrocibus
1981 2521 2115 2564 poenis,

1138 2563 1231 2596 iuxta
1254 2563 1314 2595 illa
1340 2563 1448 2596 dicta:
1493 2564 1564 2607 Qui
1599 2566 1751 2607 gladium
1780 2569 1966 2611 acceperit,
1998 2571 2114 2611 gladio

1139 2613 1278 2655 peribit.
1335 2612 1437 2646 Item:
1466 2613 1539 2648 Vae
1555 2617 1614 2659 qui
1634 2616 1773 2659 spolias,
1799 2618 1880 2661 quia
1897 2621 2113 2663 spoliaberis,

1110 2699 1112 2702 ,
1138 2664 1220 2697 ldeo
1240 2664 1409 2697 Salomon
1424 2676 1503 2698 mox
1521 2666 1618 2698 addit
1643 2667 1974 2710 comminationem,
2003 2680 2036 2706 et
2062 2674 2115 2704 di-

1625 2716 1646 2747 8
