2409 2915
275 95 347 129 291

382 188 468 208 nam
497 171 571 205 vult
598 169 665 204 hoc
691 181 763 203 esse
774 170 791 200 Ρ
843 167 926 203 Alii
941 174 1060 203 autem
1076 167 1269 204 irridentes

381 223 548 258 dicebant
560 248 568 261 ‚
597 218 698 268 quod
712 225 831 254 musto
849 219 951 267 pleni
967 225 1091 256 essent,

332 275 437 309 Stetit
463 278 582 307 autem
601 269 730 306 Petrus
757 283 834 305 cum
859 269 1043 312 undecim,
1066 276 1096 305 et
1119 269 1267 305 elevavit

385 337 498 358 vocem
520 336 648 362 suam,
683 327 712 356 et
740 321 881 356 locutus
904 327 954 355 est
980 321 1048 356 eis:
1088 321 1178 357 Viri
1201 320 1268 355 Iu-

383 374 483 414 daei,
516 379 546 408 el
575 374 641 422 qui
662 373 841 407 habitatis
866 371 1072 406 Ierusalem
1096 372 1267 408 universi.

381 426 462 460 Hoc
495 424 596 459 vobis
623 429 746 458 nolum
771 424 838 463 sil,
871 428 902 456 el
921 423 1090 470 percipile
1113 423 1268 457 auribus

385 476 490 511 serlm
517 487 607 509 mea.
659 473 744 509 Non
771 474 864 507 enim
887 474 979 508 sicul
999 487 1058 508 cos
1077 474 1269 508 existima-

383 528 449 569 tis,
477 524 521 560 hi
535 526 628 560 ebrii
639 530 743 563 sunl,
771 530 820 558 est
839 525 932 558 enim
949 522 1044 559 hora
1064 523 1137 558 diei
1151 525 1268 559 [ertia.

384 576 461 612 Sed
481 575 548 611 hoc
568 582 616 610 cs!
635 574 735 623 quod
754 574 886 611 dictum
903 581 953 610 es!
967 588 1031 624 per
1049 573 1269 623 Prophetam

385 627 483 663 Ioefl:
519 626 572 660 ΕΙ
605 626 670 660 eril
702 627 739 660 in
770 626 980 660 novissimis
1006 625 1147 665 diebus,
1184 623 1270 659 dicit

386 678 513 717 Deus,
555 674 765 726 Effundam
796 675 838 711 de
868 677 1003 724 spiritu
1035 689 1129 716 mec),
1163 688 1272 723 super

385 740 524 763 omnem
550 741 712 769 carnem,
748 727 800 762 Et
822 725 1093 775 prophetabunt
1107 725 1193 772 filii
1217 740 1271 760 ve-

383 779 455 814 slri
476 785 506 813 el
519 778 633 825 filiae
659 783 812 821 cestrae,
838 784 868 812 el
885 777 1150 813 adolescentuli
1166 781 1273 812 vestri

385 831 540 865 visiones
565 829 750 870 videbunt,
779 835 809 863 el
826 829 984 863 seniores
1003 829 1111 863 vestri
1126 829 1272 864 somnia

384 881 636 917 somniabunt.
678 880 730 914 Et
748 878 892 928 quidem
910 893 1019 928 super
1031 892 1149 913 servos
1166 892 1272 919 meos,

386 938 416 966 el
454 945 562 979 super
595 931 759 966 ancillas
792 943 909 970 meas,
960 931 999 964 in
1031 929 1158 965 diebus
1193 929 1273 964 illis

386 981 578 1032 effundam
603 981 643 1015 de
667 982 801 1028 spiritu
824 994 917 1022 meo,
945 986 975 1014 el
989 979 1273 1029 prophetabunt,

387 1035 420 1067 ei
444 1032 540 1067 dabo
556 1031 732 1080 prodigia
753 1032 789 1065 in
810 1031 904 1066 coelo
919 1045 1085 1071 sursum,
1114 1037 1144 1065 et
1160 1032 1272 1078 signa

389 1085 426 1118 in
456 1090 552 1118 terra
579 1082 744 1117 deorsum
767 1082 987 1129 sanguinem
1015 1088 1045 1116 el
1073 1083 1211 1129 ignem,
1244 1087 1273 1116 et

387 1148 552 1182 saporem
579 1134 696 1183 sumi.
757 1133 827 1167 Sol
860 1139 1079 1168 converlelur
1108 1134 1147 1167 in
1180 1139 1275 1168 lene-

387 1186 494 1225 hras,
535 1191 564 1219 el
592 1189 701 1220 Luna
733 1184 770 1218 in
801 1185 1041 1231 sanguinem,
1076 1189 1274 1233 antequam

388 1237 508 1270 venial
535 1235 611 1270 dies
630 1235 791 1270 Domini
813 1249 973 1282 magnus
993 1241 1023 1270 el
1039 1236 1274 1285 manifestus.

387 1287 440 1321 Εἰ
476 1288 595 1321 omnis·
617 1287 683 1334 qni
709 1287 928 1321 invocaverit
952 1299 1080 1320 nomen
1105 1285 1277 1328 Domini,

385 1338 512 1372 salsus
530 1339 606 1374 eril.

387 1414 478 1449 Cum
501 1413 587 1448 haec
611 1414 655 1447 sit
678 1413 866 1458 descriptio
893 1413 986 1446 initii
1009 1414 1108 1457 regni
1132 1411 1277 1455 Christi,

288 1466 405 1500 statim
437 1466 650 1510 proponitur
677 1477 812 1498 summa
843 1465 1042 1505 doctrinae,
1078 1466 1276 1512 exemplum

287 1517 550 1556 conversionis,
574 1517 686 1549 forma
711 1523 743 1549 et
766 1516 879 1558 imago
904 1514 1008 1549 liuius
1034 1516 1143 1558 regni.
1199 1515 1276 1549 Pri-

287 1581 384 1602 mum
401 1576 516 1602 autem
534 1565 590 1601 hic
606 1574 737 1601 attente
754 1567 996 1600 consideretur
1012 1567 1140 1611 species
1156 1565 1277 1600 Eccle-

290 1620 379 1660 siae,
413 1625 444 1652 et
469 1625 674 1662 repetantur
699 1618 818 1649 auimo
844 1618 1049 1659 magnificae
1074 1618 1278 1662 promissio—

289 1681 349 1703 nes
373 1671 472 1703 datae
497 1667 579 1701 huic
602 1667 754 1712 populo,
782 1673 813 1699 et
831 1667 1002 1708 cogitetur
1019 1679 1123 1711 quam
1142 1669 1278 1709 magni-

288 1722 351 1754 fica
374 1720 479 1754 suerit
506 1719 696 1763 expectatio
723 1718 895 1750 mundani
925 1718 1034 1759 regni.

289 1771 565 1815 expectationem
604 1770 782 1815 quomodo
821 1769 987 1802 convenit
1024 1767 1109 1802 haec
1141 1769 1279 1802 forma?

290 1820 365 1856 Etsi
397 1824 530 1855 dunum
556 1828 605 1855 est
629 1821 740 1853 multo
765 1819 972 1862 gloriosius,
1008 1820 1189 1860 videlicet,
1224 1820 1278 1853 in-

290 1874 403 1907 coatio
423 1874 514 1905 vitae
531 1879 708 1911 aeternae,
737 1883 798 1913 per
815 1870 987 1913 Spiritum
1005 1878 1162 1904 sanctum
1179 1871 1279 1911 sacta,

291 1931 325 1958 et
354 1923 500 1957 societas
531 1922 673 1955 divinae
701 1929 866 1959 naturae,
903 1928 1017 1954 tamen
1052 1922 1173 1964 exigua
1200 1933 1278 1965 pars

290 1975 412 2019 populi
433 1973 659 2018 consequitur
673 1969 738 2005 lioc
757 1972 976 2009 beneficium,
1004 1979 1034 2006 et
1053 1973 1103 2004 illi
1119 1973 1182 2016 ipsi
1198 1980 1278 2005 sunt

292 2026 502 2065 imbecilles,
527 2025 602 2057 sine
618 2023 762 2066 opibus,
791 2023 865 2056 sine
880 2023 1034 2066 potentia
1052 2023 1189 2063 mundi,
1216 2024 1277 2057 etsi

290 2077 464 2110 excellunt
503 2075 681 2119 agnitione
712 2073 776 2107 Dei
813 2081 844 2107 et
882 2074 1091 2107 testimoniis
1127 2074 1279 2118 Spiritus

291 2128 411 2161 sancti.
466 2126 559 2160 llaec
577 2125 708 2171 species
725 2125 834 2158 multa
854 2132 983 2158 mom-t.

659 2230 776 2261 Com-io
803 2229 907 2261 Petri.

395 2297 551 2330 Primum
573 2298 699 2329 refutat
719 2296 855 2329 tacitam
876 2295 1136 2338 persuasionem
1157 2296 1277 2339 populi

291 2351 332 2382 (le
358 2361 464 2389 regnu
490 2350 690 2382 nunulano,
721 2355 749 2379 vt
769 2348 866 2379 «lucet
886 2358 1032 2389 regnum
1052 2343 1184 2379 Christi
1205 2348 1278 2379 sure

291 2400 518 2433 (lunationem
553 2398 706 2440 Spiritus
746 2398 875 2436 sancti,
918 2405 947 2430 et
984 2397 1073 2430 sitae
1106 2404 1275 2431 aeternae.

292 2453 344 2483 Ad
365 2449 429 2483 linc
448 2451 528 2482 cit-it
550 2446 758 2490 Propius-rm]
772 2474 779 2483 ,
809 2457 837 2480 et
857 2455 903 2481 est
924 2449 1072 2489 insignis
1087 2449 1274 2481 sententia:

290 2501 479 2535 Etluntlam
505 2503 546 2533 «le
565 2499 699 2544 Spiritu
726 2512 802 2531 ius-o
827 2511 931 2541 super
957 2511 1096 2531 tnnlwln
1121 2510 1272 2534 carnem.

289 2552 363 2585 lluc
382 2553 513 2585 dictum
532 2559 676 2583 testatur
694 2551 865 2594 Spiritum
883 2558 1041 2583 saun-tum
1059 2561 1130 2582 esse
1149 2558 1272 2584 natura

287 2603 417 2641 Deum,
453 2603 533 2647 quia
566 2603 670 2641 «licit,
701 2605 745 2635 ile
771 2601 896 2645 spiritu
927 2601 1022 2636 vao.
1076 2598 1273 2644 Diligenter

283 2661 397 2688 autern
427 2655 645 2687 observanda
681 2662 729 2687 est
759 2653 928 2698 particula
953 2654 996 2686 «te
1023 2653 1147 2697 spiritu
1177 2651 1269 2687 Meo.

872 83 996 118 PHlL.
1024 83 1140 121 MEL.
1166 81 1374 120 SCRIPTA
1402 78 1700 118 EXEGETtCA.

1104 1718 1159 1751 Ad
1188 1715 1279 1751 hanc
1305 1742 1308 1748 ,

2228 79 2303 120 292

1294 171 1296 214 ζ
1321 168 1437 212 Quale
1459 169 1704 203 testimonium
1723 175 1774 203 est
1789 167 2010 209 dilectionis,
2037 169 2132 213 quod
2151 168 2303 213 seipsum

1294 223 1297 261 ξ
1321 219 1416 254 Deus
1445 220 1602 264 impertit
1630 220 1752 261 nobis,
1787 220 1881 264 quod
1907 220 1989 252 dato
2012 218 2149 262 Spiritu
2174 226 2304 265 sancto,

1321 271 1426 304 efficit
1456 283 1522 304 nos
1552 271 1740 315 participes
1764 281 1846 303 suae
1870 277 2035 308 naturae,
2068 269 2159 303 indit
2183 278 2305 314 poten·

1322 321 1405 354 tiam
1424 322 1592 354 adversus
1608 328 1784 365 peccatum
1803 328 1835 355 et
1851 321 1919 354 alia
1937 320 2038 356 mala.

1423 395 1619 440 Coniungit
1636 403 1752 430 autem
1767 395 1945 442 Propheta
1961 397 2115 441 primum
2133 403 2166 430 et
2183 407 2307 430 secun—

1323 448 1408 481 dum
1432 448 1641 486 adventum,
1675 447 1757 492 quia
1781 448 1929 482 donatio
1950 447 2104 492 Spiritus
2126 447 2234 481 sancti
2260 444 2326 482 est*

1324 498 1477 531 incoatio
1494 499 1586 532 vitae
1603 505 1775 532 aeternae.
1826 496 1873 532 Et
1889 499 2101 532 describitur
2117 509 2207 531 nova
2224 509 2310 531 con-

1324 549 1378 582 cio
1403 549 1476 582 eius
1500 549 1684 593 temporis:
1713 547 1844 582 Omnis
1867 549 1927 594 qui
1946 549 2163 583 invocaverit
2180 560 2312 582 nomen

1324 598 1470 633 Domini
1488 600 1604 634 salvus
1621 599 1704 640 erit,
1731 600 1830 645 quasi
1848 601 1960 639 dicat,
1987 607 2071 633 tunc
2092 606 2312 648 proponetur

1325 648 1560 693 Evangelium
1587 651 1630 684 de
1655 650 1861 684 remissione
1886 658 2126 695 peccatorum,
2154 657 2187 684 et
2203 661 2311 694 agno-

1326 708 1442 735 scetur
1465 700 1659 742 Dominus,
1687 701 1747 746 qui
1772 709 1822 735 est
1848 708 1951 735 autor
1975 698 2081 734 buius
2104 700 2224 746 regni,
2251 700 2310 745 qui

1327 751 1467 785 docebit
1496 751 1768 787 invocationem.
1837 752 1916 786 Hac
1944 751 2167 785 invocatione
2191 762 2312 784 omnes

1326 802 1576 843 salvabuntur,
1609 815 1681 836 non
1710 803 1797 846 lege.
1861 801 1913 836 Ac
1943 802 2130 846 diligenter
2153 801 2313 835 conside-

1327 853 1478 886 randum
1504 859 1576 893 est,
1603 849 1671 886 hoc
1695 854 1827 887 dictum
1851 853 1893 885 de
1918 853 2142 887 invocatione
2168 851 2313 897 opposi-

1327 911 1401 937 tum
1428 915 1500 936 esse
1525 903 1756 948 opinionibus
1782 904 1885 947 legis,
1913 904 1994 949 quia
2017 904 2070 937 lex
2095 905 2247 937 deterret
2269 903 2314 936 ab

1327 953 1570 995 invocatione,
1598 966 1677 987 cum
1700 961 1848 988 accuset.

1328 1011 1386 1038 tur
1408 1003 1512 1037 nobis
1535 1005 1711 1038 mediator
1735 1011 1768 1038 et
1790 1005 1966 1049 pontifex,
1999 1017 2062 1048 per
2086 1016 2188 1049 quem
2215 1004 2316 1037 iube-

1328 1055 1448 1089 bimur
1480 1055 1664 1094 invocare,
1700 1067 1762 1099 per
1789 1067 1892 1100 quem
1926 1056 2106 1089 donantur
2129 1055 2236 1098 gratis
2260 1066 2314 1088 re-

1328 1106 1448 1139 missio
1483 1112 1704 1149 peccatorum
1732 1112 1766 1141 et
1794 1106 1866 1140 vita
1897 1112 2050 1141 aeterna.
2109 1105 2178 1139 Hic
2201 1104 2316 1139 obiter

1329 1157 1433 1190 etiam
1451 1157 1636 1197 discamus,
1661 1168 1783 1190 verum
1799 1163 1832 1190 ct
1849 1157 2077 1202 praecipuum
2092 1156 2225 1190 cultum
2243 1166 2316 1189 esse

1330 1207 1413 1241 novi
1430 1207 1648 1242 Testamenti
1665 1207 1938 1243 invocationem.

1432 1281 1601 1316 Resutato
1626 1293 1744 1315 errore
1763 1279 1973 1314 Iudaeorum
1999 1281 2043 1313 de
2065 1292 2175 1324 regno
2192 1292 2318 1326 corpo-

1330 1333 1414 1374 rali,
1442 1341 1474 1367 et
1491 1333 1635 1367 recitato
1651 1332 1853 1366 testimonio
1870 1332 1913 1365 de
1929 1330 2064 1376 Spiritu
2080 1337 2220 1371 sancto,
2246 1331 2316 1364 iam

1332 1384 1456 1428 incipit
1481 1383 1684 1417 concionari
1709 1384 1752 1416 de
1775 1389 1897 1416 autore
1921 1382 2039 1426 regni,
2065 1382 2197 1416 scilicet
2222 1382 2319 1427 quod

1331 1442 1475 1480 propter
1499 1434 1629 1468 filium
1655 1433 1740 1475 Dei,
1779 1434 1983 1467 crucifixum
2008 1439 2041 1466 et
2065 1432 2320 1473 resuscitatum,

1304 1509 1305 1519 i
1332 1487 1461 1519 dentur
1495 1485 1648 1529 Spiritus
1688 1491 1828 1518 sanctus
1855 1491 1889 1518 et
1922 1484 1993 1518 vita
2024 1489 2184 1525 aeterna,
2222 1482 2319 1529 quod

1332 1536 1446 1571 Filius
1469 1536 1533 1570 Dei
1559 1536 1785 1570 resuscitatus
1809 1535 1855 1569 sit
1878 1535 2016 1575 efficax,
2043 1534 2086 1569 sit
2109 1534 2321 1575 salvaturus,

1332 1588 1376 1621 sit
1399 1588 1618 1620 iudicaturus
1633 1587 1732 1620 vivos
1751 1593 1783 1620 et
1799 1592 1968 1619 mortuos.
2022 1583 2090 1618 Hic
2106 1585 2204 1620 addit
2222 1583 2319 1618 testi-

1333 1638 1492 1671 monium
1519 1651 1559 1671 ex
1583 1637 1736 1673 Psalmo.
1787 1635 1926 1670 Deinde
1952 1637 1987 1669 in
2013 1635 2240 1669 conclusione
2262 1646 2320 1669 ar-

1332 1689 1407 1730 guit
1438 1696 1616 1731 peccatum
1648 1700 1792 1726 eorum,
1825 1688 1919 1734 quod
1953 1685 2048 1721 hunc
2078 1685 2212 1720 Filium
2243 1683 2321 1727 Dei,

1333 1745 1490 1771 autorem
1530 1737 1615 1770 novi
1646 1736 1744 1780 regni
1776 1735 2030 1774 crucifixerint,
2073 1743 2106 1768 et
2135 1738 2231 1768 iubet
2262 1748 2321 1769 eos

1333 1800 1519 1832 agnoscere
1538 1795 1716 1836 peccatum
1727 1814 1736 1828 ,
1763 1793 1795 1819 et
1811 1786 1966 1829 accipere
1981 1785 2224 1819 remissionem
2239 1797 2321 1829 pec-

1332 1847 1501 1873 catorum.
1569 1838 1618 1872 lta
1649 1837 1893 1882 complectitur
1922 1847 2095 1870 summam
2123 1833 2322 1879 Evangelii.

1336 1890 1407 1924 lam
1438 1897 1552 1923 autem
1586 1889 1683 1929 vide,
1718 1888 1822 1933 quale
1844 1894 2024 1935 peccatum
2049 1886 2098 1920 eis
2121 1887 2322 1928 obiiciatur,

1332 1941 1426 1986 quod
1447 1940 1682 1973 crucifixerint
1700 1939 1830 1973 Filium
1848 1938 1928 1973 Dei.

1299 1355 1306 1389 ἵ

1902 953 1974 987 lam
1999 961 2115 987 autem
2139 965 2315 997 propone·
2358 982 2362 987 .

1983 1937 2180 1971 Maximum
2198 1947 2321 1982 pecca-
2399 1954 2404 1965 a

1333 1999 1406 2026 tum
1433 1992 1619 2036 proponit,
1647 1997 1683 2024 ut
1708 1991 1867 2023 ostendat
1887 1989 2034 2033 gratiam
2053 1989 2244 2022 exuberare
2261 1998 2321 2022 su·
2370 1983 2387 2038 ῘΙ

1334 2054 1394 2087 pra
1431 2049 1630 2086 peccatum,
1665 2053 1709 2075 ne
1733 2053 1836 2086 quem
1863 2040 2069 2082 magnitudo
2096 2045 2319 2084 peccatorum
2370 2043 2374 2069 ’-

1334 2094 1451 2137 adigat
1481 2095 1522 2126 ad
1547 2093 1838 2138 desperationem.
1907 2089 2179 2124 Meminerimus
2200 2096 2319 2124 autem

1333 2142 1425 2177 lianc
1442 2156 1560 2177 vocem
1581 2145 1757 2188 pertinere
1771 2144 1812 2176 ad
1831 2152 1972 2181 omues,
1998 2142 2165 2176 omnibus
2183 2148 2320 2186 tempo-

1304 2205 1307 2216 ⁴
1334 2195 1442 2229 ribus.
1505 2195 1735 2237 Singulorum
1759 2201 1895 2238 peccata
1920 2193 2064 2226 suerunt
2086 2204 2188 2227 rausa
2212 2201 2320 2238 qum

1333 2246 1489 2290 oportuit
1518 2245 1647 2279 Filium
1669 2244 1733 2279 Dei
1758 2245 1846 2289 pati,
1879 2245 1961 2290 quia
1982 2244 2082 2276 aliter
2104 2243 2213 2277 deleri
2239 2253 2319 2287 pec·

1333 2304 1449 2331 catum
1473 2309 1544 2330 non
1569 2297 1694 2341 potuit.
1749 2295 1853 2333 hem,
1881 2306 1985 2340 quam
2009 2294 2111 2327 mutu
2133 2303 2319 2327 consense-

1334 2356 1416 2382 runt
1442 2349 1476 2381 in
1499 2347 1616 2393 aliqua
1641 2347 1725 2381 salsa
1753 2348 1933 2389 dogmata,
1961 2345 1996 2377 in
2015 2344 2186 2389 supplicia
2201 2344 2319 2390 aliqua

1304 2392 1305 2398 ¹
1333 2400 1491 2442 piorum„
1520 2406 1577 2433 aut
1601 2406 1694 2432 certe
1718 2409 1788 2431 non
1815 2396 2038 2430 declararunt
2064 2407 2162 2429 suam
2182 2395 2318 2429 confes*

1330 2451 1484 2490 suino-m,
1511 2462 1582 2483 non
1608 2451 1800 2483 ‹lt-sendum
1820 2448 1983 2480 muetos?
2038 2446 2086 2480 lta
2103 2445 2232 2489 singuli
2251 2445 2317 2479 ali-

1330 2514 1398 2545 quu
1427 2503 1532 2534 modo
1554 2501 1799 2534 crucifixerunt
1830 2499 1956 2532 Folium
1986 2497 2059 2532 nei.
2119 2496 2317 2539 Diligenter

1331 2553 1437 2595 igitur
1469 2550 1551 2586 baec
1583 2552 1751 2596 particula
1780 2551 2040 2588 consideretur,
2075 2555 2105 2582 et
2132 2554 2167 2581 nt
2195 2553 2314 2581 nostra

1327 2610 1463 2647 peccata
1502 2612 1748 2647 agnoscamus.
1791 2609 1821 2636 et
1858 2607 1894 2636 ut
1928 2601 2122 2639 diseamus,
2167 2598 2315 2642 gratiam
2338 2610 2377 2629 -.·

1325 2655 1515 2688 exuberare
1530 2665 1634 2699 supra
1655 2660 1843 2698 peccatum.

2358 2835 2371 2915 ’a’
