2409 2915
315 95 392 132 983

515 174 644 213 Videte
672 187 714 210 ne
745 174 828 224 quis·
859 186 920 210 vos
952 173 1123 226 decipiat.

429 244 544 290 Supra
570 246 704 279 dictum
729 251 797 285 est,
830 243 971 278 misceri
993 244 1249 290 praedictiones
1271 243 1315 277 de

329 296 466 330 excidio
492 295 746 342 lerosolymae‚
774 301 808 329 et
831 295 875 328 de
897 294 968 330 fine
989 295 1135 338 mundi,
1161 295 1245 342 quia
1266 294 1315 329 si-

326 359 393 391 gna
409 347 651 392 praecedentia
670 346 800 380 similia
815 351 909 382 sunt.

429 403 534 438 Prius
550 411 666 438 autem
683 403 838 438 diximus
854 404 897 437 de
913 403 1049 437 excidio
1068 402 1314 450 lerosolymae.

330 453 433 488 Nunc
457 455 614 489 dicemus
639 456 682 488 de
705 454 813 498 signis
837 454 1020 488 novissimi
1038 455 1121 490 diei.
1173 454 1226 488 Ac
1242 454 1316 488 dis-

327 505 522 540 tribuemus
539 504 632 540 hanc
648 512 781 550 partem
792 505 834 538 in
853 503 939 539 haec
955 506 1022 540 tria
1038 507 1207 540 membra.

430 563 590 599 Primum
602 589 611 603 ,
640 564 795 607 Quando
820 564 865 599 sit
880 572 1050 599 venturus
1067 565 1141 599 dies
1158 576 1317 598 resurre-

328 614 457 649 ctionis
475 622 697 649 mortuorum
709 642 718 656 ‚
745 622 778 649 et
793 615 916 649 iudicii
933 616 1092 652 extremi.

430 665 613 706 Secundo,
642 665 762 709 Quare
780 666 878 709 signa
895 667 1156 710 praedicantur.

429 715 571 758 Tertio,
597 716 696 760 Quae
712 717 783 751 sint
797 717 907 760 signa.

634 817 682 841 De
709 817 819 848 primo
843 816 1011 842 articulo.

432 868 586 912 Quando
605 869 648 903 sit
666 877 835 903 venturus
852 869 925 902 dies
939 869 1206 903 resurrectionis
1218 876 1250 904 et
1263 870 1318 904 iu-

327 920 412 953 dicii
432 921 588 954 extremi.

430 969 498 1004 Hic
526 971 677 1013 primum
702 970 870 1003 monendi
892 976 976 1003 sunt
997 970 1066 1014 pii,
1094 977 1131 1004 ut
1154 971 1318 1005 conside-

328 1029 408 1055 rent
447 1022 650 1054 discrimen.
712 1018 875 1060 Ethnici,
909 1020 1093 1064 Epicurei,
1129 1029 1164 1055 et
1195 1035 1317 1055 omnes

327 1072 429 1115 impii
455 1072 628 1114 cogitant,
657 1083 769 1104 meras
792 1071 930 1104 fabulas
954 1083 1043 1112 esse,
1070 1073 1212 1117 quando
1229 1073 1318 1106 dici-

329 1131 403 1162 tur,
442 1123 597 1155 suturam
633 1133 704 1155 esse
736 1122 1049 1160 resurrectionem,
1091 1129 1124 1155 et
1155 1124 1316 1157 futurum

328 1185 400 1206 esse
425 1173 608 1206 iudicium.
661 1170 708 1205 Et
731 1172 768 1205 in
784 1170 944 1215 Epistola
961 1171 1055 1205 Petri
1074 1175 1226 1206 secunda
1242 1186 1318 1208 ma-

328 1224 452 1257 nifeste
474 1224 658 1263 scribitur,
688 1220 778 1256 hanc
800 1220 1054 1266 blasphemiam
1073 1224 1227 1257 suturam
1245 1237 1318 1259 esse

327 1275 605 1308 communiorem
638 1282 815 1318 postremo
848 1281 1005 1318 tempore
1031 1275 1176 1315 mnndi,
1211 1288 1317 1320 quam

326 1332 441 1358 antea.
503 1324 602 1359 Sicut
627 1336 723 1358 nunc
749 1336 886 1357 summa
908 1325 1057 1358 stultitia
1083 1323 1220 1359 Rornae
1243 1338 1316 1359 esse

326 1383 490 1420 putatur,
521 1377 661 1408 credere
690 1375 981 1408 resurrectionem
1008 1383 1250 1418 mortuorum,
1283 1383 1316 1410 et

324 1435 519 1460 extremum
538 1425 720 1460 iudicium.

428 1485 495 1518 Sed
517 1483 670 1517 Ecclesia
688 1484 754 1519 Dei
779 1495 915 1526 semper
937 1484 980 1515 ab
997 1483 1098 1516 initio
1117 1481 1211 1517 hunc
1231 1486 1315 1519 arti·
1338 1502 1339 1506 ¹

325 1536 463 1574 culum,
499 1547 537 1567 ex
565 1535 746 1578 perspicua
769 1534 982 1567 revelatione
1007 1534 1090 1572 Dei,
1129 1536 1247 1576 novit,
1282 1544 1316 1571 et

323 1586 520 1619 firmissima
546 1585 613 1617 fide
639 1586 797 1628 amplexa
823 1591 892 1624 est,
917 1591 950 1617 et
975 1585 1083 1618 credit
1107 1593 1200 1619 certo
1217 1587 1314 1620 sutu-

323 1649 396 1669 ram
427 1648 498 1669 esse
523 1635 814 1669 resurrectionem
837 1640 1080 1675 mortuorum,
1115 1643 1148 1669 et
1169 1637 1314 1669 univer-

320 1688 391 1721 sale
411 1687 592 1721 iudicium.

427 1737 492 1771 llic
516 1736 684 1770 articulus
708 1735 967 1779 expressissime
990 1736 1140 1769 traditus
1161 1743 1209 1770 est
1229 1749 1312 1770 voce

323 1789 432 1833 ipsius
449 1786 600 1828 Christi,
627 1794 659 1820 et
683 1787 909 1819 confirmatus
931 1786 1040 1830 ipsius
1057 1787 1311 1821 resurrectione

320 1848 352 1873 et
393 1840 584 1873 multorum
622 1844 823 1871 sanctorum
859 1845 999 1884 patrum
1035 1838 1311 1873 resuscitatione.

321 1888 376 1924 EF
390 1891 555 1923 viderunt
573 1888 692 1923 Sancti
719 1900 780 1932 per
802 1895 894 1921 totos
917 1888 1149 1932 quadraginta
1166 1889 1239 1921 dies
1259 1890 1311 1922 sa-

321 1941 523 1974 miliaritate
540 1939 744 1984 quotidiana
760 1939 1001 1982 colloquentes
1017 1950 1094 1971 cum
1113 1939 1195 1982 ipsis
1206 1937 1310 1974 Chri-

321 1998 412 2024 stum
430 1999 461 2024 et
480 1991 567 2024 alios
585 1989 817 2024 resuscitatos.
874 1988 999 2022 Voluit
1013 1989 1106 2021 enim
1126 1988 1221 2023 Deus
1239 1991 1309 2024 cla-

910 88 1039 128 PHIL.
1068 88 1186 128 MEL.
1214 86 1428 128 SCRIPTA
1454 85 1761 128 ExEGETICA·

2276 88 2353 125 984

1365 174 1470 210 Pater
1489 175 1596 213 solus.
1646 174 1751 211 Diem
1774 185 1848 209 non
1869 174 1986 210 voluit
2005 175 2182 216 revelare,
2215 174 2274 209 sed
2299 181 2353 209 ta-

1364 237 1447 260 men
1475 227 1628 271 spatium
1657 226 1901 272 propinquum
1925 226 1990 260 fini
2012 225 2202 269 indicavit,
2235 232 2276 259 ut
2304 225 2355 259 si·-

1365 288 1445 311 mus
1461 276 1499 311 in
1515 277 1653 313 timore.
1705 276 1840 312 Crescit
1857 276 1952 311 enim
1969 277 2134 311 securitas
2151 276 2190 310 in
2205 276 2354 311 mundo.

1468 334 1597 370 Daniel
1625 336 1718 371 clare
1742 337 1849 379 dicit,
1881 336 1919 370 in
1951 336 2021 370 fine
2043 342 2188 382 quartae
2212 347 2357 369 monar-

1368 384 1468 420 chiae
1490 393 1679 421 venturum
1698 398 1771 421 esse
1788 387 1974 423 iudicium.
2025 385 2073 421 Et
2085 385 2182 420 Deus
2197 392 2357 430 tempora

1368 437 1496 472 mundi
1526 444 1605 482 post
1636 437 1814 472 diluvium
1844 437 2026 472 distribuit
2054 437 2093 470 in
2122 434 2358 477 monarchias,

1368 494 1409 522 ut
1431 489 1600 522 sciremus
1623 494 1814 522 venturum
1839 500 1912 522 esse
1937 489 2064 530 finem,
2090 494 2124 522 et
2149 487 2293 533 quando
2311 487 2358 521 sit

1369 545 1507 584 tempus
1523 539 1763 584 propinquum
1780 539 1855 575 fini.

1472 589 1541 624 Sed
1572 601 1696 623 omnes
1722 587 1885 623 homines
1909 589 2079 624 deberent
2100 589 2189 623 scire
2212 587 2358 629 dictum,

1370 641 1465 685 quod
1496 639 1626 675 dicitur
1647 640 1692 674 ab
1715 639 1793 674 Elia
1813 640 1984 674 traditum
2008 651 2100 680 esse,
2134 647 2167 674 et
2189 638 2358 673 credibile

1370 698 1422 725 est
1442 689 1552 725 multa
1573 692 1655 725 talia
1677 691 1769 725 dicta
1791 701 1811 724 a
1834 689 2001 725 Patribus
2023 699 2057 726 et
2073 687 2261 735 Prophetis
2285 695 2359 723 tra-

1371 742 1444 776 dita
1462 753 1554 783 esse,
1580 742 1687 775 verba
1704 741 1753 775 sic
1768 747 1911 776 sonant:

1473 792 1542 827 Sex
1571 792 1684 826 millia
1715 803 1892 826 annorum
1920 797 2026 826 erunt
2053 797 2191 836 tempus
2221 789 2359 831 mundi,

1507 850 1540 877 et
1556 850 1674 888 postea
1690 843 1894 879 destructio.

1472 892 1553 927 Duo
1571 894 1682 927 millia
1699 894 1817 930 inane.

1472 943 1554 978 Duo
1572 945 1684 978 millia
1704 945 1768 978 lex.

1471 993 1553 1028 Duo
1579 994 1692 1028 millia
1719 995 1793 1029 dies
1817 993 1986 1035 Messiae,
2017 999 2052 1028 et
2075 993 2103 1027 si
2128 993 2214 1039 quid
2237 992 2360 1034 deerit,

1509 1053 1656 1093 propter
1672 1052 1809 1089 peccata
1825 1052 1965 1086 nostra,
1990 1056 2080 1090 quae
2097 1045 2206 1078 multa
2225 1051 2319 1078 sunt.

1470 1101 1561 1138 Ecce
1584 1106 1621 1138 in
1645 1103 1712 1139 hoc
1735 1105 1829 1139 dicto
1853 1104 2068 1149 praedicitur
2088 1111 2201 1138 totum
2220 1111 2358 1148 tempus

1369 1156 1496 1189 mundi
1513 1156 1597 1197 sore,
1623 1168 1680 1189 sex
1694 1156 1808 1189 millia
1824 1167 2012 1189 annorum.
2063 1154 2110 1188 Et
2125 1154 2358 1188 certissimum

1369 1213 1420 1240 est
1442 1218 1482 1239 ex
1497 1207 1759 1251 computatione
1775 1218 1951 1240 annorum
1969 1206 2114 1246 muudi,
2141 1217 2243 1250 qnam
2261 1204 2358 1238 Deus

1368 1268 1433 1290 nos
1456 1269 1495 1289 ex
1517 1269 1579 1290 suo
1608 1258 1701 1291 libro
1726 1257 1855 1291 tradito
1879 1268 1943 1300 per
1966 1255 2087 1290 Patres
2112 1263 2143 1289 et
2163 1252 2358 1299 Prophetas

1368 1307 1455 1340 scire
1493 1309 1627 1348 voluit,
1661 1309 1730 1340 iam
1771 1315 1908 1351 peracta
1941 1318 2012 1339 esse
2047 1307 2204 1352 quinque
2233 1305 2357 1344 millia,

1368 1358 1579 1403 quingentos
1598 1370 1728 1399 annos,
1752 1365 1785 1391 et
1803 1358 1984 1402 aliquanto
2000 1357 2166 1404 amplius.

1471 1416 1516 1450 Et
1533 1415 1598 1450 hoc
1615 1428 1709 1449 anno
1728 1428 1746 1449 a
1763 1416 1943 1449 nativitate
1955 1413 2088 1449 Christi
2108 1413 2215 1449 1550.
2232 1425 2356 1448 secun-

1367 1467 1450 1499 dum
1491 1468 1772 1510 computationes
1801 1474 1960 1500 accurate
1988 1466 2114 1505 factas,
2156 1474 2237 1499 sunt
2271 1466 2356 1498 anni

1367 1517 1557 1562 quinquies
1575 1518 1690 1558 mille,
1718 1516 1921 1562 quingenti,
1947 1524 1980 1550 et
1997 1517 2082 1549 anni
2098 1517 2298 1551 duodecim.

1469 1575 1564 1609 Haec
1580 1588 1658 1609 cum
1675 1577 1721 1611 ita
1737 1577 1818 1617 sint,
1843 1576 2075 1610 certissimum
2093 1583 2155 1617 est,
2181 1588 2254 1610 non
2271 1587 2356 1621 pro-

1365 1627 1422 1661 cul
1448 1638 1520 1660 esse
1543 1627 1648 1659 finem
1665 1627 1810 1665 mundi,
1838 1627 1920 1672 quia
1938 1625 2032 1660 Deus
2048 1627 2151 1661 etiam
2168 1628 2355 1674 abrumpet

1366 1683 1502 1720 tempus
1527 1678 1616 1710 circa
1641 1678 1765 1717 finem,
1791 1678 1881 1711 sicut
1906 1677 2076 1721 scriptum
2101 1684 2169 1712 est:
2198 1676 2274 1711 Nisi
2291 1678 2354 1711 ab·

1364 1727 1612 1761 breviarentur
1629 1727 1684 1760 isti
1699 1727 1791 1765 dies,
1818 1739 1892 1760 non
1910 1727 2006 1760 fieret
2021 1728 2116 1761 salva
2132 1729 2249 1761 omnis
2262 1739 2355 1762 caro.

1363 1776 1411 1811 Et
1434 1784 1569 1811 tantum
1596 1778 1638 1810 ‹le
1660 1777 1776 1822 primo
1799 1778 1978 1816 membro,
2007 1779 2150 1824 quando
2167 1779 2211 1813 sit
2228 1786 2354 1814 ventu-

1335 1811 1338 1858 l
1364 1840 1422 1862 rus
1441 1829 1515 1862 dics
1535 1828 1657 1862 iudicii
1676 1835 1708 1862 et
1727 1829 2007 1863 resurrectionis.

1654 1937 1840 1963 Secundu-
1868 1937 2058 1963 articulus.

1466 1988 1585 2031 Quare
1622 1987 1707 2023 haec
1745 1991 1921 2035 praedicta
1953 1991 2059 2025 sunt?
2118 1989 2349 2036 Respondeo:

319 2042 458 2075 rissimo
477 2049 507 2075 et
527 2053 749 2086 nequaquam
766 2041 875 2073 dubio
895 2039 1095 2073 testimonio
1114 2038 1208 2075 hunc
1225 2042 1310 2076 arti·
1334 2054 1336 2072 ι
1362 2038 1609 2083 Principalitcr
1627 2048 1768 2085 propter
1784 2043 1872 2075 duas
1888 2053 2018 2077 causas.

317 2094 435 2126 culum
454 2093 672 2126 confirmare.

423 2144 475 2177 Sit
502 2155 583 2185 crgo
609 2141 692 2175 hacc
711 2140 823 2184 prima
842 2141 1023 2182 doctrina,
1051 2149 1087 2175 ut
1109 2155 1171 2175 nos
1189 2143 1308 2177 seiun-

319 2206 441 2235 gamus
460 2195 503 2226 ab
519 2191 682 2226 lithnicis
699 2200 730 2225 et
749 2189 950 2235 Epicureis,
978 2200 1011 2225 ct
1029 2206 1108 2226 vere
1125 2195 1308 2229 credamus

319 2243 382 2278 hos
401 2245 586 2284 articulos,
614 2243 745 2277 scilicet
758 2269 766 2282 ‚
792 2244 886 2287 quod
905 2244 1023 2277 sutura
1039 2244 1080 2277 sit
1099 2246 1307 2280 resurrectio

316 2303 555 2333 mortuorum,
585 2303 616 2328 et
635 2294 804 2327 iudicium
821 2294 1031 2329 universale.

421 2354 605 2388 Discamus
627 2354 730 2387 etiam
755 2364 794 2386 cx
810 2350 997 2397 Prophetis
1021 2362 1053 2387 et
1080 2355 1181 2388 ‹lictis
1198 2355 1306 2390 Chri-

316 2406 379 2447 sti,
407 2403 500 2439 hunc
526 2406 618 2437 diem
638 2417 708 2437 non
729 2404 773 2436 ita
793 2404 914 2447 procul
933 2404 1069 2443 abesse,
1097 2407 1183 2440 sicut
1203 2409 1303 2441 multi

315 2458 510 2492 somniant.
539 2456 674 2490 etiamsi
702 2455 770 2488 sint
796 2455 912 2488 sutura
933 2457 1140 2490 resurrectio
1159 2465 1189 2490 ct
1211 2458 1304 2491 iudi-

314 2508 426 2547 rium,
455 2514 569 2540 tamen
588 2504 701 2540 adhuc
720 2513 848 2539 restare
866 2506 975 2539 multa
996 2506 1106 2539 millia
1127 2520 1301 2543 annornm

314 2561 355 2591 ml
385 2559 417 2590 id
440 2567 595 2603 tempus,
625 2570 663 2590 ac
684 2564 866 2601 propterca
882 2557 992 2590 securi
1014 2558 1175 2592 derident
1194 2566 1301 2593 totam

314 2610 528 2641 inculioncm
554 2609 687 2641 iudicii.
741 2605 903 2642 Christus
930 2608 1044 2653 inquit
1070 2609 1104 2641 in
1123 2607 1188 2643 hoc
1206 2612 1300 2653 rapi-

314 2667 361 2694 te:
392 2660 440 2694 Dc
463 2661 520 2693 die
547 2659 607 2693 illo
627 2666 658 2693 et
680 2657 766 2693 hora
794 2671 906 2704 neque
931 2660 1044 2704 ango-ti
1068 2660 1202 2705 sciunt,
1232 2663 1298 2696 uisi

1463 2089 1568 2124 l‘ribr
1599 2098 1665 2132 est,
1699 2099 1739 2127 ut
1760 2093 1874 2126 securi
1898 2093 2071 2127 admoniti
2099 2101 2201 2136 agant
2225 2092 2349 2138 poeni-

1362 2141 1529 2185 tentiam,
1555 2149 1587 2176 et
1607 2155 1679 2176 non
1699 2143 1783 2178 fiant
1802 2144 1908 2176 nimis
1927 2144 1990 2177 seri
2008 2152 2040 2178 ct
2061 2145 2212 2189 profani.

1464 2191 1585 2228 Altera
1610 2200 1680 2234 est,
1708 2201 1747 2229 ut
1770 2191 1932 2228 homines
1957 2196 2005 2239 pii
2030 2196 2190 2230 timentes
2211 2196 2348 2239 magni-

1360 2244 1519 2277 tudinem
1545 2257 1738 2289 poenarum
1765 2252 1797 2279 et
1820 2246 2040 2280 miseriarum
2067 2247 2290 2291 publicarum
2314 2254 2349 2282 et

1359 2295 1596 2337 privatarum,
1620 2303 1737 2330 tamen
1761 2294 1915 2331 babeant
1937 2298 2234 2338 consolationem,
2264 2301 2346 2344 quia

1359 2346 1457 2379 Deus
1488 2347 1591 2380 simul
1619 2344 1673 2380 his
1699 2347 2035 2382 comminationibus
2059 2349 2196 2382 miscuit
2219 2362 2346 2385 conso·

1358 2397 1523 2435 latioues,
1551 2398 1636 2432 ‹licit
1654 2410 1688 2431 se
1707 2405 1926 2432 servaturum
1945 2410 2017 2432 csse
2028 2397 2218 2433 Ecclesiam
2236 2413 2346 2442 suam,

1356 2449 1438 2481 dicit
1464 2449 1683 2492 profuturam
1701 2450 1952 2493 poenitentiam
1972 2458 2003 2484 et
2025 2451 2282 2485 invocationem
2298 2454 2342 2486 ad

1355 2499 1608 2542 mitigationem
1635 2512 1844 2544 poenarum:
1873 2499 2000 2541 Orate,
2030 2509 2066 2535 ut
2090 2502 2230 2550 possitis
2253 2503 2341 2537 ellu-

1353 2561 1432 2593 gcre
1451 2548 1534 2584 hacc
1552 2551 1642 2583 mala
1655 2578 1663 2590 ,
1691 2562 1735 2583 ne
1753 2551 1894 2585 veniant
1913 2563 2018 2597 super
2036 2565 2106 2586 vos.

1456 2608 1529 2642 llas
1553 2621 1672 2642 causas
1695 2610 1787 2644 bene
1808 2611 2029 2645 considerent
2055 2609 2226 2647 hominos.
2275 2612 2339 2647 Se-

1321 2694 1326 2702 ,
1352 2660 1426 2695 curi
1444 2661 1669 2696 considerent
1682 2658 2109 2706 horrendascalamitates,
2135 2663 2237 2705 bella,
2266 2664 2339 2698 dis-
