2409 2915
49 109 126 146 957
300 109 382 148 XII.
433 108 827 148 ANNOTATIONES
853 111 918 148 ET
943 107 1226 149 CONCIONES
1265 110 1314 146 IN
1347 111 1526 151 EVANG.
1553 114 1833 157 MATTHAEI.

52 202 133 231 sunt
151 195 271 230 idonei
285 196 328 230 ad
347 195 577 239 coelibatum,
604 196 734 231 debent
752 193 938 232 honestum
956 210 1042 233 con·
1095 195 1259 238 coniugio
1282 203 1372 231 caste
1406 198 1527 234 vivant
1559 198 1739 246 homines,
1767 205 1897 250 quibus
1919 208 2087 253 coniugio

50 247 185 291 iugium
203 244 422 282 contrahere.

152 294 206 331 Ex
236 297 366 332 talibus
388 296 552 341 exemplis
580 303 692 341 potest
722 297 873 342 intelligi
901 300 1038 342 regula:

48 345 202 391 Oportet
233 347 308 382 Deo
337 347 447 390 magis
476 347 642 387 obedire,
683 360 790 394 quam
820 347 1034 385 hominibus.

46 397 147 432 Haec
179 399 298 444 regula
331 398 434 432 debet
470 408 590 441 regere
622 406 656 433 et
688 400 886 434 discernere
914 412 1036 435 omnes

49 448 152 493 leges.

270 531 372 567 Date
385 530 488 575 Deo,
511 543 603 580 quae
621 531 808 571 Deisunl.

185 610 345 650 Quinam
369 612 459 643 sunt
482 609 605 643 cultus
627 611 772 654 proprii
790 607 889 644 Dei?

140 672 265 708 Brevis
286 681 320 709 et
345 675 560 720 amplissima
590 676 772 720 responsio
796 683 864 711 est:
901 676 1028 712 Totius

36 721 204 768 Decalogi
235 727 358 770 opera,
403 732 494 760 recte
535 726 765 770 intelligendo
799 726 1026 772 Decalogum‚

36 782 119 809 sunt
137 776 210 808 veri
237 776 352 809 cultus
376 775 456 811 Dei.
509 774 556 810 Et
581 774 618 810 hi
642 778 757 812 cultus
783 777 875 812 iusto
899 779 1025 813 ordine

35 833 116 861 sunt
136 827 313 860 tribuendi
331 826 407 860 Deo
421 854 430 867 ,
455 826 549 860 iuxta
575 827 681 861 illud:
708 827 746 862 Si
763 828 815 861 vis
832 829 968 873 ingredi
985 830 1022 863 in

34 877 165 918 vitam,
192 889 290 910 serva
314 878 491 913 mandata.
544 877 651 913 Item:
690 878 850 913 Lucerna
873 880 1022 924 pedibus

33 928 120 961 meis
137 928 283 961 verbum
301 933 413 962 tunm.

132 977 218 1012 Item
233 975 360 1013 Ezech,
377 978 437 1013 20.
465 977 506 1011 In
522 978 714 1023 praeceptis
730 980 815 1014 meis
832 981 1019 1023 ambulate,

29 1039 104 1062 non
123 1029 161 1062 in
179 1029 372 1073 praeceptis
389 1036 527 1073 patrum
547 1036 758 1065 vestrorum.

130 1079 232 1114 Hanc
250 1079 457 1113 sententiam
474 1080 562 1112 bene
581 1087 802 1117 mementote.
844 1079 1015 1125 Expresse

0 1159 1 1174 1
27 1129 195 1175 prohibet
215 1130 313 1175 sequi
332 1130 539 1164 traditiones
556 1127 745 1173 humanas,
771 1139 803 1166 et
820 1139 942 1166 contra
961 1134 1013 1166 al-

26 1182 112 1226 ligat
129 1194 193 1215 nos
215 1182 257 1214 ad
275 1182 439 1214 mandata
456 1179 535 1216 Dei.

126 1232 201 1267 Iam
232 1243 389 1275 propone
413 1231 476 1264 tibi
501 1238 612 1265 totum
630 1229 864 1276 Decalogum,
897 1240 930 1268 et
953 1246 1011 1268 or—

24 1284 109 1317 dine
139 1284 176 1316 in
209 1282 357 1325 singulis
391 1283 584 1329 praeceptis
611 1282 741 1321 discas,
782 1295 872 1328 quae
903 1297 1010 1329 opera

22 1332 120 1368 Deus
143 1333 314 1377 postulet,
340 1339 373 1365 et
396 1333 576 1377 quomodo
603 1333 634 1366 ei
661 1332 837 1377 placeant,
863 1341 897 1368 et
920 1347 1009 1380 quo-

20 1385 128 1418 modo
148 1383 223 1417 fieri
242 1382 391 1426 possint.

123 1433 164 1467 In
204 1433 320 1477 primo
354 1438 538 1476 praecepto
576 1432 729 1476 postulat
769 1433 1005 1477 cognitionem

17 1497 120 1520 verae
143 1483 325 1518 doctrinae
347 1483 534 1517 revelatam
553 1495 571 1516 a
590 1481 686 1524 Deo,
714 1490 746 1517 et
763 1485 926 1518 traditam
944 1497 1006 1530 per

15 1535 220 1574 Christum,
249 1531 444 1577 Prophetas
467 1540 500 1567 et
514 1531 716 1577 Apostolos,
766 1532 814 1569 Et
837 1533 928 1570 hanc
950 1543 1004 1571 to-

13 1595 85 1623 tam
104 1585 299 1619 doctrinam
314 1584 413 1616 firma
438 1583 505 1616 fide
523 1584 785 1628 amplectamur.

113 1643 252 1679 Deinde
277 1641 431 1686 postulat
460 1640 641 1682 timorem,
675 1643 798 1682 fidem,
834 1656 923 1689 quae
951 1651 1002 1679 est

13 1696 141 1731 fiducia
173 1691 451 1733 misericordiae,
499 1692 745 1732 dilectionem,
778 1704 897 1738 spem,
937 1707 1001 1742 pa-

12 1747 195 1784 tientiam,
224 1742 474 1778 bumilitatem.
526 1742 572 1777 Et
592 1744 702 1787 placet
720 1741 806 1778 haec
829 1745 999 1779 obedien-

10 1799 60 1833 tia
78 1798 146 1830 fide
164 1801 306 1840 propter
322 1791 514 1829 Christum.

113 1846 154 1882 In
186 1846 339 1879 secundo
366 1851 549 1888 praecepto
585 1845 737 1888 postulat
764 1846 996 1890 praedicatio-

9 1911 111 1938 nem,
152 1896 435 1934 invocationem,
484 1895 759 1937 confessionem,
804 1897 994 1941 gratiarum

6 1950 201 1988 actionem,
227 1946 435 1990 religionem
452 1945 698 1980 iurisiurandi.

108 2006 149 2042 In
181 2005 286 2041 tertio
320 2004 624 2039 conservationem
655 2005 842 2040 ministerii
872 2004 993 2041 Evan-

5 2059 106 2105 gelici
125 2065 158 2092 et
174 2063 488 2091 sacramentorum.

107 2108 147 2142 In
177 2113 302 2153 quarto
333 2105 571 2140 obedientiam
601 2105 755 2139 debitam
786 2106 991 2150 parentibus

3 2169 37 2196 et
59 2157 339 2203 magistratibus,
363 2157 421 2189 sed
448 2163 608 2197 eatenus,
636 2168 680 2189 ne
708 2157 990 2200 obtemperemus

0 2213 39 2247 in
57 2209 231 2245 mandatis
247 2206 488 2252 pugnantibus
503 2218 582 2239 cum
602 2207 776 2240 mandatis
792 2206 870 2240 Dei.

100 2267 148 2304 Et
164 2266 248 2301 haec
264 2265 445 2311 sequentia
463 2276 566 2309 opera
584 2263 816 2309 placentDeo,
844 2266 987 2310 quando

0 2321 215 2368 praecedunt
229 2317 281 2350 illi
298 2317 412 2350 cultus
429 2316 562 2359 primae
579 2315 730 2373 tabulae,
757 2322 788 2349 et
811 2316 987 2374 praelucet

0 2373 94 2413 fides,
109 2382 198 2417 quae
215 2375 265 2402 est
279 2367 406 2401 fiducia
424 2366 683 2400 misericordiae
699 2373 842 2411 propter
853 2365 984 2400 Filium

63 2433 196 2457 missae.

0 2435 60 2469 pro
97 2472 140 2508 In
156 2469 280 2517 quinto
296 2469 470 2514 postulat,
497 2479 541 2501 ne
556 2467 705 2501 aliorum
723 2479 869 2512 corpora
888 2467 982 2501 iniu-

0 2525 58 2560 riis
72 2523 292 2562 adficiamus,
318 2527 351 2554 et
367 2531 411 2554 ne
433 2519 522 2553 alios
535 2520 611 2553 sine
627 2519 751 2552 ordine
767 2518 980 2552 iudiciorum

0 2575 257 2611 interficiamus,

96 2625 138 2660 ln
176 2629 272 2658 sexto
310 2620 478 2665 praecipit
510 2621 718 2661 castitatem,
763 2619 798 2652 id
821 2626 888 2661 est,
936 2631 980 2653 ne

0 2677 200 2724 polluantur
229 2684 376 2719 corpora
405 2671 500 2717 vagis
528 2671 758 2713 libidinibus,
795 2671 854 2705 sed
880 2677 918 2706 ut
941 2669 979 2704 in
1000 2698 1007 2708 ,

1094 257 1182 290 opus
1199 253 1259 280 est.

1090 346 1268 390 ceptiones
1285 347 1321 380 in
1339 351 1487 383 emendo
1506 358 1537 384 et
1555 354 1760 396 vendendo,
1787 364 1851 392 etc.

1087 446 1259 491 lumnias,
1287 455 1319 481 et
1338 450 1508 494 praecipit
1524 453 1717 489 veritatem.

1082 599 1214 633 dictum
1233 606 1304 641 est,
1331 601 1367 634 in
1386 613 1465 636 vera
1480 603 1558 637 fide.

1074 902 1117 936 de
1133 899 1187 935 his
1203 905 1372 938 omnibus
1388 912 1567 941 teneamus
1585 905 1648 942 has
1671 911 1828 953 regulas:

1177 954 1208 986 1.
1226 952 1389 990 Corinth.
1408 956 1467 991 10.
1494 956 1619 1001 Fugite
1635 959 1886 996 idololatriam.

1171 1003 1258 1037 Item
1276 1003 1406 1041 Matth.
1425 1004 1482 1042 15.
1509 1006 1652 1043 Frustra
1671 1011 1792 1046 colunt
1809 1024 1864 1046 me
1888 1015 2063 1050 mandatis

1073 1049 1272 1091 hominum.
1331 1056 1449 1091 Simus
1472 1058 1579 1101 igitur
1605 1061 1696 1093 cauti
1720 1068 1753 1095 et
1782 1063 1990 1106 vigilantes,
2018 1079 2062 1100 ne

1067 1104 1156 1137 alios
1177 1106 1292 1140 cultus
1320 1107 1549 1152 recipiamus,
1582 1111 1643 1156 qui
1668 1123 1740 1145 non
1768 1120 1850 1148 sunt
1876 1116 1995 1150 traditi
2020 1117 2058 1150 in

1071 1155 1178 1189 verbo
1196 1155 1273 1192 Dei.

1194 1253 1296 1289 Date
1312 1252 1485 1297 Caesari,
1512 1270 1606 1306 quae
1628 1266 1714 1295 sunt
1731 1256 1921 1302 Caesaris.

1164 1328 1232 1363 Hic
1255 1331 1484 1365 confirmatur
1507 1333 1707 1370 obedientia
1732 1338 1849 1373 debita
1879 1343 2053 1385 potestati.

1060 1375 1108 1411 Et
1138 1378 1244 1413 simul
1277 1388 1368 1415 meta
1402 1382 1651 1418 circumdatur.
1715 1386 1818 1423 Iubet
1851 1397 1889 1424 ut
1923 1393 2052 1427 dentur

1059 1425 1199 1462 Caesari
1229 1430 1367 1476 aliqua,
1398 1433 1459 1466 sed
1488 1433 1549 1468 illa
1581 1436 1812 1481 nominatim,
1849 1453 1937 1486 quae
1967 1450 2050 1478 sunt

1060 1476 1231 1514 Caesaris.

1159 1530 1239 1564 Non
1257 1532 1375 1565 omnia
1395 1532 1657 1576 suntCaesaris,
1684 1537 1858 1580 videlicet,
1886 1542 2049 1578 doctrina

1055 1580 1099 1613 de
1115 1579 1190 1614 Deo
1209 1594 1281 1615 non
1301 1589 1350 1617 est
1370 1581 1547 1625 Caesaris,
1574 1586 1608 1619 id
1636 1594 1705 1629 est,
1734 1588 1859 1624 saesar
1884 1605 1956 1626 non
1983 1592 2046 1627 ha-

1055 1630 1113 1665 het
1137 1639 1339 1675 potestatem
1368 1635 1544 1668 condendi
1576 1648 1703 1670 novam
1729 1640 1948 1684 doctrinam,
1981 1656 2045 1679 nec

1054 1683 1266 1721 mandandi,
1294 1690 1332 1717 ut
1350 1684 1472 1717 falsam
1499 1686 1695 1721 doctrinam
1720 1697 1753 1724 et
1775 1691 1903 1736 impios
1923 1695 2041 1728 cultus

1053 1733 1308 1777 amplectantur
1332 1732 1505 1769 homines.

1153 1782 1337 1817 Secundo:
1363 1784 1442 1818 Non
1462 1787 1580 1819 omnia
1598 1789 1793 1832 corporalia
1811 1800 1893 1827 sunt
1909 1793 2038 1828 Caesa-

1049 1832 1110 1866 ris.
1165 1833 1243 1867 Tua
1262 1847 1349 1868 uxor
1365 1848 1437 1869 non
1454 1843 1506 1871 est
1522 1836 1696 1880 Caesaris,
1726 1847 1784 1874 tua
1808 1843 1878 1877 filia
1896 1857 1969 1878 non
1987 1853 2040 1880 est

1048 1881 1217 1920 Caesaris.
1271 1884 1345 1919 lino
1372 1887 1476 1920 etiam
1494 1900 1565 1920 non
1590 1901 1712 1923 omnes
1737 1891 1818 1925 illae
1839 1906 1913 1935 res,
1948 1908 2038 1941 quae

1047 1934 1280 1968 aestimantur
1297 1937 1462 1979 pecunia,
1487 1946 1569 1972 sunt
1586 1938 1756 1977 Caesaris.
1803 1942 1881 1978 Tua
1899 1947 2039 1988 domus,

1047 1991 1127 2018 tuus
1145 1997 1243 2029 ager,
1270 1993 1349 2020 tuus
1367 1984 1492 2022 hortus
1518 2001 1590 2022 non
1618 1997 1667 2024 est
1692 1990 1861 2031 Caesaris.
1913 1996 1958 2030 Et
1984 2005 2037 2032 te-

1046 2043 1177 2069 nentur
1200 2036 1329 2070 Caesar
1352 2044 1384 2071 et
1400 2037 1583 2085 Principes
1607 2041 1713 2075 etiarn
1738 2040 1805 2078 boc
1830 2055 2033 2093 praecepto:

1045 2084 1124 2119 Non
1143 2087 1276 2120 furtum
1291 2087 1408 2122 facies.

1073 2183 1178 2233 Quae
1197 2198 1251 2222 res
1265 2187 1381 2234 igilur
1402 2194 1489 2223 sunt
1506 2186 1682 2226 Caesaris
1707 2197 1738 2227 el
1754 2191 1999 2243 Principum?

1352 2262 1436 2287 Tria
1462 2270 1599 2294 genera
1622 2269 1712 2290 sunt.

1146 2315 1177 2348 l.
1230 2313 1372 2355 Honos,
1400 2315 1435 2348 id
1453 2323 1521 2356 est,
1550 2329 1629 2350 vera
1654 2321 1848 2356 reverentia
1873 2334 1950 2367 erga
1969 2336 2028 2360 su-

1038 2363 1211 2408 periores,
1236 2372 1274 2398 ut
1298 2373 1330 2399 te
1359 2365 1408 2399 eis
1430 2367 1612 2408 subiicias,
1646 2376 1679 2402 et
1705 2367 1796 2403 nihil
1821 2381 1940 2408 contra
1967 2388 2027 2411 eos

1037 2414 1211 2455 moliaris,
1261 2427 1306 2449 ne
1348 2415 1395 2449 sis
1430 2417 1616 2451 seditiosus
1653 2426 1712 2454 aut
1750 2425 2024 2461 contumeliosus

1036 2473 1156 2501 contra
1175 2477 1245 2501 eos,

1133 2519 1169 2552 2.
1222 2515 1437 2550 Obedientia
1463 2515 1500 2550 in
1518 2518 1670 2553 externis
1692 2522 1883 2565 mandatis,
1911 2527 2021 2570 perti-

1033 2567 1200 2602 nentibus
1214 2568 1256 2600 ad
1278 2579 1396 2610 pacem
1417 2569 1645 2611 corporalem,
1669 2582 1757 2615 quae
1771 2584 1842 2606 non
1861 2586 2020 2619 pugnant

1032 2629 1111 2651 curn
1133 2618 1308 2651 mandatis
1325 2616 1412 2658 Dei,
1446 2624 1485 2652 ut
1505 2620 1648 2664 quando
1672 2623 1892 2667 praecipiunt
1917 2627 2019 2662 labo-

1031 2679 1086 2703 res
1114 2668 1279 2710 militiae,
1318 2675 1378 2702 aut
1408 2668 1628 2713 vigiliarum,
1669 2679 1730 2708 aut
1759 2675 1919 2713 condunt
1943 2686 2013 2714 sta·-

2017 123 2092 161 958

1196 295 1236 329 ln
1270 298 1418 340 septimo
1461 298 1625 343 prohibet
1662 304 1775 347 furta,
1828 318 1972 351 usuras,
2020 311 2082 344 de-

1195 396 1234 430 1n
1252 405 1375 431 octavo
1412 398 1576 443 prohibet
1602 405 1722 438 omnia
1749 409 1930 444 mendacia
1965 417 1999 445 et
2023 423 2079 445 ca—

1187 497 1282 531 IIaec
1298 511 1402 544 opera
1422 509 1548 547 regunt
1567 510 1676 538 totam
1694 506 1800 540 vitam
1815 534 1824 548 ,
1852 516 1884 543 et
1900 518 1982 545 sunt
2001 513 2075 546 veri

1083 548 1199 582 cultus
1222 549 1306 591 Dei,
1348 557 1380 584 et
1410 550 1484 585 Deo
1515 554 1671 597 placent,
1714 559 1857 602 quando
1890 560 1997 603 fiunt,
2036 570 2074 597 ut

1182 648 1250 684 Hic
1268 663 1407 685 necesse
1425 660 1475 687 est
1492 655 1611 688 doceri
1638 653 1800 691 homines
1817 660 1861 693 de
1883 660 1962 695 aliis
1988 674 2073 706 ope-

1081 699 1197 741 ribus,
1225 712 1313 746 quae
1330 702 1468 746 fingunt
1485 701 1659 740 homines.
1712 708 1811 743 Sicut
1832 722 1969 756 semper
1986 712 2072 747 Dia-

1078 750 1181 784 bolus
1206 751 1244 784 in
1264 755 1400 787 mundo
1428 754 1496 787 alia
1520 767 1623 799 opera
1649 759 1855 802 seminavit,
1882 769 1920 796 nt
1943 763 2071 798 obscu-

1077 807 1170 835 raret
1188 814 1290 836 veros
1315 804 1449 839 cultus:
1484 805 1532 839 ita
1557 814 1639 841 sunt
1664 810 1848 852 excogitati
1872 811 2069 848 Monacha-

1075 858 1150 890 tus,
1183 853 1341 896 privatae
1374 854 1522 895 Missae,
1558 857 1800 893 invocationes
1832 870 2067 905 mortuorum,

2396 2715 2409 2757 ν
2398 2669 2400 2676 v
