2409 2915
242 109 313 144 595
830 99 956 134 PHlL.
983 97 1099 133 MEL.
1126 96 1334 134 SCRIPTA
1359 95 1659 134 EXEGETICA.
2188 96 2265 134 ⁶96

245 192 347 226 simul
379 195 537 233 oporteat
564 198 638 220 cam
667 185 818 219 exerceri
839 184 1093 218 afflictionibus
1117 191 1148 218 et
1173 185 1228 217 in-
1256 198 1260 216 .'
1283 183 1348 218 Dei
1371 183 1614 218 misericordia
1637 183 1858 227 mitigaretur
1881 194 1919 216 ac
1942 182 2136 225 levaretur,
2168 183 2265 218 futu-

245 242 407 284 gentibns
432 239 582 271 miseriis
605 237 751 274 subiici,
780 236 851 269 imo
874 242 1033 279 oporteat
1057 235 1230 269 excellen-
1257 268 1258 275 ,
1283 246 1360 268 rum
1393 235 1517 272 fuisse,
1550 241 1589 269 ut
1612 235 1724 268 multo
1749 233 1983 268 atrocioribus
2006 233 2147 277 poenis,
2179 245 2265 279 quas

246 293 291 325 tia
315 291 469 323 membra
495 296 527 323 et
545 288 750 332 praecipuos
764 288 870 321 duces
887 287 922 319 in
942 286 1139 320 ministerio
1157 285 1229 318 fieri
1258 288 1259 295 ¹
1283 285 1447 319 coecitate
1473 285 1675 331 duritiaque
1697 292 1817 319 nostra
1840 295 2074 325 mereremur,
2107 284 2265 328 oppressi

246 341 376 374 similes
400 353 438 373 ac
465 340 661 373 conformes
684 339 721 371 in
747 349 867 377 cruce,
894 336 1044 370 miseriis
1067 344 1101 371 et
1119 344 1230 370 morte
1283 337 1590 370 succumberemus
1615 348 1654 369 ac
1679 337 1884 380 periremus,
1946 334 2072 368 Videte
2093 341 2268 380 quantum

247 392 311 436 ipsi
330 391 519 425 redemtori
538 389 691 424 Domino
707 396 828 423 nostro
846 387 922 422 lesu
941 385 1095 423 Christo.
1258 384 1262 450 ἱ
1284 385 1393 420 Moisi
1419 386 1570 431 populus
1586 385 1798 421 Israelliticus
1820 386 1978 432 quotidie
1999 397 2173 419 novorum
2192 396 2268 418 cer-

350 457 396 492 Ut
419 458 562 502 quando
583 455 678 490 Deus
696 454 827 490 Davffli
851 455 1025 499 promittit
1047 455 1230 488 victoriam
1259 454 1261 467 ι
1284 437 1474 477 taminum,
1502 437 1736 479 tumultuum,
1763 438 1976 472 seditionum
1992 436 2126 470 excitet.
2166 434 2268 469 Adeo

246 517 276 543 et
306 509 581 542 incolumitatem
611 507 781 540 exercitus
806 505 1011 547 Israelitici,
1038 506 1230 539 absurdum
1284 495 1324 522 υἱ
1345 500 1402 546 Y'x
1425 487 1500 521 ⁰¹¹⁰
1523 494 1692 532 tempons
1716 495 1893 546 momenJO
1919 489 1988 521 sm'
2012 485 2200 544 9⁰⁵⁵¹¹·h³e
2215 497 2270 519 δε·

246 560 350 593 fuerit
374 560 422 592 sic
442 558 664 603 interpretari
680 557 968 601 promissionem,
994 558 1086 601 quod
1106 557 1140 588 in
1160 555 1232 588 acie
1260 579 1262 587 .
1285 545 1449 596 curum-²⁵
1475 539 1570 597 quod
1596 539 1750 595 9¹³¹⁰²¹¹³¹
1775 539 1912 583 Ρ130όὸ
1937 546 1970 572 ‘³²
1994 537 2186 584 “anqfflna
2205 547 2270 580 gu·

248 609 337 643 uibil
367 611 526 643 laborum
551 608 766 652 suscepturi,
801 608 1039 652 periculorum
1067 606 1233 646 subituri,
1260 591 1263 628 i
1287 590 1442 623 bernano
1459 590 1575 623 summ
1592 597 1646 622 ⁵¹¹·

248 662 433 694 vulnerum
459 659 632 703 accepturi
655 659 744 700 sint,
777 671 840 692 nec
862 659 937 692 fore
963 666 1000 693 ut
1023 658 1233 702 praeliantes
1387 655 1447 690 Sic
1485 657 1648 691 universa
1688 656 1758 691 vita
1794 657 1831 689 in
1864 657 1970 691 tantis
1999 656 2272 701 impedimentis,

249 712 504 744 interficiantur
524 710 589 744 ulli
613 710 759 750 milites,
785 711 844 743 sed
863 709 1009 743 omnino
1029 720 1166 742 necesse
1183 715 1234 741 est
1287 719 1375 753 quae
1399 707 1562 742 diabolus
1584 715 1617 742 et
1639 719 1770 752 organa
1793 707 1928 742 diaboli
1949 707 2142 751 obiiciunt,
2167 707 2271 752 plena

246 762 453 795 dimicantes
479 762 614 806 aliquot
639 761 827 794 acerrimos
850 767 883 794 et
907 760 1116 794 fortissimos
1140 759 1234 792 viros
1288 766 1337 792 est
1357 770 1606 792 aerumnarum
1625 756 1782 792 humano
1799 758 1947 792 consilio
1963 757 2274 798 inextricabilium,

249 814 284 845 iu
307 812 378 845 acie
406 812 512 846 vitam
536 819 568 846 et
592 812 798 855 sanguinem
822 811 1053 855 profundere,
1080 816 1119 843 ut
1136 810 1234 842 inco—
1288 816 1321 843 et
1337 809 1467 852 singuli
1484 816 1576 843 certe
1593 821 1775 843 versamur
1791 810 1828 842 in
1846 809 2062 854 quotidianis
2077 807 2274 843 continuis-

249 864 353 897 lnmis
374 863 531 908 reliquus
552 863 722 896 exercitus
746 863 931 906 gloriosam
950 860 1131 894 victoriam
1148 872 1236 893 con-
1289 872 1357 905 que
1376 859 1559 903 periculis,
1587 861 1682 905 quod
1701 861 1743 893 ad
1763 859 1904 905 propria
1921 872 2086 904 corpora,
2112 860 2206 906 quod
2228 859 2273 891 ad

248 922 428 959 sequatur:
462 914 509 946 ita
531 913 626 947 Deus
649 913 784 956 munit,
813 912 893 952 alit,
921 911 1078 944 defendit
1103 923 1140 944 ac
1163 922 1235 943 ser·
1290 910 1565 944 incolumitatem
1592 910 1781 955 coniugum
1808 918 1841 945 et
1867 911 2081 951 liberorum,
2109 911 2202 956 quod
2229 909 2272 942 ad

248 972 305 998 vat
322 976 447 1008 corpus
463 962 656 1003 Ecclesiae,
683 963 786 996 etiam
804 974 882 995 curn
899 962 1085 1006 praecipua
1101 961 1236 995 lumina
1289 962 1440 1002 victum,
1476 962 1572 1006 quod
1598 962 1639 995 ad
1663 963 1817 1006 regimen
1841 961 1993 1007 denique
2015 973 2076 995 seu
2100 962 2274 1006 guberna-

247 1017 347 1049 foede
364 1016 562 1048 lacerantur
573 1026 609 1047 ac
624 1013 909 1047 interficiuntura
922 1012 1094 1058 tyrannis,
1145 1011 1237 1046 Sunt
1290 1013 1422 1046 tionem
1438 1012 1574 1047 attinet.

248 1067 342 1100 enim
368 1077 488 1099 causae
514 1065 629 1106 Plures
647 1064 872 1107 3¹⁸³Vi⁵⁵imfle
889 1070 921 1097 θῑ
937 1064 1126 1103 maximae,
1153 1075 1236 1107 PFO·
1392 1070 1618 1116 Quapropter
1640 1071 1727 1105 bene
1746 1071 1973 1105 consideretis
1989 1083 2027 1105 ac
2044 1069 2277 1105 memineritis

249 1125 324 1160 pter
341 1128 426 1161 quas
443 1114 599 1149 Ecclesia
616 1115 773 1148 mirabili
791 1114 938 1148 consilio
955 1114 1023 1148 Dei
1041 1120 1092 1148 tot
1108 1121 1139 1147 et
1159 1121 1236 1147 tan-
1290 1119 1357 1155 hoc
1385 1122 1491 1155 breve
1522 1122 1654 1156 dictum
1667 1149 1676 1162 ,
1708 1129 1747 1155 ut
1778 1123 1959 1156 excutiafis
1990 1122 2209 1156 securitatem
2244 1127 2278 1154 et

247 1168 290 1201 tis
309 1167 484 1200 aerumnis
502 1173 551 1199 est
568 1166 737 1200 subiecta.
789 1165 950 1210 Cumque
967 1176 1031 1198 nos
1048 1164 1113 1209 ipsi
1132 1164 1235 1198 etiam
1291 1173 1511 1216 superbiam:
1538 1172 1677 1207 Sufficit
1692 1173 1762 1206 diei
1781 1173 1925 1207 affflffio
1943 1185 2015 1209 sua·
2066 1171 2144 1207 Hoc
2162 1172 2278 1217 ipsum

248 1218 401 1263 plurima
433 1229 505 1250 non
529 1217 651 1261 exigua
674 1229 737 1250 nec
760 1217 850 1249 levia
875 1223 1011 1260 peccata
1034 1213 1237 1255 babeamus,
1292 1225 1418 1257 docem
1449 1225 1609 1257 omnium
1644 1231 1796 1258 aetatum
1829 1222 2015 1266 historiae,
2058 1231 2093 1258 et
2122 1221 2278 1266 exempla

250 1269 324 1302 vult
341 1267 435 1302 Deus
457 1269 613 1312 exempla
637 1268 691 1301 sui
710 1267 831 1300 iudicii
850 1267 1024 1311 conspici,
1049 1274 1080 1300 et
1098 1278 1160 1311 per
1174 1263 1237 1299 has
1292 1274 1498 1320 quotidiana
1517 1281 1598 1308 sum
1617 1274 1652 1307 ῐῃ
1672 1281 1869 1319 conspectu·

251 1331 379 1364 poenas
409 1331 473 1352 nos
499 1318 794 1352 commonefactos
821 1318 864 1351 ad
892 1317 1158 1351 conversionem
1182 1328 1238 1349 re-

251 1370 378 1404 vocari.
434 1369 569 1403 lnterea
594 1376 711 1403 tamen
736 1377 879 1402 eatenus
905 1368 1076 1401 immensa
1101 1367 1237 1400 miseri·
1267 1398 1269 1404 ,

251 1421 367 1454 cordia
393 1428 535 1464 propter
559 1419 789 1453 mediatorem
817 1418 903 1452 lenit
923 1430 962 1451 ac
981 1417 1119 1461 mitigat
1135 1429 1238 1461 prae-

251 1479 364 1505 sentes
390 1482 539 1515 poenas,
564 1482 608 1503 ne
630 1477 700 1504 tota
716 1468 873 1503 Ecclesia
893 1469 1054 1502 deleatur
1069 1468 1240 1508 funditus,

251 1523 341 1555 sicut
357 1533 499 1566 prorsus
513 1521 626 1555 deleta
641 1526 722 1554 sunt
733 1519 886 1554 Sodoma
902 1518 1133 1559 etGomorra,
1157 1531 1239 1563 pro-

251 1580 367 1617 pterea
394 1572 563 1616 tantisper
587 1573 698 1605 donec
722 1582 843 1604 sumus
862 1571 902 1603 in
917 1568 982 1603 hac
1001 1569 1140 1603 mortali
1156 1569 1240 1613 vita,

253 1624 311 1656 dat
335 1623 463 1656 bonam
488 1623 747 1662 valetudinem,
773 1622 906 1655 victum
931 1627 965 1654 et
991 1621 1083 1654 bona
1107 1627 1240 1653 caetera

253 1674 444 1708 necessaria
462 1674 505 1707 ad
526 1672 827 1707 conservationem
848 1671 939 1706 vitae
954 1671 1159 1716 corporalis.

1396 1340 1570 1384 Adiungit
1593 1350 1708 1376 autem
1731 1342 1906 1376 Dominus
1928 1350 2047 1377 noster
2064 1341 2159 1376 lesus
2175 1338 2282 1376 Chri-

1293 1398 1365 1425 stus
1394 1399 1617 1436 praeceptum
1649 1393 1944 1436 sapientissimum
1978 1401 2009 1427 et
2040 1391 2283 1434 utilissimum,

1294 1443 1422 1476 tradita
1445 1442 1616 1485 singulari
1637 1443 1755 1486 regula
1775 1444 1817 1476 de
1835 1443 2076 1477 discernendis
2093 1442 2280 1487 generibus

1294 1493 1539 1527 afflictionum.
1593 1491 1731 1538 Duplex
1756 1501 1805 1527 est
1830 1494 1985 1530 afflictio.
2029 1493 2110 1527 Alia
2127 1500 2177 1527 est
2195 1504 2279 1527 crux

1295 1544 1504 1584 necessaria,
1536 1555 1599 1577 nec
1630 1544 1795 1578 accersita
1822 1551 1940 1578 nostra
1967 1544 2187 1585 curiositate,
2219 1543 2281 1577 sed

1296 1605 1358 1638 per
1379 1606 1451 1628 sese
1470 1606 1533 1628 nos
1552 1594 1711 1638 affligens
1729 1602 1822 1628 certo
1841 1595 1911 1628 Dei
1928 1595 2098 1636 consilio,
2124 1601 2164 1629 ut
2179 1593 2283 1628 casti-

1296 1657 1420 1689 gemur
1442 1652 1474 1678 et
1499 1657 1733 1680 exerceamur,
1788 1644 1868 1679 Alia
1890 1653 1939 1679 est
1957 1645 2101 1680 afflictio
2117 1644 2284 1679 accersita

1298 1702 1417 1729 nostra
1435 1696 1647 1738 curiositate,
1675 1708 1754 1729 cnm
1771 1697 2089 1742 polypragmosyne
2104 1707 2164 1730 seu
2182 1706 2284 1741 prae-

356 1741 458 1775 Hanc
485 1741 762 1774 consolationem
795 1741 837 1773 de
864 1740 1046 1773 laboribus
1071 1739 1243 1773 (Ῑῖνῖὓῖῑῦδ
1298 1753 1434 1791 postera
1458 1754 1490 1781 et
1514 1744 1754 1780 hallucinante
1778 1747 1969 1791 sapientia,
1996 1748 2090 1782 ultro
2114 1745 2285 1780 nosmeti-

255 1793 428 1827 ordinatis
452 1804 490 1826 ac
514 1791 694 1825 aerumnis
711 1791 953 1835 praesentibus
970 1790 1153 1838 proposuit
1169 1789 1244 1824 Do·
1299 1809 1378 1842 psos
1407 1798 1596 1837 molestiis,
1633 1798 1824 1841 angoribus
1856 1806 1889 1832 et
1917 1798 2097 1832 aerumnis
2123 1797 2285 1842 {mpliu-

255 1845 371 1877 minUS
391 1844 428 1877 ln
447 1841 503 1876 his
521 1843 652 1877 verbis:
677 1841 758 1876 Non
777 1842 852 1876 Silis
870 1842 997 1876 SOiiCiii
1017 1843 1060 1875 de
1077 1841 1244 1882 craSiino,
1299 1860 1394 1891 mus,
1421 1856 1479 1890 ut,
1507 1849 1648 1893 quando
1671 1849 1810 1894 quaerit
1833 1856 1866 1883 et
1890 1849 2035 1893 suscipit
2054 1846 2160 1883 homo
2175 1858 2285 1891 nego..

255 1907 335 1927 nam
361 1894 532 1927 crastinus
556 1893 630 1926 dies
651 1893 789 1926 curabit
814 1903 868 1925 res
882 1904 979 1933 suas,
1007 1904 1067 1925 seu
1085 1892 1243 1926 solicitus
1299 1900 1346 1933 13³
1374 1911 1446 1932 non
1466 1899 1677 1939 necessaria,
1705 1900 1848 1944 quando
1866 1900 2043 1943 principes
2062 1905 2206 1933 movent
2224 1905 2286 1932 aut

256 1946 321 1979 ²¹*st
338 1957 401 1989 ΡΠ)
420 1957 473 1982 ⁵0²
501 1943 628 1977 ⁵¹¹ffi⁶i¹
643 1943 714 1975 (Ῑῖθί
732 1942 886 1975 afnimi&
1299 1947 1480 1984 attrabunt
1504 1950 1595 1983 bella
1618 1950 1694 1983 sine
1716 1950 1937 1991 necessitate,
1972 1962 2062 1996 quae
2085 1950 2196 1984 vitare
2219 1961 2285 1995 po-

360 2010 462 2044 Brevi
489 2022 570 2043 voce
593 2008 794 2042 afflictionis
811 2009 976 2041 admonet
993 2015 1024 2042 et
1042 2021 1243 2041 commone·
1299 2007 1430 2039 terant,
1458 2007 1520 2033 0¹0·

258 2063 339 2096 facit
362 2073 426 2094 uos
449 2060 644 2101 Dominus,
669 2061 762 2105 quod
790 2059 936 2093 subiecti
961 2059 1069 2092 simus
1093 2060 1186 2092 cruci
1213 2067 1244 2092 et
1403 2057 1455 2091 De
1470 2055 1539 2092 boc
1554 2058 1759 2091 discrimine
1778 2059 2010 2093 concionatur
2028 2057 2285 2096 bicDominus:

258 2113 533 2151 calamitatibus,
568 2119 600 2145 et
630 2111 724 2155 quod
752 2111 1000 2155 unaquaelibet
1025 2110 1099 2143 dies
1124 2111 1241 2143 asserat
1274 2125 1277 2178 ἱ
1300 2109 1413 2141 Sinite
1444 2116 1481 2142 ut
1515 2109 1762 2154 unaquaelibet
1790 2110 1864 2143 dies
1888 2110 2022 2144 solicita
2049 2111 2093 2145 sit
2118 2123 2182 2155 pro
2202 2123 2288 2155 sese,

259 2175 338 2197 suas
360 2162 586 2202 afflictiones,
613 2161 744 2208 quibus
769 2159 863 2194 Dens
887 2161 968 2193 velit
995 2173 1058 2194 nos
1082 2161 1245 2196 exerceri.
1274 2189 1277 2196 .
1300 2167 1394 2193 curet
1421 2171 1475 2192 res
1494 2171 1594 2199 suas,
1622 2160 1743 2194 aflerat
1762 2172 1841 2194 suas
1859 2161 2068 2196 afflictiones
2083 2169 2116 2197 et
2132 2161 2286 2197 difficul-

259 2214 386 2247 Brevia
418 2213 579 2258 quidem,
612 2219 647 2247 ut
684 2211 777 2252 dixi,
812 2219 894 2245 sunt
920 2209 1003 2244 baec
1026 2213 1151 2250 verba,
1186 2213 1244 2245 sed
1300 2217 1396 2244 tates.
1453 2209 1546 2244 Haec
1572 2211 1821 2254 impedimenta
1845 2223 1906 2245 vos
1930 2212 1966 2245 in
1984 2213 2177 2256 praesentia
2194 2220 2287 2249 reete

259 2265 458 2299 nniversam
476 2264 566 2297 vitae
581 2261 763 2297 historiam
781 2262 1082 2307 complectuntur,
1109 2270 1142 2297 et
1161 2276 1246 2296 con-
1275 2273 1278 2340 l
1300 2262 1464 2302 tolerate,
1492 2274 1554 2294 nec
1577 2274 1720 2307 quoquo
1747 2264 1851 2295 modo
1874 2263 1973 2297 vobis
1989 2263 2164 2298 cumulate
2179 2264 2285 2299 mise-

260 2317 447 2350 cionantur
462 2315 504 2347 de
520 2314 670 2347 miseriis
684 2313 1074 2357 ingentibusimpositis
1090 2311 1245 2347 bumano
1300 2314 1388 2354 rias,
1433 2314 1491 2346 sed
1527 2319 1662 2346 tantum
1692 2313 1793 2347 facite
1824 2313 2015 2347 necessaria
2047 2319 2081 2347 et
2110 2315 2287 2356 mandata,

260 2367 396 2410 generi,
424 2373 588 2405 mouent,
616 2378 658 2397 ne
681 2364 856 2398 securitati
876 2371 907 2398 et
925 2364 1108 2408 superbiae
1127 2365 1245 2398 indul-
1300 2364 1455 2397 conteuti
1481 2364 1611 2397 diurno
1636 2364 1772 2403 labore,
1798 2376 1900 2409 quem
1920 2364 2020 2398 affert
2039 2365 2194 2405 vocatio,
2222 2378 2285 2401 nec

261 2429 419 2461 goamns.
455 2417 513 2449 sed
541 2423 578 2449 ut
604 2414 668 2449 boc
693 2422 806 2449 totum
833 2415 923 2449 vitae
947 2415 1162 2449 curriculum
1191 2416 1245 2448 in·
1299 2428 1337 2448 ex
1371 2413 1524 2448 bumana
1558 2415 1723 2448 coecitate
1753 2415 1999 2448 communibus
2027 2415 2285 2452 calamitatibus

263 2476 443 2505 tueamur.
466 2475 497 2501 et
518 2467 754 2510 intelligamus
773 2467 807 2499 in
826 2464 888 2500 bac
908 2466 976 2500 vita
993 2466 1139 2509 singulis
1157 2479 1245 2511 quo-
1300 2466 1418 2500 addite
1446 2466 1665 2500 securitatem
1700 2472 1731 2499 et
1762 2465 1982 2508 snperbiam,
2017 2478 2139 2500 verum
2162 2468 2285 2503 scitote

263 2520 347 2552 tidie
375 2517 570 2563 propositas
597 2529 668 2551 csse
693 2529 876 2551 aerumnas
899 2517 1013 2550 omnis
1030 2518 1186 2560 generis,
1214 2526 1243 2550 et
1300 2517 1520 2560 diligentiam
1546 2515 1716 2549 divinitus
1741 2516 1938 2550 ordinatam
1964 2528 2024 2560 per
2046 2528 2119 2551 sese
2134 2519 2215 2553 satis
2234 2520 2284 2553 la-

261 2570 450 2613 cogitemus
475 2569 643 2614 denique,
671 2568 737 2601 nisi
766 2565 849 2601 baec
875 2569 946 2612 ipsa
971 2568 1245 2602 molesdislicul-
1301 2569 1445 2609 borum,
1474 2567 1804 2612 impedimentorum
1831 2574 1863 2602 et
1889 2567 2154 2602 solicitudinum
2184 2567 2284 2604 babi-

263 2627 373 2653 tatum
405 2628 436 2654 et
468 2620 718 2659 afflictionum,
754 2632 858 2664 quam
892 2619 1005 2653 indies
1035 2619 1244 2654 cumulatam
1274 2614 1276 2618 ⁴
1300 2626 1413 2652 turam
1440 2629 1531 2659 esse,
1566 2624 1808 2663 praeterquam
1833 2620 1927 2664 quod
1954 2620 2123 2654 accedunt
2151 2633 2286 2666 poenae

261 2671 350 2704 collo
382 2679 412 2704 et
438 2671 632 2705 cervicibus
658 2670 786 2705 nostris
812 2671 1042 2712 sustinemus,
1078 2670 1245 2705 immensa
1299 2677 1333 2703 et
1350 2670 1558 2704 afflictiones
1574 2668 1797 2713 multiplices.
