2409 2915
55 111 128 148 945
304 112 385 147 XII.

55 197 219 232 minatim
247 200 396 244 petenda
424 206 524 238 sunt,
560 206 594 233 et
621 198 830 233 nominatim
856 197 939 234 haec
964 200 1037 244 ipsa

56 256 151 284 certo
168 249 243 283 dari
261 257 293 284 et
309 250 487 295 impetrari
504 250 621 283 omnia
638 250 776 290 credas,
805 250 892 283 sicut
907 259 939 284 et
953 251 1038 284 alibi

55 299 202 333 dicitur:
231 299 373 343 Quanto
393 301 500 342 magis
518 299 620 333 Pater
637 309 748 335 vester
766 301 923 335 coelestis
941 302 1039 336 dabit

56 348 229 395 Spiritum
247 358 404 384 sanctum
425 350 646 394 petentibus?

158 399 296 434 Deinde
325 402 367 434 de
390 401 494 434 bonis
516 401 759 445 corporalibus
775 401 823 435 sic
848 402 1038 445 intelligas:

56 451 117 485 dat
143 451 247 484 etiarn
272 451 388 485 omnia
412 453 602 485 necessaria
628 453 789 496 corpori,
822 454 881 486 sed
905 466 977 486 non
1001 453 1037 485 in

55 501 189 546 specie,
219 513 282 535 nec
311 502 431 534 eodem
465 503 581 537 modo.
642 501 690 536 Et
718 509 834 536 tamen
863 505 920 537 dat
949 505 1038 536 bona

56 551 231 596 corporis,
266 552 349 585 alias
377 552 497 591 aliter,
529 553 610 598 quia
639 554 715 587 vult
737 565 800 586 nos
825 554 928 587 etiarn
955 555 1038 586 sub-

57 602 165 636 iectos
189 613 261 635 esse
284 602 389 636 cruci.
442 601 521 635 Non
544 604 603 637 dat
627 603 691 637 tibi
717 615 863 647 regnum
890 603 1039 642 Galliae,

57 653 138 697 quia
160 663 223 684 nec
245 652 392 695 singulis
411 653 491 687 talia
510 655 701 687 necessaria
719 662 820 692 sunt,
848 656 905 687 sed
923 662 1038 687 tamen

55 703 115 736 dat
131 701 197 736 tibi
215 702 358 747 victum,
385 704 566 738 sanitatem
584 705 750 749 corporis,
778 705 957 739 meliorem
971 712 1040 738 sta-

55 758 130 786 tum
147 752 301 786 filiorum
319 761 352 787 et
368 755 519 787 filiarum
537 762 600 788 etc.

158 802 227 836 Sed
248 801 305 836 hic
323 805 532 848 opponitur:
563 805 636 838 lmo
655 817 755 850 saepe
772 806 854 839 sinit
872 816 935 838 nos
951 816 1038 849 pau-

54 859 226 897 pertatem
243 866 404 897 magnam
424 853 573 895 habere,
602 857 685 890 sinit
700 869 764 890 nos
779 863 976 900 aegrotare,
1002 862 1040 888 ut

54 902 138 942 lob,
164 903 236 936 imo
258 905 343 939 sinit
362 905 468 939 etiam
489 913 627 940 sanctos
651 907 861 941 mirabiliter
881 906 1041 946 interfici,

55 960 97 988 ut
113 952 298 988 Ionathan.

158 1004 215 1038 Ad
239 1003 323 1039 haec
346 1007 558 1050 respondeo:
586 1006 669 1041 Ideo
688 1007 819 1041 dictum
837 1014 886 1041 est
903 1007 946 1039 de
963 1018 1041 1039 cor-

56 1055 258 1099 poralibus,
284 1058 378 1101 quod
404 1069 477 1090 non
497 1058 553 1092 det
570 1059 691 1091 eodem
707 1059 825 1093 modo.
877 1057 945 1090 Dat
962 1057 1041 1101 qui-

57 1106 138 1140 dem
163 1107 282 1140 omnia
304 1108 515 1146 necessaria,
543 1108 608 1147 sic,
635 1115 673 1142 ut
698 1109 752 1141 vel
775 1109 833 1141 illa
855 1109 928 1151 ipsa
948 1108 1040 1141 bona

58 1156 137 1196 det,
169 1168 258 1201 quae
288 1158 458 1201 petimus,
494 1165 532 1191 ut
555 1158 726 1192 Davidem
756 1159 893 1192 reducit
923 1158 960 1190 in
986 1169 1041 1190 re-

58 1218 186 1249 gnum,
215 1208 269 1240 vel
292 1215 382 1242 certe
401 1209 533 1251 mitiget
551 1209 681 1242 malum
694 1236 703 1248 ,
725 1216 757 1243 et
778 1211 834 1243 det
852 1209 918 1241 alia
936 1209 1041 1246 bona,

57 1263 98 1290 ut
124 1255 298 1291 Ionathan
327 1259 528 1292 consolatur
554 1259 591 1292 iu
616 1260 737 1300 corde,
774 1266 807 1293 et
829 1266 943 1293 servat
968 1259 1041 1292 eius

57 1307 307 1350 posteritatem.

161 1356 268 1400 Quod
297 1366 411 1392 autem
444 1371 516 1392 non
546 1360 604 1392 dat
635 1359 756 1392 eodem
791 1359 896 1392 modo
924 1358 1041 1391 omnia

58 1408 274 1450 corporalia,
302 1409 380 1441 ideo
407 1409 462 1448 fit,
484 1410 564 1454 quia
591 1409 666 1442 vult
691 1420 755 1441 nos
778 1410 952 1442 subiectos
971 1420 1042 1441 esse

59 1457 174 1497 cruci,
210 1464 250 1492 ut
275 1459 361 1504 Iob,
397 1460 590 1505 aliquando
621 1459 724 1493 etiam
755 1460 858 1504 punit
888 1471 970 1500 nos,
1005 1465 1043 1492 ut

57 1505 243 1541 Davidem.

163 1557 231 1592 Sed
257 1556 348 1592 hanc
372 1559 528 1601 regulam
554 1564 672 1591 teneas
694 1559 908 1592 firmissime:
936 1558 1044 1592 Invo-

59 1608 232 1642 cntionem
262 1610 387 1642 factam
419 1610 457 1641 in
485 1608 571 1648 fide,
606 1621 786 1653 nunquam
816 1610 950 1642 irritam
972 1621 1044 1642 esse

61 1659 164 1692 etiam
193 1660 230 1691 in
255 1659 513 1702 corporalibus,
539 1659 620 1703 quia
644 1671 781 1702 semper
805 1667 861 1693 aut
881 1661 1045 1703 impetrat

61 1709 273 1743 nominatim
298 1707 364 1743 lioc
386 1710 539 1749 bonum,
572 1710 666 1754 quod
692 1710 831 1753 petivit,
866 1717 925 1743 aut
949 1710 1044 1742 miti-

62 1761 258 1802 gafiouem,
292 1767 331 1794 ut
359 1772 459 1804 saepe
488 1759 630 1792 dicitur:
661 1759 773 1793 Petite
800 1768 833 1793 et
858 1761 1045 1804 accipietis.
1071 1782 1073 1791 ,

63 1809 168 1843 Item:
198 1811 377 1856 Quicquid
397 1810 567 1855 petieritis
583 1809 721 1844 Patrem
741 1811 778 1843 in
796 1812 940 1844 nomine
957 1823 1046 1849 meo,

62 1862 160 1894 dabit
178 1862 290 1896 vobiS.

167 1912 278 1945 Addit
302 1917 418 1945 autem
441 1909 602 1945 Christus
625 1911 663 1943 in
686 1908 753 1944 hoc
776 1912 886 1944 dicto:
914 1910 952 1944 Si
975 1922 1047 1942 non

64 1962 284 1998 dubitabitis,
352 1961 456 1996 Item:
499 1961 700 1996 Credentes,
771 1961 810 1995 In
845 1960 900 1994 his
933 1961 1048 1993 verbis

64 2014 279 2057 praecipitur
301 2013 398 2048 fides.
450 2012 532 2046 Non
556 2013 604 2046 sic
631 2013 778 2056 cogites:
804 2011 879 2055 Ego
903 2012 1047 2056 quidem

66 2071 200 2106 petam,
223 2065 281 2096 sed
307 2063 425 2097 nescio
443 2075 487 2096 an
505 2063 616 2107 prosit
632 2075 707 2096 mea
725 2064 867 2107 petitio,
892 2062 1048 2095 fortassis

65 2112 161 2147 Deus
191 2125 284 2146 meas
305 2125 423 2157 preces
449 2126 521 2146 non
543 2114 680 2157 recipit.
751 2113 825 2146 lmo
848 2113 897 2146 sic
919 2119 1049 2146 statuas

67 2164 279 2204 certissime,
306 2175 386 2197 vere
410 2164 526 2197 audiri
550 2171 692 2208 propter
716 2163 846 2197 Filium
871 2170 948 2197 tuas
971 2175 1050 2207 pre-

68 2226 142 2255 ces,
170 2221 202 2247 et
228 2226 300 2247 non
321 2215 394 2247 sore
420 2214 554 2253 irritas,
583 2221 616 2248 et
641 2214 791 2247 retineas
814 2226 907 2257 spem
935 2220 967 2246 et
993 2225 1050 2246 ex-

69 2265 319 2309 spectationem
348 2265 485 2305 auxilii,
511 2271 549 2298 ut
577 2265 646 2298 sint
669 2265 753 2297 fides
779 2272 811 2298 et
835 2275 910 2308 spes
935 2263 1052 2303 simui,

69 2327 158 2361 quae
179 2328 274 2349 nunc
301 2322 384 2349 sunt
408 2327 489 2348 vera
512 2315 597 2348 fides
623 2322 655 2347 et
680 2327 760 2347 vera
786 2327 882 2358 spes,
909 2314 1052 2359 quando

69 2367 177 2400 sentis
203 2374 235 2401 te
262 2364 324 2399 hac
348 2367 420 2410 ipsa
440 2366 506 2398 fide
530 2373 562 2399 et
582 2378 641 2408 spe
665 2363 793 2398 habere
811 2377 871 2399 cor
889 2365 1052 2410 quietius,

69 2425 104 2451 et
121 2417 348 2462 aliquomodo
369 2417 591 2461 acquiescens
607 2417 644 2449 in
664 2415 750 2449 Deo.

361 2499 504 2534 Dicetis
527 2498 612 2534 huic
634 2500 761 2535 monti.

174 2569 303 2612 Figura
328 2575 398 2606 est,
426 2568 507 2613 quia
533 2580 605 2600 uon
629 2568 704 2601 vult
723 2565 818 2600 Deus
836 2565 1002 2599 miracula
1018 2578 1058 2598 ex

76 2678 110 2705 et
128 2671 223 2705 iubet
241 2682 321 2704 eum
341 2669 472 2705 volare.

129 2723 303 2754 qunru.
335 2722 436 2754 Ortn.
468 2721 548 2752 Vni..
569 2721 663 2754 XIV.

437 110 830 149 ANNOTATIONES
858 113 922 150 ET
949 111 1233 150 CONClONES
1262 114 1310 150 IN
1333 113 1515 154 EVANG.
1544 115 1822 159 MATTHAEI.

1994 125 2072 163 946

1193 198 1287 233 Deus
1313 201 1389 235 vult
1411 214 1464 235 res
1487 205 1695 239 necessarias
1721 206 1807 250 peti,
1834 215 1867 243 et
1888 208 1924 242 in
1940 211 2071 245 talibus

1091 251 1293 284 necessariis
1320 251 1416 286 iuvat
1446 265 1510 286 nos
1536 266 1636 299 saepe
1660 268 1764 300 supra
1789 265 1963 297 naturam.
2024 262 2071 297 Ut

1091 313 1169 334 cum
1186 301 1247 333 filii
1259 301 1366 335 Israel
1386 303 1531 338 veniunt
1545 306 1589 337 ad
1607 318 1700 339 mare
1718 309 1883 351 rubrum,
1911 323 1974 345 nec
1990 325 2071 356 pos-

1091 359 1172 385 sunt
1196 351 1364 394 effugere,
1388 353 1455 385 nisi
1483 366 1575 387 mare
1599 356 1647 388 eis
1665 359 1780 399 cedat,
1809 366 1842 394 et
1859 361 1949 394 viam
1969 375 2071 406 prae-

1092 403 1190 441 beat,
1227 399 1282 435 hic
1306 402 1397 435 Deus
1427 403 1556 446 insigni
1587 405 1755 441 miraculo
1789 410 1837 443 eis
1867 412 2070 455 opitulatur.

1093 451 1137 486 Et
1154 452 1201 484 ibi
1219 451 1406 486 dicitDeus
1422 454 1552 494 mou-ti,
1580 455 1614 488 id
1632 463 1697 495 est,
1725 456 1921 502 Pharaoni,
1949 465 2070 498 eteius

1092 503 1285 547 potentiae:
1322 501 1509 536 Abiiciaris
1542 505 1577 537 in
1602 518 1708 539 mare.
1774 509 1951 552 Significat
1975 515 2070 547 enim

1093 565 1192 586 mons
1223 554 1414 596 potentiam
1445 556 1563 598 magni
1592 557 1682 600 regis
1704 565 1763 592 aut
1788 561 1966 604 principis.
2025 564 2073 599 Et

1093 602 1156 636 hac
1193 604 1426 637 similitudine
1458 602 1524 638 hoc
1556 606 1670 649 ipsum
1701 611 1854 644 ostendit
1884 612 2072 653 Dominus,

1093 655 1185 700 quod
1202 650 1356 687 Ecclesia
1381 655 1453 688 suis
1475 656 1636 700 precibus
1659 665 1691 691 et
1714 658 1782 692 fide
1807 660 1850 694 sit
1867 671 2073 706 superatura

1094 712 1126 737 et
1151 716 1348 746 repressura
1371 717 1467 748 reges
1493 713 1525 739 et
1550 707 1737 751 principes.

1093 755 1268 788 dentiores
1293 755 1330 788 in
1355 757 1516 798 petendo.
1569 756 1668 792 Sicut
1692 758 1830 794 Elisaeo
1857 774 1928 796 non
1950 772 2076 808 potne-

1093 812 1177 839 runt
1202 817 1326 839 nocere
1349 803 1475 840 hostes.
1527 805 1649 841 Esaias
1673 816 1704 842 et
1724 808 1890 845 Ezechias
1914 814 2076 849 vicerunt

1094 853 1353 894 Sennacherib,
1381 858 1532 900 petendo
1558 858 1728 892 auxilium
1753 872 1771 893 a
1794 860 1881 898 Deo.
1933 862 2078 899 Danieli

1094 918 1156 938 nec
1181 907 1354 949 principes
1379 918 1441 940 nec
1465 908 1582 941 leones
1608 921 1732 942 nocere
1753 919 1954 955 potnerunt.
2018 915 2078 950 Sic

1096 956 1187 989 Deus
1219 957 1311 990 inter
1342 957 1476 990 medios
1508 956 1623 992 hostes
1653 968 1766 994 servat
1796 964 1893 995 omni
1921 972 2078 1010 tempore

1095 1008 1235 1042 multos.
1289 1006 1362 1040 lmo
1387 1005 1543 1041 Ecclesia
1570 1009 1640 1041 fere
1665 1022 1801 1055 semper
1828 1015 1986 1059 undique
2010 1017 2078 1050 cir-

1095 1059 1257 1091 cumdata
1281 1064 1329 1090 est
1354 1055 1533 1098 hostibus,
1560 1065 1594 1092 et
1611 1059 1702 1093 inter
1718 1061 1863 1096 insidias
1881 1065 2026 1099 Diaboli
2045 1074 2079 1101 et

1095 1108 1266 1141 tumultus
1287 1108 1410 1140 mundi
1430 1109 1642 1142 mirabiliter
1659 1119 1833 1153 servatur,
1860 1114 1953 1149 iuxta
1970 1117 2079 1151 illud:

1094 1157 1248 1190 Ecclesia
1275 1164 1323 1191 est
1345 1159 1435 1192 sicut
1459 1171 1535 1192 rosa
1561 1159 1653 1193 inter
1668 1162 1795 1205 spinas.
1857 1163 1960 1199 Item:
1988 1166 2080 1201 Dedi

1095 1209 1258 1242 dilectam
1289 1208 1441 1241 animam
1476 1221 1585 1242 meam
1611 1210 1647 1243 in
1674 1212 1827 1246 medium
1853 1214 2080 1251 inimicorum

1096 1260 1180 1293 eius.
1233 1257 1400 1292 Nominat
1418 1258 1609 1293 Ecclesiam
1633 1261 1786 1295 animam
1813 1275 1929 1310 suam,
1958 1267 1993 1300 id
2019 1276 2081 1309 est,

1096 1309 1329 1349 carissimam,
1364 1307 1473 1349 hanc,
1505 1311 1566 1343 etsi
1590 1318 1639 1345 est
1664 1313 1862 1357 carissima,
1890 1322 2006 1350 tamen
2031 1319 2082 1353 ait

1096 1359 1345 1391 circumdatam
1372 1371 1442 1391 esse
1467 1357 1648 1402 hostibus,
1675 1369 1707 1395 et
1730 1363 1821 1396 inter
1845 1363 1909 1398 hos
1935 1369 2081 1402 mirabi-

1096 1409 1176 1442 liter
1193 1408 1407 1456 protegitur,
1433 1410 1514 1454 quia
1533 1417 1583 1444 est
1601 1412 1778 1446 carissima
1795 1412 1882 1450 Deo.

1789 710 1872 744 Ideo
1891 713 2000 747 simus
2017 726 2074 748 ar-

1147 1507 1200 1541 Et
1226 1520 1304 1541 cum
1332 1508 1482 1542 venisset
1510 1509 1548 1543 in
1567 1510 1759 1556 templum,
1787 1521 2010 1549 accesserunt
2031 1515 2086 1551 ad

1199 1570 1277 1591 eum
1305 1559 1488 1605 principes
1512 1559 1750 1595 Sacerdolum
1782 1569 1812 1596 et
1837 1566 1996 1599 seniores
2017 1580 2084 1612 po-

1199 1608 1282 1655 puli
1298 1607 1470 1643 dicentes:
1498 1608 1583 1657 Qua
1598 1617 1773 1659 poles-lale
1788 1611 2015 1662 haec-facis?

1200 1682 1445 1717 Differentiam
1463 1692 1686 1732 peccatorum
1703 1688 1790 1721 scire
1807 1690 1907 1723 valde
1926 1703 2083 1726 necessa-

1099 1734 1190 1768 rium
1210 1741 1272 1770 est.
1326 1734 1414 1768 Tres
1432 1738 1559 1778 gradus
1577 1744 1669 1771 sunt.

1201 1793 1305 1826 Unus
1336 1799 1386 1827 est
1415 1801 1549 1837 peccata
1583 1802 1614 1829 et
1637 1796 1873 1838 infirmitates,
1909 1812 1997 1844 quae
2019 1814 2084 1834 no-

1100 1843 1234 1877 biscum
1259 1851 1470 1885 nascuntur,
1504 1852 1542 1878 ut
1565 1846 1820 1889 dubitationes,
1857 1850 2003 1884 vitiosae
2027 1853 2083 1885 in-

1100 1894 1309 1927 clinationes
1336 1895 1377 1927 ad
1402 1894 1509 1933 iram,
1547 1897 1590 1928 ad
1613 1908 1749 1931 amores
1770 1901 1995 1943 vagabundos
2020 1909 2086 1939 etc.

1102 1944 1189 1978 Item
1208 1945 1427 1988 ignorantiae
1445 1945 1585 1979 multae.

1203 2002 1387 2037 Secundus
1429 2004 1556 2045 gradus
1590 2007 1640 2038 est
1675 2012 1795 2041 contra
1834 2009 2086 2045 conscientiam

1102 2053 1235 2086 violare
1251 2053 1501 2095 mandataDei,
1529 2061 1567 2088 ut
1582 2055 1815 2098 adulterium,
1845 2059 1994 2101 furtum,
2022 2060 2088 2095 ho-

1103 2104 1284 2137 micidium
1303 2111 1366 2138 etc.
1427 2103 1476 2137 Hi
1499 2105 1569 2138 duo
1593 2108 1721 2148 gradus
1744 2108 1807 2141 etsi
1830 2117 1911 2143 sunt
1935 2119 2084 2154 peccata,

1104 2162 1137 2189 et
1160 2153 1255 2187 Deus
1286 2155 1387 2187 valde
1411 2155 1458 2188 eis
1481 2156 1660 2197 irascitur,
1693 2164 1724 2190 et
1751 2170 1789 2191 ea
1814 2159 1933 2203 punit,
1970 2168 2087 2196 tamen

1105 2211 1249 2262 possunt
1271 2205 1421 2244 remitti,
1448 2212 1481 2239 et
1505 2207 1733 2241 remittuntur
1757 2209 1940 2251 agentibus
1963 2213 2087 2255 poeni-

1104 2262 1261 2290 tentiam.

1207 2313 1275 2347 Sed
1291 2313 1413 2346 tertius
1429 2314 1555 2355 gradus
1566 2320 1614 2346 est
1625 2311 1858 2357 blasphemia:
1888 2315 1977 2351 Cum
1989 2320 2088 2362 agni-

1106 2371 1176 2398 tam
1195 2364 1373 2397 veritatem
1392 2370 1570 2407 oppugnat
1586 2364 1714 2408 aliquis
1729 2366 1841 2399 sciens
1859 2374 1890 2401 et
1908 2370 2088 2404 convictus

1107 2415 1282 2448 evidentia
1315 2413 1598 2447 testimoniorum
1629 2415 1820 2458 scripturae
1849 2418 1903 2450 vel
1935 2419 2087 2453 miracu-

1107 2465 1224 2498 lorum
1238 2492 1247 2505 ,
1273 2471 1307 2498 et
1328 2471 1445 2497 tamen
1470 2465 1696 2507 pertinaciter
1714 2466 1934 2509 adversatur,
1961 2471 2013 2502 vel
2033 2483 2088 2503 re-

1108 2516 1169 2558 gui
1193 2527 1293 2549 causa
1319 2514 1374 2547 vel
1396 2515 1608 2553 ambitione,
1640 2515 1693 2548 vel
1715 2516 1816 2560 odio,
1851 2519 1905 2550 vel
1928 2531 2089 2563 quocun-

1082 2596 1083 2600 ,
1135 2578 1176 2599 ue
1202 2567 1307 2599 modo
1323 2563 1509 2597 Diabolico
1532 2565 1614 2598 odio
1638 2567 1764 2599 ardens
1811 2573 1849 2601 ut
1874 2580 1895 2600 n
1925 2581 1946 2601 n
2061 2572 2089 2599 -

76 2620 276 2654 curiositate
300 2619 395 2657 fieri,
430 2619 518 2652 sicut
541 2618 712 2653 Diabolus
736 2624 846 2652 tentat
870 2615 1060 2657 Christum,
1109 2579 1131 2611 q
1901 2581 1920 2602 u
1952 2582 1967 2603 c
1984 2570 2067 2615 pai

1109 2624 1181 2650 stae
1196 2615 1424 2650 Sacerdotum
1448 2615 1608 2658 coniugia
1627 2615 1829 2660 improbant
1846 2624 1879 2652 et
1897 2620 2092 2657 defenduut

1113 2667 1237 2712 impias
1255 2665 1400 2705 Missas,
1426 2672 1459 2699 et
1476 2665 1981 2706 invocationem'mortuorum.

1354 2715 1402 2749 60
