2409 2915
236 92 329 129 1131

836 84 960 120 PHlL.
989 83 1104 121 MEL.
1133 84 1340 122 SCRIPTA
1369 84 1666 122 EXEGETICA.

2163 85 2261 122 1132

235 185 372 213 noctem
391 187 472 209 vero
489 170 747 218 ignorationem
758 167 956 213 Evangelii.
985 168 1221 215 Evangelium
1247 179 1250 212 ξ
1275 173 1324 207 les
1341 172 1367 206 ii
1384 172 1541 213 fuerant,
1568 172 1628 217 qui
1643 171 1825 205 dixerunt:
1853 169 2026 216 Nunquid
2043 176 2076 205 et
2091 181 2156 204 nos
2171 171 2263 205 caeci

235 230 329 264 enim
349 229 407 260 lux
424 232 491 265 est,
517 223 640 257 Esaiae
653 221 729 255 lX.:
756 220 1011 255 Habitantibns
1024 222 1061 255 in
1079 223 1223 266 regione

234 281 380 315 umbrae
412 275 535 309 mortis
568 275 627 307 lux
658 279 733 306 orta
765 278 816 305 est
838 272 897 307 eis.
964 270 1012 306 Et
1036 272 1162 310 Ioann.
1181 273 1222 309 l.:

236 330 394 363 verbum
413 333 463 360 est
481 327 552 361 lux.
595 323 672 358 Nox
688 335 748 357 seu
760 324 925 357 tenebrae
937 323 1112 367 ignoratio
1125 325 1222 358 verbi

236 431 360 464 mortis
382 429 516 462 sedent.
568 426 682 460 Porro
707 427 801 469 quod
828 425 893 465 ait,
920 426 1098 461 neminem

237 489 339 515 nocte
371 478 530 524 operari,
563 477 649 523 quid
680 476 776 509 aliud
812 476 1000 519 significat,
1035 490 1140 522 quam
1165 477 1224 510 ubi

236 534 332 567 deest
359 531 504 563 verbum
530 528 614 568 Dei,
643 527 692 559 ibi
718 539 789 560 non
814 539 914 571 posse
939 539 1004 561 nos
1027 541 1132 572 opera
1159 527 1224 561 Dei

237 581 399 628 operari?
455 579 523 613 Per
560 580 706 612 verbum
743 578 836 611 enim
868 578 1003 611 domini
1037 580 1226 612 movebant

237 641 368 673 castra,
393 631 539 665 Numer.
558 628 620 663 lX.
673 627 718 661 Et
738 627 868 663 Psalm.
885 628 996 664 CVL:
1026 629 1127 663 Misit
1148 641 1227 662 ver-

237 686 322 719 bum
342 695 443 716 suum
462 689 494 715 et
509 680 647 714 sanavit
664 690 733 712 eos.
785 679 910 713 Esaiae
930 679 1043 714 Vlll.:
1073 680 1177 723 Quod
1198 680 1225 713 si

237 747 309 769 non
335 733 490 766 dixerint
513 732 606 765 iuxta
633 731 780 763 verbum
801 728 886 771 hoc,
915 743 986 763 non
1005 732 1070 765 erit
1088 732 1135 764 cis
1152 743 1226 763 ma-

237 787 351 820 tutina
369 785 439 818 lux.
485 782 684 816 Damnatur
699 781 807 823 igitur
823 782 989 826 quicquid
1008 783 1097 816 ratio
1115 788 1227 825 potest

237 849 309 870 non
337 834 534 869 illuminata
558 833 666 866 verbo
690 831 768 865 Dei.
821 831 933 866 Totus
957 834 1044 866 ordo
1066 830 1227 867 christia-

236 901 302 921 nae.
319 887 409 920 vitae
428 897 466 918 ex
484 882 549 918 hac
567 882 711 917 historia
731 883 920 924 colligitur.
976 883 1115 925 Primo,
1149 891 1228 918 ten-

237 939 323 974 tatio
341 937 395 970 vel
416 935 561 969 afflictio
577 945 665 978 opus
682 940 731 966 est
749 934 890 966 (livinae
909 934 1113 970 voluntatis,
1165 933 1229 968 Se-

239 990 376 1029 cundo,
403 987 536 1019 fructus
562 984 786 1023 tentationis,
815 991 854 1018 ut
877 984 960 1017 inde
983 986 1166 1019 veniamus
1191 985 1227 1018 in

241 1039 406 1074 notitiam
432 1037 564 1080 gloriae
590 1035 669 1069 Dei.
730 1034 872 1076 Tertio,
909 1036 945 1069 fu
969 1034 1036 1070 hoc
1062 1043 1229 1081 operante

239 1091 347 1124 verbo
371 1090 406 1121 in
432 1087 553 1127 nobis,
581 1087 663 1131 quia
687 1093 812 1119 natura
838 1098 899 1130 per
923 1099 995 1120 sese
1020 1100 1092 1121 non
1118 1093 1228 1131 potest

240 1143 276 1175 in
302 1139 424 1185 poenis
446 1139 594 1182 gloriam
614 1135 681 1171 Dei
701 1149 854 1171 cernere.
908 1137 1066 1181 Quarto,
1093 1150 1231 1172 exerce-

240 1201 298 1227 tur
329 1191 432 1231 fides,
468 1201 549 1223 cum
577 1188 743 1222 ducimur
768 1188 834 1233 ita,
870 1196 909 1223 ut
936 1190 1001 1234 ipsi
1028 1190 1231 1233 ignoremus

240 1242 428 1277 consilium
469 1239 661 1273 voluntatis
700 1239 861 1280 divinae,
903 1241 993 1274 sicut
1034 1238 1159 1286 loseph
1194 1241 1230 1273 in

241 1295 442 1339 Aegyptum
465 1292 590 1325 (luctus
609 1297 671 1323 est.
724 1289 880 1333 Quinto,
908 1293 1068 1325 renovati
1086 1292 1231 1325 confit«-

240 1357 332 1378 mur.
388 1343 512 1382 Sexto,
539 1340 674 1374 inimici
695 1339 829 1375 Christi
855 1343 1041 1387 requirunt
1065 1344 1233 1376 adversus

242 1407 330 1440 opus
345 1395 377 1438 ¹)
395 1394 470 1427 eius
486 1393 591 1426 etiam
609 1391 730 1425 divina
745 1392 946 1426 testimonia
961 1391 1008 1439 ⁵).
1062 1392 1233 1437 SeptImo‚

243 1458 364 1480 eorum
397 1444 456 1488 qui
481 1440 617 1477 Christi
651 1449 750 1482 sunt,
787 1454 858 1475 non
882 1450 932 1477 est
956 1456 1019 1488 par
1042 1444 1145 1481 fides,
1173 1445 1231 1476 sed

243 1503 326 1531 sunt
350 1495 481 1528 infirmi
503 1493 668 1539 quidam,
696 1504 784 1538 quos
799 1500 916 1527 tamen
937 1507 1008 1527 non
1027 1501 1235 1538 aspernatur

245 1546 417 1582 Christus.
472 1542 630 1585 Octavo,
663 1541 859 1578 Christiani
887 1552 1163 1579 contemnuntur
1188 1545 1235 1578 si-

245 1606 303 1632 cut
328 1604 473 1631 testacea
500 1606 592 1630 vasa.
644 1594 768 1633 Nono,
796 1593 959 1629 Christus
983 1597 1078 1629 solus
1104 1596 1233 1629 iudicat

245 1651 288 1683 de
307 1649 414 1682 verbo
433 1659 516 1686 suo,
543 1652 701 1679 excaecat
718 1645 888 1686 videntes,
917 1654 949 1680 et
966 1647 1145 1681 illuminat
1161 1658 1237 1680 cae-

246 1712 314 1733 cos.

246 1750 351 1785 Rom.
367 1749 428 1783 lx.
459 1767 506 1774 —-
560 1747 632 1781 Nos
655 1748 802 1787 scimus,
837 1749 919 1793 quia
946 1746 1053 1782 homo
1079 1755 1239 1792 peccator

247 1811 313 1835 est:
343 1801 424 1846 quia
443 1811 556 1843 neque
569 1799 764 1843 scripturis,
792 1812 905 1844 neque
922 1800 1123 1834 testimonio
1134 1799 1238 1834 loan-

248 1853 303 1886 nis
324 1863 438 1897 neque
460 1850 640 1884 miraculis
658 1851 859 1884 credebant.

432 1932 621 1981 N'unquid
644 1939 673 1968 el
699 1947 764 1968 nos
791 1934 887 1969 caeci
909 1935 1064 1969 sumus?

354 2003 513 2042 Scilicet,
543 2002 604 2049 qui
634 2009 795 2036 tenemus
813 2003 921 2044 legem
941 2002 1003 2036 Dei
1022 2010 1052 2037 et
1072 2004 1242 2037 facimus'?
1267 1993 1270 2028 l

1268 2046 1270 2056 .

253 2055 454 2099 Respondet
490 2051 671 2086 Christus:
713 2054 750 2087 Si
793 2055 883 2087 caeci
920 2055 1056 2093 essetis,
1099 2055 1121 2090 i.
1154 2068 1182 2088 e.
1214 2056 1240 2088 si
1268 2058 1270 2090 ἶ
1297 2057 1369 2088 tris.

1268 2091 1272 2139 l

252 2105 506 2149 cognosceretis
533 2105 733 2139 caecitatem
753 2113 926 2148 vestram,
953 2113 985 2139 et
1005 2106 1141 2140 velletis
1161 2106 1241 2138 illu-

252 2157 379 2190 minari
397 2168 457 2200 per
476 2156 601 2189 lucem.
645 2155 750 2189 Nunc
767 2157 848 2201 quia
868 2156 932 2200 ipsi
953 2169 1014 2190 vos
1033 2157 1243 2190 illuminatis

254 2216 284 2242 ct
307 2207 495 2253 sequimini
515 2207 688 2241 rationem
706 2215 854 2241 vestram
869 2235 878 2248 ,
908 2208 985 2241 ideo
1004 2209 1093 2241 caeci
1114 2209 1205 2242 ostis.

644 2345 777 2397 Caput
815 2345 866 2386 X.

362 2427 581 2468 Augustinus
600 2428 732 2460 laborat
755 2429 788 2460 in
809 2430 1050 2461 connectendo
1067 2426 1171 2462 huius
1191 2443 1245 2461 τ.»-

259 2480 339 2523 pitis
374 2479 476 2511 initio
509 2491 587 2511 cum
621 2480 687 2511 sinc
719 2480 909 2523 superioris
939 2480 1060 2523 capitis
1093 2481 1127 2513 in
1153 2479 1246 2513 hunc
1273 2495 1275 2508 ι

258 2532 401 2563 mudum
449 2531 578 2563 multos
596 2542 664 2563 esse
686 2530 820 2563 iusticia
839 2531 921 2573 legis
939 2531 1133 2575 praeditos,
1161 2544 1247 2576 qua-

300 2685 325 2709 t)
348 2686 389 2702 7⁴¹*-
412 2690 440 2703 ¹⁷.
463 2687 542 2708 ‘¹!'“‘-
571 2682 696 2702 m‘ltdww
795 2682 824 2706 ὖ)
845 2682 900 2705 Tul»
928 2689 988 2705 eun
1007 2685 1031 2705 ΙΙ
1045 2685 1238 2706 testimoninm

1249 352 1251 361 η,
1277 326 1347 359 ille.

235 379 299 415 Dei
333 386 400 419 est;
434 377 520 412 Luc.
538 376 580 411 L:
617 374 820 408 illuminare
851 374 912 409 iis.
947 375 1008 419 qui
1041 375 1078 408 in
1099 367 1251 409 umbra³

1124 438 1225 474 posse
1250 442 1251 459 1

1258 1426 1261 1516 1

1263 1727 1266 1780 l

1266 1920 1269 1951 ἱ
1296 1910 1361 1936 tur.

1248 246 1250 265 ;
1275 234 1418 267 summ,
1445 223 1508 268 qui
1533 229 1669 261 tamen,
1697 223 1781 268 quia
1805 233 1879 255 non
1903 222 2068 263 credant,
2094 233 2168 255 non
2193 221 2264 255 sal—

2205 270 2265 306 Sic

1401 322 1476 367 Ego
1491 350 1499 365 ‚
1525 324 1552 356 si
1577 325 1725 357 omnino
1749 324 1836 357 velis
1860 331 2087 361 connectere,
2112 323 2162 356 sic
2180 329 2266 365 puto

1278 374 1476 410 cohaerere.
1527 371 1710 407 Pharisaei
1741 375 1970 418 profitentur,
2008 385 2044 407 se
2076 373 2199 407 audire
2232 380 2267 407 et

1278 429 1404 460 docere
1428 426 1576 458 verbum
1602 425 1691 463 Dei,
1725 426 1882 470 adeoque
1906 432 2061 470 pastores
2083 435 2166 457 esse.
2220 423 2268 457 lis

1280 476 1441 512 Christus
1459 474 1526 509 boc
1543 475 1713 524 opponit,
1739 486 1774 508 se
1792 476 1905 509 solum
1923 488 1995 509 esse
2012 482 2186 520 pastorem
2198 501 2208 515 ,
2231 486 2267 508 se

1280 539 1353 562 esse
1386 527 1531 562 ostium:
1577 539 1641 560 nec
1667 526 1786 559 doceri
1805 538 1869 560 nec
1893 526 2054 570 cognosci
2082 537 2181 570 posse
2207 537 2268 570 pa-

1279 587 1389 617 trem,
1424 578 1494 611 nisi
1520 589 1582 621 per
1605 589 1660 618 se,
1695 574 1892 617 Christum,
1927 577 2090 612 intretur.
2151 574 2269 621 Atque

1279 628 1365 664 haec
1389 627 1497 662 huius
1521 629 1708 671 parabolae
1729 639 1865 661 summa
1884 634 1946 664 est.
1998 627 2155 661 Pertinet
2173 627 2269 660 enirn

1280 693 1354 714 non
1381 681 1423 713 ad
1449 685 1604 724 pastores
1623 685 1782 717 tantum,
1808 677 1868 712 sed
1885 684 1920 712 et
1937 679 1979 712 ad
1998 678 2174 712 auditores
2191 690 2270 711 vcr-

1281 733 1328 766 bi.
1381 730 1434 765 De
1457 742 1520 764 suo
1544 730 1660 763 officio
1686 730 1863 775 loquitur,
1890 730 1985 773 quod
2013 729 2086 772 ipse
2103 729 2198 763 solus
2216 729 2272 770 sit,

1281 783 1342 828 qui
1358 781 1487 827 pascit,
1515 781 1613 826 quasi
1629 781 1678 814 sic
1693 781 1802 814 dicat:
1830 778 1904 812 Vos
1922 777 2100 813 Pharisaei
2119 779 2273 824 pascitis,

1281 835 1340 867 sed
1365 835 1556 876 depravato
1581 831 1680 865 verbi
1698 831 1791 872 Dei,
1818 831 1901 876 quia
1926 828 2117 864 humanam
2134 837 2272 864 tantum

1283 884 1458 918 iusticiam
1493 883 1529 915 in
1563 883 1637 925 lege
1669 882 1820 920 docetis,
1856 888 1889 914 et
1912 881 2076 915 iudicatis
2098 882 2273 916 iusticiam

1281 935 1348 969 Dei
1371 946 1444 968 esse
1470 933 1624 967 carnalia
1644 945 1770 977 opera,
1799 944 1877 966 cum
1894 939 1927 966 et
1943 932 1998 965 lex
2015 932 2187 966 iusticiam
2206 930 2272 965 Dei

1282 988 1424 1026 doceat,
1452 991 1485 1018 et
1508 996 1547 1018 ea
1572 984 1719 1018 omnino
1735 982 1899 1027 cognosci
1916 995 1989 1017 non
2008 983 2118 1027 possit
2132 983 2199 1017 nisi
2217 994 2273 1016 me

1284 1043 1456 1082 pascente.

1277 281 1424 311 ventur,
1453 273 1515 318 qui
1547 285 1621 306 non
1651 273 1898 317 ingrediantur
1923 285 1986 316 per
2006 273 2148 307 ostium.

1446 1119 1525 1168 Qui
1549 1134 1621 1154 non
1652 1117 1860 1167 ingreditur
1880 1131 1944 1167 per
1969 1118 2114 1155 ostium.

1386 1189 1596 1224 Parabolam
1622 1188 1785 1224 Christus
1810 1189 1884 1233 ipse
1908 1188 2064 1233 exponit.
2118 1186 2275 1220 Primam

1286 1249 1439 1287 partem:
1470 1240 1543 1284 Qui
1568 1253 1640 1274 non
1669 1240 1866 1284 ingreditur
1891 1252 1952 1284 per
1977 1240 2126 1277 ostium,
2153 1237 2201 1270 sic
2218 1247 2278 1270 ex-

1286 1294 1403 1338 ponit:
1433 1291 1508 1335 Ego
1532 1304 1609 1325 sum
1635 1292 1781 1332 ostium;
1811 1292 1899 1324 sicut
1918 1298 1950 1324 et
1966 1289 2150 1333 discipulis
2168 1288 2279 1321 inter-

1287 1344 1495 1386 rogantibus
1526 1343 1619 1375 viam
1650 1344 1692 1375 ad
1729 1349 1863 1386 patrem
1897 1341 2095 1386 respondit:
2139 1351 2174 1372 se
2206 1348 2279 1371 esse

1288 1395 1380 1427 viam
1394 1420 1403 1434 ,
1432 1394 1478 1427 ita
1501 1391 1559 1425 hic
1585 1404 1619 1425 se
1636 1399 1736 1425 vocat
1753 1393 1880 1425 ostium
1900 1398 1932 1425 et
1951 1392 2132 1425 ostiarium
2146 1416 2154 1430 ‚
2182 1388 2278 1434 quod

1288 1446 1361 1488 ipse
1386 1445 1449 1482 sit,
1478 1443 1538 1487 qui
1565 1443 1695 1476 revelet
1718 1454 1777 1475 seu
1800 1443 1961 1476 ostendat
1978 1449 2111 1486 patrem
2133 1441 2280 1473 creden-

1289 1497 1395 1529 tibus.
1449 1493 1548 1528 Sicut
1572 1500 1604 1527 et
1628 1505 1732 1540 supra
1751 1491 1913 1526 Christus
1931 1493 1991 1526 lux
2009 1498 2170 1529 vocatur,
2197 1490 2280 1535 quia

1290 1546 1470 1579 illuminat
1492 1541 1674 1584 homines,
1699 1543 1746 1576 ita
1766 1541 1824 1576 hic
1842 1543 1971 1577 ostium
1989 1542 2120 1576 revelat
2136 1547 2282 1584 patrem.

1291 1594 1489 1630 Antithesis
1513 1594 1703 1639 explicabit
1726 1606 1800 1627 rem
1823 1593 1965 1628 clarius.
2027 1590 2206 1626 Pharisaei
2231 1591 2282 1624 le-

1290 1660 1366 1690 gem
1389 1648 1520 1680 docent
1539 1653 1571 1679 et
1589 1646 1758 1685 audiunt,
1786 1650 1818 1678 et
1836 1652 1954 1678 tamen
1973 1643 2067 1678 Mosi
2084 1643 2203 1676 vultus
2222 1654 2282 1675 ve-

368 1697 432 1732 Est
454 1697 548 1731 enim
572 1696 660 1741 lapis
683 1697 888 1730 offensionis
907 1705 941 1731 et
958 1705 1052 1742 petra
1069 1698 1237 1738 scandali,
1264 1709 1265 1724 ³
1295 1700 1384 1733 latus
1408 1705 1474 1738 est3
1504 1697 1677 1730 iusticiam
1703 1695 1828 1728 mundi
1854 1708 1913 1729 seu
1938 1693 2125 1729 hominum
2144 1695 2283 1732 docent.

1293 1751 1431 1783 discunt
1451 1755 1483 1781 et
1499 1748 1648 1781 faciunt:
1678 1745 1723 1780 Et
1741 1747 1918 1787 iudicant,
1945 1758 1980 1780 se
1995 1745 2199 1779 satisfecisse
2215 1744 2282 1788 legi

1293 1801 1434 1833 divinae
1459 1799 1518 1832 illa
1546 1798 1677 1832 carnali
1706 1798 1932 1832 simulatione
1958 1808 2124 1841 operum;
2158 1795 2284 1828 volunt

1295 1843 1375 1885 item
1393 1863 1455 1895 pro
1475 1850 1622 1894 peccatis
1641 1861 1701 1894 per
1718 1861 1822 1892 opera
1841 1849 2048 1888 satisfacere,
2076 1847 2133 1880 sed
2152 1846 2285 1879 fallun—

1416 1901 1489 1944 Qui
1514 1907 1708 1944 agnoscunt
1726 1907 1842 1933 autem
1860 1907 2038 1944 peccatum
2052 1925 2061 1938 ,
2089 1905 2120 1931 et
2138 1897 2286 1930 credunt

1297 1955 1331 1986 in
1350 1951 1554 1992 Christum,
1582 1952 1632 1984 illi
1661 1952 1735 1984 sinc
1761 1951 1926 1995 operibus
1944 1948 2178 1987 satisfaciunt,
2205 1959 2286 1980 vere

1297 2005 1548 2042 iustificantur,
1577 2003 1647 2035 illis
1671 2014 1750 2034 vere
1775 2002 1950 2035 revelatur
1968 1999 2208 2033 misericordia
2225 2010 2286 2042 pa-

1423 2054 1520 2087 Sicnt
1541 2053 1588 2086 ait
1605 2052 1735 2086 Paulus
1752 2054 1786 2085 2.
1801 2049 1964 2085 Corinth.
1985 2049 2067 2085 lll.:
2095 2048 2185 2083 Cum
2202 2061 2287 2083 con-

1298 2117 1417 2139 versus
1433 2105 1540 2138 fucrit
1557 2105 1598 2137 ad
1617 2104 1801 2136 dominum
1819 2104 1997 2137 auferetur
2014 2101 2184 2136 velamen.
2226 2099 2288 2134 list

1297 2170 1378 2199 crgo
1398 2155 1482 2189 hacc
1501 2155 1690 2188 sententia:
1722 2152 1796 2197 Ego
1816 2166 1892 2188 sum
1910 2153 2058 2193 ostium,
2083 2152 2103 2184 i.
2122 2164 2150 2185 e.
2170 2151 2286 2185 revelo

1299 2217 1444 2252 patrem.
1499 2206 1543 2240 lit
1568 2204 1634 2239 hoc
1663 2212 1732 2243 cst,
1761 2206 1854 2250 quod
1881 2211 1999 2249 postea
2024 2203 2181 2236 subiicit:
2209 2200 2287 2246 Ego

1270 2285 1272 2289 ,
1299 2272 1375 2293 snm
1400 2260 1549 2296 ostium,
1576 2269 1637 2305 per
1660 2269 1714 2289 me
1735 2257 1761 2289 si
1786 2257 1864 2301 quis
1883 2255 2083 2292 intraverit.
2112 2254 2144 2286 id
2163 2260 2231 2291 est.
2259 2253 2286 2286 si

1271 2317 1273 2361 ζ
1299 2311 1352 2344 cui
1374 2310 1548 2343 reclusero
1568 2309 1619 2340 νυΙ
1639 2309 1834 2341 discussero
1850 2308 2030 2344 tenebras,
2060 2306 2289 2348 ingredietur.

1300 2362 1373 2396 scil.
1391 2362 1473 2393 fide:
1501 2367 1532 2393 ct
1551 2359 1758 2398 egredietur,
1782 2359 1853 2393 scil.
1872 2357 2101 2394 confessione.
2127 2357 2287 2388 docendo

1300 2420 1331 2446 et
1357 2412 1524 2444 ‹uunilvus
1550 2411 1653 2443 bonis
1677 2411 1854 2452 operibus,
1907 2406 1951 2442 Et
1975 2419 2099 2451 pascua
2120 2406 2289 2443 inveniet.

1302 2466 1334 2497 id
1353 2471 1420 2501 est,
1449 2463 1595 2495 verbum
1615 2461 1714 2495 vitae.

1412 2544 1572 2588 Omnes,
1606 2549 1779 2593 quotquot
1802 2549 1886 2578 anlc
1913 2556 1966 2578 mc
1991 2548 2179 2586 0encrun1,

1303 2616 1375 2650 scil.
1407 2628 1468 2659 per
1498 2615 1584 2648 illud
1612 2613 1741 2647 ostium
1769 2613 1935 2654 ingrcssi,
1971 2613 2052 2645 item
2077 2612 2136 2657 qui
2165 2623 2199 2644 se
2226 2624 2289 2654 pro

1303 2668 1504 2710 pastoribus
1531 2663 1652 2699 haberi
1680 2664 1823 2701 volunt.
1860 2664 1910 2697 illi
1937 2664 2029 2697 fures
2055 2670 2146 2697 sunt.
2214 2661 2288 2707 lpsa
