2409 2915
297 99 370 136 959

297 194 373 222 tuta
397 185 440 219 de
471 180 685 217 emtionibus
708 186 740 214 et
763 178 1029 214 venditionibus
1052 185 1086 213 et
1110 177 1286 214 similibus

298 238 413 272 rebus.

401 285 486 320 Item
505 281 704 317 obedientia
721 280 757 314 in
776 279 942 324 legitimis
957 279 1091 325 poenis.

402 344 435 380 3,
488 342 672 376 Debentur
698 340 746 373 eis
772 339 972 384 stipendia,
1000 339 1035 372 id
1062 345 1131 379 est,
1157 338 1289 373 tributa

300 395 500 434 ordinaria,
526 401 557 427 et
582 393 648 426 alia
673 391 827 434 legitima
856 390 1006 431 tributa,
1034 401 1184 435 quorum
1211 388 1290 422 talis

302 448 407 482 debet
423 445 549 478 modus
566 455 657 483 esse,
683 449 722 475 ut
744 441 813 474 sint
830 441 1025 485 stipendia,
1052 441 1140 474 sicut
1160 437 1292 473 lohan-

303 509 366 532 nes
384 495 519 542 inquit:
555 493 676 528 Estote
694 492 848 525 contenti
875 490 1062 536 stipendiis
1086 490 1229 528 vestris,
1256 490 1292 522 id

304 555 378 589 est,
414 547 484 580 sint
508 545 661 584 tributa,
694 555 782 588 quae
807 543 849 576 ad
871 542 966 587 pacis
991 541 1294 575 conservationem

304 599 550 635 conserantur,
577 606 649 627 non
670 594 740 627 siut
764 593 991 637 expilationes
1010 600 1144 630 tantae,
1173 598 1212 625 ut
1230 591 1297 623 mi-

307 662 360 684 ser
376 648 528 693 populus
546 657 624 680 curn
642 644 756 689 parvis
773 644 894 677 liberis
913 650 1055 686 cogatur
1072 644 1197 676 famem
1214 641 1300 685 pati,

308 701 398 734 sicut
415 697 584 741 scriptum
603 693 980 729 estEcclesiastici33.:
1008 692 1161 733 Cibaria,
1191 693 1300 735 virga,

308 759 340 785 et
362 761 451 784 onus
470 748 588 782 asino:
617 747 663 780 ita
681 757 780 779 servo
800 745 920 789 panis,
947 744 1134 788 disciplina
1151 749 1183 776 et
1202 753 1302 786 opus,

307 801 490 844 Principes
514 799 643 831 debent
666 796 836 841 populum
856 796 900 829 ita
919 807 1056 838 regi-re,
1081 801 1119 827 ut
1136 801 1302 828 tueantur

308 851 556 896 disciplinam,
585 855 616 882 et
643 853 787 884 curent,
814 853 852 880 ut
877 846 1029 890 populus
1050 856 1123 878 non
1142 855 1302 877 corrum-

309 911 413 948 patur
438 901 522 936 otio.
575 898 620 932 Et
644 898 772 931 debent
795 897 843 929 eis
868 896 1067 940 relinquere
1090 894 1302 928 mediocrem

310 955 455 987 xictum.
526 950 576 984 Ne
608 949 750 990 adigant
777 946 921 978 miseros
946 957 1074 993 pueros
1096 946 1137 978 ad
1165 946 1305 985 famem,

312 1016 358 1037 ne
395 1003 521 1036 bibant
556 999 761 1041 sanguinein
802 997 1010 1029 miserarum
1043 996 1240 1039 puellarum
1273 1002 1305 1029 et

313 1064 517 1099 puerorum.
570 1047 614 1083 Et
630 1050 799 1081 deberent
826 1047 1002 1091 principes
1027 1047 1117 1080 bene
1140 1046 1303 1088 conside-

312 1117 389 1139 rare
407 1101 472 1136 hoc
489 1101 652 1134 verbum:
690 1098 790 1141 Quae
816 1104 898 1131 sunt
920 1096 1096 1135 Caesaris,
1123 1104 1163 1131 ut
1192 1097 1305 1130 disce-

312 1162 410 1195 rent,
437 1164 510 1186 non
527 1150 646 1184 omnia
663 1161 735 1182 esse
756 1148 976 1192 principum,
1002 1148 1084 1193 quia
1110 1147 1175 1191 ipsi
1200 1147 1304 1181 etiam

314 1207 443 1240 debent
461 1203 603 1237 obedire
620 1198 704 1234 huic
721 1201 902 1234 mandato:
936 1198 1018 1233 Non
1034 1199 1168 1234 furtum
1187 1198 1303 1232 facies.

381 1315 430 1351 In
450 1313 517 1349 illo
536 1311 592 1348 die
610 1315 834 1347 accesserunt
852 1307 906 1344 ad
929 1321 1006 1344 eum
1024 1306 1247 1345 Sadducaei.

419 1392 487 1426 Hic
513 1391 639 1423 iterum
667 1387 928 1424 consideretur,
964 1384 1079 1430 qualis
1099 1391 1183 1419 tunc
1207 1383 1314 1417 suerit

317 1447 430 1479 forma
464 1440 663 1478 Ecclesiae,
701 1446 734 1472 et
761 1438 934 1470 discamus
960 1436 997 1468 in
1022 1442 1118 1469 tanta
1147 1434 1314 1468 varietate

320 1504 491 1530 sectarum
520 1501 706 1536 quaerere,
735 1500 824 1533 quae
848 1493 880 1520 et
905 1487 967 1519 ubi
986 1486 1030 1518 sit
1048 1497 1128 1518 vera
1146 1483 1316 1525 Ecclesia,

320 1555 355 1581 et
373 1546 523 1578 sciamus
542 1553 606 1574 nos
629 1539 785 1582 singulos
803 1543 964 1581 oportere
984 1547 1056 1569 esse
1074 1536 1230 1569 membra
1253 1546 1314 1567 ve-

322 1609 381 1631 rae
400 1592 593 1632 Ecclesiae,
628 1597 661 1624 et
686 1590 730 1623 sit
756 1589 790 1621 in
819 1587 922 1620 nobis
945 1598 1051 1626 cura,
1077 1592 1115 1619 ut
1145 1586 1317 1628 adiunga-

322 1658 399 1681 mus
429 1655 492 1677 nos
519 1654 619 1675 verae
645 1639 821 1674 Ecclesiae
844 1639 927 1677 Dei,
963 1637 1052 1670 sicut
1076 1637 1243 1681 scriptum
1269 1643 1318 1669 est

322 1694 535 1733 Psalin.27.:
558 1692 676 1727 Unum
689 1688 754 1723 hoc
773 1690 852 1733 petii
866 1704 881 1721 a
894 1688 1063 1727 Domino,
1080 1685 1145 1721 hoc
1163 1687 1319 1731 requiro,

324 1757 363 1783 nt
383 1745 574 1781 inhabitem
594 1743 628 1776 in
649 1743 754 1775 domo
774 1739 915 1774 Domini
941 1739 1107 1772 omuibus
1126 1738 1250 1771 diebus
1267 1737 1320 1770 vi-
1343 1758 1345 1770 .

325 1809 379 1835 tae
403 1810 509 1832 meae.
565 1792 609 1827 Et
626 1793 755 1827 Psalm.
776 1790 853 1826 84.:
889 1789 990 1823 Beati
1013 1789 1073 1834 qui
1099 1787 1260 1822 habitant
1284 1788 1320 1820 in

326 1854 432 1884 domo
459 1856 516 1881 tua
541 1844 706 1879 Domine.
766 1840 810 1875 Et
835 1841 965 1874 Psalm.
991 1840 1067 1874 92:
1105 1839 1257 1873 Plantati
1285 1839 1320 1871 in

327 1903 433 1935 donno
457 1896 624 1933 Domini,
667 1895 703 1927 in
736 1893 835 1926 atriis
865 1894 990 1925 domus
1015 1891 1081 1925 Dei
1115 1891 1224 1923 nostri
1258 1890 1347 1922 ss0-·

333 1952 475 1986 rebunt.
1346 1980 1347 1986 ἵ

431 1999 525 2032 llaec
544 2005 575 2030 et
595 1995 722 2028 similia
741 1994 832 2026 dicta
856 1992 1093 2035 praecipiunt,
1123 1997 1160 2024 ut
1178 2002 1324 2035 quaera-

329 2063 431 2092 mus,
459 2050 519 2082 ubi
543 2055 575 2081 et
599 2059 688 2092 quae
713 2045 755 2077 sit
779 2055 858 2076 vera
888 2041 1061 2082 Ecclesia,
1090 2048 1127 2075 ut
1151 2052 1324 2081 curemus,

330 2112 370 2138 ut
386 2113 449 2135 nos
469 2101 561 2144 ipsos
580 2099 682 2130 ctiam
702 2096 730 2128 ci
751 2095 993 2135 adiungamus.
1346 2102 1348 2108 ¹

438 2159 510 2194 lam
531 2158 665 2194 videte,
696 2154 809 2199 qualis
830 2160 912 2186 tunc
936 2152 1039 2185 suerit
1059 2151 1200 2195 species.
1254 2116 1350 2184 lla-¹

337 2213 470 2246 beliaui,
495 2220 623 2243 nomeu
648 2205 767 2250 populi
790 2204 875 2243 Dei,
902 2216 1024 2235 omni-s
1050 2203 1085 2234 in
1110 2203 1167 2235 illa
1194 2203 1351 2246 politia‚l

337 2272 369 2297 et
390 2272 504 2296 tam-*n
523 2258 624 2292 multi
646 2265 742 2289 crant
765 2253 881 2288 hostes
899 2266 998 2285 xci-a·-
1022 2253 1205 2292 [ccli-siae,
1230 2260 1329 2286 crant

336 2321 445 2348 sectae
469 2313 557 2343 duae
583 2316 741 2353 potentes
763 2303 939 2338 Pharisaei
970 2312 998 2336 ct
1025 2304 1230 2339 Sadducaei.
1285 2301 1330 2337 Et
1352 2335 1353 2338 Ἴ

337 2362 530 2399 Sadducaei
560 2364 645 2393 adi-n
672 2358 768 2400 impii
796 2364 911 2395 eraut,
949 2361 983 2387 ut
1013 2362 1174 2395 iurgarent
1198 2355 1331 2387 animas

337 2427 408 2449 esse
425 2411 640 2446 immortali-s
655 2437 662 2449 ,
692 2417 722 2441 et
745 2414 908 2448 negarent
929 2406 1217 2438 resurrectionem
1236 2418 1330 2439 rnor-
1352 2416 1354 2423 ’

337 2474 499 2502 tuorum,
534 2461 686 2505 denique
711 2470 853 2502 prorsus
879 2458 1049 2498 nngaliant
1078 2466 1203 2488 restare
1227 2457 1330 2489 aliam

339 2517 468 2553 vitam,
497 2521 570 2557 post
597 2509 706 2547 lianc,
733 2510 790 2541 sed
817 2507 1001 2540 huminum
1022 2507 1125 2539 vitain
1144 2509 1356 2540 credebantl

339 2566 432 2600 finiri
455 2566 490 2597 in
509 2570 638 2600 mortv,
667 2562 752 2594 sicut
777 2561 948 2603 pecudum
974 2558 1098 2594 vitain,
1139 2564 1169 2590 ot
1195 2559 1333 2591 nullum

343 2626 470 2651 restare
495 2614 665 2648 iudicium
700 2618 775 2658 post
803 2609 891 2642 lianc
916 2610 1034 2641 vitan».
1090 2606 1248 2653 Cumque
1273 2622 1333 2642 nc-

900 90 1025 127 PHlL.
1051 90 1168 131 MEL.
1195 89 1405 129 SCRIPTA
1431 89 1732 132 EXEGETICA.

1338 179 1422 214 fidei
1440 180 1484 214 de
1498 179 1570 215 vita
1585 185 1665 225 post
1680 177 1772 214 hanc
1789 178 1910 225 vitam,
1935 186 1968 217 et
1987 179 2030 214 de
2046 179 2178 215 iudicio
2194 180 2328 221 futuro,

1339 230 1522 265 manifeste
1538 237 1638 265 erant
1654 228 1771 265 hostes
1787 229 1852 264 Dei
1869 238 1903 265 et
1921 228 2108 265 Ecclesiae.

1343 340 1491 375 ctrinam
1524 340 1567 373 de
1590 338 1740 378 Messia,
1782 346 1817 374 et
1848 338 1939 373 nihil
1970 347 2100 374 norant
2122 341 2165 374 de
2197 340 2332 375 iustitia

1343 390 1438 426 fideh

1344 1883 1346 1891 '
1370 1882 1440 1914 cet,
1467 1871 1650 1908 anatliema
1668 1873 1723 1907 sit.

1355 2596 1357 2604 ‚
1383 2559 1534 2603 oppido,
1577 2564 1607 2591 et
1633 2558 1668 2589 in
1693 2557 1790 2595 aliis,
1827 2556 2030 2601 ubicunque
2059 2557 2179 2590 eadem
2211 2558 2364 2592 doctriuz

1356 2634 1357 2646 ,
1385 2611 1542 2643 (locetur.

343 2674 463 2712 gart-nt
488 2664 552 2698 liuc
573 2663 796 2709 praecipuum
816 2661 1086 2693 fundamentum
1107 2659 1335 2693 articulorum

2251 93 2328 131 960

1444 289 1520 323 Alii
1545 296 1643 323 erant
1660 287 1858 328 Pharisaei,
1885 289 1945 334 qui
1971 289 2243 334 corrumpebant
2266 291 2332 324 do-

2387 359 2390 377 v-
2377 0 2399 342 ·1.-'·--.-—:-a-,.=m

1491 387 1603 424 Erant
1630 389 1734 432 tales,
1773 390 1894 436 quales
1918 402 2014 425 nunc
2039 397 2121 425 sunt
2147 388 2334 425 Maliome-
2381 430 2386 435 ι

1352 442 1467 476 tistae.

1447 489 1536 525 Cum
1563 489 1671 533 igitur
1695 501 1760 524 nec
1778 488 1974 525 Sadducaei
2002 503 2065 525 nec
2082 488 2262 526 Pharisaei
2282 503 2336 526 es·
2386 484 2388 489 ¹

1349 548 1426 577 sent
1448 540 1605 575 Ecclesia
1633 539 1719 582 Dei,
1770 541 1921 576 servavit
1953 542 2048 577 Deus
2075 549 2190 576 tamen
2219 542 2338 587 aliqua

1349 604 1430 626 vera
1455 592 1612 625 membra
1644 602 1726 624 suae
1755 588 1950 634 Ecclesiae,
1983 593 2170 633 videlicet,
2205 591 2341 626 Zacha-

1350 644 1458 682 riam,
1500 642 1723 681 Simeonem,
1765 640 1909 686 loseph,
1949 641 2151 683 Elisabeth,
2186 645 2342 685 Annam,

1350 693 1515 733 Mariam,
1542 699 1575 726 et
1592 692 1680 726 alios
1700 692 1801 726 valde
1819 693 1959 734 multos,
1989 694 2050 739 qui
2070 695 2341 729 fundamentum

1351 744 1532 779 doctrinae
1552 743 1707 787 integrae
1733 743 1946 779 retinebant.

1454 802 1504 837 Ita
1522 814 1618 836 nunc
1636 810 1717 837 sunt
1734 801 1912 846 Papistae‚
1942 800 2133 842 Monachi,
2159 801 2344 844 Canonici,

1355 853 1518 891 fanatici,
1555 853 1683 897 partim
1713 864 1857 897 prorsus
1890 860 1972 887 sunt
1995 851 2181 897 Epicurei,
2215 854 2343 898 partim

1355 905 1487 939 tollunt
1506 904 1642 949 aliquos
1664 903 1830 937 articulos
1851 904 1950 945 fidei,
1983 911 2018 938 et
2043 905 2222 938 manifesta
2250 904 2346 938 idola

1354 955 1562 992 stabiliunt,
1595 960 1630 988 et
1657 960 1775 987 tamen
1797 955 1983 987 nominant
2010 966 2044 987 se
2072 953 2283 998 Ecclesiam,
2312 961 2347 989 et

1357 1017 1512 1040 summos
1533 1002 1727 1049 Episcopus
1742 1003 1928 1038 Ecclesiae.
1986 1004 2054 1039 L'bi
2076 1005 2183 1048 igitur
2209 1012 2258 1039 est
2278 1003 2348 1039 Ec-

1357 1056 1484 1091 clesia?
1511 1062 1546 1090 et
1563 1055 1622 1101 qni
1641 1055 1803 1089 homines
1820 1054 2090 1089 suntEcclesia‘?
2116 1055 2348 1101 Rcspondeo:

1359 1108 1455 1143 Deus
1472 1118 1609 1151 semper
1624 1112 1739 1140 servat
1757 1106 1910 1151 aliquem
1930 1113 2067 1140 coetum
2084 1107 2120 1139 in
2136 1119 2262 1150 genere
2279 1105 2349 1140 hn-

1358 1171 1485 1199 mano,
1527 1157 1589 1203 qui
1611 1163 1661 1191 est
1689 1168 1770 1190 vera
1795 1156 1969 1195 Ecclesia,
2004 1164 2120 1191 custos
2149 1155 2349 1201 Evangelii,

1359 1208 1418 1243 hic
1438 1215 1556 1243 coetus
1572 1208 1796 1253 amplectitur
1813 1220 1938 1252 puram
1949 1206 2135 1251 Evangelii
2152 1208 2350 1242 doctrinam

1361 1267 1395 1294 et
1411 1260 1672 1303 incorruptam,
1700 1259 1737 1291 in
1756 1259 1922 1292 omnibus
1937 1258 2094 1292 articulis
2111 1259 2211 1299 fidei,
2237 1265 2271 1292 et
2289 1256 2352 1292 ha-

1361 1312 1419 1345 bet
1437 1322 1558 1343 verum
1578 1321 1680 1343 usum
1699 1317 1998 1343 sacramentorum
2011 1336 2019 1350 ‚
2046 1315 2079 1343 et
2099 1321 2170 1342 non
2195 1310 2353 1358 pertina-

1362 1362 1448 1395 citer
1465 1361 1620 1394 defendit
1645 1360 1751 1393 idola.
1801 1359 1875 1392 Iino
1894 1361 2038 1394 damnat
2055 1366 2087 1393 et
2106 1360 2195 1403 sugit
2212 1371 2355 1394 omnem

1362 1411 1616 1449 idololatriam,
1644 1416 1816 1454 quatenus
1841 1422 1915 1442 eam
1938 1410 2094 1453 agnoscit
2119 1417 2152 1444 et
2174 1411 2356 1453 intelligit.

1364 1462 1463 1495 Talis
1483 1468 1600 1493 coetus
1616 1460 1690 1493 sine
1707 1460 1777 1493 ulla
1796 1460 2018 1493 dubitatione
2035 1467 2083 1493 est
2105 1459 2259 1494 Ecclesia
2278 1459 2356 1500 Dei,

1366 1513 1403 1545 in
1429 1524 1496 1557 qua
1521 1509 1683 1544 homines
1706 1511 1942 1543 exaudiuntur
1963 1517 1997 1543 ct
2023 1511 2205 1544 salvantur
2231 1523 2250 1544 a
2270 1510 2357 1552 Deo,

1366 1563 1462 1596 iuxta
1499 1560 1583 1595 haec
1612 1562 1720 1594 dicta:
1768 1558 1843 1593 lob.
1875 1560 1932 1595 14.
1969 1559 2007 1594 Si
2034 1561 2113 1604 quis
2141 1561 2257 1605 diligit
2289 1573 2358 1600 me,

1367 1624 1562 1647 sermonem
1589 1623 1704 1644 meum
1735 1611 1907 1651 servabit,
1934 1617 1965 1644 et
1990 1609 2094 1644 Pater
2116 1623 2212 1644 meus
2236 1611 2359 1655 diliget

1368 1676 1466 1702 eum,
1495 1671 1526 1696 et
1549 1663 1591 1695 ad
1618 1674 1696 1695 cum
1721 1662 1922 1700 veniemus,
1960 1668 1992 1694 et
2016 1662 2236 1695 mansionem
2264 1663 2359 1705 apud

1368 1727 1446 1748 eum
1483 1714 1661 1747 faciemus.
1722 1713 1806 1746 lteni
1838 1711 1913 1746 loli.
1940 1711 2015 1746 l7.:
2056 1711 2161 1747 Pater
2183 1711 2360 1748 sanctifica

1376 1777 1434 1799 eos
1453 1765 1487 1797 in
1507 1765 1652 1797 veritate
1670 1771 1748 1804 tua,
1774 1775 1888 1796 sermo
1909 1770 1987 1797 tuus
2003 1770 2053 1796 est
2070 1763 2206 1798 veritas.

1473 1823 1556 1857 item
1575 1822 1654 1858 Gal.
1676 1824 1722 1857 1.:
1759 1821 1796 1856 Si
1820 1822 1898 1867 quis
1921 1821 2018 1854 aliud
2042 1820 2273 1866 Evangelium
2296 1823 2362 1856 do-

1473 1933 1567 1967 ll.·ec
1594 1933 1684 1965 dicta
1703 1939 1892 1975 utrumque
1909 1931 2033 1964 docent
2046 1955 2056 1971 ‚
2078 1937 2111 1964 et
2129 1931 2223 1975 quod
2243 1928 2364 1966 Eccle-

1372 1986 1420 2018 sia
1443 1984 1503 2018 Dei
1532 1984 1578 2016 ibi
1605 1983 1669 2022 sit,
1695 1983 1754 2015 ιιΙιί
1781 1994 1843 2014 vox
1871 1980 2056 2023 Evangelii
2078 1981 2282 2029 incorrupta
2302 1991 2364 2023 est,

1374 2043 1405 2068 ct
1423 2035 1516 2080 quod
1548 2034 1599 2066 illi
1621 2031 1782 2066 homines
1807 2044 1879 2065 non
1908 2033 1978 2066 siut
1995 2031 2171 2073 Ecclesia,
2198 2033 2260 2078 qui
2283 2040 2365 2068 sunt

1375 2084 1491 2120 hostes
1508 2096 1608 2118 verae
1627 2084 1820 2118 doctrinae.

1477 2144 1578 2178 llanc
1595 2143 1872 2176 consolationem
1891 2148 2019 2183 teneas,
2045 2148 2078 2176 et
2093 2142 2180 2176 scias
2199 2154 2279 2177 vere
2295 2155 2369 2179 esse
2405 2156 2409 2182 ι

1376 2196 1568 2229 Ecclesiam
1602 2193 1686 2230 Dei.
1727 2194 1929 2238 ubicunque
1956 2191 2190 2236 Evangelium
2221 2201 2312 2228 recte
2334 2202 2369 2229 et

1379 2248 1455 2280 sine
1471 2245 1679 2289 corruptelis
1704 2244 1866 2283 docetur,
1902 2251 1933 2277 rt
1957 2251 2047 2278 recte
2074 2244 2370 2279 administrantur
2401 2262 2409 2284 q

1379 2305 1614 2336 sacramenta,
1642 2304 1674 2329 ct
1698 2308 1768 2328 non
1795 2295 2036 2328 defenduntur
2061 2295 2154 2327 idola
2180 2296 2367 2338 pertinaci-
2402 2314 2409 2334 ρ

1381 2356 1443 2383 ter.
1499 2346 1541 2381 Et
1566 2359 1644 2380 curn
1665 2346 1818 2379 didicisti
1833 2373 1840 2382 ,
1867 2357 1956 2389 quae
1974 2346 2014 2378 sit
2036 2357 2114 2378 vcra
2135 2343 2309 2389 Ecclesia,
2338 2355 2368 2381 te

1381 2411 1522 2444 quoque
1542 2398 1712 2439 adiungas
1731 2397 1781 2429 illi
1805 2394 1978 2429 Ecclesiae
1997 2397 2031 2429 iu
2054 2407 2116 2429 usu
2133 2405 2368 2432 sacramento·

1381 2463 1477 2487 rum,
1507 2456 1537 2483 et
1559 2449 1593 2481 in
1612 2447 1831 2481 confossione
1848 2454 1917 2480 tua.

1483 2507 1582 2540 'l'alis
1605 2513 1653 2539 est
1680 2504 1742 2538 Dei
1771 2505 1937 2538 benc-ficio
1964 2502 2118 2538 Ecclesia
2147 2505 2182 2539 in
2207 2503 2273 2540 hoc
2295 2507 2347 2551 ips

1598 2605 1642 2641 Et
1668 2608 1788 2640 scitote
1808 2619 1867 2640 vos
1888 2618 1959 2639 esse
1978 2608 2013 2639 in
2031 2619 2109 2639 vera
2126 2606 2189 2640 Dei
2207 2605 2340 2643 Ecclesi

1387 2673 1466 2694 cuin
1485 2660 1566 2694 estis
1583 2658 1739 2692 adiuncti
1759 2655 1840 2692 huic
1859 2657 2130 2701 congregationi.

2398 2365 2409 2694 nana—<raon
