2409 2915
79 133 156 170 981
340 132 422 170 xn.

80 219 128 254 rit
149 219 201 260 ei,
224 225 262 253 et
285 219 322 252 in
343 218 525 263 amplexus
539 217 613 251 eius
629 217 745 254 irruit.
797 217 893 253 Haec
910 219 1071 254 doctrina

78 277 130 304 est
155 270 272 311 utilis,
299 277 332 304 et
354 270 392 302 in
412 268 628 315 quotidianis
645 269 818 304 exercitiis
833 271 1071 315 poenitentiae

79 328 113 356 et
130 320 366 355 invocationis
380 319 559 354 discenda.

397 451 536 505 Caput
567 451 751 494 XXIIII.

153 542 208 578 El
228 527 466 578 ostendebant
484 543 516 577 ei
534 541 742 588 aedificium
761 541 906 591 templi,
931 547 991 581 etc.

181 617 222 652 In
249 617 316 652 hoc
348 619 460 663 capite
492 619 695 653 continetur
720 618 912 663 praedictio
934 620 978 652 de
1004 619 1067 652 de-

80 669 270 702 structione
286 668 536 715 letosolymae,
564 676 598 703 et
613 671 655 703 de
671 669 737 702 fine
752 670 888 702 mundi.
939 667 1068 703 Miscet

78 719 173 752 enim
198 717 283 753 haec
308 721 398 761 duo,
426 721 601 754 excidium
622 719 875 764 lerosolymae‚
903 726 937 753 et
959 719 1066 753 finem

78 770 225 811 mundi,
250 770 334 816 quia
351 771 449 814 signa
467 770 710 815 praecedentia
729 770 858 803 similia
874 777 967 806 sunt.

179 835 305 870 Postea
331 837 431 871 addit
455 836 716 870 admonitiones
742 842 774 869 et
796 836 1065 877 consolationes,

78 886 160 932 quia
186 887 471 932 quandocunque
497 887 751 931 praedicuntur
776 898 925 931 poenae,
958 887 1065 920 simul

77 938 259 972 adduntur
285 945 319 971 et
343 938 622 979 admonitiones,
656 943 695 971 ut
716 949 859 980 agamus
881 938 1067 981 poeniten-

9 976 18 1026 f
77 988 181 1029 tiam,
208 994 242 1022 et
260 988 389 1022 deinde
405 988 680 1026 consolationes,
707 989 886 1032 quomodo
901 988 1066 1031 mitigen-

15 1063 17 1066 ι
77 1044 137 1072 tur
165 1038 222 1071 vel
250 1039 422 1073 tollantur
449 1050 594 1084 poenae.

646 1038 700 1073 Sit
730 1045 846 1073 autem
872 1036 929 1072 hic
952 1039 1065 1083 prima

78 1089 256 1123 doctrina:

179 1148 223 1181 In
250 1145 433 1192 Apostolis
465 1146 581 1182 adhuc
612 1158 738 1190 magna
769 1147 953 1181 infirmitas
985 1146 1064 1181 suit.

77 1197 184 1232 Hunc
200 1210 354 1232 errorem
370 1199 530 1233 nondum
547 1199 781 1242 deposuerant
791 1198 964 1242 Apostoli,
991 1198 1065 1231 sore

80 1260 229 1292 regnum
248 1246 382 1283 Christi
405 1250 640 1283 mundanum.
692 1246 739 1281 Et
765 1249 931 1282 securitas
954 1248 990 1280 in
1016 1248 1065 1281 eis

79 1305 176 1333 tanta
200 1299 286 1337 fuit,
314 1311 393 1332 cum
416 1299 486 1332 iam
503 1299 607 1333 instet
623 1306 760 1342 tempus
776 1297 972 1338 Passionis,
999 1298 1066 1342 ipsi

78 1350 256 1383 mirantur
277 1350 474 1382 aedificium
498 1349 641 1393 templi,
667 1355 700 1381 et
723 1349 829 1381 simul
848 1348 1065 1388 fabulantur,

79 1411 114 1432 se
140 1400 322 1444 aliquanto
345 1406 423 1443 post
449 1405 654 1442 regnaturos
677 1409 748 1431 esse
773 1398 810 1430 in
836 1396 904 1431 hoc
920 1398 1064 1441 templo,

78 1450 201 1484 deletis
215 1449 340 1490 Anna,
367 1447 500 1493 Caipha
513 1476 522 1490 ,
548 1455 583 1483 et
599 1448 728 1483 talibus
744 1448 862 1493 impiis
881 1448 1005 1492 porcis.

181 1516 341 1551 Sciamus
364 1516 472 1560 igitur
497 1516 534 1549 in
551 1515 689 1550 Sanctis
715 1516 752 1548 in
776 1513 841 1549 hac
866 1516 937 1549 vita
961 1515 1064 1549 etiam

79 1567 300 1601 infirmitates
319 1573 354 1600 et
371 1578 506 1600 errores
525 1578 610 1601 esse.
670 1565 718 1600 Et
736 1577 964 1609 agnoscamus
981 1563 1066 1598 haec

77 1618 188 1658 mala,
214 1624 247 1651 et
270 1618 506 1652 emendemus.
558 1615 605 1650 Et
627 1617 778 1650 sciamus
800 1624 936 1657 tamen,
962 1616 1066 1649 nobis

78 1669 163 1703 tales
190 1668 408 1701 infirmitates
431 1667 562 1701 remitti
586 1674 728 1712 propter
750 1665 952 1707 Christum,
987 1678 1065 1700 cum

79 1730 163 1753 vera
178 1719 245 1752 fide
263 1719 300 1751 in
317 1730 397 1752 eum
416 1718 604 1752 credimus.

182 1775 346 1812 Christus
384 1773 612 1819 reprehendit
649 1787 771 1808 eorum
807 1785 983 1817 errorem,
1035 1779 1068 1807 et

79 1828 252 1874 praedicit
269 1826 542 1861 destructionem
561 1826 701 1869 templi,
728 1832 759 1858 et
779 1825 952 1858 excidium
968 1824 1067 1857 urbis

81 1878 316 1924 lerosolymae
347 1885 380 1912 et
409 1878 517 1912 totius
542 1876 655 1919 gentis
680 1875 841 1909 Iudaicae
867 1875 1067 1918 dissipatio-

81 1941 181 1968 nem,
208 1936 242 1963 et
267 1928 479 1962 deletionem
498 1927 656 1975 politiae.
709 1926 776 1960 llic
794 1927 934 1959 discatis
951 1926 1067 1958 exeni-

80 1981 179 2026 plum
195 1978 355 2020 iraeDei,
381 1978 541 2012 omnium
553 1977 702 2011 maxime
713 1975 944 2016 horrendum,
972 1976 1067 2021 quod

82 2031 214 2066 delevit
235 2037 342 2064 totam
368 2030 527 2074 politiam
553 2040 571 2062 a
597 2040 632 2062 se
656 2028 902 2066 constitutam,
937 2028 973 2060 in
999 2038 1066 2072 qua

83 2094 166 2116 vere
190 2079 364 2115 habitavit
386 2081 477 2125 ipse,
506 2080 544 2113 in
560 2091 629 2125 qua
646 2091 728 2112 vere
745 2079 811 2112 fuit
828 2078 1003 2118 Ecclesia,
1029 2077 1066 2110 in

83 2144 152 2178 qua
183 2131 339 2175 ingentia
368 2131 537 2165 miracula
569 2137 603 2164 et
631 2129 858 2164 liberationes
887 2129 1068 2162 mirandae

85 2196 104 2217 a
131 2183 205 2217 Deo
234 2182 347 2217 factae
374 2187 474 2220 sunt,
511 2187 545 2215 et
573 2180 636 2214 ubi
661 2180 782 2214 Patres
815 2186 848 2214 et
872 2178 1068 2224 Prophetae

80 2234 251 2268 vixerant.

186 2293 264 2327 Hae
285 2299 403 2329 tantae
426 2290 709 2337 praerogativae,
741 2302 814 2323 non
838 2290 990 2323 liberant
1015 2288 1070 2322 le-

85 2345 316 2391 rosolymam,
346 2350 380 2377 et
409 2350 526 2377 tamen
551 2342 652 2376 valde
674 2341 926 2386 superbiebant
952 2340 1069 2374 ludaei

86 2394 144 2431 his
170 2394 442 2444 praerogativis,
477 2401 511 2428 et
539 2393 711 2439 putabant
740 2392 956 2436 impossibile
987 2403 1070 2432 esse,

87 2447 198 2482 deleri
224 2458 322 2480 suam
347 2445 521 2493 politiam.
574 2443 780 2479 Clamabant
806 2443 973 2487 templum
996 2441 1070 2475 Do-

89 2498 198 2539 mini,
225 2497 314 2530 sicut
329 2495 490 2540 Papistae
507 2496 673 2529 clamant:
702 2492 879 2533 Ecclesia,
905 2492 1073 2534 Ecclesia,

89 2556 123 2583 et
144 2548 404 2591 imaginantur,
432 2559 506 2581 non
527 2558 626 2591 posse
642 2545 774 2579 destrui
791 2557 889 2578 suam
906 2544 1070 2577 domina-

90 2599 236 2634 tionem.
288 2597 356 2632 Sed
373 2610 442 2642 quo
459 2598 595 2632 tardior
607 2604 657 2631 est
670 2607 793 2641 poena,
817 2608 856 2628 eo
871 2595 935 2630 erit
949 2595 1070 2629 maior.

91 2647 138 2684 Et
154 2650 219 2695 ipsi
234 2656 268 2684 et
278 2648 387 2682 Turci
405 2655 488 2682 sunt
501 2655 676 2693 postrema
690 2648 744 2681 fex
762 2645 951 2690 impietatis
966 2658 1070 2679 mun-

93 2700 139 2734 di.
192 2699 275 2735 Ideo
292 2699 388 2734 venit
406 2711 518 2744 poena
535 2699 690 2741 tardius,
711 2698 774 2733 sed
790 2697 904 2732 veniet
917 2697 1071 2742 gravius.

474 130 864 168 ANNOTA'I'IONES
890 131 956 169 ΕΤ
983 131 1263 171 CONCIONES
1291 134 1341 171 IN
1368 134 1551 171 EVANG.
1578 136 1855 173 MATTHAEI.

2035 139 2110 174 982

1224 219 1297 254 Nos
1320 221 1425 255 etiam
1451 221 1583 255 fuimus
1608 221 1743 264 securi,
1767 229 1800 256 et
1823 233 1944 256 sumus
1969 224 2109 267 gloriati

1122 277 1266 316 propter
1292 284 1451 312 causam,
1485 284 1574 317 quae
1603 279 1653 306 est
1681 274 1794 312 bona,
1830 274 1889 307 sed
1917 274 2049 307 suimus
2072 275 2110 307 in

1122 322 1244 355 multis
1259 322 1363 356 rebus
1380 322 1668 365 negligentiores,
1695 325 1733 356 in
1751 324 1914 358 iuvandis
1929 322 2109 365 Ecclesiis,

1121 371 1254 406 fuimus
1268 369 1468 413 helluones,
1495 374 1610 411 avari,
1637 375 1798 418 superbi,
1823 381 1887 409 etc.
1943 374 2026 408 Ideo
2042 387 2108 419 pu-

1121 422 1188 457 niti
1206 434 1342 464 sumus,
1369 430 1402 457 et
1421 434 1531 466 poena
1551 423 1674 468 incipit
1694 437 1711 457 a
1729 426 1834 457 domo
1852 424 1928 458 Dei.

1222 481 1292 516 Sed
1323 480 1484 525 Papistae
1514 479 1723 515 horribilius
1751 484 1961 530 punientur,
1996 491 2029 517 et
2059 484 2106 517 si-

1121 543 1200 566 mus
1221 544 1286 566 nos
1308 533 1556 574 modestiores,
1583 533 1716 579 alioqui
1735 545 1856 567 rursus
1873 534 2024 568 atrocius
2040 547 2106 579 pu-

1121 595 1271 618 niemur.

1223 633 1452 669 Considerate
1483 634 1605 673 etiam,
1640 634 1753 679 qualis
1779 634 1884 668 fuerit
1906 646 2017 678 poena
2048 633 2105 667 lu—

1121 685 1288 718 daeorum
1306 685 1342 717 in
1362 684 1496 717 excidio
1515 685 1576 717 illo
1596 683 1903 730 ierosolymorum.

1221 742 1354 777 Civitas
1378 743 1444 777 fuit
1468 743 1580 776 cincta
1605 745 1791 777 obsidione
1810 756 1872 788 per
1887 755 1944 776 sex
1958 755 2105 782 menses,

1119 805 1138 827 a
1153 792 1321 828 Paschate
1336 806 1447 838 usque
1464 794 1506 826 ad
1522 794 1646 827 sestum
1657 794 1996 828 Tabernaculorum.
2049 793 2106 827 Si-

1120 851 1178 878 cut
1202 842 1334 878 Pascha
1364 844 1431 877 suit
1461 844 1603 878 initium
1635 842 1739 878 huius
1766 845 1928 888 politiae,
1961 845 2104 889 quando

1120 895 1246 938 egressi
1268 901 1351 928 sunt
1373 906 1413 927 ex
1430 893 1604 941 Aegypto:
1633 895 1681 929 ita
1704 907 1798 928 nunc
1817 901 1867 929 est
1882 895 2022 928 initium
2041 896 2104 928 ob-

1119 945 1268 979 sidionis
1285 953 1317 980 et
1335 945 1593 979 destructionis.

1219 1004 1265 1039 Et
1293 1005 1383 1039 sicut
1414 1004 1539 1037 festum
1566 1003 1894 1037 Tabernaculorum
1923 1003 1989 1037 suit
2015 1003 2105 1036 cele—

1119 1057 1260 1090 bratum
1290 1054 1479 1100 quotannis
1503 1055 1539 1086 in
1567 1053 1788 1102 Septembri,
1821 1066 1885 1098 pro
1912 1054 2104 1097 gratiarum

1119 1106 1273 1146 actione,
1296 1106 1390 1150 quod
1407 1105 1599 1137 introducti
1617 1113 1729 1139 essent
1746 1105 1780 1137 in
1799 1111 1943 1138 terram:
1973 1104 2019 1138 ita
2036 1104 2105 1137 iam

1118 1157 1185 1191 fuit
1199 1156 1279 1189 finis
1297 1153 1402 1189 huius
1421 1154 1577 1202 politiae.

1224 1208 1256 1240 1.
1311 1205 1350 1239 In
1378 1205 1516 1238 civitate
1542 1211 1613 1239 erat
1637 1204 1744 1237 sames
1768 1211 1880 1244 tanta,
1915 1211 1954 1238 ut
1978 1211 2106 1238 matres

1118 1263 1308 1303 coquerent
1324 1257 1426 1290 filios.

1221 1308 1256 1341 2.
1309 1306 1421 1339 Erant
1444 1312 1475 1338 et
1493 1305 1702 1343 seditiones,
1731 1311 1763 1338 et
1782 1305 2011 1350 quotidianae
2029 1316 2106 1339 cae-

1118 1358 1178 1391 des
1195 1357 1324 1391 civium
1344 1357 1436 1389 inter
1452 1367 1535 1389 sese.

1220 1407 1256 1442 3.
1308 1406 1416 1440 Multi
1435 1406 1470 1437 in
1487 1407 1598 1438 muris
1610 1413 1642 1439 et
1654 1406 1902 1452 eruptionibus
1916 1405 2105 1438 interficie—

1118 1458 1265 1495 bantur,
1293 1457 1436 1501 quando
1451 1456 1688 1489 defendebant
1704 1456 1845 1493 urbem,
1873 1456 1983 1489 multa
2001 1456 2105 1489 etiam

1118 1508 1281 1542 incendia
1299 1508 1439 1540 fiebant.

1221 1558 1255 1594 4.
1308 1557 1393 1591 Post
1414 1557 1688 1591 destructionem
1711 1557 1808 1590 urbis
1830 1555 1957 1599 captivi
1979 1557 2107 1591 obiecti

1119 1617 1201 1644 sunt
1217 1609 1398 1647 leonibus,
1427 1615 1459 1641 et
1475 1608 1520 1641 ab
1536 1607 1583 1640 eis
1600 1608 1743 1641 lacerati
1762 1607 1798 1640 in
1816 1607 2032 1651 spectaculis.

1221 1667 1267 1701 Et
1296 1668 1344 1699 sic
1368 1673 1439 1699 tota
1462 1677 1545 1707 gens
1568 1667 1733 1708 dissipata
1758 1673 1817 1698 est.
1883 1664 1953 1698 Nec
1976 1665 2104 1709 legitur

1120 1725 1188 1751 tam
1214 1715 1391 1749 horrenda
1415 1715 1604 1748 destructio
1626 1716 1735 1748 ullius
1751 1716 1867 1756 urbis,
1894 1722 1927 1748 et
1944 1716 2104 1751 existimo

1120 1768 1199 1801 ideo
1232 1767 1269 1799 in
1299 1764 1365 1799 hoc
1390 1772 1486 1799 textu
1510 1766 1591 1798 dici.
1657 1764 1737 1799 Erit
1762 1766 1944 1800 tribulatio
1967 1777 2104 1809 magna,

1120 1818 1234 1864 qualis
1251 1829 1324 1851 non
1339 1816 1406 1850 suit
1421 1817 1464 1849 ab
1482 1816 1583 1849 initio
1600 1817 1725 1849 mundi
1742 1814 1921 1857 hactenus,
1948 1828 2011 1850 nec
2026 1817 2104 1853 erit.

1221 1875 1294 1910 Has
1323 1887 1466 1918 magnas
1497 1875 1710 1909 calamitates
1733 1875 1969 1916 considerate,
2004 1882 2037 1909 et
2061 1877 2103 1910 de

1120 1927 1232 1961 causis
1255 1926 1415 1970 cogitate.
1468 1924 1601 1960 Causae
1625 1926 1766 1959 fuerunt
1787 1923 2043 1969 blasphemiae,
2070 1934 2103 1961 et

1121 1978 1230 2012 multa
1246 1977 1312 2011 alia
1331 1983 1469 2021 peccata
1487 1976 1684 2010 coniuncta.
1731 1975 1812 2010 Ideo
1830 1988 1874 2009 ne
1892 1976 2020 2010 similia
2039 1989 2105 2011 no-

1121 2029 1176 2061 bis
1206 2028 1387 2067 accidant,
1421 2028 1646 2060 emendemus
1670 2038 1753 2067 nos,
1788 2034 1822 2061 et
1846 2027 2035 2061 clamemus
2060 2029 2103 2061 ad

1121 2079 1257 2119 Deum,
1282 2084 1321 2112 ut
1343 2078 1526 2123 praecipit:
1553 2076 1814 2112 Convertimini
1829 2078 1874 2111 ad
1891 2089 1966 2119 me,
1993 2085 2027 2112 et
2041 2089 2104 2123 ego

1122 2137 1306 2164 convertar
1323 2130 1365 2162 ad
1381 2140 1453 2162 vos.

1226 2180 1312 2214 ltem
1329 2179 1478 2213 desinite
1492 2179 1582 2212 mala
1599 2179 1729 2219 facere,
1755 2185 1789 2212 et
1804 2178 1928 2212 discite
1942 2178 2034 2212 bona
2051 2179 2104 2212 fa-

1123 2243 1212 2267 cere.
1270 2230 1310 2266 Si
1340 2230 1471 2264 fuerint
1498 2236 1636 2274 peccata
1661 2235 1775 2263 vestra
1800 2229 1888 2263 sicut
1911 2229 2104 2270 coccinum,

1123 2283 1220 2316 eritis
1235 2281 1377 2316 candidi
1394 2282 1484 2315 sicut
1501 2281 1571 2315 nix.

1225 2332 1301 2367 Hoc
1325 2333 1429 2366 etiam
1448 2331 1683 2370 considerate,
1708 2331 1750 2363 de
1771 2328 1925 2369 Sanctis,
1952 2329 2013 2374 qui
2029 2330 2104 2363 fue-

1123 2391 1208 2418 runt
1230 2383 1464 2427 ierosolymae
1488 2387 1568 2414 ante
1593 2381 1826 2414 obsidionem.
1895 2379 1970 2413 Hos
1992 2380 2104 2425 aliqui

1124 2433 1290 2469 habentes
1315 2433 1476 2477 spiritum
1499 2429 1760 2476 propheticum,
1787 2431 1963 2465 iusserunt
1984 2441 2106 2465 omnes

1124 2497 1162 2519 ex
1181 2486 1268 2520 urbe
1285 2484 1480 2524 discedere,
1506 2489 1538 2516 et
1554 2483 1797 2517 discesserunt.

1225 2544 1308 2578 Post
1324 2543 1594 2577 destructionem
1611 2539 1647 2575 hi
1664 2541 1792 2575 reversi
1810 2547 1904 2582 sunt,
1927 2546 1959 2574 et
1977 2540 2014 2574 in
2030 2539 2104 2574 rui-

1124 2596 1179 2629 nis
1201 2603 1380 2640 utcunque
1402 2592 1670 2631 habitaverunt,
1697 2599 1730 2626 et
1753 2592 1889 2639 aliquos
1912 2591 2007 2625 vicos
2026 2602 2106 2626 rur-

1123 2658 1182 2681 sus
1198 2646 1480 2681 aedificaverunt.

1226 2697 1278 2731 Ita
1294 2695 1389 2730 Deus
1401 2696 1528 2729 liberat
1545 2692 1692 2728 Sanctos
1711 2693 1748 2727 in
1767 2691 1944 2738 periculis.

1405 2742 1488 2781 62¹⁸
