2409 2915
53 0 77 228 s!

649 92 730 126 XII.

123 180 261 225 peribit.
322 178 425 214 Item:
461 177 534 211 Vae
565 178 625 223 qui
659 177 856 222 praedaris,
892 179 972 223 quia
1006 185 1039 211 et
1068 186 1103 212 tu

122 230 340 275 spoliaberis,

224 280 383 315 Primum
412 291 493 323 ergo
516 279 805 313 comminationes
831 290 895 311 nos
920 276 1105 313 hortentur

122 332 164 365 ad
190 331 350 365 timorem
369 330 453 369 Dei,
481 336 513 363 et
538 330 687 362 sciamus
713 331 756 363 de
775 330 895 373 poenis
914 331 1104 373 praesenti-

120 383 187 415 bus
210 390 241 416 et
262 381 390 415 futuris
413 380 494 414 dici.
548 379 710 413 Secundo
732 380 981 424 promissiones
999 381 1101 414 etiam

120 433 314 478 loquuntur
344 432 387 464 de
415 430 543 464 suturis
566 431 750 475 praemiis,
786 430 874 463 sicut
900 431 991 463 clare
1017 431 1102 464 dicit

118 482 248 516 Paulus
281 480 480 517 1.Timoth.
501 481 551 515 6.:
586 480 700 515 Pietas
724 479 826 514 babet
853 481 1101 523 promissiones

118 532 306 576 praesentis
332 532 422 565 vitae
448 539 479 565 et
502 532 651 567 suturae.
713 530 757 566 Et
782 529 944 565 Christus
968 532 1099 577 inquit:

116 581 278 626 Recipiet
303 582 505 625 centuplum
530 582 566 615 in
594 580 657 615 hac
679 583 768 624 vita,
797 589 827 615 et
846 580 1028 627 posthanc
1047 583 1099 615 vi-
1124 606 1127 644 i

115 639 204 673 tam,
231 633 336 666 vitam
357 640 544 666 aeternam.

218 682 290 716 Iam
315 681 371 716 hic
390 684 563 716 discamus
580 695 736 716 exercere
754 683 867 717 fidem.
923 683 1098 728 Corpora-

115 735 163 767 les
186 734 436 778 promissiones
454 735 600 767 traditae
618 740 716 773 sunt,
744 741 782 767 ut
800 734 883 766 fides
901 741 1098 767 exerceatur
1123 772 1125 786 Ι

113 784 218 818 simul
249 785 285 816 in
317 786 514 829 quaerenda
547 785 834 818 reconciliatione
866 797 981 818 coram
1011 784 1097 826 Deo,
1122 795 1125 816 ι

114 842 142 867 et
166 835 203 868 in
221 836 459 878 expectatione
476 835 596 868 auxilii
616 835 819 879 corporaliS.
874 834 992 877 Quare
1006 847 1095 868 sem-

114 897 175 929 per
203 887 374 918 addamus
405 886 698 930 promissionibus
729 886 969 929 corporalibus
993 886 1094 919 initio

113 935 381 979 promissionem
415 937 636 980 praecipuam
664 934 865 978 Evangelii,
900 938 942 968 de
973 937 1095 969 remis·
1121 942 1122 945 ’

113 987 210 1019 sione
239 995 470 1030 peccatorum.
531 987 644 1019 David
680 994 834 1030 expectat
864 987 1044 1019 victoriam
1076 998 1094 1019 a
1121 1015 1122 1023 ἶ

111 1035 205 1078 Deo,
235 1039 292 1070 sed
318 1038 414 1081 prius
438 1038 542 1071 sentit
567 1038 631 1070 sibi
655 1036 767 1070 Deum
792 1037 988 1081 propicium
1013 1049 1095 1070 esse.
1120 1040 1122 1049 ·’

112 1086 162 1120 lta
187 1088 261 1121 vult
285 1099 345 1120 vos
364 1088 456 1121 Deus
479 1089 579 1121 fidem
599 1100 754 1120 exercere
775 1088 970 1131 dupliciter.
1016 1086 1094 1119 Pri-
1120 1085 1123 1096 '

110 1149 205 1170 mum
231 1140 331 1171 crede
356 1139 418 1171 tibi
436 1140 545 1171 Deum
571 1138 766 1182 propicium
787 1149 859 1170 esse
878 1145 1019 1182 propter
1034 1137 1093 1170 Fi-

111 1189 216 1229 lium,
252 1189 379 1221 deinde
409 1189 608 1233 obtempera
643 1196 672 1222 et
697 1195 834 1231 expecta
861 1190 904 1220 ab
931 1201 971 1221 eo
995 1189 1094 1221 auxi-

110 1239 215 1279 lium,
244 1240 286 1271 da
310 1240 472 1282 pauperi,
501 1247 533 1271 et
555 1246 693 1280 expecta
719 1239 869 1271 vicissim
888 1237 1001 1271 Deum
1028 1239 1092 1271 tibi
1119 1250 1121 1276 J

109 1290 273 1322 daturum
292 1300 362 1321 esse
380 1289 522 1328 victum,
545 1300 674 1331 pacem,
697 1295 728 1320 et
744 1288 810 1320 alia
828 1289 930 1320 bona.
980 1287 1094 1322 2.Co-
1119 1277 1121 1299 Ι

109 1337 263 1374 rinth.9.
311 1338 438 1372 Davidi
455 1339 557 1371 multi
577 1339 614 1370 in
632 1350 738 1381 regno
757 1338 980 1372 insidiantur.
1020 1337 1092 1370 Iam
1118 1353 1120 1357 ,

106 1390 133 1422 si
153 1401 248 1422 more
264 1395 495 1434 tyrannorum
515 1400 635 1422 omnes
653 1395 828 1432 suspectos
842 1389 964 1422 tollere
980 1389 1093 1430 vellet,

106 1450 182 1472 norr
195 1446 281 1473 esset
297 1440 376 1472 finis
393 1440 584 1482 grassandi.
639 1439 733 1482 Quid
753 1439 860 1482 igitur
883 1440 964 1483 agit.
1014 1439 1091 1472 Pri·
1118 1434 1120 1458 1

106 1502 203 1523 mum
228 1491 337 1523 credit
359 1502 394 1523 se
414 1488 543 1524 habere
559 1492 673 1524 Deum
693 1490 902 1535 propicium.
954 1488 1092 1523 Deinde
1117 1501 1119 1510 <

106 1541 294 1583 diligenter
318 1541 398 1575 facit
418 1542 570 1574 officium
590 1553 704 1575 suum.
760 1540 882 1574 Tertio
902 1547 1056 1584 expectat
1073 1553 1091 1574 a

105 1590 181 1625 Deo
203 1592 443 1625 defensionem
461 1604 587 1635 magno
606 1601 637 1625 et
655 1592 848 1636 tranquillo
865 1591 1002 1632 animo,
1030 1603 1092 1624 nec

105 1649 266 1676 movetur
301 1642 580 1686 suspicionibus,
629 1650 665 1675 ut
703 1642 882 1675 saevitiam
926 1648 1091 1675 exerceat.
1116 1653 1118 1655 ’

104 1691 182 1726 Hoc
214 1693 412 1736 exemplum
444 1693 571 1735 singuli
600 1693 641 1724 ad
666 1704 764 1725 suam
790 1692 1008 1724 vocationem
1035 1703 1092 1724 ac-

105 1744 330 1776 commodare
356 1749 518 1786 possunt,
546 1742 626 1787 quia
652 1742 749 1774 nulla
769 1742 928 1786 quamvis
947 1739 1092 1774 humilis
1116 1772 1117 1775 ,

104 1794 240 1827 vocatio
258 1800 307 1826 est
323 1793 398 1825 sine
413 1793 586 1836 periculis.
631 1791 674 1826 Et
691 1792 878 1835 diligenter
894 1790 978 1825 haec
994 1804 1091 1825 exer-

103 1845 183 1878 citia
208 1844 288 1877 fidei
312 1844 592 1877 consideremus:
622 1843 814 1887 plurimum
839 1843 930 1875 enim
957 1843 991 1875 in
1020 1843 1090 1876 vita
1114 1853 1117 1907 Ι

105 1902 247 1938 peccant
263 1895 390 1928 summi
408 1906 446 1927 ac
464 1894 575 1926 infimi
594 1892 656 1927 hac
673 1893 882 1934 diffidentia,
906 1894 998 1938 quod
1019 1905 1090 1926 non

105 1952 322 1989 expectantes
347 1957 364 1977 a
382 1945 460 1978 Deo
479 1944 667 1985 auxilium,
698 1950 872 1989 quaerunt
890 1943 1089 1977 inconcessa

104 1997 294 2040 praesidia,
322 1996 381 2028 alii
400 1996 514 2030 aliter.

487 2096 534 2120 De
566 2098 699 2126 quarto.

205 2147 375 2182 Parabola
399 2149 441 2181 de
467 2149 564 2181 trabe
587 2149 623 2181 in
649 2149 770 2189 oculo,
804 2155 835 2181 et
859 2148 1007 2188 festuca,
1041 2154 1091 2181 est

105 2200 251 2233 illustris
276 2200 409 2243 pictura
433 2205 463 2231 et
488 2197 713 2243 reprehensio
738 2197 976 2232 humanorum
996 2198 1090 2231 iudi-

104 2251 238 2283 ciorum
279 2251 320 2283 de
353 2248 518 2283 Ecclesia.
595 2248 811 2282 Naturaliter
845 2250 998 2282 mundus
1033 2260 1090 2281 ca-

104 2300 280 2334 lumniose
296 2300 427 2334 iudicat
446 2302 486 2332 de
496 2298 669 2339 Ecclesia,
694 2300 779 2332 alias
798 2300 871 2332 sine
890 2300 960 2332 ulla
979 2311 1091 2339 causa,

105 2343 196 2384 atias'
214 2352 428 2385 calumniose
456 2362 664 2394 exaggerans
688 2362 824 2387 causas,
853 2357 892 2383 ut
918 2362 1033 2390 nunc,
1062 2350 1088 2383 si

103 2403 262 2435 sacerdos
292 2403 394 2435 ducat
424 2414 587 2441 uxorem,
631 2413 734 2446 quam
761 2398 952 2434 abhorrent
977 2397 1090 2444 hypo·
1113 2444 1114 2449 1

105 2453 210 2486 tritae
236 2465 314 2486 cum
340 2453 473 2485 nullam
502 2464 642 2495 prorsus
663 2464 798 2483 causam
822 2449 989 2490 hibeant,
1019 2451 1089 2484 iruo
1112 2451 1115 2466 ¹

105 2515 177 2536 rem
203 2503 328 2537 iustam
355 2503 565 2544 vituperent.
626 2501 763 2536 Deinde
789 2503 815 2534 si
841 2503 981 2547 quaudo
1011 2514 1088 2544 pec·
1112 2494 1115 2509 ⁵

105 2560 183 2587 cant
208 2552 370 2587 homines
388 2554 433 2595 pii
456 2554 657 2586 infirmitate
674 2553 809 2598 aliqua,
833 2560 870 2585 ut
889 2559 967 2585 sunt
987 2553 1087 2585 etiam

106 2604 204 2637 multi
229 2605 345 2648 lapsus
369 2604 527 2648 piorum,
554 2612 584 2636 et
611 2604 723 2637 multa
748 2604 929 2645 scandala,
959 2609 1088 2647 quanta
1113 2599 1116 2632 Ι

107 2655 270 2688 exultatio
288 2662 318 2688 et
337 2653 626 2699 ἐπιχαιρεκακία,
655 2655 714 2698 qui
732 2655 893 2688 sarcasmi
914 2655 1003 2698 apud
1025 2654 1088 2686 im-
1113 2657 1115 2676 ¹

157 2706 335 2741 MELAxTn.
365 2708 467 2739 Οιέιι.
522 2708 604 2738 Yon.
629 2707 723 2739 XlV.

782 89 1175 127 ANNOTATIONES
1204 92 1253 126 IN
1274 91 1573 131 EVANGELIA.

1118 1424 1119 1432 κ
1145 1408 1217 1447 dit,
1252 1407 1403 1451 seipsum
1428 1418 1541 1440 nosse.

1115 1783 1117 1792 ⁴
1143 1784 1212 1810 stea
1237 1778 1392 1821 explorat
1416 1778 1538 1811 alium.

1115 1830 1117 1841 '
1142 1829 1185 1861 de
1208 1829 1354 1869 festuca,
1389 1834 1427 1860 ut
1451 1828 1602 1862 sciamus
1625 1829 1728 1862 etiam
1751 1830 1921 1864 divinitus
1947 1832 2127 1876 prohiberi

1112 2547 1115 2557 ¹
1140 2561 1248 2587 ruunt
1270 2555 1305 2586 iu
1325 2553 1488 2587 deterius.

2063 103 2137 137 322

1157 177 1257 220 pios?
1308 177 1407 212 Sicut
1428 180 1556 213 dicitur
1577 181 1613 214 in
1638 182 1842 217 Salomone:
1878 185 1971 218 Fons
1993 193 2136 220 contur-

1155 229 1257 261 batus
1271 236 1320 262 est
1340 229 1449 262 iustus
1465 231 1579 273 lapsus
1597 245 1712 265 coram
1731 235 1851 279 impio.
1908 236 2050 270 Interim
2070 238 2134 281 ipsi

1155 279 1252 322 impii
1278 276 1406 312 habent
1431 280 1533 322 longe
1553 283 1684 315 maiora
1703 293 1859 326 peccata,
1886 287 2135 328 idololatriam,

1154 326 1388 373 blasphemias
1403 356 1411 370 ,
1434 328 1642 373 homicidia,
1670 334 1857 368 libidinum
1880 338 2050 378 maculas,
2078 350 2133 371 ra-

1154 380 1264 423 pinas.
1316 378 1404 412 Nam
1430 377 1484 413 his
1509 381 1602 414 vitiis
1625 384 1789 416 omuibus
1813 388 1994 421 manifeste
2018 389 2134 431 pollu-

1153 437 1206 464 tus
1236 436 1284 463 est
1308 437 1417 463 status
1445 432 1660 474 pontificius,
1695 441 1727 467 et
1751 438 1991 471 contaminant
2017 451 2051 471 se
2072 440 2133 472 de-

1152 481 1304 514 fensores
1324 481 1484 515 societate
1503 479 1628 516 horum
1646 485 1828 521 scelerum.

1253 539 1426 573 Traditur
1456 552 1535 583 ergo
1568 549 1789 587 praeceptum
1817 543 1984 580 Proverb.
2005 547 2060 579 10.
2089 549 2131 580 de

1151 591 1276 624 ordine
1310 590 1453 631 iudicii,
1489 593 1580 636 quod
1617 594 1773 637 singulos
1803 595 1844 627 ad
1878 596 2130 639 poenitentiam

1150 639 1322 676 hortatur,
1391 640 1505 674 Iustus
1530 643 1565 674 in
1592 644 1765 687 principio
1790 653 1967 679 accusator
1992 653 2041 680 est
2066 648 2131 689 sui,

1151 699 1268 736 postea
1287 691 1441 735 explorat
1460 693 1669 736 proximum.
1725 694 1908 728 Caeterum
1925 703 1958 730 et
1974 709 2129 731 commu—

1149 743 1203 776 nis
1227 749 1275 775 est
1298 742 1457 775 omnium
1475 740 1659 776 hominum
1678 746 1822 778 morbus
1839 745 2033 791 φιλαυτία,
2062 760 2129 781 no—

1149 794 1228 827 stris
1252 793 1409 826 moribus
1430 793 1605 834 favemus,
1631 795 1733 828 nobis
1752 796 1982 838 ignoscimus,
2011 806 2127 832 nostra

1148 845 1231 877 vitia
1254 850 1313 876 aut
1331 855 1403 877 non
1421 843 1599 885 videmus,
1627 852 1685 879 aut
1703 846 1790 878 levia
1808 848 1985 884 ducimus.
2015 849 2127 882 aliena

1122 902 1123 916 ³
1148 895 1350 937 diligentius
1375 901 1600 937 contuemur,
1636 903 1669 930 et
1694 908 1873 931 censuram
1898 899 1940 931 dc
1964 898 2012 931 eis
2035 911 2129 933 acer-

1147 946 1280 978 biorem
1299 945 1443 988 agimus.

1247 1003 1343 1036 Ilaec
1373 1004 1501 1037 iniusta
1533 1004 1764 1050 inaequalitas
1795 1007 1916 1040 multis
1946 1011 2128 1043 sententiis

1147 1054 1340 1098 vituperata
1374 1061 1442 1095 est,
1479 1066 1566 1098 quae
1593 1067 1727 1099 semper
1751 1057 1786 1088 in
1815 1066 2001 1101 conspectu
2025 1061 2127 1094 nobis

1147 1117 1218 1138 esse
1242 1106 1388 1143 debent,
1417 1111 1454 1137 ut
1479 1111 1643 1150 tanquam
1666 1104 1719 1139 his
1738 1108 1845 1141 frenis
1860 1116 1992 1142 mentes
2009 1117 2039 1143 et
2058 1111 2126 1144 lin-

1146 1167 1229 1198 guas
1246 1167 1423 1198 regamus,
1451 1167 1494 1187 ne
1512 1157 1553 1187 de
1571 1157 1648 1189 aliis
1666 1164 1792 1190 temere
1811 1159 1984 1200 iudicent,
2011 1163 2069 1193 sed
2089 1169 2127 1195 ut

1148 1216 1265 1239 nostra
1294 1206 1376 1238 vitia
1409 1217 1636 1248 agnoscamus
1662 1215 1696 1241 et
1729 1211 1964 1244 emendemus,
2036 1211 2126 1246 Sunt

1146 1263 1260 1289 autem
1292 1253 1356 1288 hae
1384 1256 1592 1289 sententiae:
1627 1257 1736 1291 'Nosce
1763 1260 1924 1303 teipsum.
1993 1261 2124 1295 Tecum

1146 1305 1283 1346 hahita,
1335 1313 1367 1339 et
1399 1307 1496 1338 noris
1528 1319 1629 1351 quam
1661 1309 1705 1341 sit
1739 1310 1802 1341 tibi
1835 1318 1929 1344 curta
1961 1313 2124 1355 supellex.

1145 1354 1277 1390 Thales
1301 1356 1554 1399 interrogatus,
1583 1358 1665 1402 quid
1686 1359 1727 1391 sit
1747 1359 1913 1393 difficile?
1965 1360 2126 1406 Respon-

1596 1407 1733 1442 Rursus
1760 1410 2013 1453 interrogatus,
2041 1414 2124 1458 quid

1144 1458 1271 1491 facile?
1311 1458 1509 1502 respondit,
1537 1456 1792 1503 reprehendere
1819 1461 1936 1507 alios·
1971 1461 2068 1496 Idem
2094 1471 2127 1498 et

1144 1509 1181 1542 in
1205 1508 1367 1553 Apologo
1397 1509 1439 1542 de
1466 1509 1602 1543 duabus
1626 1510 1787 1544 manticis
1812 1512 2042 1555 significatum
2067 1522 2126 1553 est,

1117 1576 1119 1579 v
1144 1560 1227 1593 vitia
1254 1559 1403 1592 aliorum
1428 1564 1578 1602 gerimus
1603 1561 1638 1592 in
1665 1561 1781 1604 priore
1808 1563 1979 1604 mantica,
2007 1572 2127 1598 nostra

1144 1611 1296 1654 gerimus
1313 1609 1350 1642 in
1366 1609 1474 1643 altera
1487 1634 1496 1649 ,
1524 1623 1612 1654 quae
1631 1611 1667 1643 in
1685 1617 1782 1655 tergo
1802 1614 1938 1656 pendet.

1244 1676 1320 1709 Hae
1350 1676 1540 1710 sententiae
1564 1689 1686 1710 omnes
1707 1678 1903 1713 referantur
1926 1682 1967 1713 ad
1994 1683 2125 1716 dictum

1144 1726 1358 1760 Salomonis:
1388 1726 1503 1760 Iustus
1527 1727 1629 1762 initio
1654 1736 1833 1763 accusator
1857 1738 1904 1763 est
1931 1732 1995 1767 sui.
2058 1733 2126 1767 1¹0-

1598 1777 1706 1819 Item,
1739 1781 1782 1812 ad
1805 1777 1894 1813 hanc
1916 1780 2124 1817 parabolam

1143 1876 1233 1911 hanc
1256 1878 1513 1919 curiositatem,
1550 1879 1779 1922 petulantiam
1805 1887 1836 1914 et
1863 1885 2124 1925 perversitatem

1142 1929 1364 1964 iudiciorum.

1245 1986 1329 2020 ldeo
1351 1993 1466 2019 autem
1489 1993 1559 2020 tam
1581 1987 1688 2021 multa
1706 1989 1747 2021 de
1764 1986 1830 2022 hoc
1847 1990 1933 2024 vitio
1950 1992 2125 2036 dicuntur,

1143 2037 1224 2083 quia
1252 2050 1323 2070 non
1350 2038 1462 2070 solum
1488 2037 1718 2082 inaequalitas
1743 2052 1804 2081 per
1824 2052 1895 2074 sese
1919 2049 1967 2076 est
1987 2043 2123 2084 iniusta,

1141 2090 1199 2122 sed
1226 2089 1328 2121 etiam
1355 2099 1455 2121 causa
1480 2095 1529 2122 est
1555 2099 1656 2133 saepe
1683 2090 1901 2133 publicarum
1930 2093 2123 2128 discordia—

1141 2151 1237 2179 rum,
1265 2139 1414 2171 maxime
1439 2151 1516 2172 cum
1540 2139 1622 2172 vitia
1641 2141 1914 2183 gubernatorum
1933 2146 2123 2178 traducun-

1140 2198 1208 2225 tur.
1246 2189 1334 2222 Nam
1351 2196 1401 2223 est
1417 2187 1474 2222 hic
1491 2190 1635 2223 morbus
1653 2192 1848 2225 communis
1864 2199 1913 2226 est
1927 2191 2123 2238 hominum,

1141 2252 1242 2283 aegre
1260 2240 1350 2273 ferre
1367 2240 1532 2284 imperia,
1557 2247 1589 2273 et
1605 2238 1687 2274 haec
1707 2253 1841 2284 semper
1857 2243 1972 2288 aliqua
1992 2243 2122 2281 habent

1141 2292 1362 2325 incommoda
1392 2298 1424 2324 et
1447 2291 1547 2332 vitia,
1582 2303 1619 2323 ac
1644 2292 1727 2323 boni
1751 2293 2000 2333 gubernatores
2023 2309 2122 2340 saepe

1141 2343 1244 2376 etiam
1278 2348 1440 2385 peccant,
1483 2348 1520 2375 ut
1552 2341 1695 2375 dicitur:
1741 2340 1759 2376 ὁ
1790 2342 1904 2378 πολλὰ
1934 2346 2118 2392 πράττων,

1140 2390 1254 2428 πολλὰ
1269 2390 1331 2426 καὶ
1348 2388 1561 2437 ἁμαρτάνει.

1241 2451 1308 2485 Hic
1333 2452 1554 2494 cogitandum
1583 2457 1650 2494 est,
1678 2463 1740 2484 cur
1764 2453 1905 2495 imperia
1926 2454 2009 2488 fiant
2027 2457 2119 2490 disfi-

1140 2503 1280 2543 ciliora,
1308 2515 1345 2535 ac
1362 2502 1545 2546 praecipua
1563 2514 1663 2534 causa
1680 2510 1744 2541 est,
1773 2504 1851 2546 quia
1870 2506 1990 2547 populi
2007 2519 2120 2542 mores

1541 2550 1710 2584 Crescunt
1730 2553 1763 2584 in
1784 2554 1911 2595 populo
1930 2555 2047 2598 luxus,
2074 2559 2117 2591 li-

1140 2605 1271 2645 centia,
1306 2603 1517 2648 petulantia,
1554 2602 1631 2634 ideo
1661 2603 1742 2635 sinit
1763 2601 1858 2637 Deus
1891 2606 2034 2650 imperia
2060 2622 2117 2642 01-

1140 2656 1304 2700 asperari.
1382 2654 1498 2688 Crevit
1527 2652 1675 2686 servitus
1708 2656 1939 2690 crescentibus
1972 2662 2117 2702 pcccatis

1446 2706 1491 2738 21
