2409 2915
110 125 182 160 137

106 211 334 257 proverbium
360 222 438 244 cum
461 209 596 243 usitatis
619 208 738 242 dictis:
767 206 788 253 ἡ
805 205 844 242 δὲ
861 206 954 252 κακὴ
972 207 1090 252 βούλῃ

105 265 159 309 τῷ
174 258 420 309 βουλεύσαντι
437 257 604 304 κακίστη.
661 258 764 292 ltem:

191 319 307 360 τειῗχων
329 316 370 354 ὥς
391 316 485 359 ἑτέρῳ
509 319 555 354 τὶ,
588 315 630 358 ἑῷ
651 315 748 347 κακὸν
772 315 864 353 ῗπατι
890 315 999 356 τείχει.

156 420 234 470 Qui
249 419 362 455 dirui!
377 432 512 468 sepem,
539 418 716 453 mordebit
734 432 812 453 enm
832 417 984 455 coluber.

204 495 298 529 Haec
319 496 505 540 peculiaris
531 508 640 540 poena
660 503 709 530 est
730 508 849 529 eorum
868 496 929 540 qui
947 494 1087 539 Respu-

104 548 210 582 blicas
242 554 398 587 mutant,
423 547 495 579 sive
521 545 884 594 πολυπραγμοσύνῃ,
913 547 984 579 sive
1008 547 1085 579 aliis

101 598 212 632 causis
231 610 303 632 non
323 598 524 642 probandis.
575 597 776 643 Plerunque
793 598 987 641 petulantia
1004 597 1085 630 illo-

101 661 178 682 rum
205 649 381 693 ipsorum,
415 649 544 694 quibus
570 649 775 682 laxaverunt
798 649 935 688 frenos,
962 648 1083 695 oppri—

100 706 246 733 muntur
276 707 309 732 et
339 700 405 744 ipsi
438 701 562 738 duces,
597 700 685 733 sicut
710 698 840 732 Iulium
868 698 1084 732 interficiunt

100 750 154 783 s'ui
185 751 462 790 commilitones,
498 758 531 783 et
562 762 662 794 saepe
691 750 817 783 accidit
843 750 930 782 illud
956 750 1082 793 ipsum,

100 802 195 846 quod
227 802 269 834 de
296 800 387 835 Iulio
411 801 683 845 pronunciatum
708 807 771 833 est:
808 800 902 833 Men'
920 811 1083 840 servasse,

98 859 138 885 ut
161 858 274 885 essent
298 853 358 897 qui
377 864 431 885 me
450 853 646 896 perderent.
701 852 879 895 Significat
899 858 1013 885 autem
1030 863 1082 884 se-

99 915 157 947 pes
189 903 348 947 politiam
380 903 604 937 mediocriter
632 903 868 936 constitutam.
935 901 1080 935 Colubri

98 960 197 994 sunt,
233 954 292 998 qui
320 953 459 987 licentia
484 955 681 988 abutuntur
703 953 817 986 alieno
843 953 962 986 labore
986 959 1081 996 parta

95 1004 268 1041 libertate.

147 1103 225 1154 Qui
240 1106 420 1154 transfert
438 1104 599 1153 lapides,
629 1106 823 1154 affligetur
840 1105 887 1139 ab
904 1105 965 1139 eis.

198 1183 327 1227 Figura
345 1184 521 1216 sermonis
537 1183 660 1216 usitata
678 1191 743 1217 est:
773 1182 1081 1227 Transferrelapi-

97 1237 176 1275 des,
210 1246 275 1279 pro
308 1247 366 1274 eo,
400 1236 493 1278 quod
528 1241 578 1267 est
603 1241 738 1267 mutare
763 1234 854 1276 leges
877 1241 910 1267 et
931 1234 1080 1266 formam

96 1285 338 1329 Reipublicae.
402 1285 576 1327 Congruit
601 1296 678 1317 cum
707 1284 879 1316 sententia
906 1285 1080 1328 proxima:

96 1335 241 1369 Mutans
260 1336 408 1369 formam
428 1334 659 1378 Reipublicae
672 1362 681 1375 ,
709 1335 928 1367 exercebitur
945 1335 1081 1378 magnis

94 1386 272 1431 periculis,
295 1386 368 1433 sive
383 1392 494 1419 mutet
506 1386 690 1426 divinitus,
717 1385 789 1418 sive
801 1383 954 1418 humana
967 1388 1081 1420 πολυ-

94 1433 340 1485 πραγμοσύνῃ
365 1448 424 1469 seu
451 1436 662 1477 ambitione,
696 1437 754 1469 scd
779 1443 862 1469 tunc
885 1437 996 1469 exitus
1019 1438 1080 1469 de-

94 1489 239 1522 teriores
266 1495 362 1528 sunt,
404 1494 444 1521 ut
474 1486 598 1528 Bruti,
639 1486 768 1528 Cassii,
810 1486 973 1522 Antonii.
1034 1486 1080 1520 Et

94 1551 230 1583 semper
261 1539 305 1572 sit
334 1539 371 1571 in
395 1545 582 1582 conspectu
606 1537 753 1571 Pindari
777 1538 927 1571 dictum:
964 1537 1080 1571 Facile

95 1597 145 1624 est
169 1602 310 1624 movere
334 1590 530 1630 civitatem,
557 1590 615 1622 sed
643 1601 764 1622 rursus
788 1589 825 1621 in
846 1589 1078 1634 tranquillum

95 1641 234 1679 sistere,
260 1641 370 1673 solius
386 1639 461 1673 Dei.

196 1707 326 1751 Figura
365 1718 514 1751 sequens
548 1707 746 1749 generalior
775 1713 839 1739 est:
883 1705 955 1749 Qui
989 1713 1080 1740 secat

95 1759 208 1802 ligna,
237 1757 482 1790 vulnerabitur
506 1758 550 1789 ab
575 1757 634 1790 eis.
691 1755 763 1799 Qui
788 1757 916 1790 format
937 1768 997 1790 seu
1015 1758 1080 1789 do-

94 1809 141 1842 lat
157 1809 252 1841 varia
270 1807 409 1850 ingenia
427 1807 548 1851 populi
567 1807 619 1839 vel
638 1807 892 1851 discipulorum
904 1830 912 1845 ‚
941 1814 980 1841 ut
995 1820 1079 1841 con-

93 1859 289 1892 cionatores
320 1865 352 1891 et
381 1859 559 1898 doctores,
595 1858 792 1902 plerunque
825 1858 1032 1891 vulneratur
1060 1870 1078 1891 a

92 1910 163 1944 suis
180 1908 416 1944 auditoribus.

141 2010 243 2045 Sicut
259 2009 406 2058 serrum
429 2005 634 2042 hebetatum
661 2020 733 2042 non
758 2009 834 2043 nisi
857 2023 994 2056 magno
1019 2010 1077 2044 la-

192 2061 276 2095 bore
303 2072 430 2094 rursus
457 2061 622 2101 acuitur,
657 2060 708 2093 ito
732 2073 892 2107 magnae
917 2060 1077 2108 diligen-

192 2112 264 2146 tiae
280 2124 394 2146 comes
410 2115 460 2144 est
477 2109 675 2157 sapientia.

191 2188 422 2232 Praeceptum
466 2193 517 2220 est
561 2188 604 2221 de
643 2188 825 2231 diligentia
864 2189 902 2222 in
941 2191 1075 2233 agendo

90 2248 122 2274 et
159 2241 194 2273 in
234 2238 450 2284 perferendis
489 2238 611 2271 multis
647 2239 937 2281 difficultatibus,
988 2241 1074 2274 sicut

91 2292 236 2325 dicitnr:
283 2285 493 2335 παθήματα
523 2285 747 2334 μαθήματα.
817 2291 929 2326 Taxat
959 2299 1074 2325 autem

90 2343 235 2384 ignavos
270 2341 307 2374 in
347 2351 558 2386 quacunque
598 2340 802 2382 vocatione,
849 2349 882 2375 et
922 2343 1075 2387 postulat

88 2392 329 2436 vigilantiam,
371 2403 510 2431 curam,
548 2391 703 2423 laborem
734 2398 767 2425 et
796 2393 921 2426 seriam
957 2394 1074 2427 inten-

89 2445 241 2484 tionem,
275 2443 364 2476 sicut
396 2442 434 2475 in
465 2442 585 2474 multis
618 2442 695 2474 aliis
726 2442 827 2476 dictis
851 2444 1073 2487 praecipitur.
1098 2411 1101 2468 l

90 2493 254 2529 Christus
277 2494 453 2537 vituperat
476 2504 614 2526 servum
641 2494 824 2536 ignavum,
852 2495 911 2539 qui
935 2506 998 2527 suo
1022 2502 1073 2528 ta·
1097 2483 1100 2525 l

89 2547 185 2580 lento
214 2542 306 2578 nibil
333 2543 488 2577 lucratus
511 2551 599 2577 erat:
637 2551 669 2577 et
690 2544 821 2578 multae
845 2553 926 2579 sunt
951 2547 1072 2579 admo-
1097 2532 1100 2586 l

90 2597 244 2631 nitiones
268 2597 311 2630 de
337 2594 517 2637 diligentia
543 2595 579 2627 in
605 2595 770 2629 omnibus
793 2597 949 2642 scriptis,
978 2597 1071 2632 iuxta
1097 2590 1099 2614 ³

90 2649 197 2681 illud:
1097 2643 1099 2651 Α

202 2706 254 2735 Nit
275 2705 329 2733 nisi
354 2714 456 2743 magno
479 2705 536 2732 vim
560 2705 657 2733 labore
680 2706 759 2734 dedit
785 2707 959 2734 mortalibus.

707 122 828 157 PHIL.
857 120 970 158 MEL.
999 120 1205 158 SCRIPTA
1236 119 1532 155 EXEGETICA.

2056 114 2123 147 158

1245 207 1329 242 Item
1372 203 1619 248 Epicharmus:
1664 205 1738 237 τῶν
1776 198 1900 236 πόνων
1936 200 2120 233 πωλοῦσιν

1141 256 1262 293 πάντα
1288 256 1374 303 ἡμῖν
1399 253 1528 303 ἀγαθὰ
1553 252 1647 289 θεοὶ.
1703 253 1893 287 Hesiodus:
1928 247 2054 293 ,ιιελετὴ
2078 247 2121 281 ‹lf'

1141 323 1178 344 τε
1197 309 1306 356 ἔργον
1323 305 1478 354 ὀφέλλει.

1244 359 1296 394 Sit
1328 366 1442 392 autem
1471 357 1620 399 diligens
1646 355 1794 387 intentio
1818 354 1853 386 in
1881 352 1992 385 officia
2017 363 2117 384 voca-

1140 412 1266 450 tionis,
1295 418 1327 444 et
1350 410 1387 442 in
1411 420 1463 442 res
1487 406 1716 443 necessarias,
1746 416 1818 436 non
1842 404 1885 436 sit
1904 406 2115 449 πολυπραγ-

1138 459 1301 507 μοσύνη,
1337 460 1430 493 varia
1463 465 1600 493 tentans
1628 463 1721 489 extra
1756 453 1992 493 vocationem,
2029 454 2116 486 sicut

1139 514 1280 548 inutiles
1297 522 1398 545 canes
1413 509 1561 543 venatici
1579 519 1650 540 non
1668 511 1863 550 sequuntur
1876 515 1980 536 unam
1999 504 2117 539 seram,

1137 566 1194 598 sed
1228 563 1378 597 subinde
1410 567 1616 595 avertuntur
1646 559 1686 590 ad
1715 556 1792 589 alia.
1853 552 1898 587 Et
1923 561 2042 586 notum
2068 560 2116 585 est

1137 616 1268 648 dictum
1287 614 1454 648 Senecae:
1483 609 1680 645 Necessaria
1699 608 1919 650 ignoramus,
1946 605 2026 649 quia
2046 615 2116 634 non

1136 666 1328 699 neccssaria
1347 664 1524 697 discimus.

1186 747 1450 784 Calumniator
1481 743 1617 780 similis
1647 748 1695 777 es!
1725 740 1897 788 serpenti,
1933 739 1997 787 qui
2022 737 2115 771 clam

1237 798 1384 834 mordet.

1237 868 1410 911 Congruit
1448 878 1526 899 cum
1565 865 1658 897 dicto
1694 859 1883 905 superiori,
1932 856 2115 891 (Jalumnia

1136 921 1321 953 conturbat
1347 919 1559 962 sapientem,
1587 921 1620 948 et
1644 919 1743 946 necat
1767 911 1876 944 robur
1901 907 2014 940 cordis
2033 906 2116 938 eius.

1135 969 1199 1004 Est
1223 971 1368 1004 omnino
1392 980 1490 1002 saeva
1511 966 1615 1011 pestis
1633 962 1826 1001 calumnia,
1854 966 1884 993 et
1905 960 1958 991 fax
1976 964 2025 989 est
2042 968 2116 988 ma<

1136 1033 1282 1065 gnarum
1312 1020 1590 1056 dissensionum,
1623 1016 1718 1047 unde
1749 1019 1865 1058 postea
1896 1007 2117 1042 confusiones

1135 1073 1364 1115 religionum,
1400 1070 1491 1103 bella
1516 1075 1550 1101 et
1581 1066 1757 1100 vastitates
1786 1062 1960 1096 oriuntur.
2034 1056 2114 1114 ldeo

1136 1130 1167 1157 et
1192 1123 1229 1156 in
1246 1122 1370 1168 Moyse
1394 1127 1616 1165 praeceptum
1641 1124 1708 1150 est:
1736 1114 1816 1148 Non
1842 1113 1887 1145 sis
1911 1121 2052 1144 susurro
2078 1120 2114 1140 ln

1136 1174 1279 1218 populo.
1334 1172 1383 1206 Ita
1404 1170 1460 1204 hic
1479 1179 1592 1205 totum
1609 1167 1676 1202 hoc
1696 1177 1804 1210 genus
1822 1161 2114 1196 calumniatorum

1134 1233 1166 1258 et
1186 1226 1459 1259 obtrectatorum
1479 1227 1625 1255 taxatur.

1187 1307 1313 1344 [ferbet
1333 1308 1407 1341 oris
1425 1305 1604 1352 sapientis
1621 1302 1761 1349 gralia.

1235 1375 1411 1410 Discernit
1435 1374 1607 1418 sapientes
1630 1367 1850 1404 consiliarios
1871 1372 1904 1398 et
1923 1365 2080 1396 doctores
2097 1373 2114 1392 a

1133 1428 1249 1461 stultis
1274 1427 1334 1472 qui
1362 1424 1491 1459 babent
1517 1421 1776 1468 persuasionem
1799 1415 2114 1471 sapientiae.,.cum

1134 1486 1248 1512 tamen
1282 1477 1477 1521 desipiant,
1510 1475 1592 1520 quia
1621 1484 1695 1505 non
1725 1470 1884 1511 dirigunt
1903 1465 2049 1499 consilia
2072 1464 2115 1495 ad

1133 1542 1248 1562 veram
1277 1541 1457 1567 normam,
1490 1527 1547 1559 sed
1573 1525 1615 1558 ad
1640 1533 1720 1556 suos
1743 1520 1798 1553 vel
1823 1519 1973 1552 aliorum
1997 1524 2116 1548 coecos

1133 1581 1306 1620 adfectus,
1342 1580 1432 1612 sicut
1457 1576 1668 1611 Mardonius
1691 1572 1800 1606 Xerxi
1825 1570 1956 1603 bellum
1983 1566 2116 1621 suadet,

1133 1632 1186 1663 vel
1211 1632 1298 1664 sicut
1318 1630 1506 1673 Pompeius
1531 1625 1656 1659 babuit
1680 1623 1914 1665 instigatores.
1966 1617 2042 1650 Hos
2067 1622 2113 1647 ait

1133 1683 1314 1724 ignorare,
1342 1681 1426 1725 quid
1451 1685 1550 1710 antea
1574 1674 1756 1713 acciderit,
1782 1673 1817 1704 id
1845 1677 1912 1709 est,
1940 1669 2025 1725 tale-s
2042 1677 2113 1698 non

1132 1739 1256 1765 curant
1278 1731 1434 1774 exempla
1458 1729 1637 1772 priorum,
1665 1724 1723 1769 qni
1749 1722 1863 1755 stultis
1884 1718 2040 1752 consilns
2057 1723 2115 1749 aut

1133 1782 1327 1826 perniciosa
1357 1780 1516 1814 doctrina
1551 1789 1585 1810 se
1621 1783 1653 1808 et
1685 1775 1771 1807 alios
1793 1775 2013 1808 everterunt,
2050 1779 2112 1799 nec

1132 1833 1350 1877 prospiciunt
1368 1837 1532 1864 venturas
1549 1837 1688 1873 poenas.

1181 1914 1314 1950 Labor
1336 1913 1533 1949 stultorum
1559 1910 1702 1960 affligit
1729 1921 1803 1945 eos,
1839 1905 1927 1953 quia
1953 1903 2113 1936 nesciunt

1233 1967 1329 2001 riam
1349 1964 1403 2000 ad
1420 1964 1553 1999 urbem.

1234 2036 1272 2070 Id
1299 2045 1366 2071 est:
1397 2036 1450 2069 llli
1477 2044 1636 2078 perverse
1658 2030 1832 2075 sapientes
1854 2026 1963 2060 multa
1988 2024 2114 2079 frustra.

1129 2089 1351 2127 moliuntur,
1378 2087 1487 2120 multa
1513 2089 1686 2118 conantur
1709 2081 1918 2115 reformare,
1947 2082 1977 2108 ot
1997 2074 2062 2107 sibi
2083 2081 2112 2105 et

1129 2140 1208 2172 aliis
1238 2145 1420 2172 accersunt
1449 2137 1578 2170 multos
1604 2135 1720 2168 tristes
1745 2141 1862 2170 casus,
1896 2139 1959 2160 nec
1982 2131 2111 2157 norunt

1129 2188 1314 2223 hominum
1339 2201 1477 2226 sensus,
1513 2199 1576 2219 nec
1601 2185 1824 2219 considerant
1847 2183 2022 2212 momenta
2049 2186 2109 2206 ne-

1128 2241 1330 2284 gociorum,
1379 2253 1441 2273 nec
1481 2239 1600 2271 vident
1634 2236 1717 2280 quid
1753 2242 1890 2265 necesse
1925 2229 2113 2284 sicagere⁸⁴

1127 2290 1222 2324 Haec
1245 2289 1529 2335 comprehendit,
1556 2300 1633 2321 cum
1660 2288 1724 2319 ait:
1753 2280 1929 2317 Nesciunt
1948 2290 2043 2311 cmm
2061 2277 2112 2309 ad

1128 2343 1271 2385 urbem,
1302 2354 1363 2375 seu
1396 2339 1450 2374 ad
1473 2338 1620 2378 aulam,
1653 2338 1739 2370 sicut
1763 2332 1972 2367 describitur
1996 2335 2111 2385 pastor

1127 2394 1182 2427 cui
1209 2406 1328 2427 recens
1353 2394 1389 2426 in
1413 2393 1491 2425 aula
1517 2393 1630 2424 suerat
1654 2387 1833 2432 speculum
1857 2385 2044 2419 «hunnum,
2075 2391 2109 2410 in

1126 2457 1218 2490 quo,
1257 2457 1335 2478 cum
1371 2456 1405 2477 se
1439 2441 1694 2485 contemplatus
1727 2444 1831 2475 esset,
1874 2431 2106 2466 admiration(-

1125 2496 1259 2529 formae
1285 2507 1366 2528 suae
1390 2495 1500 2528 factus
1526 2501 1576 2526 est
1603 2489 1831 2525 insolentior,
1866 2492 1894 2517 et
1925 2490 2040 2526 postea
2069 2480 2103 2512 in

1127 2559 1255 2591 poenas
1286 2547 1428 2587 inridit,
1464 2547 1506 2579 dc
1539 2557 1608 2589 quo
1632 2542 1715 2575 dicit
1739 2538 1945 2572 Franciscns
1968 2533 2102 2567 petrar-

1125 2595 1188 2631 cha
1203 2612 1208 2630 ι

1210 2660 1368 2685 Aeternum
1394 2661 1487 2695 gemat
1511 2657 1560 2684 illc
1585 2655 1686 2687 miser,
1716 2651 1875 2690 pastoribus
1898 2649 1981 2676 aula«-

1211 2709 1266 2740 Qui
1288 2709 1398 2745 primns
1421 2708 1496 2735 lnssla
1519 2706 1593 2733 (lona
1618 2704 1708 2732 (ledit.
