2409 2915
302 85 397 122 1007

302 173 411 209 velle,
437 175 475 203 ut
497 166 629 212 publici
652 163 790 199 honesti
814 173 1019 207 congressus
1035 162 1139 203 fiant,
1164 169 1198 196 et
1213 172 1285 195 ser-

303 229 362 256 vat
383 231 441 254 eos
465 219 538 264 ipse
556 218 592 250 in
610 228 735 259 genere
753 213 930 254 humano,
958 220 991 247 et
1008 225 1080 246 non
1099 213 1236 257 placent
1255 211 1287 244 ei

305 270 569 314 dissipationes,
609 267 728 312 quales
760 265 895 299 faciunt
922 262 1195 308 Anabaptistae‚
1230 268 1289 295 aut

304 322 385 361 alii,
419 320 479 366 qui
513 324 662 352 currunt
687 317 723 349 in
746 316 918 356 latebras,
952 321 985 349 et
1006 314 1141 348 faciunt
1163 313 1290 347 distra-

304 373 436 407 ctiones
453 371 528 404 sine
543 367 735 402 necessaria
754 377 867 401 causa.

409 428 496 462 Vult
518 426 614 461 Deus
640 438 712 460 esse
735 424 925 458 Ecclesiam
950 422 1150 458 distinctam
1173 433 1190 455 a
1214 432 1291 454 cae·

307 481 390 516 teris
411 479 594 523 gentibus,
619 483 652 511 et
675 476 751 510 vult
768 487 842 508 eam
861 473 1015 518 conspici
1031 480 1063 507 et
1080 471 1238 507 exaudiri
1255 471 1290 504 in

307 539 382 567 toto
413 541 538 574 genere
567 525 735 561 humano.
801 524 885 558 Ideo
918 524 994 559 vult
1023 536 1096 557 esse
1127 521 1288 559 honesto„

309 591 533 625 congressus,
567 585 600 612 et
628 583 742 610 servat
767 588 844 616 οοε,
878 581 910 608 et
937 575 1074 608 addidit
1102 574 1222 618 signa,
1256 579 1295 607 ut

309 631 463 668 diScerui
479 637 510 664 et
528 628 682 673 conspici
699 626 854 662 Ecclesia
874 625 993 670 possit.

411 689 513 723 Hanc
547 699 684 721 causam
718 686 808 719 bene
839 684 1076 722 considerate,
1110 689 1148 717 ut
1180 689 1298 726 postea

310 741 437 776 melius
460 737 666 781 intelligatis
687 749 744 777 ea,
771 747 860 781 quae
885 737 927 768 de
952 747 1058 768 coena
1076 733 1223 767 Domini
1244 733 1298 765 di-

310 799 446 827 centur.
499 788 594 832 Quia
627 785 711 821 haec
742 787 789 820 ita
821 786 980 819 instituta
1006 792 1075 825 est,
1109 791 1149 818 ut
1174 785 1217 817 sit
1239 783 1301 816 illa

311 843 453 888 publica
476 839 676 874 ceremonia
699 843 911 872 connectens
935 835 1116 879 publicum
1137 845 1301 878 congres-

313 906 403 929 sum.

416 942 500 976 Post
517 939 608 974 lianc
624 949 773 977 causam,
800 949 890 982 quae
902 937 945 969 de
958 936 1100 980 publico
1114 945 1302 978 congressu

314 1001 375 1029 aut
405 992 630 1027 distinctione
662 988 838 1033 loquitur,
872 995 922 1021 est
947 994 980 1020 et
1003 985 1088 1020 haec
1111 997 1213 1020 causa
1238 998 1302 1029 pro

314 1057 376 1079 sua
395 1045 563 1087 cuiusque
578 1039 789 1074 conscientia
807 1039 1065 1081 cognoscenda,
1092 1037 1302 1071 Sacramen-

313 1104 348 1130 ta
364 1101 446 1128 sunt
463 1093 566 1127 etiam
581 1089 780 1125 testimonia
798 1088 990 1121 voluntatis
1006 1099 1086 1131 erga
1105 1095 1147 1128 te,
1173 1094 1206 1121 et
1221 1093 1304 1121 sunt

314 1144 567 1189 applicationes
589 1139 865 1185 promissionum
892 1151 954 1182 per
976 1139 1092 1172 iidem.
1148 1137 1303 1181 Quando

314 1196 424 1230 sumis
441 1204 567 1238 corpus
585 1199 617 1226 et
634 1190 840 1233 sanguinem
860 1188 1025 1227 Domini,
1052 1188 1163 1232 cogita
1180 1195 1213 1222 et
1230 1200 1305 1221 cre-

315 1249 376 1285 de,
404 1246 447 1279 ad
464 1252 495 1279 te
511 1254 654 1289 quoque
672 1241 849 1285 pertinere
868 1240 1136 1284 promissionem
1152 1239 1295 1282 gratiae.

419 1303 520 1338 Alias
551 1301 705 1345 cogitant
729 1297 910 1340 homines,
945 1310 1020 1332 ecce
1045 1298 1231 1342 promissio
1256 1304 1307 1331 est

316 1355 488 1401 generalis
504 1365 638 1392 sermo,
663 1350 821 1384 fortassis
835 1351 876 1383 ad
896 1357 928 1382 te
946 1347 1037 1381 nihil
1055 1349 1224 1393 pertinet,
1247 1349 1306 1381 sed

317 1408 404 1441 scito
428 1406 465 1438 in
485 1401 551 1436 boc
566 1404 642 1446 ipso
659 1401 729 1434 ritu
747 1401 865 1433 testari
885 1399 1016 1439 Deum,
1044 1400 1138 1443 quod
1156 1398 1307 1442 promis—

317 1459 370 1491 sio
392 1457 435 1490 ad
461 1462 493 1488 te
516 1453 700 1498 pertineat.

319 1559 428 1602 igitur
445 1563 478 1590 et
496 1553 746 1599 promissiones
763 1563 843 1583 vere
862 1551 925 1585 tibi
944 1550 1110 1584 tribuere.

422 1614 523 1648 Hanc
556 1623 694 1646 causam
716 1610 905 1652 diligenter
929 1609 1168 1649 considerate,
1203 1615 1236 1642 et
1261 1608 1309 1640 si·
1333 1589 1336 1646 Ι

319 1667 395 1703 mul
428 1664 485 1699 hic
513 1662 637 1696 discite
662 1672 826 1703 magnum
853 1667 883 1693 et
908 1657 1124 1693 horrendum
1149 1659 1310 1700 abusum,

321 1718 382 1763 qui
402 1726 540 1759 semper
558 1714 593 1746 in
611 1712 744 1745 mundo
765 1718 907 1753 vagatus
925 1717 993 1749 est,
1021 1711 1064 1741 de
1083 1709 1208 1742 merito
1227 1721 1310 1753 ope-

320 1769 369 1803 ris
382 1795 391 1809 ‚
418 1779 478 1800 seu
496 1766 539 1798 de
555 1775 620 1797 usu
638 1762 947 1797 Sacramentorum
966 1761 1041 1793 sine
1062 1760 1142 1793 side.

896 76 1022 111 prm..
1048 75 1164 114 MEL.
1191 73 1401 111 semem
1427 46 1727 114 exsomnem

753 1449 824 1484 Dat
849 1451 913 1484 tibi
932 1450 1110 1483 Dominus
1130 1460 1257 1492 corpus
1275 1455 1308 1481 et
1331 1457 1334 1499 fl

318 1506 545 1550 sanguinem,
570 1503 652 1536 facit
678 1509 710 1536 te
735 1501 933 1534 membrum
959 1500 1012 1533 sui
1033 1499 1209 1543 corporis,
1233 1499 1309 1532 vult
1332 1506 1334 1535 Ι

2223 78 2323 114 1008

1439 159 1509 195 Hic
1529 172 1633 195 verus
1655 171 1740 196 usus
1765 160 2019 196 discernendus
2047 167 2097 196 est
2115 173 2134 196 a
2155 163 2326 208 papistico

1339 217 1373 245 et
1402 209 1543 245 ethnico
1573 211 1702 253 abusu,
1744 212 1805 257 qui
1831 213 2049 246 ceremonias
2070 213 2118 247 ita
2142 212 2326 255 faciebant,

1339 262 1439 306 quasi
1455 268 1569 296 essent
1584 262 1707 296 merita
1723 262 1941 296 remissionis
1957 270 2190 305 peccatorum.
2225 263 2327 298 Post·
2374 290 2380 298 ,

1341 323 1447 357 quam
1472 312 1546 345 dixi
1568 312 1612 345 de
1630 312 1764 354 causis,
1791 320 1824 346 et
1848 314 1892 346 de
1916 324 1982 347 usu
2006 313 2329 354 Sacramentorum,

1342 362 1568 406 generaliter,
1595 362 1754 407 proxime
1777 363 1882 396 etiarn
1905 364 1948 397 de
1972 370 2068 398 textu
2091 370 2124 398 et
2147 365 2192 398 de
2217 363 2328 399 Missa

1344 413 1512 447 dicemus.

1551 493 1740 543 Accipiens
1757 494 1863 531 Iesus·
1880 509 2031 545 panem,
2064 503 2125 535 etc.

1448 562 1607 597 Primum
1633 575 1741 608 pauca
1764 563 1846 597 volo
1865 564 1980 598 dicere
1997 565 2041 598 de
2055 564 2164 599 Missa
2187 565 2333 610 papisti-
2382 592 2383 595 η

1348 626 1405 656 ca,
1429 620 1469 647 ut
1484 625 1546 647 vos
1563 614 1696 655 sciatis,
1719 613 1834 660 qualis
1850 614 1955 649 fuerit
1971 627 2069 649 error
2085 616 2121 648 in
2139 622 2211 649 toto
2228 628 2332 650 mun-
2377 633 2381 639 -

1349 666 1417 708 do,
1449 671 1481 698 et
1511 666 1605 709 apud
1630 664 1789 710 Papistas
1812 662 1928 699 adhuc
1951 665 2013 707 sit,
2044 673 2077 700 et
2099 666 2174 700 sitis
2196 667 2334 705 moniti,

1349 722 1388 750 ut
1420 715 1521 749 illum
1551 722 1688 750 tantum
1716 727 1871 750 errorem
1895 723 1929 751 et
1954 716 2214 750 idololatricum
2239 718 2336 751 dete·
2387 743 2389 746 v

1353 766 1505 800 stemini.

1452 815 1613 859 Papistae
1641 816 1807 852 dixerunt
1838 823 1872 850 et
1897 817 2038 859 dicunt,
2072 828 2170 852 suam
2194 816 2336 850 missam

1352 879 1425 901 essa
1450 867 1666 901 oblationem
1692 879 1753 901 seu
1777 868 2004 907 sacrificium,
2033 868 2126 913 quod
2149 867 2193 901 sit
2217 879 2337 901 neces-
2386 874 2388 904 .'

1351 918 1482 952 sarium
1512 915 1711 959 Ecclesiae,
1746 925 1779 952 et
1808 927 1984 952 mereatur
2016 918 2158 951 facienti
2189 924 2222 951 et
2249 918 2339 959 aliis,
2374 948 2378 951 .

1354 981 1416 1012 pro
1447 968 1576 1013 quibus
1608 969 1664 1009 fit,
1698 969 1938 1002 remissionem
1969 976 2212 1014 peccatorum,
2249 968 2338 1003 sicut

1352 1017 1534 1053 Pharisaei
1564 1019 1744 1059 dicebant,
1777 1031 1813 1053 se
1845 1020 1972 1053 mereri
2003 1019 2246 1054 remissionem
2270 1019 2337 1053 sibi
2381 1053 2384 1055 .

1353 1077 1387 1104 et
1404 1070 1502 1110 aliis,
1529 1070 1702 1103 mactione
1722 1070 1907 1115 pecudum.

1453 1119 1550 1154 Haec
1571 1120 1694 1164 opinio
1722 1128 1772 1155 est
1796 1132 1913 1161 error,
1939 1126 1972 1153 et
1997 1125 2128 1164 pugnat
2150 1131 2229 1154 cum
2246 1120 2339 1155 dicto

1353 1172 1396 1205 ad
1413 1170 1585 1206 Ebraeos:
1615 1169 1693 1205 Una
1710 1171 1890 1205 oblatione
1912 1171 2167 1205 consummavit
2182 1169 2341 1206 Sanctus.

1456 1220 1543 1255 Item
1563 1229 1693 1266 pugnat
1711 1234 1789 1255 cum
1808 1222 1919 1256 dicto:
1949 1221 2065 1255 Iustus
2082 1221 2148 1254 fide
2166 1232 2227 1255 sua
2244 1222 2343 1256 vivit.

1357 1271 1429 1306 Iam
1458 1272 1485 1304 si
1504 1284 1592 1316 opus
1608 1272 1791 1306 sacrificuli
1810 1279 1964 1307 meretur
1979 1272 2244 1316 remissionem,
2268 1285 2341 1307 non

1356 1323 1526 1366 accipitur
1543 1323 1699 1356 remissio
1718 1323 1796 1355 lide.

1458 1372 1677 1405 Firmissime
1701 1373 1810 1416 igitur
1831 1372 2023 1405 tenendum
2048 1379 2116 1413 est,
2142 1373 2237 1418 quod
2255 1385 2345 1421 opus

1357 1422 1540 1456 sacrificuli
1575 1435 1646 1456 nou
1680 1429 1856 1456 mereatur
1888 1422 2151 1462 remissionem,
2186 1430 2217 1457 et
2246 1425 2345 1471 quod

1357 1484 1480 1507 omnes
1499 1472 1626 1506 Missae
1643 1473 1831 1518 papisticae
1848 1484 1910 1516 pro
1928 1473 2017 1506 vivis
2033 1481 2065 1507 et
2081 1474 2247 1515 mortuis,
2274 1475 2347 1509 sint

1359 1523 1613 1558 idololatricae.
1667 1523 1710 1557 Et
1732 1535 1834 1557 nemo
1854 1523 1956 1556 debet
1973 1524 2014 1556 ad
2035 1535 2092 1557 eas
2107 1525 2287 1565 accedere,
2313 1531 2347 1559 et

1343 1570 1577 1607 'horrendum
1595 1581 1645 1607 est
1662 1574 1834 1616 cogitare,
1861 1580 1994 1607 tantam
2013 1574 2249 1609 idololatriam
2269 1587 2347 1620 per-

1333 1651 1336 1660 ,
1359 1624 1487 1657 vasisse
1517 1624 1552 1657 in
1578 1624 1790 1665 Ecclesiam,
1823 1632 1855 1659 et
1879 1631 1948 1658 tam
1974 1625 2041 1659 late
2065 1633 2239 1674 receptam
2264 1637 2348 1660 esse.

1359 1673 1514 1708 Oremus
1544 1682 1659 1708 autem
1691 1676 1829 1718 Deum,
1870 1681 1911 1708 ut
1942 1675 2016 1719 ipse
2047 1677 2230 1717 emendet,
2265 1677 2349 1722 quia

1360 1726 1458 1759 nulla
1481 1726 1652 1769 sapientia
1675 1732 1735 1759 aut
1760 1725 1914 1769 potentia
1941 1723 2127 1760 hominum
2151 1725 2246 1761 hunc
2270 1734 2349 1762 tan·
2383 1742 2386 1748 ·

1361 1783 1434 1809 tum
1467 1788 1621 1809 errorem
1650 1777 1773 1810 tollere
1796 1783 1926 1820 potest,
1957 1777 2015 1810 sed
2040 1777 2150 1811 solius
2172 1777 2239 1813 Dei
2262 1790 2350 1822 opus

425 1825 526 1859 Sicut
556 1820 734 1856 Pharisaei
772 1821 966 1857 doceb-'¹¹¹1’
1011 1818 1142 1852 remini
1175 1825 1313 1862 P‘Cffllfl
1363 1832 1432 1867 est,
1460 1823 1553 1860 hunc
1574 1827 1836 1861 idololatricum
1855 1827 1988 1861 cultum
2005 1827 2133 1869 delere,
2158 1835 2191 1863 et
2207 1840 2273 1863 nos
2287 1830 2350 1863 de-

322 1884 467 1927 propter
498 1886 559 1907 sua
591 1871 757 1906 sacrificia
787 1877 820 1904 et
846 1870 1093 1926 ῐῐῑὸῖῐᾶῐῖὓῐὶῗδ,
1123 1876 1155 1902 ⁰1
1180 1870 1221 1902 (¹⁹
1246 1869 1314 1902 fide
1337 1882 1339 1899 ¹
1363 1879 1525 1910 heremus
1555 1878 1674 1911 dolere
1707 1885 1850 1922 propter
1873 1884 2008 1911 tantum
2034 1890 2188 1912 errorem
2213 1880 2349 1917 mundi.

324 1938 468 1975 prorsus
488 1922 578 1957 nihil
598 1923 774 1956 dicebaut:
804 1921 850 1954 ita
877 1920 1033 1976 populus.
1047 1932 1082 1951 in
1101 1918 1235 1963 Papam
1254 1931 1314 1952 cu-
1338 1922 1339 1938 ¹
1363 1935 1394 1961 (η
1414 1935 1556 1972 propte.-
1574 1935 1705 1962 tantam
1724 1928 1972 1962 contumeliam
1985 1927 2067 1970 Dei,
2095 1936 2126 1963 ρ(
2144 1930 2352 1965 deberemus

325 1979 436 2014 currit
453 1977 494 2010 ad
513 1985 656 2008 coenam
673 1970 839 2010 D⁰¹¹¹3¹¹iv
867 1978 897 2004 ‘³¹
917 1978 1049 2014 Ρῦῑ-ῚῊῙ
1069 1982 1102 2003 ⁵⁸
1117 1969 1183 2003 ¹¹⁰0
1200 1982 1316 2013 Opere·
1338 2008 1339 2015 ,
1363 1977 1476 2012 Deum
1498 1991 1600 2022 saepe
1626 1991 1746 2022 orare,
1781 1986 1819 2013 ut
1845 1979 1918 2024 ipse
1942 1977 2033 2013 lianc
2057 1987 2190 2014 tantam
2214 1981 2351 2015 abomi-

325 2039 358 2064 et
376 2027 441 2062 hac
461 2023 659 2059 obedientia
679 2022 803 2055 mereri
822 2021 1063 2054 remissionem
1083 2027 1316 2064 peccatorum.
1366 2029 1544 2063 „ationem
1563 2030 1706 2063 deleret,

325 2080 422 2114 Haec
453 2076 588 2110 insania
620 2081 669 2107 est
696 2083 820 2115 magna
846 2072 1058 2107 idololatria.
1119 2070 1186 2105 Sed
1212 2072 1339 2105 debes'
1467 2079 1538 2113 Nec
1570 2081 1650 2113 voto
1680 2080 1850 2124 prolixius
1883 2080 2074 2124 disputare.
2139 2081 2352 2129 Quanquam

327 2131 428 2169 scire,
455 2127 548 2173 quod
567 2123 650 2158 haec
669 2131 725 2157 tua
743 2123 872 2156 sumtio
891 2123 943 2179 vel
963 2122 1164 2155 obedientia
1183 2134 1316 2168 nequa·
1338 2154 1341 2172 3
1366 2130 1459 2164 enim
1489 2143 1583 2164 nunc
1606 2129 1766 2165 homines
1789 2131 1894 2165 astuti
1921 2132 2057 2173 fingunt
2081 2133 2210 2167 multas
2233 2132 2353 2178 sophi·

327 2193 432 2227 quam
470 2179 512 2211 sit
542 2176 706 2209 meritum
740 2174 956 2206 remissionis
985 2179 1223 2216 t‘t'f02110s¹¹m‚
1257 2174 1316 2206 ⁵⁰¹¹
1339 2183 1341 2222 ζ
1366 2181 1468 2214 sticas
1485 2182 1615 2223 glossas
1630 2183 1671 2215 ad
1690 2183 1948 2215 defendendam
1968 2182 2113 2216 Missam
2138 2184 2355 2228 papisticam‚

329 2232 423 2277 quod
443 2229 534 2262 filius
553 2225 614 2260 Dei
636 2237 696 2258 sua
715 2231 828 2257 morte
847 2223 1014 2256 meruerit
1035 2223 1135 2255 nobis
1152 2225 1318 2256 omnibus
1339 2264 1342 2284 λ
1367 2240 1483 2266 tame„
1515 2239 1651 2266 mmm„
1684 2240 1763 2267 snm
1795 2231 2023 2276 sophssticae,
2057 2241 2089 2268 (η
2113 2236 2354 2278 ρχςοεῑμηῃη-

328 2281 593 2318 remissionem,
618 2284 649 2310 et
674 2274 763 2308 hanc
788 2281 948 2319 oportere
969 2275 1034 2307 tide
1057 2275 1163 2318 accipi
1184 2275 1219 2307 in
1239 2287 1317 2308 vera
1340 2290 1342 2329 ᾗ
1367 2284 1410 2316 nd
1443 2284 1672 2316 stabiliendos
1703 2295 1856 2323 errores,
1891 2284 1962 2317 imo
1993 2285 2176 2319 eunmlant
2205 2299 2352 2327 errores,

330 2329 560 2378 poenitentia.

1338 2334 1343 2377 Ι
1368 2334 1457 2367 sicut
1484 2334 1573 2367 liber
1601 2333 1763 2373 iuterim.
1790 2341 1823 2369 et
1839 2334 1965 2377 scripta
1983 2335 2135 2368 Sidonii.
2189 2336 2282 2371 llaec
2298 2350 2354 2372 sa·

434 2390 554 2424 Postea
573 2399 654 2420 vero
671 2384 755 2419 llaec
774 2384 902 2418 sumtio
921 2384 984 2417 tibi
1002 2390 1051 2418 est
1071 2384 1320 2425 testimonium,
1340 2381 1343 2421 f
1368 2385 1411 2418 tis
1428 2385 1472 2419 sit
1489 2385 1616 2418 dixisse
1633 2387 1676 2418 de
1694 2385 1802 2419 Missa
1821 2385 1998 2429 papistica.

331 2442 426 2489 quod
446 2439 630 2485 promissio
648 2437 750 2470 etiam
770 2437 811 2468 ad
831 2443 863 2468 te.
879 2435 1071 2479 pertineat,
1098 2442 1129 2468 et
1147 2448 1244 2469 meus
1261 2444 1318 2470 tua
1340 2441 1343 2476 j
1472 2435 1563 2468 Volo
1587 2443 1617 2469 et
1643 2433 1708 2469 hoc
1733 2436 1910 2479 confiteri,
1939 2436 2032 2480 quod
2054 2434 2144 2470 nihil
2164 2444 2214 2472 est
2231 2437 2355 2473 Sacra-

333 2495 511 2527 intueatur
530 2489 657 2522 Filium
674 2487 736 2520 Dei
755 2487 932 2519 sedentem
951 2487 991 2518 ad
1012 2487 1168 2519 dextram
1187 2488 1319 2521 aeterni
1369 2493 1547 2526 mentum,
1583 2487 1649 2520 nisi
1674 2487 1709 2519 in
1734 2498 1796 2520 suo
1821 2498 1905 2523 usu.
1933 2487 2020 2521 sicut
2047 2487 2220 2523 institutio
2242 2497 2354 2525 sonat.

334 2544 464 2579 Patris,
498 2541 557 2585 qui
589 2547 619 2572 te
647 2539 713 2571 iam
742 2538 821 2570 facit
848 2537 1044 2569 membrum
1072 2537 1125 2569 soi
1151 2539 1318 2581 corporis,
1340 2540 1343 2581 ᾗ
1369 2536 1415 2571 Et
1438 2550 1516 2571 cum
1540 2549 1646 2571 coena
1664 2536 1808 2570 Domini
1834 2537 1990 2571 instituta
2010 2538 2053 2572 sit
2070 2539 2112 2571 ad
2132 2540 2356 2579 sumtionem,

335 2602 366 2627 et
399 2593 509 2626 niulto
535 2598 614 2623 ante
639 2589 765 2621 meruit
791 2588 853 2621 tibi
881 2588 1140 2628 remissionem,
1174 2595 1205 2621 ct
1232 2589 1320 2629 vult,
1341 2609 1344 2626 .
1369 2588 1550 2622 sciendum
1590 2594 1657 2625 est,

1710 2587 1804 2621 illam
1839 2589 2130 2622 consuetudinem
2163 2589 2354 2635 circumge-

334 2653 372 2678 ut
390 2652 420 2677 te
437 2642 666 2687 promissione
684 2652 743 2673 sua
763 2638 966 2673 consoleris.

1340 2631 1345 2689 Ι
1370 2639 1486 2674 standi
1515 2651 1641 2683 panem
1671 2649 1744 2672 esse
1770 2639 2025 2674 idololatricam
2041 2646 2074 2674 et
2092 2640 2305 2686 fugiendam.
