2409 2915
245 88 342 125 1095

246 175 296 210 ita
322 175 519 218 desperant.
587 170 698 205 Porro
730 168 815 204 haec
837 172 1010 205 sententia
1034 178 1068 205 et
1091 169 1238 203 inferior

246 223 380 260 Christi
402 222 623 256 divinitatem
647 222 815 269 probant.
877 221 966 254 Nam
987 221 1016 254 si
1045 229 1142 265 pater
1165 232 1237 253 non

249 281 416 320 operatur
440 273 516 306 sine
541 272 632 311 filio,
656 279 708 312 et,
734 279 774 306 ut
798 279 916 317 postea
942 272 1047 312 dicit,
1077 272 1168 305 filius
1191 271 1237 303 si-

249 325 380 359 militer
395 323 439 367 ⁶),
465 324 488 357 i.
506 335 535 358 e.
559 323 634 367 pari
659 323 814 366 potentia
840 335 919 356 cum
943 329 1039 367 patre
1061 329 1239 366 operatur,

249 386 388 409 necesse
411 381 480 418 est,
507 373 618 407 filium
637 371 752 407 Deum
769 385 860 412 esse,
888 373 1063 418 siquidem
1084 373 1157 416 pari
1178 384 1239 415 po-

249 426 359 459 tentia
383 437 462 458 cum
489 431 587 468 patre
610 430 786 467 operatur.
837 423 934 466 Quid
960 424 1068 467 igitur
1090 423 1119 456 si
1146 430 1241 466 pater

249 483 284 510 et
298 476 392 510 filius
409 475 530 509 omnia
556 475 791 508 communiter
813 475 970 508 faciunt?
997 487 1058 508 eur
1076 474 1168 506 filius
1186 473 1239 505 iu-

251 526 345 560 dicat
370 533 405 560 et
421 532 519 570 pater
541 537 614 559 non
641 524 796 558 iudicat?
839 523 933 558 Huic
958 524 1155 569 quaestioni
1186 535 1240 555 re—

249 577 400 620 spondet
416 574 580 611 Christus
596 576 707 616 iufra,
731 587 810 608 cum
831 576 937 610 dicit:
964 574 1071 609 Dedit
1089 581 1237 618 potesta-

250 634 322 661 tem
339 627 511 661 iudiciuin
530 627 653 665 facere,
681 626 764 671 quia
780 624 876 660 filius
901 624 1057 660 hominis
1075 632 1143 668 est,
1173 625 1196 659 i.
1214 635 1242 656 e·

252 678 345 711 idem
371 685 422 712 est
444 677 614 710 iudicium
648 677 757 720 patris
790 684 823 711 et
856 677 919 710 filii
954 678 992 710 in
1025 675 1242 710 abscondito,

250 728 346 762 Deus
363 728 455 761 enim
477 728 513 760 in
533 728 739 762 abscondito
762 727 912 767 iudicat,
936 729 993 760 sed
1015 726 1170 760 executio
1188 725 1241 757 iu—

252 779 337 812 dicii
356 779 538 811 manifesta
558 779 621 811 filii
646 785 714 818 est,
743 778 856 821 palam
884 779 921 812 in
947 790 1049 810 carne
1070 788 1241 820 apparen-

252 829 310 862 tis.
362 827 410 862 Et
426 841 466 862 ex
485 826 539 862 bis
559 829 750 872 intelligas,
778 841 866 872 quae
891 829 935 861 sit
963 829 1074 870 gloria
1098 825 1241 860 Christi,

252 878 343 913 Nam
368 892 445 913 cum
470 880 641 913 iudicium
665 880 774 912 solius
791 878 855 912 Dei
881 879 943 921 sit,
973 879 1104 911 iudicet
1126 884 1241 910 autem

253 927 436 969 Christus,
463 942 601 963 necesse
618 937 684 968 est,
711 929 824 962 Deum
846 940 918 961 esse
934 926 1128 962 Christum.
1161 927 1242 960 ldeo

253 978 311 1014 hic
321 978 482 1014 Christus
500 980 656 1013 subiicit:
677 978 723 1012 Ut
741 991 864 1012 omnes
881 977 1115 1012 honorificent
1132 978 1241 1011 filium

253 1031 342 1064 sicut
360 1029 596 1064 honorificant
618 1036 766 1073 patrem3
802 1029 838 1063 id
860 1037 927 1069 est,
963 1030 1052 1063 sicut
1071 1029 1241 1062 confiten—

254 1088 323 1119 tur,
351 1087 484 1124 patrem
502 1080 616 1114 Deum
634 1091 720 1120 esse,
747 1081 795 1114 ita
814 1081 1059 1119 confiteantur,
1086 1079 1242 1114 etfilium

252 1130 368 1165 Deum
397 1143 481 1165 esse.
534 1131 624 1164 Nam
653 1131 683 1163 si
714 1131 860 1173 gloriam
886 1143 983 1164 suam
1016 1130 1113 1164 Deus
1142 1130 1241 1164 alteri

254 1193 327 1215 non
345 1182 458 1222 dedit,
486 1193 624 1214 necesse
640 1188 708 1222 est,
736 1180 847 1214 Deum
864 1194 936 1215 esse
952 1179 1154 1222 Christum,
1181 1181 1242 1226 qui

255 1232 304 1266 sic
318 1232 429 1266 filium
447 1239 484 1266 ut
502 1239 634 1277 patrem
653 1229 960 1267 honorificandum
980 1244 1050 1266 esse
1072 1233 1169 1267 dicit.

355 1330 436 1380 Qui
456 1331 600 1367 verbum
625 1343 741 1366 meum
767 1330 893 1374 audit,
917 1337 948 1366 et
972 1330 1081 1366 credit
1098 1332 1141 1368 ei.

358 1408 455 1452 Quid
486 1416 601 1443 autem
631 1406 867 1442 honorificare
894 1409 956 1449 sit,
990 1409 1063 1453 ipse
1089 1408 1243 1451 exponit,

256 1471 335 1495 cum
352 1460 416 1493 ait:
445 1458 517 1502 Qui
533 1460 678 1492 verbum
699 1471 814 1492 meum
830 1460 928 1493 audit
944 1466 973 1493 et
992 1460 1102 1492 credit
1121 1459 1162 1497 ei,
1185 1459 1205 1491 i.
1215 1471 1242 1493 e.

256 1512 398 1545 credere
418 1508 531 1543 honos
550 1517 616 1550 est,
640 1510 698 1554 qui
719 1507 805 1542 mihi
827 1507 1022 1543 exhibetur.
1065 1508 1123 1542 ‘Et
1141 1510 1241 1542 dein-

256 1562 315 1595 de:
343 1560 441 1595 Sicut
458 1558 514 1593 hic
528 1558 642 1593 honos
658 1558 745 1593 mihi
763 1558 966 1598 exhibetur,
985 1561 1040 1595 ,ita
1066 1560 1158 1592 idem
1177 1557 1241 1592 ho—

255 1623 320 1646 nos
351 1611 441 1656 patri
471 1608 693 1648 exhibeatur,
728 1617 766 1644 ut
797 1612 975 1651 credatur,
1010 1612 1126 1655 quod,
1154 1611 1242 1644 sicut

256 1674 331 1696 mea
359 1662 522 1695 voluntas
547 1669 595 1695 est
619 1669 650 1694 et
672 1662 708 1694 in
729 1658 795 1694 hoc
821 1662 919 1701 veni,
953 1668 991 1695 ut
1015 1662 1167 1699 salvem,
1197 1661 1242 1693 ita

256 1713 364 1758 patris
381 1713 596 1746 voluntatem
616 1724 687 1745 osse
701 1739 709 1751 ,
737 1712 826 1745 velle
844 1713 990 1747 salvare.
1044 1713 1129 1745 Item
1148 1713 1240 1758 quod

256 1764 357 1797 dicit:
382 1762 453 1805 Qui
475 1776 547 1795 non
566 1761 774 1796 honorificat
792 1764 922 1803 filiurn,
949 1763 1008 1796 ille
1027 1775 1089 1795 nec
1111 1770 1241 1807 patrem

256 1813 485 1855 honorificat,
515 1815 548 1846 id
576 1821 624 1847 est
642 1815 736 1858 quod
759 1814 844 1846 alias
861 1814 963 1848 dicit:
991 1812 1066 1857 Ego
1083 1826 1158 1847 sum
1178 1814 1243 1853 via,

258 1866 279 1898 i.
296 1878 323 1898 e.
349 1873 447 1908 pater
465 1865 624 1907 cognosci
650 1865 716 1897 nisi
743 1876 804 1908 per
820 1862 1000 1899 Christum
1026 1878 1098 1898 non
1124 1871 1243 1908 potest.

256 1915 304 1950 At
321 1927 382 1959 per
394 1913 573 1948 Christum
592 1927 818 1958 cognoscere,
852 1923 899 1949 est
926 1917 960 1948 in
988 1917 1097 1948 wrho
1122 1916 1242 1948 crucis.

254 1965 494 2009 Cognoscere,
520 1964 584 1997 hoc
608 1973 675 2002 est,
703 1972 742 1999 ut
764 1972 855 2004 tum,
881 1979 958 1998 cum
976 1966 1149 1999 morimur
1165 1979 1242 1999 cnm

256 2015 417 2056 Christo,
444 2018 593 2049 sciamus
617 2017 833 2050 voluntatem
852 2017 959 2060 patris
976 2029 1068 2061 esse,
1098 2017 1243 2050 resusci-

256 2076 330 2103 tare
347 2079 412 2101 nos
431 2079 509 2100 cum
528 2064 682 2102 Christo.

358 2134 402 2167 Et
420 2131 502 2167 haec
521 2134 661 2179 quidem
680 2135 722 2166 de
738 2134 850 2178 prima
875 2141 990 2178 parte,
1016 2148 1104 2180 quae
1127 2136 1241 2169 reddit

256 2186 428 2220 rationem
459 2185 578 2218 violati
610 2185 765 2226 sabbati,
802 2186 883 2230 quia
911 2185 1001 2217 idem
1031 2187 1109 2220 sarit
1136 2194 1240 2230 pater.

256 2236 368 2270 Porro
401 2236 582 2269 sabbatum
610 2236 754 2275 violari,
789 2243 839 2269 est
866 2236 974 2279 legem
998 2237 1086 2271 tolli.
1144 2237 1239 2270 Tolli

256 2296 370 2321 autern
398 2287 506 2329 legem
529 2294 577 2319 est
599 2287 704 2319 adimi
732 2285 901 2320 honorem
927 2288 1027 2330 patri.
1080 2286 1241 2321 Christus

256 2351 337 2380 ergo
353 2350 431 2371 cum
453 2337 544 2371 tollit
563 2337 684 2378 legem,
703 2339 814 2378 docet,
839 2338 912 2379 loge
928 2351 997 2371 nou
1018 2337 1238 2372 honorificari
1266 2362 1267 2367 ,

257 2397 400 2433 patrem.

256 2440 293 2472 Si
312 2440 430 2473 erc-das
450 2439 483 2470 in
512 2438 635 2473 lilium.
690 2438 755 2472 llic
779 2437 892 2473 honos
911 2447 957 2474 est
971 2467 980 2481 ‚
1005 2453 1074 2486 quo
1093 2452 1127 2474 se
1146 2450 1241 2484 pater

257 2488 479 2523 honorificari
502 2490 594 2526 vult.
624 2503 694 2522 non
713 2491 796 2534 lege.

290 2658 321 2685 ἢ)
340 2659 432 2679 secer,
455 2657 622 2686 eimpnsitvr
646 2665 694 2687 pro
716 2659 863 2683 nnuma.
883 2666 913 2682 ex
934 2662 1030 2683 monuo

838 85 962 123 PHIL.
989 82 1106 120 MEL.
1134 82 1343 120 SCRIPTA
1370 81 1670 120 EXEGETICA.

1265 2595 1270 2678 Ι

2178 87 2276 125 1096

1429 190 1507 226 Sed
1525 204 1589 239 ego
1612 193 1858 228 testimonium
1881 191 2054 242 perhibeo
2081 199 2143 232 etc.

1390 267 1516 302 Paullo
1532 276 1612 303 ante
1628 269 1666 303 in
1690 271 1868 304 reddenda
1893 270 2031 305 ratione
2050 271 2175 306 violati
2195 274 2277 308 sab-

1291 318 1361 353 bati
1385 319 1492 362 patris
1516 320 1737 355 autoritatem
1763 328 1922 355 causatus
1947 328 2017 360 est,
2044 334 2116 368 quo
2139 323 2216 357 loco
2235 336 2277 359 eo

1291 369 1424 409 tcndit,
1449 381 1522 402 non
1547 381 1619 403 esse
1643 371 1816 404 iusticiam
1843 373 2123 406 observationem
2138 374 2278 409 sabbati

1291 420 1484 460 carnalem,
1510 420 1534 455 i.
1550 432 1578 455 e.
1592 432 1682 461 eam,
1707 433 1796 466 quae
1812 434 1884 457 non
1901 430 1950 457 est
1966 436 2005 456 ex
2022 424 2102 465 fide,
2125 425 2186 458 sed
2204 437 2279 459 cre-

1291 472 1385 505 dere.
1437 469 1496 504 Sic
1519 471 1613 504 enirn
1638 471 1702 506 ait:
1744 470 1816 515 Qui
1839 475 1984 507 verbum
2018 486 2135 508 meum
2168 476 2279 515 audit,

1291 519 1399 554 habet
1415 521 1523 554 vitam
1540 529 1728 556 aeternam.
1780 521 1826 556 Et
1840 520 1922 557 haec
1937 525 2079 570 quidem
2096 523 2278 562 hactenus.

1292 571 1395 605 Nunc
1418 572 1567 618 probat,
1604 584 1640 606 se
1665 583 1682 605 a
1708 579 1805 616 patre
1827 574 1971 608 missum
1994 586 2084 616 esse,
2124 576 2280 620 primum

1293 622 1492 660 miraculis,
1541 624 1696 656 secundo
1739 623 1938 658 testimonio
1971 624 2133 665 Ioannis,
2177 627 2281 662 tertio

1292 673 1487 716 scripturis.
1547 672 1710 717 Pugnare
1729 674 1869 707 videtur
1893 673 1974 709 haec
2001 677 2174 710 sententia
2200 689 2279 711 cum

1294 736 1353 763 ea,
1384 736 1472 768 quae
1499 731 1549 757 est
1577 735 1650 768 cap.
1676 722 1792 760 VllL:
1827 723 1875 758 Et
1900 725 1929 758 si
1953 737 2014 769 ego
2041 727 2281 761 testimonium

1294 771 1466 817 prohibeo
1499 775 1542 807 de
1570 786 1625 808 me
1654 775 1748 818 ipso,
1795 786 1917 809 verum
1954 784 2003 810 est
2039 778 2281 812 testimonium

1293 836 1422 858 meum.
1473 823 1703 869 Respondeo:
1730 825 1828 860 Sicut
1844 826 1930 859 alias
1946 826 2001 870 (ut
2017 826 2054 860 in
2078 825 2145 862 hoc
2166 829 2279 872 capite

1293 886 1372 908 cum
1389 875 1489 910 dicit:
1517 875 1597 909 Non
1614 888 1744 920 quaero
1762 877 1979 911 voluntatem
2004 878 2133 923 meam)
2159 881 2207 912 ita
2224 878 2282 913 hic

1294 938 1434 970 quoque
1458 927 1578 967 docet,
1613 938 1648 960 se
1670 928 1766 960 nolle
1788 929 1981 961 secundum
2007 940 2147 962 carnem
2174 930 2285 971 nosci,

1295 976 1330 1009 id
1359 977 1454 1019 quod
1480 984 1512 1010 et
1536 977 1644 1010 infra:
1687 976 1778 1012 Caro
1803 990 1876 1011 non
1911 979 2054 1022 prodest
2077 980 2283 1026 quicquam3

1294 1027 1436 1071 spiritus
1453 1034 1503 1061 est
1519 1029 1579 1073 qui
1596 1027 1757 1062 vivificat.
1801 1027 1937 1063 Volunt
1956 1037 2071 1064 autem
2089 1032 2282 1064 secundum

1295 1089 1434 1111 carnem
1454 1090 1575 1119 nosse,
1598 1079 1659 1124 qui
1682 1080 1779 1122 signa
1803 1086 1928 1123 petunt
1951 1079 2283 1124 comprehensibilia

1295 1129 1391 1161 carni
1403 1155 1411 1169 ‚
1436 1129 1527 1163 sicut
1543 1129 1663 1164 Iudaei
1680 1131 1830 1174 probant
1848 1128 1977 1166 Mauh.
1994 1130 2094 1167 XVI.
2146 1131 2204 1166 Sic
2222 1144 2284 1177 pe-

1296 1186 1374 1213 tunt
1394 1191 1534 1221 omnes,
1568 1181 1630 1226 qui
1653 1193 1727 1215 non
1751 1181 1908 1215 contenti
1930 1181 2054 1222 verbo,
2089 1183 2183 1227 quod
2208 1183 2284 1231 ipse

1296 1228 1457 1264 Christus
1475 1238 1544 1272 est,
1570 1243 1710 1265 carnem
1727 1230 1858 1266 Christi
1883 1233 2079 1277 requirunt.
2131 1231 2178 1267 Et
2198 1231 2283 1268 haec

1296 1287 1345 1314 est
1361 1282 1520 1315 omnium
1538 1282 1784 1324 incredulitas,
1811 1283 1899 1317 scire
1916 1283 2024 1324 velle,
2052 1284 2193 1318 credere
2210 1295 2284 1318 non

1296 1331 1403 1366 velle:
1451 1333 1571 1376 quales
1599 1341 1682 1367 sunt
1705 1334 1766 1378 qui
1789 1334 2022 1367 offenduntur
2047 1335 2286 1378 praedestina-

1296 1381 1404 1417 tione.
1464 1382 1646 1416 Postremo
1677 1381 1859 1417 Christum
1909 1386 2103 1417 secundum
2143 1397 2283 1418 carnem

1296 1439 1446 1472 norunt,
1501 1433 1562 1478 qui
1603 1434 1820 1475 doctrinam,
1864 1445 1970 1478 opus..
2003 1435 2218 1469 ceremonias
2250 1442 2283 1470 et

1295 1483 1463 1527 quicquid
1488 1491 1536 1517 est
1553 1481 1706 1525 Christi,
1732 1485 1919 1518 carnaliter
1939 1485 2135 1519 imitantur.
2172 1485 2240 1520 Sed
2256 1486 2283 1521 ii

1295 1545 1367 1566 non
1391 1540 1474 1567 suut
1497 1534 1617 1577 digni,
1655 1542 1693 1568 ut
1726 1532 1784 1568 hic
1810 1542 2065 1570 recenseantur.
2119 1534 2286 1579 Proinde,

1296 1596 1373 1617 cum
1398 1592 1519 1627 negat,
1561 1596 1596 1617 se
1628 1596 1700 1619 esse
1730 1585 1790 1630 qui
1816 1585 2057 1619 testimonium
2083 1586 2126 1619 de
2149 1597 2185 1620 se
2207 1587 2284 1632 ipso

1296 1631 1497 1678 perhibeat,
1534 1642 1658 1677 negat,
1693 1647 1790 1669 suam
1822 1648 1960 1669 carnem
1986 1647 2058 1669 esse
2083 1637 2178 1671 unde
2204 1649 2284 1672 ver-

1297 1686 1379 1717 bum
1399 1686 1654 1729 proficiscatur:
1690 1687 1780 1720 sicut
1802 1693 1882 1720 ante
1899 1687 2004 1728 dixit,
2032 1699 2067 1720 se
2085 1699 2156 1720 non
2173 1699 2284 1727 suam,

1297 1737 1354 1769 sed
1394 1737 1609 1770 voluntatem
1645 1737 1750 1781 patris
1781 1749 1959 1783 quaerere.
2020 1735 2066 1771 Et
2097 1737 2187 1772 infra
2210 1751 2286 1783 cap.

1298 1785 1413 1822 Vnt:
1442 1786 1612 1821 Doctrina
1629 1800 1703 1821 mea
1729 1800 1800 1821 non
1819 1795 1867 1822 est
1894 1800 1981 1823 mea.
2034 1787 2222 1833 Propterea
2246 1789 2283 1824 in

1298 1836 1396 1871 Vlll.
1411 1851 1483 1882 cap.
1500 1839 1660 1883 apponit:
1691 1838 1763 1872 Vos
1779 1839 1971 1872 secundnm
1989 1850 2130 1872 carnem
2147 1840 2284 1875 iudica-

1296 1890 1359 1927 tis,
1386 1890 1408 1922 i.
1426 1901 1454 1924 e.
1471 1901 1551 1929 vos,
1576 1891 1636 1934 qui
1657 1887 1746 1923 nihil
1767 1891 1834 1923 nisi
1854 1888 2034 1923 hominem
2053 1890 2190 1932 videtis,
2217 1903 2284 1935 pu-

1295 1940 1395 1977 tatis,
1419 1941 1674 1981 testimonium,
1702 1941 1794 1986 quod
1813 1943 1884 1984 ipse
1901 1938 1987 1973 mihi
2007 1938 2186 1984 perhibeo.
2215 1939 2284 1976 hu-

1295 2003 1439 2024 manum
1464 2003 1556 2029 esse,
1599 2003 1637 2024 ac
1668 2004 1738 2023 non
1775 1992 1894 2037 potius
1923 1991 2099 2025 (livinum.
2153 1990 2197 2026 Et
2227 1990 2286 2027 hic

1295 2054 1373 2074 curn
1392 2043 1494 2075 dicit:
1531 2040 1576 2075 Et
1603 2042 1673 2075 scio
1698 2045 1791 2087 quod
1818 2054 1940 2075 verum
1965 2049 2013 2076 est
2039 2042 2284 2078 testimonium

1295 2092 1388 2131 eius,
1432 2105 1466 2125 se
1491 2093 1608 2126 Deum
1635 2105 1707 2126 esse
1734 2093 1923 2137 siguificat,
1963 2093 2059 2138 quod
2082 2093 2125 2127 de
2148 2105 2184 2127 se
2209 2094 2284 2140 ipso

1295 2144 1508 2179 testificetur.

1390 2252 1476 2299 J'Jgo
1500 2258 1618 2287 aulem
1645 2251 1761 2287 haheo
1788 2252 2032 2287 testimonium
2059 2255 2192 2289 maius.

1394 2338 1596 2371 Secundum
1636 2338 1875 2371 testimonium
1904 2338 1947 2370 de
1971 2335 2113 2371 Christo
2141 2337 2283 2373 loannis

462 2389 652 2431 Quomodo
692 2389 798 2428 igitur
833 2386 1089 2423 honorificatur
1122 2392 1241 2433 putor?
1265 2380 1267 2418 l
1293 2389 1532 2422 testimouium
1549 2396 1616 2428 est,
1641 2390 1735 2434 quod
1758 2401 1835 2421 cum
1856 2389 1972 2432 priore
1988 2396 2184 2432 comparat.
2213 2391 2282 2424 sti-

1265 2430 1267 2481 l
1295 2441 1373 2474 licet
1398 2452 1476 2473 cum
1501 2440 1697 2476 miraculis.
1735 2439 1915 2484 inquiens,
1946 2437 2112 2473 loannem
2138 2441 2282 2485 quidem

1294 2504 1374 2524 vere
1401 2491 1620 2524 testificatum
1652 2502 1740 2524 esse.

1294 2543 1412 2579 nium,
1438 2544 1532 2587 quod
1559 2549 1656 2585 pater
1679 2537 1848 2585 perhibet.

1295 2593 1366 2625 luni
1387 2594 1524 2635 siguum
1544 2593 1701 2625 faciebat.

1789 2490 1847 2522 sed
1879 2490 1992 2523 maius
2021 2502 2093 2523 esse
2124 2492 2281 2525 testimo-

1906 2539 2056 2574 Ioannes
2080 2541 2174 2575 enim
2198 2543 2279 2576 nul-

1757 2592 1862 2625 Addit
1883 2599 2009 2630 autem,
2037 2592 2115 2626 idco
2134 2604 2169 2626 se
2187 2593 2280 2627 mul-

1296 2644 1399 2688 tiplex
1421 2643 1660 2678 testimouium
1682 2643 1850 2685 alh-gare,
1878 2650 1914 2677 ut
1933 2644 2086 2678 credant.
