2409 2915
236 89 330 124 1155
829 84 951 121 PIIIL.
980 83 1094 119 MEL.
1120 82 1326 119 SCRIPTA
1354 81 1653 118 ExEGETtCA.
2156 83 2251 120 1156

235 175 526 209 ministrationem
546 179 577 205 et
595 171 748 205 iusticias
764 181 926 214 operum,
950 170 1011 204 ubi
1030 170 1110 203 iusti
1127 176 1221 209 sunt,

236 227 296 271 qni
331 226 418 257 bene
449 229 650 266 operantur.
711 221 768 255 Sic
793 233 863 254 non
892 223 996 254 modo
1019 220 1221 254 sentiehunt

237 277 321 308 «dim
349 274 488 314 ludaei,
521 274 580 306 sed
605 280 638 306 et
662 284 755 305 nnnc
781 272 936 305 sentiunt
962 271 1073 305 nostri
1088 272 1221 312 Iudaei,
1376 269 1551 304 Describit
1580 270 1701 305 Esaias
1728 270 1824 306 LIII.
1842 271 1953 316 capite
1985 277 2019 305 ct
2050 277 2198 304 mortem
2230 277 2263 304 et

242 325 306 358 hoc
323 331 384 364 est,
400 326 561 357 doctores
577 323 734 356 instit-iae
748 322 873 357 carnis.
901 322 948 355 At
961 333 1106 364 regnum
1118 320 1223 355 Chri—
1273 320 1421 363 gloriam
1440 318 1583 355 Christi.
1630 321 1724 364 Quia
1740 334 1821 355 vero
1838 322 1933 355 videt
1947 319 2124 366 Propheta
2141 318 2262 354 Evan-

237 377 278 409 sti
299 383 349 409 est
367 374 552 408 iustificare
568 374 692 417 spiritu
710 380 740 406 ct
760 373 895 406 salvare
912 374 1101 413 credentes,
1124 372 1222 406 nullo
1275 371 1405 414 gelium
1428 371 1503 405 sore
1529 371 1675 405 verbum
1700 373 1833 414 crucis,
1873 370 2054 407 Christum
2081 372 2263 415 apparitu-

238 427 291 459 vel
310 428 484 459 bonorum
504 425 557 458 vel
575 425 748 457 malorum
767 435 912 466 operum
938 431 1106 467 respectu,
1160 421 1222 455 Est
1276 434 1354 455 rum
1380 422 1458 455 aliis
1481 421 1622 460 formis,
1658 434 1762 466 quam
1793 435 1878 468 quas
1900 436 1980 457 caro
2007 421 2152 468 probet,
2181 422 2261 456 ideo

237 485 269 510 et
288 475 352 510 'noc
368 477 647 515 observandum,
673 475 779 519 quod,
806 471 1084 514 sicutChristus,
1111 485 1223 518 quan-
1276 473 1459 505 exclamat:
1498 471 1588 515 Quis
1612 473 1760 506 credidit
1775 480 1857 514 etc„
1890 475 1913 509 i.
1937 486 1965 509 e.
1997 474 2078 518 quia
2101 470 2264 516 Evange-

238 539 342 572 quam
369 527 556 564 moriatur,
593 533 706 559 tamen
737 531 857 567 regnat
883 525 919 556 in
945 532 1142 558 aeternum:
1178 524 1222 556 ita
1277 523 1363 555 lium
1383 523 1557 566 praedicat
1574 523 1745 556 iusticiam
1764 523 1865 565 fidei,
1890 537 1963 558 non
1985 535 2152 569 operum,
2178 535 2266 556 con—

239 579 300 622 qni
319 578 355 610 in
366 575 508 611 Christo
527 583 624 616 sunt,
653 587 854 620 quanquam
871 575 1080 613 moriamur,
1109 583 1224 608 tamen
1278 573 1420 606 demnat
1438 573 1555 606 omnia
1582 585 1687 617 opera
1712 571 1886 615 humana,
1920 575 2090 618 crucifigit
2114 585 2267 614 carnem,

239 629 375 663 vivunt.
423 627 501 661 Hoc
525 635 575 660 est
597 627 690 671 quod
710 623 906 670 Prophetae
929 626 1072 668 dicunt,
1106 635 1225 657 secure
1278 624 1356 668 quis
1375 630 1491 656 tamen
1506 623 1702 658 crediturus
1719 624 1791 658 est'?
1817 625 2014 668 paucissimi
2033 632 2134 660 certe.
2175 623 2267 658 Nam

239 677 478 717 habitaturos,
506 678 527 711 i.
541 690 568 710 e.
587 688 788 722 quanquam
805 676 1006 719 affligantur
1022 677 1081 720 qui
1093 674 1225 719 Christi
1277 674 1383 708 stulta
1401 681 1434 708 et
1450 673 1590 708 infirma
1607 675 1733 708 mundi
1747 675 1851 718 elegit
1868 673 1975 708 Deus.
2009 673 2054 709 Et
2071 672 2269 715 brachium,

240 737 341 769 sunt,
373 738 489 763 tamen
514 729 625 761 securi
648 734 750 768 sunt,
777 739 811 760 se
830 739 903 760 non
920 726 1092 770 perituros
1109 738 1192 760 esse.
1278 724 1303 759 i.
1329 737 1358 759 e.
1389 725 1545 769 potentia
1575 725 1731 766 domini,
1773 726 1829 758 cui
1857 726 2005 760 revelata
2032 725 2107 759 est?
2146 724 2268 771 Neque

1279 775 1374 808 enim
1406 776 1568 818 cognosci
1600 783 1711 820 potest
1736 776 1856 809 divina
1881 777 2056 820 potentia,
2096 775 2267 810 iudicium

1279 832 1312 859 ct
1329 825 1588 864 misericordia,
1616 827 1683 860 nisi
1702 827 1864 860 revelarit
1882 835 1990 871 pater.
2045 828 2166 872 ltaque
2184 824 2270 859 haec

342 881 434 914 Cum
452 881 624 924 scriptura
640 891 719 913 eum
738 885 836 911 vocet
852 876 1050 917 filiumDei,
1080 876 1170 912 Psal.
1184 876 1226 910 l.:
1279 876 1471 910 sententIa:
1513 875 1603 918 Quis
1627 877 1776 911 credidit
1794 884 1875 917 etc.‚
1904 878 2106 911 consolatur
2129 883 2268 911 sanctus

243 930 354 965 Filius
385 943 483 964 meus
513 942 548 964 es
583 937 640 970 tu,
680 940 742 971 ego
769 927 875 960 hodie
898 928 1002 969 genui
1028 935 1076 968 te3
1120 928 1227 960 altera
1251 925 1258 1178 1
1281 928 1448 960 adversus
1470 927 1652 967 scandala,
1687 928 1714 960 si
1740 928 1969 961 adversentur
1993 926 2133 963 Christo
2165 927 2270 961 multi

1254 1199 1257 1211 ι

1359 191 1538 233 Domine,
1565 193 1647 242 quis
1671 192 1823 228 credidit
1849 192 1999 228 auditui
2022 193 2172 228 nostro?

433 810 529 860 Quis
552 816 601 846 est
628 811 693 846 isle
713 809 820 856 filius
845 807 1034 843 hominis?

241 983 399 1026 quaestio
420 989 490 1021 est,
518 981 554 1013 in
571 992 638 1025 qua
656 991 728 1012 non
744 979 862 1011 minus
880 978 1110 1011 offenduntur
1129 979 1229 1022 impii
1282 978 1472 1021 sapientes,
1497 978 1605 1011 sancti
1623 986 1686 1013 etc.
1739 977 1850 1012 Docet
1874 978 1974 1019 item,
2002 991 2074 1012 non
2093 977 2188 1012 credi
2204 989 2268 1010 nec

243 1045 347 1077 quam
377 1033 415 1064 in
447 1031 639 1075 superiori,
680 1027 861 1063 Christum
887 1029 1084 1063 sentiebant
1110 1028 1228 1062 Iudaei
1281 1029 1441 1070 cognosci
1460 1029 1651 1072 potentiam
1669 1041 1728 1062 seu
1747 1026 1931 1062 brachium
1949 1028 2035 1071 Dei,
2060 1029 2129 1063 nisi
2148 1029 2193 1062 ab
2215 1028 2271 1066 iis,

241 1085 316 1116 sore
333 1089 509 1127 potentem
527 1081 721 1125 principem
739 1091 855 1113 coram
882 1080 1032 1113 mundo:
1067 1087 1102 1113 at
1123 1079 1230 1113 Chri-
1282 1080 1341 1124 qui
1369 1076 1582 1112 theodidacti
1602 1086 1693 1113 sunt.

242 1141 315 1167 stus
331 1133 533 1167 extenuavit
548 1144 584 1165 sc
602 1132 693 1165 infra
709 1130 1025 1164 obiectissimorum
1045 1128 1229 1164 hominum

243 1191 392 1223 sortem,
434 1191 587 1217 tentatus
622 1194 684 1225 per
714 1182 852 1222 omnia,
886 1188 924 1214 ut
955 1186 1159 1222 testaretur,
1196 1193 1231 1215 se
1486 1168 1649 1218 Quando
1679 1171 1767 1205 Vidi!
1792 1169 1956 1216 gloriam
1983 1171 2069 1205 eius.

242 1235 392 1279 ‘Ompafi
410 1235 514 1267 ¹¹0blS
534 1234 760 1278 Pallemibus‘·
1255 1266 1258 1303 Ι
1385 1247 1510 1281 Gloria
1526 1247 1608 1288 Dei,
1633 1261 1702 1294 qua
1727 1249 1867 1282 fidimus
1885 1260 1956 1282 non
1981 1248 2085 1281 nobis
2108 1249 2168 1281 sed
2184 1246 2272 1287 Deo,

357 1316 489 1352 Adhuc
509 1316 690 1352 modicum
714 1316 835 1352 lumen
858 1317 896 1351 in
925 1316 1024 1351 cobis
1053 1321 1114 1355 εει,
1255 1305 1258 1339 3
1284 1301 1426 1355 qnando
1450 1300 1593 1341 agnovit
1612 1312 1672 1332 cor
1688 1299 1876 1332 discrimen
1902 1299 2032 1342 gloriae
2047 1297 2114 1332 Dei
2138 1306 2172 1333 et
2194 1298 2273 1343 glo-

1255 1343 1259 1387 !
1284 1361 1355 1382 riae
1381 1347 1579 1383 hominum.

244 1389 280 1421 id
299 1395 370 1428 est,
398 1385 514 1420 adhuc
537 1387 635 1419 brevi
663 1393 821 1429 tempore
849 1384 1108 1428 praedicabitur
1132 1383 1232 1416 vobis
1255 1389 1259 1432 5

245 1439 402 1471 verbum.
455 1437 614 1480 Lumen,
642 1436 677 1468 id
704 1443 771 1476 est,
806 1436 952 1469 verbum
977 1435 1071 1479 quod
1098 1433 1231 1466 illumi·
1256 1434 1259 1456 ¹
1432 1435 1512 1483 Qui
1533 1435 1642 1471 credit
1669 1437 1707 1470 in
1733 1450 1804 1479 mg,
1832 1450 1904 1471 „on
1932 1435 2042 1471 credit
2066 1442 2127 1473 314--

246 1495 317 1523 nat.
393 1485 562 1521 Officium
608 1487 707 1519 verbi
745 1493 795 1520 est
832 1486 1052 1524 illuminare,
1104 1483 1233 1517 Psalm.
1605 1494 1607 1497 ·

246 1537 423 1574 CXWIL:
455 1537 614 1571 Lucerna
638 1537 786 1581 pedibus
809 1537 895 1569 meis
912 1536 1059 1569 verbum
1083 1541 1183 1567 tuum
1201 1541 1234 1567 et

246 1591 367 1623 lumen
385 1588 517 1622 semitis
535 1588 638 1628 meis,
663 1587 686 1622 i.
701 1599 729 1621 e.
747 1599 826 1627 cor,
854 1588 961 1620 verbo
972 1584 1035 1619 Dei
1054 1591 1234 1628 concepto,

247 1639 424 1683 cognoscit
447 1639 663 1673 voluntatem
682 1637 766 1678 Dei,
801 1638 889 1681 sapit
913 1637 1051 1674 eadem,
1079 1636 1154 1668 vult
1177 1647 1235 1668 ea-

248 1693 327 1724 dem
351 1702 440 1736 quae
455 1689 572 1730 Deus,
606 1689 721 1723 tendit
747 1690 890 1729 eodem,
922 1698 1090 1733 quorsum
1115 1686 1236 1728 dirigit

249 1743 418 1782 verbum,
453 1753 525 1774 non
551 1741 696 1774 confidit
719 1739 783 1773 ulli
810 1746 1010 1778 creaturae,
1046 1735 1136 1770 nihil
1162 1748 1235 1769 me-

248 1793 315 1826 tuit
332 1793 440 1826 ullius
457 1798 635 1825 creaturae
653 1791 834 1834 impetum.
887 1788 1024 1823 Deinde
1045 1796 1174 1828 monet,
1200 1794 1238 1821 ut

1386 1512 1540 1546 Orditur
1555 1522 1683 1546 novam
1701 1513 1919 1553 concionem,
1940 1513 2151 1558 proprieque
2167 1525 2274 1547 evan-

1285 1564 1441 1608 gelicam.
1495 1562 1675 1606 Primum,
1703 1565 1798 1596 unde
1822 1564 1867 1597 sit
1893 1564 2086 1607 profectum
2113 1561 2276 1608 Evange-

1287 1616 1394 1655 lium,
1429 1626 1510 1647 nam
1536 1615 1580 1647 de
1609 1626 1649 1647 eo
1673 1614 1749 1647 loco
1775 1615 1977 1659 frequenter
2008 1614 2207 1658 disputatur
2238 1615 2277 1648 in

1286 1664 1351 1699 hac
1369 1671 1440 1699 tota
1458 1662 1626 1705 historia,
1652 1671 1684 1698 et
1706 1665 1943 1708 disputabitur
1965 1665 2132 1698 omnibus
2152 1664 2277 1699 seculis

1258 1721 1262 1730 ’
1287 1718 1330 1751 de
1355 1716 1541 1750 autoritate
1569 1713 1754 1758 Evangelii
1777 1728 1838 1756 eo,
1866 1717 1960 1761 quod
1980 1716 2034 1748 lex
2062 1727 2140 1749 cum
2158 1714 2279 1749 Evan-

1260 1766 1380 1812 ιςεΙίο
1422 1778 1577 1811 pugnare
1613 1766 1793 1808 videatur,
1842 1773 1880 1800 ut
1916 1766 2028 1799 videri
2059 1778 2130 1799 non
2160 1765 2280 1810 possit,

250 1845 287 1877 in
303 1844 379 1877 luce
405 1843 605 1882 ambulent,
632 1854 676 1875 ne
693 1842 857 1875 tenebrae
875 1846 1045 1884 occupent
1062 1851 1139 1879 cor,
1164 1838 1238 1872 scil.
1290 1826 1468 1863 mumque
1484 1829 1554 1850 ‘³⁵⁵⁸
1573 1817 1720 1850 verbum
1738 1815 1820 1850 Dm:
1848 1814 1916 1850 hoc
1938 1825 1988 1851 εει
2009 1818 2103 1862 quod
2120 1817 2205 1851 ”¹¹³⁵
2223 1818 2279 1851 ‘¹¹'

250 1901 450 1937 contempto
468 1895 575 1927 verbo
587 1892 670 1933 Dei,
697 1899 730 1926 et
747 1892 950 1925 conculcato
969 1891 1041 1923 filio
1053 1888 1137 1930 Dei,
1162 1896 1238 1922 tum
1264 1890 1267 1916 Ι
1291 1876 1391 1903 cum:
1437 1868 1508 1902 Nos
1539 1867 1657 1913 M⁰5⁵i
1682 1868 1848 1912 diseipuu
1874 1879 2012 1908 ⁵¹¹¹m¹⁵3
2047 1867 2147 1901 ilem:
2176 1866 2281 1902 Unde

252 1946 287 1978 sn
332 1953 369 1979 ut
389 1947 424 1977 in
443 1956 582 1978 sensnm
602 1956 638 1977 re
666 1944 791 1977 robam
808 1942 995 1977 trademini
1264 1920 1266 1951 i
1292 1919 1398 1954 suerit
1415 1919 1557 1964 Moyses
1581 1919 1726 1959 scimus;
1754 1931 1844 1952 nova
1862 1918 2022 1951 doctrina
2040 1924 2109 1958 est,
2136 1919 2203 1951 fide
2225 1918 2281 1952 iu-

299 1972 307 1985 ’
642 1956 662 1987 p
1001 1965 1011 1975 ⁸
1265 1965 1268 2011 Ξ
1291 1970 1451 2012 stificari,
1477 1969 1578 2002 nullo
1602 1970 1777 2002 bonorum
1793 1976 1852 2002 aut
1868 1969 2041 2002 malorum
2059 1979 2206 2012 operum
2224 1979 2280 2002 re-

508 2028 606 2062 Huec
627 2025 766 2061 loculus
789 2030 839 2060 es!
861 2023 976 2060 Iesus.
1264 2025 1268 2072 j
1293 2029 1422 2065 spectu.
1475 2019 1628 2053 Proinde
1643 2020 1903 2052 confirmandae
1929 2020 2017 2052 sunt¹
2034 2018 2281 2061 conscientiae,

1264 2077 1267 2106 ἰ
1293 2084 1337 2105 ne
1355 2071 1541 2110 vacillent,
1565 2082 1608 2103 nc.
1632 2071 1836 2114 desperent,
1863 2081 1941 2102 cum
1963 2069 2050 2103 adeo
2076 2069 2280 2105 iudicantur

1264 2111 1267 2185 Ι
1293 2134 1417 2168 opera,
1446 2129 1479 2156 et
1497 2121 1727 2154 immundicia
1744 2120 1861 2154 cordis
1878 2119 2064 2155 revelatur.

356 2098 577 2131 Praedictum
602 2104 670 2141 est,
698 2096 772 2129 sore
796 2102 834 2129 ut
853 2095 952 2139 pauci
977 2095 1139 2134 credant,
1166 2094 1239 2127 sore

254 2152 335 2184 item
362 2150 421 2195 qui
449 2155 703 2193 persequantur
724 2145 976 2189 Evangelium,
1005 2158 1048 2178 ne
1065 2145 1241 2178 scandali-

255 2208 377 2235 zentur
393 2201 452 2245 qni
470 2202 616 2233 credunt
643 2198 836 2243 paucitate,
864 2196 997 2229 vilitate
1022 2203 1051 2228 et
1070 2196 1147 2228 aliis
1167 2196 1239 2228 for-

254 2253 319 2285 mis
336 2251 458 2285 crucis.
511 2251 599 2284 Nam
627 2249 796 2295 reliquiae
820 2254 954 2282 tantum
975 2253 1240 2281 convertuntur.

254 2301 377 2337 Esaiae
401 2301 462 2341 X..
497 2303 517 2335 i.
538 2314 564 2338 e,
592 2301 760 2334 vilissima
784 2298 904 2343 populi
931 2309 1019 2341 pars.
1074 2297 1241 2330 Maximis
1295 2295 1329 2327 id
1362 2300 1429 2333 est,
1477 2292 1537 2337 qni
1571 2291 1759 2325 carnaliter
1779 2291 1958 2338 accipiunt
1982 2287 2182 2330 Christum,
2216 2288 2283 2326 boe

255 2362 287 2387 et
307 2353 574 2398 sapientissimis
599 2353 798 2397 quibusque
822 2348 1054 2391 lix-angelium
1079 2355 1127 2380 cst
1155 2348 1239 2380 stul-
1294 2352 1363 2383 est„
1385 2344 1446 2389 qui
1464 2343 1614 2376 audiunt
1639 2350 1805 2387 tanquam
1828 2342 2028 2382 doctorem,
2053 2352 2158 2385 opera
2175 2339 2282 2376 Chri—

256 2406 350 2443 titia,
379 2403 444 2437 boc
459 2411 506 2438 est
531 2405 625 2448 quod
645 2400 805 2435 (hristus
827 2401 911 2433 alias
935 2399 1065 2445 inquit:
1102 2397 1242 2436 Beatus,
1294 2397 1337 2430 sti
1355 2395 1550 2434 imitantes,
1576 2391 1612 2427 bi
1632 2405 1704 2427 non
1722 2393 1895 2432 sentiunt,
1921 2403 1994 2426 esse
2009 2391 2202 2436 potentiam
2216 2390 2282 2428 Dei

257 2457 315 2500 qni
351 2467 423 2488 non
455 2455 558 2488 fuerit
588 2455 622 2487 in
656 2465 711 2486 me
745 2451 1014 2490 scandalizatns3
1059 2456 1089 2483 et
1117 2448 1242 2482 Psalin.
1296 2447 1443 2480 verbnm
1478 2443 1627 2483 Christi,
1682 2445 1739 2477 sed
1780 2441 1972 2477 humanam
2010 2443 2283 2480 ordinationem.

258 2506 404 2541 XXVI.:
437 2506 517 2539 Noti
536 2504 703 2538 aemulari
729 2504 763 2536 in
787 2502 1078 2544 malignantibus3
1108 2507 1138 2533 et
1159 2500 1241 2533 Lnr.
1266 2499 1269 2515 ¹
1298 2497 1387 2530 Vere
1406 2496 1580 2539 accipiunt
1597 2493 1798 2534 Christum,
1831 2504 1890 2526 seu
1915 2493 2017 2527 sidem
2037 2491 2189 2534 Christi,
2223 2496 2284 2541 qui

258 2557 352 2592 Xll.:
383 2556 638 2591 Nolitetimcre
666 2555 815 2599 pusillus
832 2566 923 2597 grex.
977 2551 1063 2585 Nam
1082 2548 1147 2584 bor
1173 2552 1239 2591 agit
1295 2549 1471 2586 sentiunt,
1500 2547 1646 2580 verbum
1673 2557 1746 2579 esse
1768 2545 1958 2588 potentiam
1975 2543 2058 2585 Dei,
2093 2545 2130 2579 in
2155 2545 2286 2591 quibus

254 2610 380 2648 Satan,
422 2616 457 2642 ut
499 2609 605 2641 variis
644 2605 816 2639 scandalis
852 2606 1022 2638 deterreat
1053 2602 1097 2635 ab
1125 2600 1240 2635 Evan—
1268 2596 1269 2617 ³
1297 2600 1443 2633 verbum
1460 2605 1508 2631 est
1534 2598 1672 2636 efficax.
1700 2596 1831 2630 iudicat.
1854 2602 1887 2629 et
1912 2595 2063 2630 vivificat
2089 2607 2158 2632 ens.
2212 2595 2283 2640 Qui

256 2660 356 2700 godin.
1298 2651 1345 2684 sic
1363 2650 1483 2683 vident
1500 2647 1679 2684 Christum
1693 2675 1700 2687 ,
1730 2647 1780 2680 illi
1799 2653 1932 2681 norunt
1950 2653 1980 2681 et
2003 2653 2147 2690 patrem.

1578 2213 1627 2248 El
1655 2215 1720 2262 qui
1748 2212 1838 2248 vidi!
1865 2225 1918 2247 me
1937 2218 1998 2249 etc.
