2409 2915
280 87 352 126 4-59
875 72 1006 109 vum.
1032 70 1149 111 MEL.
1175 69 1386 108 SCRIPTA
1412 69 1723 114 mGE'rch:

280 175 476 219 plerunque
488 166 583 202 ‘sitin
599 162 837 210 praefecturis.
886 159 1014 195 Talem
1029 158 1146 194 virum
1163 165 1268 194 vocat

280 223 441 258 Christus
462 220 505 253 ad
527 217 693 262 gratiam,
717 221 759 249 ut
779 218 925 248 testetur
945 223 981 246 se
1004 222 1129 245 vocare
1144 221 1267 256 pecca-

281 283 384 308 tores,
446 269 514 305 Sed
540 266 598 301 bic
620 266 822 299 addendum
845 269 906 299 est.
963 261 1032 295 Hic
1056 261 1268 307 publicanus

283 336 355 358 non
376 320 531 355 habebat
553 317 762 351 meritorum
785 313 1083 360 praerogativam,
1118 313 1177 346 sed
1202 309 1268 344 hoc

282 375 421 412 aderat,
455 368 639 404 Christum
665 366 846 406 audiebat,
873 370 946 397 erat
972 363 1010 396 in
1032 360 1100 396 hoc
1124 361 1269 407 populo,

281 424 342 459 uhi
373 422 521 456 sonabat
545 417 797 462 Evangelium‚
838 414 920 459 quia
952 425 1028 447 non
1054 413 1102 447 sit
1133 412 1269 446 vocatio

283 471 572 516 sineEvangelio.
624 469 737 513 quue
753 465 968 510 significatur
985 475 1046 508 per
1060 461 1156 497 hunc
1173 469 1269 497 stan-

284 533 354 560 tem
378 524 416 556 in
441 523 566 557 arbore
589 529 783 565 sycomoro.
834 514 1060 559 Significatur
1086 515 1179 548 enim
1197 513 1271 558 pri-

284 587 381 611 mum
415 579 554 607 vocatos
588 581 660 602 esse
687 579 762 608 eos,
806 566 867 611 qni
897 566 1036 599 stabant
1069 565 1106 598 in
1139 563 1270 609 populo

283 626 403 665 lsrael,
431 624 524 657 iuxta
543 620 649 653 illud:
677 618 730 653 Ex
741 618 830 652 Sion
845 617 1042 660 egredietur
1059 616 1124 651 lex.
1176 613 1272 648 Haec

283 675 444 711 doctrina
482 683 563 705 vere
604 676 653 703 est
682 667 916 712 Evangelium
952 666 1016 699 Dei
1052 672 1273 713 perpetuum,

285 738 375 773 quae
406 725 444 758 in
476 724 542 757 isto
573 721 705 767 populo
730 716 917 764 Prophetis
942 717 1188 751 commendata
1213 723 1273 759 est,

285 781 328 812 de.
347 782 497 810 venturo
515 771 658 807 Messia.

385 826 477 860 Nam
494 833 698 870 sycomorus
717 828 767 855 est
785 827 887 866 typus
907 819 1028 865 populi
1046 817 1163 852 Israel.
1213 815 1273 851 Si-

283 879 378 914 milis
401 883 450 911 est
473 876 567 909 enim
591 875 698 907 arbor
721 873 785 905 ina‘
807 872 871 904 fico
897 878 1067 915 etlmoro‚
1093 875 1127 902 et
1142 875 1193 902 est
1209 869 1273 902 ad-

283 930 429 964 modum
445 925 617 960 foecunda
633 931 666 957 et
680 924 802 961 lactea,
830 927 863 954 et
879 920 990 964 gignit
1006 920 1140 952 fructus
1154 919 1273 964 copio-

285 992 360 1020 sos,
387 978 448 1024 qui
473 984 590 1010 tamen
610 985 683 1007 non
702 977 961 1011 maturescunt,
988 970 1057 1002 nisi
1073 970 1273 1014 scalpantur

285 1038 319 1065 et
335 1034 513 1072 ungantur
530 1026 620 1067 oleo,
648 1030 686 1058 ut
703 1018 1115 1065 scribitTheophrastus.
1164 1019 1274 1053 Vides

285 1080 494 1125 ipsissimam
511 1075 696 1118 imaginem
715 1073 836 1117 populi
853 1072 958 1116 legiS,
984 1071 1045 1116 qui
1063 1076 1114 1104 est
1128 1070 1274 1105 foecun-

286 1134 370 1175 dus,
405 1135 550 1174 potens,
581 1124 688 1159 habet
714 1135 871 1168 regnum.
929 1121 1067 1155 Deinde
1093 1121 1198 1155 etiam
1224 1127 1274 1154 est

285 1184 434 1221 lacteus,
468 1177 575 1212 habet
600 1176 704 1210 etiam
729 1173 978 1219 promissiones
1005 1179 1038 1206 et
1063 1172 1217 1213 cultum,
1242 1178 1275 1205 et

286 1233 398 1278 gignit
421 1229 580 1274 copiosos
604 1228 749 1260 fructus.
809 1223 932 1267 Magni
955 1224 1112 1264 labores,
1138 1222 1274 1266 egregia

287 1295 393 1331 opera
420 1282 564 1315 fuerunt
587 1277 715 1316 Moisi,
750 1276 890 1316 losuae‚
925 1273 1119 1315 Gedeonis,
1146 1273 1274 1313 Saulis,

285 1333 452 1370 Davidis,
487 1337 521 1365 et
545 1329 739 1363 multorum
763 1328 928 1360 aliorum.
981 1324 1049 1358 Sed
1077 1322 1115 1356 hi
1139 1324 1274 1356 fructus

286 1396 363 1419 non
387 1381 669 1416 maturescebant
691 1378 766 1411 sine
789 1376 941 1410 sectione
963 1381 997 1408 et
1019 1374 1118 1414 oleo,
1152 1374 1189 1407 id
1212 1379 1274 1414 est,

285 1437 362 1469 sine
392 1432 524 1466 crebris
555 1428 842 1472 castigationibus
870 1432 903 1459 et
935 1425 1011 1458 sine
1043 1424 1163 1457 divina
1189 1435 1273 1458 con-

287 1484 471 1520 solatione.
532 1480 751 1515 Secabantur
775 1476 974 1515 Israelitae,
1009 1475 1146 1520 quoties
1170 1486 1274 1508 vexa-

286 1538 415 1571 bantur
439 1534 482 1566 ab
506 1529 668 1564 hostibus
692 1527 919 1567 Palaestinis,
955 1524 1129 1570 Assyriis,
1164 1522 1275 1558 Chal-

287 1587 394 1622 dacis.
453 1582 521 1617 Sed
548 1581 642 1614 Deus
667 1579 878 1613 infundebat
901 1577 1037 1616 oleum,
1070 1575 1275 1608 restituebat

286 1645 319 1670 et
335 1634 479 1670 sanabat
495 1643 570 1672 eos,
599 1629 711 1663 missis
730 1629 832 1663 bonis
850 1627 1016 1666 ducibus,
1043 1632 1081 1659 ut
1099 1625 1274 1666 Samuele,

284 1687 443 1725 Davide‚
472 1680 655 1726 losaphat‚
681 1678 783 1720 Elia,
811 1677 970 1712 Daniele.

388 1736 492 1771 Stans
517 1734 622 1777 igitur
645 1731 682 1764 in
706 1741 909 1777 sycomoro,
938 1727 1107 1771 significat
1125 1733 1274 1761 stantem

288 1790 324 1822 in
349 1787 478 1832 populo
499 1784 603 1827 legis,
633 1781 693 1815 nbi
712 1788 812 1815 sonat
828 1779 1007 1815 doctrina,
1035 1778 1098 1811 nbi
1116 1775 1276 1821 Prophe-

288 1848 342 1873 tae
373 1837 591 1871 tradiderant
622 1832 889 1876 promissiones,
926 1829 987 1861 ubi
1011 1826 1171 1862 (fliristus
1202 1829 1275 1872 ipse

287 1888 560 1923 concionaturus
591 1890 672 1917 erat.
716 1881 765 1915 lta
789 1889 820 1914 et
847 1891 909 1911 nos
937 1879 972 1911 in
998 1890 1181 1923 sycomoro
1206 1885 1275 1911 sta-
1298 1873 1302 1924 Ι

434 1948 512 1970 cum
548 1934 635 1966 illud
675 1933 766 1965 idem
800 1928 1032 1971 Evangelinm
1064 1926 1301 1968 audivimus,l

326 1950 366 1972 us

289 1954 458 2024 iriaditum
482 1997 543 2030 per
566 1980 759 2027 Prophetas
781 1988 811 2013 et
833 1979 1042 2022 Apostolos,
1069 1986 1101 2012 et
1126 1979 1274 2011 maxime

288 2052 366 2074 cnm
386 2048 505 2072 sumus
522 2036 557 2068 in
576 2047 616 2067 eo
635 2040 750 2071 coetu.
777 2031 839 2064 ubi
858 2036 958 2063 sonat
974 2041 1052 2062 vere
1070 2041 1134 2062 vox
1153 2028 1275 2062 Evan—

289 2091 382 2135 gelii.
443 2087 531 2121 Nam
564 2085 638 2118 sinc
668 2081 862 2126 Evangelio
896 2093 966 2113 non
999 2080 1036 2113 sll
1064 2080 1200 2113 vocatio
1231 2081 1274 2113 ad

288 2143 445 2176 salutem.

662 2236 709 2260 De
736 2234 898 2259 secundo.

366 2291 576 2336 Exemplum
594 2286 831 2333 poenitentiae
849 2283 1070 2329 proponitur.
1098 2280 1276 2316 Zachaeus

292 2348 420 2380 fatetur
436 2348 584 2388 peccata,
611 2346 642 2372 et
660 2337 832 2383 promittit
850 2335 1142 2370 emendationem,
1167 2340 1198 2367 ct
1214 2335 1276 2367 ab-

293 2397 442 2431 solvitur
475 2391 539 2426 hac
564 2403 646 2423 voce
667 2387 818 2421 Cin-isti:
856 2385 971 2419 Hodie
994 2385 1086 2419 salus
1110 2385 1197 2417 sacta
1225 2391 1275 2418 est

292 2447 374 2481 liuic
391 2443 510 2479 domui
523 2470 532 2482 ,
559 2441 640 2486 quia
659 2440 729 2483 ipse
746 2438 836 2470 silius
851 2445 899 2470 est
917 2433 1097 2475 Abrahae,
1124 2442 1155 2468 ct
1173 2433 1275 2468 liabi-

2230 75 2307 113 460

1479 159 1564 201 Die
1595 159 1936 202 annunciationis
1966 160 2147 203 Mariae.

1378 232 1439 280 De]
1447 241 1616 280 concepto
1631 232 1786 272 Christo,
1819 233 2056 281 Evangelium
2079 234 2196 270 Lucae
2214 236 2248 273 1.

1370 308 1421 345 In
1443 307 1562 345 mense
1583 315 1688 346 sesto
1709 311 1845 347 missus
1869 317 1920 347 est
1936 309 2096 360 angelus
2108 307 2270 346 Gabriel
2281 323 2308 347 a
2366 338 2388 351 .-

1420 359 1505 396 Deo
1527 360 1567 395 in
1591 361 1772 396 civilatem
1792 359 1968 406 Galilae,
1996 362 2057 398 cui
2078 374 2207 396 nomen
2221 359 2309 398 Na-
2329 395 2332 398 Δ
2381 368 2389 387 <¹

1420 409 1566 454 zareth,
1591 414 1643 446 ad
1657 411 1833 458 virginem
1850 411 2109 462 desponsatam
2128 413 2223 453 viro,
2251 411 2311 446 cui

1423 474 1552 497 nomen
1583 466 1660 497 erat
1691 461 1847 511 Ioseph,
1882 462 1925 498 de
1957 462 2064 498 domo
2093 460 2243 504 David,
2275 466 2308 496 et
2354 462 2387 504 ”,

1423 526 1551 548 nomen
1577 513 1732 560 virginis
1758 512 1908 551 Maria.
1947 514 2000 548 Et
2025 514 2212 561 ingressus
2238 525 2309 547 an·
2340 510 2344 518 ’
2368 522 2389 561 ‚j

1421 563 1526 612 gelus
1550 563 1604 599 ad
1623 576 1721 607 eam,
1755 562 1871 600 dixit.-
1904 563 1977 600 Ave
1999 564 2193 611 gratiosa,
2225 562 2309 598 Do-
2363 581 2365 585 ·

1424 615 1546 651 minus
1563 621 1692 657 tecum,
1719 613 1904 652 benedicta
1921 620 1958 650 lu
1975 615 2015 650 in
2029 614 2257 651 mulieribus.

1373 660 1555 702 Illa'vero
1569 680 1647 702 cum
1663 664 1810 701 vidisset
1821 695 1830 710 ‚
1857 665 2008 701 turbata
2026 670 2077 700 est
2094 666 2133 699 in
2149 676 2310 700 sermone
2404 683 2409 697 ⁴

1425 717 1520 760 eius,
1553 723 1584 752 et
1608 717 1813 765 cogitabat,
1845 716 1972 766 qualis
1995 721 2083 751 esset
2108 716 2182 750 isla
2204 713 2311 750 salu-
2367 726 2382 750 ’.’

1586 767 1639 803 Et
1658 769 1717 803 ait
1739 767 1895 815 angelus
1917 768 1964 802 ei:
1992 765 2050 803 Ne
2069 766 2199 801 timeas
2213 763 2312 800 Ma·
2364 767 2374 798 ἑ

1426 768 1532 806 talio.

1428 819 1508 861 ria,
1541 819 1714 854 invenisti
1743 819 1837 854 enim
1860 818 2027 865 gratiam
2051 815 2157 864 apud
2176 815 2310 856 Deum,

1427 868 1521 904 Ecce
1549 870 1721 918 concipies
1754 870 1794 904 in
1822 874 1943 915 utero,
1978 874 2008 903 el
2032 868 2157 917 paries
2169 865 2311 914 filium,

1426 925 1457 954 et
1483 921 1627 955 vocabis
1647 933 1775 955 nomen
1795 920 1870 955 eius
1888 919 2032 961 Iesum,
2058 917 2132 953 Hic
2148 918 2214 953 erit
2230 930 2312 953 ma-
2342 915 2367 937 ·'

1422 983 1533 1017 gnus,
1560 969 1709 1017 etfilius
1726 970 1907 1005 altissimi
1920 969 2120 1006 vocabitur.
2171 967 2227 1003 Et
2244 966 2314 1010 da<

1426 1021 1478 1056 bit
1503 1021 1566 1056 illi
1587 1021 1778 1056 Dominus
1799 1020 1923 1061 Deus,
1948 1020 2066 1056 sedem
2086 1017 2222 1054 David
2242 1031 2313 1065 pa-

1426 1071 1495 1107 tris
1518 1072 1595 1115 sui,
1621 1077 1651 1107 et
1674 1071 1841 1118 regnabit
1857 1083 1964 1119 super
1976 1070 2122 1106 domum
2140 1069 2256 1105 Iacob
2273 1071 2312 1104 in

1427 1127 1612 1157 aeternum
1624 1151 1634 1165 ,
1659 1128 1690 1156 et
1708 1122 1814 1169 regni
1828 1121 1903 1156 eius
1919 1134 1991 1155 non
2009 1119 2189 1167 erilfinis.

1376 1171 1493 1208 Dixit
1516 1179 1637 1208 autem
1662 1171 1797 1208 Maria
1822 1170 1875 1206 ad
1897 1171 2086 1219 angelum:
2120 1169 2316 1219 Quomodo

1422 1222 1486 1268 fiet
1518 1223 1635 1264 istud,
1670 1223 1846 1272 quoniam
1878 1224 1994 1258 cirum
2021 1235 2095 1258 non
2115 1221 2316 1268 cognosco?

1428 1274 1482 1308 Et
1509 1273 1728 1321 respondens
1750 1273 1924 1320 angelus,
1953 1272 2052 1309 dixit
2075 1273 2123 1308 ei:
2150 1271 2314 1319 Spiritus
2368 1307 2371 1312 ⁷

1428 1330 1579 1359 sanctus
1593 1325 1813 1372 superveniet
1830 1324 1869 1358 in
1885 1330 1935 1364 te,
1961 1330 1991 1358 el
2008 1325 2122 1359 virtus
2136 1322 2318 1358 altissimi

1422 1374 1662 1419 ,obumbrabit
1686 1379 1729 1411 le.
1788 1372 1947 1421 Ideoque
1967 1380 1998 1409 et
2023 1372 2124 1422 quod
2146 1378 2315 1408 nascetur

1428 1430 1616 1467 sanctum,
1652 1423 1838 1459 ‘secabitur
1858 1423 1988 1459 Filius
2011 1424 2100 1460 Dei.
2165 1423 2219 1458 Et
2242 1435 2315 1458 ecce

1428 1474 1629 1510 Elisabeth
1670 1480 1828 1521 cognata
1860 1480 1942 1517 lua,
1982 1480 2012 1509 el
2043 1476 2126 1521 ipsa
2158 1474 2314 1520 concepit

1418 1525 1550 1572 filium
1583 1527 1622 1560 in
1647 1531 1821 1560 seneclule
1842 1538 1932 1563 sua,
1967 1530 1997 1559 el
2024 1523 2084 1559 laic
2106 1525 2240 1559 mense's
2266 1529 2316 1559 est

1429 1582 1555 1612 sextus
1573 1576 1653 1617 illi,
1679 1588 1772 1624 quae
1789 1580 1938 1610 vocatur
1952 1575 2108 1615 sterilis,
2136 1576 2224 1623 quia
2242 1587 2316 1610 non

1431 1628 1496 1662 erit
1522 1626 1748 1675 impossibile
1775 1625 1880 1674 apud
1893 1625 2015 1661 Deum
2041 1638 2142 1661 omne
2161 1626 2314 1660 verbum.
2368 1623 2377 1634 ⁶

1428 1677 1546 1713 Dixit
1564 1683 1683 1712 aulem
1700 1675 1833 1712 Maria
1843 1692 1851 1709 .·
1880 1677 1972 1712 Ecce
1988 1676 2131 1712 ancilla
2148 1675 2318 1719 Domini,

1423 1728 1500 1775 fia!
1516 1727 1613 1763 mihi
1626 1726 1822 1765 secundum
1841 1729 1983 1764 verbum
2001 1733 2116 1765 tuum.
2171 1726 2224 1763 Et
2240 1726 2317 1762 dis-

1429 1781 1532 1815 cessit
1549 1780 1596 1814 ab
1614 1779 1686 1814 illa
1705 1778 1875 1826 angelus.

1377 1846 1548 1896 Quinque
1566 1856 1647 1883 sunt
1664 1849 1731 1882 loci
1749 1848 1940 1894 praecipui.

1481 1917 1508 1952 Ι,
1559 1915 1610 1949 Dc
1635 1922 1725 1950 statu
1749 1916 1846 1958 regni
1872 1914 2006 1949 Iudaici
2022 1926 2063 1949 eo
2080 1920 2255 1960 tempore,
2280 1920 2316 1949 et

1535 1967 1578 2000 de
1597 1967 1708 1999 forma
1727 1964 1912 2001 Ecclesiae.

1483 2016 1528 2050 ll.
1582 2017 1716 2051 Mariae
1734 2017 1983 2053 consternatio.

1485 2066 1546 2101 lll.
1601 2068 1725 2110 Angeli
1745 2068 1898 2101 narratio
1915 2068 1958 2101 de
1973 2077 2082 2110 regno
2099 2073 2251 2101 aeterno.

1485 2117 1566 2153 llll.
1600 2118 1880 2159 Testimonium,
1921 2119 2015 2163 quod
2045 2115 2208 2152 Christus
2237 2117 2313 2152 sine

1537 2169 1633 2202 virili
1652 2169 1783 2202 semine
1802 2177 1990 2212 conceptus
2005 2169 2061 2202 sit.

1483 2220 1526 2256 V.
1581 2219 1632 2253 De
1653 2218 1708 2253 liis
1727 2220 1857 2254 verbis:
1888 2219 2131 2255 Obumbrabit
2148 2226 2180 2254 te
2199 2218 2313 2266 Spiri-

1536 2279 1591 2306 tus
1610 2277 1761 2305 sanctus.

1721 2372 1767 2396 De
1800 2370 1917 2402 prino.

1430 2432 1629 2468 Plurimum
1655 2433 1820 2468 conducit
1838 2433 1986 2467 sormam
2004 2430 2183 2469 Ecclesiae
2197 2433 2314 2468 omui-

292 2506 392 2531 tnrus
408 2493 700 2530 benedictionem,
728 2496 758 2521 et
777 2488 1042 2531 promissionem
1061 2487 1150 2519 vitae
1164 2493 1275 2519 aeter·
1300 2478 1303 2508 f
1327 2484 1393 2518 bns
1417 2486 1632 2530 temporibus
1655 2484 1891 2522 considerari.
1922 2495 1966 2518 ne
1988 2492 2131 2530 propter
2149 2482 2311 2519 mullitu-

293 2561 357 2582 nae
381 2549 504 2580 factam
524 2539 699 2578 Abrahae.
753 2537 796 2572 Et
824 2539 858 2571 in
886 2539 957 2582 ipsa
976 2537 1196 2570 absolutione
1213 2538 1275 2569 :nl-

293 2649 400 2683 minis
417 2657 582 2692 quaerere
601 2651 632 2678 et
651 2643 782 2676 salvare
800 2641 893 2685 quod
913 2640 1072 2685 perierat.

1328 2536 1468 2575 «linem,
1510 2536 1677 2580 imperia.
1711 2534 1904 2579 potentiam
1937 2535 2147 2580 impiorum,
2179 2546 2198 2569 ιι
2229 2546 2309 2569 ver·

292 2599 409 2631 iicitur
428 2598 559 2637 integra
576 2592 697 2627 concio
717 2587 915 2632 Evangelii:
946 2588 1071 2622 Veniet
1083 2587 1193 2622 Filius
1210 2585 1275 2621 lio·
1300 2625 1303 2648 Ι
1328 2584 1484 2622 Ecclesia
1508 2587 1723 2644 aberremus.
1807 2636 1815 2644 .
1870 2635 1892 2670 h
2058 2637 2068 2670 ¹
2181 2637 2203 2671 d
2281 2636 2289 2644 ·

1300 2651 1303 2660 ·
1329 2645 1452 2673 nnerat
1486 2649 1613 2672 nomen
1644 2647 1778 2681 regnum
1805 2649 1842 2671 in
1895 2649 1935 2671 oc
1960 2649 2053 2683 popu
2071 2650 2110 2679 o,
2144 2648 2179 2671 se
2227 2649 2313 2683 quia
2358 2651 2365 2656 ·

1787 2585 1944 2620 Herodes
1969 2586 2036 2620 iam
2059 2596 2171 2620 anuos
2186 2583 2236 2620 36
2261 2593 2311 2620 te-
