2409 2915
281 108 356 147 255

384 187 558 236 discipuli
593 186 668 219 riso
697 182 877 219 Domino.

388 240 491 275 Iesus
510 239 658 273 iterum:
684 231 773 268 Pax
799 232 912 269 robis.
967 231 1069 266 Sicut
1093 231 1192 265 misit
1216 244 1269 265 me

869 68 996 132 enm.
1022 95 1139 131 MEL.
1166 94 1374 132 SCRIPTA
1400 95 1698 132 ExEGEthA.

2226 95 2302 132 256

951 180 1068 216 Dixit
1101 193 1186 228 ergo
1219 182 1269 215 eis
1319 188 1401 215 sunt
1413 182 1613 216 testimonia
1631 181 1715 216 totis
1729 181 1799 214 illis
1816 180 2046 226 quadraginta
2062 179 2200 219 diebus,
2220 180 2300 225 qui-

1320 233 1384 265 bus
1398 230 1558 266 Christus
1583 232 1804 266 familiariter
1828 243 1906 264 cum
1926 230 2176 274 Apostolorum
2199 236 2300 264 coetu

384 295 499 338 pater,
527 293 557 321 et
575 298 639 332 ego
655 284 759 319 mitto
779 297 850 320 vos.
899 282 952 316 Et
970 295 1047 317 cum
1066 279 1132 317 hoc
1149 280 1270 316 dixis-
1320 289 1397 326 post
1418 282 1707 316 resurrectionem
1733 289 1957 315 conversatus
1978 288 2045 321 est,
2072 292 2199 325 eosque
2220 291 2300 314 eru·

386 346 453 381 set,
480 336 691 385 insufflavit
711 334 762 369 eis
782 340 813 369 el
831 333 947 369 dixit:
976 333 1132 380 Accipite
1149 332 1271 379 Spiri-

388 396 463 425 tum
481 392 647 423 sanctum
660 415 669 428 ,
696 384 862 433 Quorum
885 383 1096 419 remiseritis
1111 388 1271 430 peccata,

389 440 621 474 renn'ttuntur
638 438 699 479 eis,
726 448 881 484 quorum
900 433 1134 474 retinueritis,
1159 439 1272 467 reten-

387 498 426 526 ta
445 495 542 525 sunt.

335 550 502 587 Thomas
519 554 638 583 autem
655 558 749 581 unus
767 543 809 578 de
824 541 1028 584 duodecim,
1057 544 1122 592 qui
1139 541 1273 577 dicitur

390 600 583 648 didymus,
612 610 683 631 non
708 600 786 631 erat
811 607 888 629 cum
915 595 983 634 eis,
1011 593 1162 642 quando
1181 593 1271 626 venit

390 651 508 686 Iesus.
569 648 763 682 Dixerunt
795 658 880 692 ergo
913 644 946 678 ei
977 644 1050 678 alii
1081 642 1272 690 discipuli:

393 699 567 737 Vidimus
583 698 803 733 Dominum.
858 694 932 730 Ille
951 701 1070 729 autem
1089 694 1186 729 dia-it
1205 694 1273 728 eis:

390 751 484 786 Nisi
505 748 625 784 videro
649 749 687 782 in
713 747 886 782 manibus
908 746 984 780 eius
995 744 1169 791 fixuram
1197 744 1272 778 cla-

392 814 532 841 vorum,
561 805 592 834 et
615 800 759 833 mittam
785 796 941 844 digitum
967 809 1082 831 meum
1106 796 1144 829 in
1170 795 1275 829 cesti-

389 854 491 900 gium
516 850 723 891 clavorum,
760 853 790 882 et
811 848 956 881 mittam
983 859 1133 881 manum
1157 858 1274 880 meam

393 905 429 938 in
449 903 548 937 latus
567 901 660 940 eius,
689 912 761 933 non
780 896 936 933 credam.

341 963 393 997 Et
415 967 496 1010 post
520 959 596 995 dies
626 963 702 993 0010
728 958 856 991 iterum
882 961 986 990 erant
1009 952 1186 1002 discipuli
1199 953 1275 988 eius

393 1015 511 1053 intus,
548 1015 578 1044 et
604 1007 773 1044 Thomas
798 1019 876 1041 cum
901 1007 963 1042 eis.
1029 1004 1142 1041 Venit
1169 1003 1276 1038 Iesus

393 1062 515 1099 ianuis
534 1059 684 1100 clausis,
712 1063 742 1093 et
755 1057 851 1091 stetit
869 1057 904 1091 in
921 1054 1091 1095 medium‘,
1114 1061 1144 1089 et
1161 1053 1276 1088 dixit.-

393 1113 481 1148 Pax
505 1111 614 1146 vobis.
667 1106 814 1143 Deinde
838 1106 924 1141 dicit
946 1104 1131 1141 Thomna:
1167 1104 1278 1153 Infer

394 1163 550 1211 digitum
569 1167 669 1196 tuum
687 1157 775 1201 huc,
802 1163 832 1192 et
851 1156 929 1192 vide
945 1170 1078 1191 manus
1099 1169 1218 1196 meas,
1246 1161 1276 1190 et

394 1213 490 1265 affer
503 1225 654 1247 manum
672 1215 786 1251 tuam,
814 1214 844 1243 et
857 1209 957 1243 mitte
974 1209 1012 1242 in
1030 1207 1130 1242 latus
1149 1220 1276 1246 meum,

391 1271 422 1300 et
445 1264 526 1299 noli
549 1275 622 1298 esse
646 1259 872 1300 incredulus,
906 1257 972 1293 sed
992 1257 1147 1295 credens.
1200 1256 1278 1292 Re-

393 1313 542 1364 spondit
573 1311 763 1353 Thomas,
806 1315 836 1344 et
867 1308 965 1344 dixit
998 1310 1046 1343 ei:
1088 1308 1278 1343 Dominus

392 1379 507 1407 meus,
550 1370 580 1399 et
611 1363 718 1398 Deus
757 1373 868 1397 meuS.
937 1359 1054 1394 Dia-ie
1093 1360 1125 1393 ei
1153 1359 1278 1393 Iesus.-

394 1417 496 1465 Quia
518 1413 646 1449 vidisti
661 1425 715 1447 me
730 1410 902 1454 Thomu,
929 1409 1133 1452 credidisti,
1166 1409 1281 1444 Beati

393 1468 459 1516 qui
475 1479 547 1502 non
565 1463 748 1505 viderunt,
776 1467 806 1496 et
824 1459 1062 1497 crediderunt.

344 1527 473 1564 Multa
501 1523 645 1574 quidem
665 1523 780 1570 igItur
799 1526 828 1555 et
846 1519 929 1555 alia
945 1521 1053 1566 signa
1063 1519 1156 1568 fecit
1175 1518 1279 1553 Iesus

396 1579 433 1612 in
469 1579 654 1623 conspectu
686 1571 950 1620 discipulorum
980 1584 1150 1611 suorum,
1187 1581 1280 1618 quae

396 1641 467 1663 non
484 1632 569 1661 sunt
586 1625 723 1672 scripta
743 1623 781 1656 in
799 1620 866 1656 hoc
885 1621 991 1657 libro.
1043 1620 1144 1654 Ilaec
1160 1626 1279 1654 autem

392 1679 528 1724 scripta
559 1680 664 1718 sunt,
702 1678 739 1707 ut
773 1671 945 1713 credatis,
981 1673 1070 1719 quia
1097 1671 1199 1705 Iesus
1231 1675 1280 1705 est

393 1727 568 1765 Christus
587 1724 715 1761 Filius
734 1723 827 1764 Dei,
855 1727 885 1756 et
913 1727 950 1756 ut
973 1720 1149 1756 credentes
1168 1722 1280 1755 citum

395 1778 566 1814 habeatis
584 1777 621 1811 in
640 1774 785 1810 nomine
802 1773 888 1810 eius.

450 1857 475 1891 l.
530 1857 585 1889 De
604 1852 824 1888 testimoniis.

448 1907 493 1940 ll.
547 1905 670 1939 Missio
687 1901 939 1947 Apostolorum
951 1927 960 1941 ,
987 1907 1019 1933 et
1037 1900 1181 1933 donatio
1198 1898 1280 1942 Spi-

499 1957 588 1991 ritus
605 1954 726 1989 sancti.

450 2007 514 2043 ΙΙΙ,
570 2005 778 2040 Mandatum
791 2003 833 2035 de
846 2001 1050 2035 remissione
1062 2007 1279 2044 peccatorum

501 2066 531 2092 et
550 2068 685 2091 summa
707 2052 904 2097 Evangelii.

451 2108 531 2143 llll.
585 2107 664 2141 Duo
677 2104 875 2139 testimonia
888 2099 1124 2135 dediviuitate
1134 2097 1281 2133 Christi.

455 2160 496 2192 V.
532 2156 764 2193 Confirmatio
781 2153 998 2188 credentium
1011 2150 1085 2182 voci
1098 2149 1281 2192 Evangelii

503 2212 544 2242 do
562 2209 667 2242 rebus
684 2217 770 2253 quas
784 2205 876 2239 oculi
896 2215 967 2236 non
984 2209 1249 2245 conspexerunt.

692 2308 737 2331 De
770 2305 885 2337 primo.

1305 2158 1308 2196 1

1305 2289 1308 2323 l

1306 2324 1308 2335 ι

1320 333 1385 366 diit
1403 334 1447 366 de
1465 344 1527 366 suo
1543 344 1650 375 regno
1662 360 1671 373 ‚
1698 334 1741 365 de
1758 331 1951 376 Evangelio
1963 357 1972 370 ,
2000 333 2042 364 de
2064 332 2133 364 vita
2150 337 2301 364 aeterna.

1319 384 1394 417 Nec
1416 394 1499 416 vero
1522 389 1660 416 tantum
1684 380 1844 416 Christus
1868 395 1938 416 una
1966 388 2122 416 versatus
2145 387 2214 422 est,
2242 381 2300 414 sed

1320 435 1423 468 etiam
1450 433 1508 466 alii
1533 433 1636 466 multi
1661 433 1872 473 resuscitati,
1899 440 1937 466 ut
1961 439 2079 465 noster
2097 434 2167 465 dux
2183 443 2302 465 ascen—

1320 496 1422 518 surus
1442 484 1479 516 in
1504 484 1659 523 coelum,
1682 481 1825 516 haberet
1845 483 2048 516 comitatum
2068 483 2239 528 aliquem,
2266 482 2303 515 id

1321 547 1444 577 agmen
1470 534 1623 567 arbitror
1636 533 1741 567 fuisse
1758 533 1890 577 primos
1909 541 2085 577 parentes,
2114 541 2147 567 et
2166 533 2304 578 aliquos

1321 598 1360 619 ex
1377 584 1535 629 Regibus
1559 591 1590 618 et
1607 581 1812 628 Prophetis,
1837 585 1930 628 quod
1946 584 2047 617 duxit
2059 582 2237 623 Christus,
2263 589 2305 617 ut

1321 636 1422 669 initia
1439 636 1570 669 aeterni
1589 635 1687 678 regni
1703 635 1881 675 viderent,
1908 635 1998 667 sicut
2015 641 2143 668 norant
2159 641 2192 668 et
2207 633 2304 667 Moi-

1322 699 1373 720 ses
1402 694 1435 721 et
1457 684 1564 720 Elias.
1633 685 1752 728 Quare
1784 685 1838 728 pia
1870 696 1968 718 mens
2000 685 2201 718 testimonia
2231 691 2304 718 stu-

1323 738 1419 771 diose
1450 736 1665 776 consideret,
1699 743 1739 769 ut
1771 743 1802 769 et
1825 734 1957 769 Paulus
1982 747 2020 768 ea
2043 735 2165 769 recitat
2190 733 2304 769 1.Co-

1322 785 1431 822 rinth.
1458 786 1533 821 15.:
1567 786 1672 820 Visus
1703 793 1753 820 est
1784 784 1945 829 cephae,
1980 786 2108 819 deinde
2139 786 2304 819 universo

1323 839 1435 872 coetui
1462 837 1735 881 Apostolorum,
1771 843 1888 881 postea
1913 836 2114 881 quingentis
2138 836 2306 870 fratribus

1323 889 1447 926 simul,
1483 899 1604 920 rursus
1635 888 1781 927 Iacobo,
1817 887 1945 921 deinde
1980 888 2106 921 iterum
2139 887 2306 921 omuibus

1323 938 1521 983 Apostolis‚
1557 944 1750 981 postremo,
1786 938 1919 983 inquit,
1953 944 1987 971 et
2011 935 2099 971 mihi
2124 939 2218 971 visus
2243 944 2303 972 est.

1324 988 1369 1023 Et
1386 988 1575 1033 Apostolos
1593 1000 1673 1021 vera
1690 1000 1848 1023 narrasse
1857 987 1953 1026 Deus
1970 989 2042 1033 ipse
2059 995 2216 1029 testatur,
2243 989 2304 1033 qui

1324 1047 1506 1085 propterea
1532 1039 1673 1072 ornavit
1696 1051 1754 1072 eos
1778 1039 1976 1079 miraculis,
2010 1046 2049 1072 ut
2072 1040 2221 1073 sciamus
2247 1050 2306 1072 eos

1324 1091 1494 1124 divinitus
1524 1089 1647 1124 missos
1680 1101 1770 1128 esse,
1805 1101 1906 1122 veros
1935 1096 2058 1130 testes,
2088 1097 2121 1124 et
2146 1090 2305 1124 doctores

1325 1153 1396 1175 esse
1413 1142 1455 1175 de
1473 1141 1654 1175 voluntate
1671 1139 1755 1179 Dei,
1785 1147 1816 1174 et
1832 1141 1873 1173 de
1889 1137 2045 1174 Christo.

1693 1258 1740 1282 De
1773 1258 1940 1283 secundo.

1427 1315 1504 1350 Etsi
1523 1314 1686 1350 Christus
1710 1313 1816 1350 habet
1835 1318 2005 1362 quaedam
2027 1318 2168 1361 propria
2186 1330 2310 1351 mune·

1325 1379 1382 1408 ra,
1417 1379 1505 1410 quae
1535 1379 1607 1400 non
1633 1373 1713 1400 sunt
1736 1367 1937 1400 communia
1961 1366 2161 1412 :Xpostolis,
2192 1376 2309 1403 tamen

1326 1418 1561 1451 ministerium
1584 1417 1732 1450 docendi
1757 1425 1807 1451 est
1826 1429 2032 1458 commune,
2058 1416 2222 1453 Christus
2237 1432 2309 1454 non

1327 1474 1462 1502 tantum
1478 1475 1528 1502 est
1539 1467 1680 1506 Ductor,
1704 1468 1762 1500 sed
1780 1467 1905 1501 missus
1921 1468 1986 1501 fuit
2003 1476 2039 1502 ut
2057 1469 2152 1502 fieret
2169 1470 2310 1504 victima

1327 1531 1390 1563 pro
1419 1516 1574 1551 humano
1599 1529 1744 1561 genere,
1781 1525 1813 1552 et
1837 1525 1885 1551 est
1911 1519 2084 1553 mediator
2106 1531 2167 1553 seu
2191 1522 2311 1565 propi-

1327 1570 1456 1610 ciator,
1480 1576 1513 1602 et
1534 1581 1595 1602 sua
1616 1569 1770 1612 potentia
1788 1569 1904 1602 reddit
1921 1569 2027 1602 vitam
2045 1577 2239 1611 aeternam,
2265 1572 2312 1604 si-

1328 1627 1387 1654 cut
1408 1620 1523 1664 inquit
1546 1617 1669 1654 lohan.
1688 1618 1739 1653 5.:
1769 1618 1865 1652 Sicut
1889 1626 1986 1662 pater
2007 1621 2131 1654 excitat
2155 1628 2313 1656 mortuos

1329 1677 1361 1704 et
1390 1670 1560 1709 vivificat,
1595 1670 1643 1702 sic
1671 1676 1703 1702 et
1734 1669 1866 1710 Filius,
1899 1682 1987 1714 quos
2018 1671 2113 1712 vult„
2149 1671 2312 1707 vivificat.

1329 1721 1396 1755 Sed
1423 1719 1582 1764 Apostoli
1613 1727 1748 1753 tantum
1775 1719 2027 1755 circumferunt
2049 1733 2168 1755 vocem
2193 1722 2312 1757 Evan-

1329 1771 1429 1815 gelii,
1459 1778 1491 1804 et
1516 1778 1596 1804 sunt
1621 1778 1723 1805 testes
1745 1771 1787 1803 de
1811 1768 1966 1805 exhibito
1985 1771 2134 1813 Messia,
2157 1780 2189 1807 et
2210 1777 2312 1808 e'nar·

1330 1830 1406 1856 rant
1433 1821 1598 1854 beneficia
1621 1821 1707 1856 eins.
1760 1821 1796 1854 ld
1822 1821 1976 1854 officium
1996 1819 2053 1855 hic
2070 1823 2119 1855 eis
2134 1835 2314 1858 commen-

1330 1874 1406 1910 dat,
1435 1883 1562 1916 eosque
1589 1872 1753 1905 admouet
1778 1883 1844 1916 qua
1869 1872 2056 1906 autoritate
2082 1876 2314 1916 commendet,

1330 1923 1493 1955 videlicet
1516 1922 1646 1955 aeterni
1669 1922 1793 1965 patris,
1831 1928 1863 1954 et
1888 1934 1958 1955 sua.
2019 1922 2117 1957 Sicut
2141 1925 2235 1958 misit
2259 1938 2314 1960 me

1332 1981 1446 2017 pater,
1473 1973 1520 2006 sic
1545 1973 1646 2006 mitto
1674 1984 1743 2004 vos.
1795 1970 1839 2005 Et
1862 1972 1978 2005 statim
2005 1975 2146 2008 additur
2162 1975 2316 2019 Spiritus

1331 2031 1481 2062 sauctus,
1507 2030 1537 2055 et
1557 2023 1766 2056 nominatim
1784 2023 1992 2066 exprimitur
2008 2025 2091 2069 quid
2110 2026 2220 2060 acturi
2235 2027 2315 2066 sint.

1332 2082 1367 2108 ut
1387 2074 1471 2109 Luc.
1495 2073 1620 2106 ultimo
1637 2073 1782 2106 dicitur:
1811 2072 1859 2106 lte
1878 2075 2110 2117 praedicaturi
2130 2077 2315 2121 poeniten·

1332 2126 1413 2158 tiam
1431 2125 1466 2157 iu
1487 2124 1630 2157 nomine
1646 2137 1722 2157 meo
1736 2151 1744 2165 ‚
1772 2131 1804 2158 et
1826 2125 2065 2159 remissionem
2083 2135 2315 2171 pcccatorum.

1433 2201 1590 2234 Primum
1617 2208 1732 2234 autem
1759 2198 1815 2233 hic
1838 2201 2031 2241 discamus,
2059 2204 2243 2239 autoritate
2260 2206 2315 2238 ‹li-

1306 2274 1307 2281 1
1334 2253 1413 2285 vina
1441 2252 1639 2286 institutum
1664 2264 1736 2284 esse
1760 2252 1995 2285 ministerium
2022 2252 2224 2296 Evangelii„
2262 2257 2315 2289 id-

1333 2316 1400 2348 que
1424 2303 1540 2335 efficax
1559 2314 1648 2342 esse,
1675 2311 1706 2336 et
1728 2303 1888 2337 salutar-⁸.
1932 2303 2018 2336 Nam
2038 2305 2115 2336 idco
2134 2306 2231 2338 dicit:
2259 2306 2316 2341 Si-

399 2366 508 2406 Saepe
541 2360 606 2394 hoe
639 2360 771 2392 dictum
802 2364 851 2390 est
886 2358 920 2388 in
953 2352 1008 2387 his
1032 2353 1281 2386 conciunculis.
1305 2342 1309 2412 ι
1333 2361 1389 2387 cm
1421 2366 1475 2386 me
1507 2354 1599 2386 misit
1636 2361 1739 2397 pmpr·
1809 2353 1953 2386 „ahons
1986 2357 2188 2388 „mulbaum
2223 2357 2316 2391 idem

299 2416 372 2450 Etsi
405 2427 457 2448 res
483 2420 597 2457 gestae
624 2409 813 2443 Alexandri
842 2415 897 2440 aut
925 2407 966 2439 C.
992 2404 1149 2437 Caesaris
1176 2405 1283 2444 inagis
1306 2418 1309 2432 κ
1335 2403 1516 2446 Evangpffi
1542 2405 1709 2443 dtu-muti,
1735 2404 1840 2447 fflqm„
1856 2403 1918 2436 Νὴ
1940 2411 2052 2437 mmm
2075 2407 2170 2446 Dm·
2194 2415 2226 2441 et
2243 2409 2315 2442 effi-

301 2470 485 2500 inrurruut
510 2465 543 2496 in
569 2462 707 2498 ocutos,
735 2467 767 2492 et
791 2457 919 2491 liabent
945 2455 1169 2489 celebrantium
1188 2456 1283 2486 testi·
1306 2492 1309 2506 ι
1333 2468 1411 2493 cax.
1442 2457 1527 2489 sicut
1555 2455 1684 2488 Paulus
1708 2455 1835 2498 iuquit:
1863 2452 2094 2497 Ex·:.¹.g..1;,„„
2115 2465 2165 2490 „st
2193 2466 2316 2503 ponn—

300 2519 437 2557 monia,
464 2523 578 2548 tamen
602 2512 783 2545 sciendum
810 2515 859 2541 est
886 2516 916 2540 et
943 2507 1129 2541 Ecclesiam
1156 2503 1283 2537 {salwu-
1306 2524 1309 2561 Ι
1334 2507 1378 2539 tia
1402 2506 1462 2540 Dei
1485 2508 1526 2539 ad
1554 2506 1699 2539 salutem
1724 2505 1820 2537 omni
1847 2506 2013 2541 cre-«lenti.
2066 2507 2187 2550 Cogita
2211 2509 2317 2553 iginu-

301 2577 390 2601 certa
411 2565 628 2606 testimonia,
656 2564 698 2595 dc·
717 2561 896 2593 vuluntate
911 2558 992 2594 Dei.
1019 2558 1110 2590 etde
1128 2554 1283 2588 exhibito
1334 2566 1503 2600 quantum
1528 2555 1583 2589 hic
1608 2569 1735 2588 munus
1762 2556 1926 2588 „uix-„ssu
1943 2558 2059 2597 ptum-5
2079 2556 2233 2592 humano
2252 2561 2315 2593 do-

303 2619 391 2652 Fui.»
411 2617 492 2652 Dei.
523 2628 610 2660 quae
629 2613 816 2654 diligenter
833 2609 1028 2650 colligenda
1046 2614 1125 2640 sunt
1145 2607 1283 2642 animis.
1307 2621 1309 2639 ι
1336 2615 1410 2645 nrt,
1444 2621 1521 2641 rum
1548 2607 1652 2639 mittit
1682 2605 1863 2646 Evaugpffi
1890 2608 2085 2645 „finmms'
2114 2617 2144 2642 Ν
2173 2611 2317 2653 pomm-

300 2679 334 2703 ιιι
362 2671 463 2702 fidem
485 2669 691 2699 runsnrmont
707 2690 714 2700 .
744 2670 778 2696 ut
799 2663 840 2694 de
859 2659 1114 2694 resurrectione
1131 2655 1282 2690 exhibita

1334 2666 1390 2691 tur
1417 2658 1526 2692 D··um
1552 2656 1743 2700 Evangelio
1769 2659 1971 2691 adfuturum
1997 2670 2084 2695 ess-v,
2121 2661 2206 2694 sit-111
2233 2659 2316 2695 hm..-
