2409 2915
267 82 342 116 939

270 166 315 201 Ut
349 166 455 209 igitur
487 163 641 198 iustitiae
666 161 732 196 Dei
758 163 958 202 satisfieret,
996 171 1030 199 et
1050 163 1146 199 Deus
1177 171 1265 198 esset

274 217 402 256 iustus,
429 214 494 248 hoc
513 215 619 248 modo
636 225 749 259 poena
764 214 942 259 persoluta
959 221 1018 250 est.
1086 223 1094 251 ι

375 282 470 316 Haec
489 282 657 316 videntur
671 280 814 327 quidem
831 281 918 314 mira
936 279 1110 316 humanae
1127 282 1267 322 rationi,

274 335 334 368 sed
352 345 472 367 causas
497 333 639 378 penitus
663 332 700 365 in
723 332 793 366 vita
816 339 957 366 aeterna
987 333 1180 375 discemus,
1204 334 1266 367 ubi

273 385 443 420 iustitiam
465 384 531 418 Dei
545 383 692 429 propius
708 383 953 428 adspiciemus.

377 451 568 497 Postquam
586 457 702 485 autem
721 450 876 484 iustitiae
891 449 956 484 Dei
973 452 1186 486 satisfactum
1206 458 1267 491 est,

277 514 337 551 per
380 514 530 546 poenam
576 502 682 535 unius
714 502 913 536 innocentis
931 529 940 543 ,
989 502 1266 536 misericordiam

277 553 430 587 exercuit
448 565 527 596 erga
545 564 655 596 genus
680 550 875 585 humanum
887 577 896 591 ,
924 559 956 586 et
974 561 1087 587 servat
1103 553 1267 598 reliquos,
1293 569 1295 578 ·

278 603 360 637 ldeo
385 601 442 638 hic
465 605 550 638 dicit
568 601 750 644 Christus,
777 615 813 637 se
834 603 911 637 fieri
935 600 1088 650 λύτρον,
1125 605 1174 639 bie
1201 603 1267 640 ἔδει

278 655 406 700 &utun-(3.

863 77 988 115 PHlL.
1014 76 1131 116 MEL.
1159 77 1368 118 SCRIPTA
1398 77 1697 116 EXEGETICA.

2221 82 2298 119 940

1369 163 1462 199 Ecce
1479 163 1552 199 duo
1575 165 1667 200 coeci
1682 163 1842 200 sedentes
1860 177 1960 200 secus
1979 165 2076 200 viam
2093 165 2303 207 audierant,

1417 215 1507 263 quia
1532 214 1638 251 Iesus
1664 215 1860 259 transiret,
1902 215 2151 252 clamaverunt
2183 215 2304 263 dicen-

1419 271 1489 306 tes,
1514 271 1573 301 etc.

1418 332 1537 368 Potest
1561 335 1715 369 breviter
1746 336 1885 370 recitari
1918 335 2115 370 communis
2143 336 2304 370 doctrina

1319 385 1362 418 de
1389 384 1579 418 miraculis.

1420 434 1468 469 Et
1482 437 1644 477 addatur,
1673 437 1766 481 quod
1785 437 1890 470 fuerit
1910 437 1946 469 in
1963 434 2019 470 his
2036 437 2132 476 fides,
2157 444 2191 472 et
2205 437 2305 481 agni-

1319 486 1368 520 tio
1396 485 1563 526 Messiae,
1604 487 1687 531 quia
1710 487 1802 520 clare
1825 488 1966 521 dicunt:
1998 487 2169 521 Miserere
2192 488 2305 522 nostri

1319 536 1472 570 Domine
1492 537 1538 569 fili
1557 537 1689 571 David.
1728 536 1786 571 Sic
1805 538 1856 570 illi
1875 539 2107 572 nominarunt
2125 537 2305 578 Messinm,

1320 587 1401 633 quia
1418 588 1669 631 promissiones
1687 588 1724 620 iu
1742 588 1807 622 isto
1828 589 1959 632 populo
1977 601 2076 634 saepe
2095 590 2304 634 repeteban-

1321 645 1397 679 tur,
1425 644 1488 673 etc.

380 711 745 758 Comprehenduntur
784 720 901 748 autem
949 714 986 746 in
1028 714 1139 758 pretio
1182 711 1299 748 haec*

282 773 346 799 tria
365 780 370 797 z

383 818 416 850 1.
470 814 577 858 Quod
601 815 646 849 sit
665 827 810 859 magnus
829 816 1013 849 cruciatus.

378 876 412 907 Ξ.
466 872 513 908 Et
534 874 628 920 quod
655 874 703 907 sic
717 874 843 907 sentiat
860 874 947 906 iram
965 872 1032 907 Dei
1048 881 1169 908 contra
1188 885 1268 918 pec-

280 933 414 966 catum,
438 925 528 958 sicut
553 936 617 958 nos
633 925 762 958 sentire
778 930 966 968 oporteret.

381 985 413 1019 3.
470 983 576 1026 Quod
602 981 669 1015 hoc
685 983 798 1016 valeat
813 995 877 1027 pro
897 983 987 1017 aliis.

382 1051 454 1085 lam
494 1050 781 1091 consideremus,

284 1103 454 1140 (jhristus.

282 1154 415 1193 tiones,
443 1163 528 1198 quas
544 1152 638 1186 oculi
664 1149 849 1185 hominum
872 1153 1056 1194 viderunt,
1082 1154 1140 1186 sed
1168 1153 1272 1186 etiam

280 1206 346 1237 sert
365 1204 505 1237 dolores
527 1203 565 1236 in
591 1203 715 1243 corde,
752 1203 788 1236 in
815 1204 944 1249 quihus
969 1205 1074 1238 sentit
1101 1204 1188 1237 iram
1206 1203 1270 1237 Dei

833 1051 953 1096 quales
986 1063 1116 1095 poenas
1151 1051 1271 1085 tulerit

282 1258 450 1288 adversus
484 1266 593 1298 genus
626 1251 842 1293 humanum,
880 1255 1002 1296 talem,
1038 1255 1177 1300 qualem
1209 1266 1272 1288 nos
1299 1276 1301 1279 v

281 1306 411 1339 sentire
429 1312 625 1349 oporteret,
653 1305 682 1338 si
708 1317 780 1337 non
799 1317 951 1339 essemus
968 1306 1127 1340 redemti.
1183 1305 1273 1339 Iacet

282 1369 363 1400 ergo
394 1368 510 1390 coram
536 1355 630 1395 Deo,
666 1356 766 1400 quasi
796 1357 868 1399 ipse
893 1367 927 1389 se
955 1357 1136 1400 polluisset
1168 1356 1273 1389 tantis

285 1408 494 1445 sceleribus,
524 1413 653 1450 quanta
669 1418 734 1438 nos
756 1407 922 1446 fecimus,
949 1413 983 1440 et
1006 1407 1087 1451 quia
1106 1407 1177 1450 ipse
1200 1419 1272 1439 nna-

285 1459 337 1501 gis
355 1458 450 1490 vvidet
468 1457 554 1490 iram
572 1455 658 1500 Dei,
686 1456 765 1490 ideo
782 1457 893 1500 magis
908 1457 1015 1491 dolet.

384 1523 453 1557 Sed
478 1523 560 1568 quia
586 1522 699 1564 filius,
726 1529 760 1556 et
785 1523 955 1556 innocens
982 1529 1049 1561 est,
1079 1523 1157 1556 ideo
1188 1521 1273 1556 haec

289 1585 403 1619 poena
422 1574 512 1607 valet
531 1585 594 1617 pro
619 1573 716 1612 aliis,
741 1579 773 1606 et
837 1584 872 1606 se
897 1574 1096 1617 paciscitur.

284 1637 420 1660 scamus
437 1636 518 1667 crgo
535 1624 654 1669 aliquo
671 1624 778 1657 modo
797 1624 965 1658 iustitiam
981 1624 1065 1666 Dei,
1090 1632 1123 1658 et
1138 1624 1276 1668 magni-

282 1677 443 1711 tudinem
468 1676 540 1709 irae
560 1673 644 1715 Dei,
671 1686 939 1719 expavescamus
966 1687 1031 1709 nos
1053 1687 1214 1721 quoque,
1243 1681 1277 1709 et

281 1729 480 1767 doleamus,
508 1726 602 1771 quod
622 1726 727 1759 nimis
746 1726 859 1760 securi
883 1738 1022 1768 sumus,
1050 1734 1083 1762 et
1106 1739 1179 1760 non
1197 1738 1277 1760 sen-

284 1780 390 1814 timus
409 1789 573 1821 magnum
591 1777 752 1810 timorem
772 1777 844 1811 irae
860 1775 939 1813 Dei.

387 1844 526 1878 Deinde.
554 1844 657 1878 etiam
681 1844 894 1888 accipiamus
919 1841 986 1878 hoc
1009 1851 1146 1879 tantum
1169 1845 1276 1877 bene·
1302 1863 1304 1872 ·

284 1899 400 1930 ficium
420 1895 500 1935 fide,
523 1901 556 1928 ct
574 1907 655 1928 vere
673 1901 875 1935 statuamus,
902 1907 967 1928 nos
986 1902 1129 1939 propter
1146 1895 1276 1928 Filium

287 1947 405 1990 recipi.
460 1945 619 1979 Sciamus
635 1952 752 1979 tantae
771 1957 906 1989 poenae
932 1953 1169 1980 contemtores
1195 1957 1277 1985 esse,

285 1999 344 2043 qui
370 2010 441 2031 uon
469 1997 636 2036 credunt,
679 2008 742 2040 pro
774 1996 858 2040 ipsis
886 2008 964 2030 eum
995 1997 1078 2030 satis
1109 2009 1276 2040 magnum

289 2049 441 2093 pretium
463 2047 579 2080 fuisse.

389 2115 512 2149 Tertio
538 2114 726 2152 laetemur,
752 2121 783 2147 et
809 2127 948 2157 agamus
974 2116 1102 2159 gratias
1124 2115 1218 2158 Deo,
1246 2122 1277 2149 et

292 2168 398 2210 l'ilio,
429 2167 523 2212 quod
543 2165 590 2199 sic
610 2177 675 2199 nos
693 2166 852 2200 redemit.

390 2235 547 2277 Quarto,
576 2233 660 2266 moti
680 2239 776 2267 tanta
796 2233 865 2275 ira,
893 2241 925 2267 et
952 2235 1036 2269 moti
1061 2235 1179 2268 debito
1199 2247 1278 2278 gra-

292 2286 472 2323 utu-linis,
518 2284 721 2318 desinamus
758 2297 917 2328 peccare,
957 2293 988 2319 et
1012 2297 1147 2328 semfer
1174 2287 1217 2319 sit
1243 2286 1277 2319 iu

291 2344 478 2381 ..mspectu
505 2336 712 2377 magnitudo
739 2336 839 2369 istius
865 2348 1014 2380 poenae,
1042 2344 1079 2370 ut
1108 2337 1276 2370 iudicium

290 2397 316 2421 ··t
341 2389 425 2420 iram
449 2386 509 2419 noi
527 2386 826 2427 magnifaciamus.
854 2388 1001 2431 Semper
1019 2387 1161 2430 cogites:
1188 2387 1278 2421 Ecce

291 2440 380 2471 tilius
400 2436 461 2471 D.·;
491 2437 594 2470 iacuit
619 2437 653 2469 in
674 2446 861 2481 conspectu
880 2437 1012 2479 Patris,
1047 2440 1176 2471 sud-ius
1199 2451 1279 2471 san—

289 2490 429 2529 guinem
464 2495 605 2532 propter
636 2495 693 2521 tua
727 2497 882 2534 peccata,
925 2501 987 2524 cur
1020 2496 1057 2523 tu
1083 2490 1279 2523 contemnis

291 2544 313 2573 it
333 2555 375 2572 uu
397 2538 485 2572 Dri‘.)
514 2548 576 2572 elt‘.

394 2599 442 2631 tt..
478 2600 616 2643 copiosa
645 2599 804 2633 doctrina·
841 2607 889 2632 est
927 2600 962 2632 in
1000 2613 1070 2633 uuo
1109 2601 1279 2633 vocabulo

292 2658 406 2695 pretu-

1152 1572 1275 1615 Agno-
1301 1604 1302 1609 ,

1666 755 1804 809 Caput
1835 756 1956 798 XXI.

1360 837 1411 869 lte
1434 837 1469 868 in
1493 836 1682 878 castellum,
1714 837 1799 880 quod
1823 840 1872 868 esi
1896 837 1930 869 in
1955 841 2126 879 conspectu
2148 841 2266 871 vestro.

1423 898 1491 932 Hic
1507 899 1662 944 primurn
1687 905 1738 933 est
1762 900 1941 933 recitanda
1960 901 2120 935 doctrina
2139 901 2183 935 de
2201 912 2310 945 regno

1322 949 1485 985 Messiae.
1535 947 1582 984 Et
1597 950 1700 984 initio
1718 951 1894 984 somnium
1912 950 2122 986 Iudaeorum
2139 953 2182 986 de
2200 963 2309 996 reguo

1298 1023 1299 1034 2
1324 1002 1449 1034 mundi
1468 1002 1686 1034 narrandum
1704 1008 1737 1034 et
1753 1001 1996 1035 reiiciendum.

1424 1050 1589 1086 Secundo
1613 1053 1824 1096 opponenda
1849 1065 1928 1086 vera
1954 1053 2110 1086 narratio
2135 1054 2179 1086 de
2201 1063 2310 1097 regno

507 1100 588 1134 Non
611 1101 724 1135 solum
743 1101 872 1145 perfert
888 1099 952 1135 has
968 1103 1126 1147 corporis
1141 1102 1272 1135 lacera-
1297 1112 1300 1146 χ
1322 1102 1499 1147 spirituali
1522 1109 1556 1137 et
1573 1109 1733 1143 aeterne,
1760 1104 1855 1148 quod
1870 1103 2018 1137 Messias
2044 1105 2088 1137 ab
2107 1104 2211 1138 initio
2229 1115 2313 1149 pro-

1298 1151 1300 1194 ζ
1325 1153 1452 1187 missus
1467 1154 1529 1192 sit,
1557 1165 1635 1187 cum
1656 1154 1761 1198 primi
1791 1162 1950 1198 parentes
1972 1155 2213 1198 reciperentur
2234 1161 2312 1200 post

1298 1199 1474 1249 flapsnm.
1525 1202 1572 1237 Et
1598 1205 1693 1247 quod
1727 1204 1774 1237 ita
1806 1205 1946 1238 condita
1963 1205 2007 1239 sit
2037 1203 2193 1239 Ecclesia
2227 1217 2312 1239 voce

1299 1254 1301 1259 ’
1327 1255 1588 1299 promissionis,
1616 1262 1653 1288 ut
1678 1255 1714 1288 in
1741 1267 1778 1288 ca
1796 1267 1934 1299 semper
1958 1263 2097 1291 sonaret
2122 1254 2206 1290 baec
2231 1267 2315 1301 pro-

1299 1320 1301 1339 :
1326 1306 1445 1339 missio
1472 1307 1514 1338 de
1541 1303 1607 1339 hoc
1624 1306 1798 1347 Domino,
1825 1315 1967 1350 propter
1986 1319 2090 1352 quem
2107 1307 2190 1340 velit
2208 1306 2313 1343 Pater

1300 1373 1302 1378 ·
1325 1363 1487 1389 aeternus
1505 1357 1681 1389 remittere
1706 1363 1862 1399 peccata,
1891 1364 1922 1390 et
1949 1359 2042 1402 quod
2063 1358 2144 1391 velit
2165 1355 2229 1391 liae
2245 1358 2313 1391 fide

1300 1431 1301 1435 ,
1325 1407 1393 1440 coli
1412 1413 1443 1439 et
1462 1406 1636 1446 invocari,
1663 1409 1756 1451 quod
1777 1414 1918 1450 propter
1933 1405 2027 1440 hunc
2044 1407 2239 1442 Dominum
2257 1420 2313 1441 re-

1300 1468 1301 1471 *
1325 1458 1510 1491 mittantur
1530 1464 1669 1500 peccata
1689 1459 1930 1495 credentibus,
1957 1465 1989 1492 et
2006 1459 2253 1499 exaudiamur,
2279 1465 2311 1492 et

1299 1497 1302 1516 ¹
1327 1505 1492 1540 haeredes
1517 1507 1606 1540 vitae
1630 1514 1788 1540 aeternae
1814 1508 2024 1548 efficiamur,
2068 1516 2099 1541 et
2125 1509 2313 1543 salvemur.

1300 1568 1302 1581 ³
1330 1557 1431 1591 Hanc
1451 1557 1648 1591 doctrinam
1666 1559 1894 1591 necessariam
1914 1556 2088 1592 Ecclesiae
2105 1557 2170 1592 Dei
2190 1559 2318 1594 amise-

1300 1616 1303 1639 ¹,
1328 1616 1410 1642 runt
1436 1607 1638 1648 Pharisaei,
1674 1615 1707 1642 ct
1730 1620 1832 1653 saepe
1858 1609 2041 1643 obscurata
2066 1617 2133 1650 cst,
2168 1610 2256 1644 sicut
2281 1617 2315 1645 et

1300 1643 1304 1699 i
1328 1668 1408 1693 ante
1430 1657 1514 1692 haec
1537 1665 1694 1702 tempora
1719 1671 1737 1692 a
1757 1657 1944 1693 Monachis
1967 1667 1999 1694 et
2022 1673 2039 1694 a
2058 1659 2151 1705 Papa
2167 1661 2234 1695 fuit
2250 1661 2315 1696 ob-

1301 1701 1475 1780 [scuram.
1527 1709 1716 1755 Postquam
1744 1717 1859 1743 autem
1886 1711 1953 1743 iam
1973 1719 2138 1745 renovata
2166 1719 2215 1746 est
2234 1723 2314 1749 vera

1328 1761 1507 1801 doctrina,
1533 1761 1701 1804 singulari
1730 1760 1794 1794 Dei
1819 1762 2006 1803 beneficio,
2034 1763 2143 1796 simus
2164 1763 2317 1806 diligen-

1301 1799 1305 1858 ἱ
1329 1819 1378 1845 tes
1397 1813 1431 1844 in
1449 1824 1485 1845 ea
1504 1812 1668 1845 discenda
1687 1820 1716 1845 et
1734 1813 1983 1854 custodienda,
2018 1821 2052 1847 et
2068 1815 2257 1848 exercenda
2277 1814 2314 1848 iu

1331 1864 1565 1896 invocatione.

1358 1961 1468 1999 N'uns
1486 1961 1527 1998 de
1543 1961 1702 1998 historia
1721 1963 1865 1998 dicatur
1887 1969 1917 1998 ct
1936 1962 1977 1999 dc.
1994 1962 2278 2011 significatione.

1432 2040 1552 2083 Quare
1570 2041 1709 2085 publice
1727 2053 1804 2073 cum
1823 2041 1882 2075 tali
1910 2053 2037 2089 pompa
2065 2042 2240 2085 ingressus
2266 2050 2316 2077 est

1331 2088 1494 2124 Cltristus
1511 2098 1593 2125 tunc
1614 2091 1887 2137 lerosolymam?

1433 2141 1666 2187 Respondeo:
1707 2143 1800 2177 Dens
1834 2143 1906 2177 vult
1934 2141 2124 2176 Ecclesiam
2149 2155 2222 2178 non
2245 2156 2317 2180 esse

1331 2193 1564 2234 invisibilem,
1591 2195 1649 2226 sed
1676 2195 1750 2227 vult
1776 2206 1850 2226 eam
1875 2206 1955 2227 vere
1980 2193 2135 2237 conspici
2158 2202 2190 2230 et
2211 2207 2317 2231 exau-

1331 2244 1398 2277 diri
1425 2244 1460 2276 in
1483 2256 1607 2287 genere
1639 2242 1805 2278 hnmano.
1858 2245 1940 2279 ldeo
1966 2245 2080 2278 locum
2104 2253 2258 2288 certum,
2284 2254 2318 2282 et

1330 2303 1467 2339 gentem
1487 2303 1613 2329 certam
1633 2296 1823 2333 constituit.
1849 2297 1908 2329 ubi
1928 2301 2128 2330 nasceretur
2142 2295 2316 2339 Christus,

1303 2321 1307 2380 i
1332 2348 1470 2380 doceret
1485 2374 1492 2385 ,
1523 2347 1803 2390 conspiceretur,
1824 2348 1940 2381 ederet
1963 2347 2152 2388 miracula,
2182 2355 2315 2392 patere—

1304 2383 1307 2407 Ι
1331 2405 1389 2431 tur
1410 2405 1441 2431 et
1460 2406 1665 2439 resurgeret.
1722 2397 1803 2430 lateo
1827 2398 1937 2430 mtnit
1964 2395 2124 2434 (hristus
2140 2399 2316 2445 -conspici,

1304 2412 1308 2499 ἔ
1332 2461 1402 2481 nou
1423 2449 1532 2481 votuit
1554 2450 1670 2482 tau-ro.
1726 2446 1765 2481 E·
1792 2449 1871 2492 quia
1890 2449 1961 2492 ipsc
1980 2456 2027 2482 est
2048 2461 2151 2483 verus
2164 2456 2198 2485 et
2214 2461 2313 2496 prae-

1305 2528 1307 2538 ,
1332 2500 1455 2543 cipuus
1480 2511 1537 2532 rcx
1563 2497 1667 2532 liuius
1693 2499 1833 2542 pupuli,
1869 2499 1947 2532 ida-n
1972 2506 2007 2533 ut
2032 2512 2089 2533 rex
2120 2501 2317 2545 ingreditur

1333 2551 1367 2583 in
1388 2551 1531 2589 urbem,
1559 2551 1617 2583 scd
1644 2563 1714 2583 non
1742 2550 1813 2583 vult
1841 2551 2118 2585 (inminationem
2138 2551 2315 2595 politicam

1333 2600 1478 2638 luthere,
1505 2601 1564 2633 sed
1583 2613 1727 2642 regnum
1744 2609 1937 2640 aeteruum.
1953 2601 1988 2636 in
2006 2615 2076 2648 quo
2093 2614 2170 2635 cum
2189 2603 2316 2643 electis.

1331 2665 1419 2697 quos
1438 2652 1616 2689 liberavit,
1647 2653 1681 2685 in
1697 2653 1795 2686 omni
1819 2653 2022 2688 aeternitate
2040 2661 2170 2696 regnet.
