2409 2915
271 96 317 132 51
865 87 991 122 PHlL.
1019 86 1134 123 MEL.
1162 86 1372 123 SCRIPTA
1401 84 1701 123 EXEGETICA.
2248 86 2298 124 52

272 181 411 216 ostendi
440 179 629 213 discrimen
660 178 752 210 inter
779 183 872 210 recta
901 183 934 210 et
962 187 1036 209 non
1067 182 1182 216 recta,
1223 183 1256 209 et
1307 174 1370 207 ubi
1387 173 1491 207 etiam
1508 173 1841 214 vult,nos1ud1c1a
1859 171 2092 207 honestorum
2109 171 2298 208 hominum

272 234 348 267 vult
373 239 466 265 recte
489 230 654 264 facientes
675 227 867 272 approbari
891 233 924 260 et
948 226 1099 267 servari,
1126 233 1159 260 et
1183 238 1256 260 non
1282 212 1285 250 Ι
1309 224 1440 258 intueri
1464 231 1498 258 et
1519 225 1644 258 vereri.
1704 223 1801 258 Haec
1822 224 1884 271 qui
1909 236 1984 258 non
2008 224 2199 259 intuentur
2216 231 2299 259 sunt

273 290 365 317 recte
393 282 558 315 facientes
586 278 779 323 vituperari
807 285 842 312 et
869 278 987 311 deleri.
1041 276 1137 310 Haec
1161 279 1258 311 testi·
1282 277 1285 304 !
1311 282 1512 318 arrogantes
1534 282 1567 309 et
1590 276 1826 319 impudentes.
1878 275 1963 309 ldeo
1987 281 2079 308 recte
2097 275 2230 310 dictum
2247 283 2299 310 est

272 334 390 367 monia
413 332 488 365 vult
512 329 687 373 conspici,
721 336 759 364 ut
782 329 958 363 discamus
981 329 1112 371 legem,
1146 336 1178 362 et
1199 341 1256 362 co-
1310 327 1346 359 in
1372 325 1570 369 Tragoedia
1596 325 1766 360 Senecae:
1794 325 1900 360 Levis
1925 333 1994 367 est,
2019 338 2084 359 nec
2108 325 2211 360 illum
2235 328 2299 362 sti-

271 384 419 427 gitemus
445 393 518 414 esse
547 379 683 422 Deum,
716 388 751 414 et
781 380 894 425 qualis
923 379 987 420 sit,
1021 386 1054 413 et
1085 380 1179 424 quod
1211 380 1257 412 sit
1282 413 1286 438 ι
1309 377 1420 410 mulat
1435 377 1565 419 gloriae
1582 377 1697 409 decus.

271 435 398 466 vindex
416 432 597 466 scelerum.
1282 448 1285 482 g
1410 434 1645 468 Meminerint
1670 435 1828 469 iuniores
1851 443 1886 470 et
1909 443 2142 480 congruentes
2160 443 2301 470 senten-

371 482 434 516 Est
458 483 566 526 igitur
591 483 684 515 hona
709 481 800 514 fama
822 481 1066 514 testimonium
1086 481 1256 514 divinitus
1283 488 1375 520 .tias
1394 487 1430 518 in
1449 486 1528 518 aliis
1543 486 1701 530 scriptis,
1728 493 1767 520 ut
1784 487 1821 519 in
1839 498 1942 521 versu
1955 486 2092 522 Publii.
2121 486 2300 522 Honestus

269 534 491 574 ordinatum,
517 533 710 566 multorum
737 537 829 565 recte
848 532 1100 573 iudicantium,
1127 544 1255 575 appro-
1310 549 1432 570 rumor
1464 537 1612 570 alterum
1647 538 1901 581 patrimonium
1935 545 1999 573 est.
2057 537 2106 572 Et
2134 537 2298 572 Plautus:

268 585 432 619 bantium
454 591 568 622 recta,
596 589 629 616 et
647 589 740 615 recte
758 582 982 623 facientium,
1010 595 1080 628 ‘3¹¹0
1099 578 1284 616 testimo·
1311 588 1502 621 Honestam
1527 587 1655 620 famam
1681 588 1710 621 si
1735 600 1909 629 servasso,
1937 596 1988 622 sat
2013 601 2073 623 ero
2091 589 2200 623 dives.
2253 587 2300 623 Et

269 637 330 669 nlo
361 635 491 669 muniti
522 635 593 667 Sint
622 639 716 666 recte
741 633 926 674 faelentes,
962 641 994 667 et
1016 634 1064 666 elS
1088 631 1257 667 honestus
1310 639 1486 672 Ht’SlOdUS
1507 638 1680 683 praempit
1698 639 1809 673 vitare
1827 640 1957 673 malam
1974 641 2120 680 famam
2142 646 2175 673 et
2191 641 2301 679 addit,

269 687 367 720 locus
392 687 428 718 ln
454 684 634 718 Communi
653 684 817 718 societate
834 685 1029 723 tribuatur,
1058 691 1096 718 Ut
1112 685 1173 717 alli
1191 682 1285 717 hO—
1283 722 1284 727 1
1310 701 1532 724 communem
1550 689 1677 722 sunam
1697 702 1770 723 non
1787 702 1931 735 prorsus
1947 691 2091 724 inanem
2110 701 2198 724 esse·

269 737 380 770 mines
396 737 590 769 doceantur
607 742 640 769 Εἴ
658 735 855 769 inVitentUI'
871 737 914 769 ad
934 742 1036 768 reela·
1282 733 1286 855 ἱ
1362 746 1445 787 ([γίυ,
1471 743 1499 775 δ’
1523 743 1609 782 οἰτις
1632 746 1766 786 mim-rm·
1789 745 1982 786 απόλλυται,
2006 746 2113 785 r'rma
2136 749 2253 778 πολλοι

371 785 462 820 Cum
487 786 594 830 igitur
617 787 710 819 bona
727 786 820 819 fama
837 787 882 820 sit
899 787 1106 830 approbatio
1124 786 1257 819 divini-

269 846 324 872 tus
346 837 528 878 ordinata,
555 844 587 870 et
607 837 850 880 multipliciter
869 837 911 870 sit
928 837 1025 870 utilis
1043 837 1153 875 vitae,
1180 849 1254 869 ma-

269 889 436 923 nifestum
452 896 519 929 est,
545 900 620 920 eam
637 899 710 921 rem
727 888 857 921 honam
877 895 909 920 et
924 889 1155 931 appetendam
1176 899 1258 920 esse.

269 939 354 973 Ideo
377 945 411 972 et
426 937 603 973 Siracides
623 950 698 982 cap.
717 936 777 973 41.
795 938 930 983 inquit:
958 937 1051 971 Cura
1070 939 1114 971 sit
1130 939 1195 971 tibi
1214 940 1257 971 de

268 992 365 1024 bono
390 990 545 1023 nomine.
598 989 808 1023 Durabilius
830 996 880 1022 est
904 989 997 1022 enim
1015 1000 1120 1034 quam
1140 990 1258 1033 magni
1282 1015 1285 1027 .

271 1039 438 1075 thesauri.
493 1040 625 1075 Causae
640 1047 755 1074 autem
774 1040 1053 1074 considerentur.
1282 1029 1285 1094 Ι
1410 1039 1484 1074 Res
1514 1040 1686 1073 secundae
1714 1040 1928 1074 iniustorum
1952 1047 1986 1074 et
2009 1041 2224 1075 calamitates
2245 1041 2301 1074 iu-

373 1090 401 1125 Ι.
436 1090 597 1125 Primum
622 1091 705 1136 quia
724 1091 824 1125 Deus
847 1091 923 1125 vult
946 1103 1011 1124 nos
1027 1088 1258 1124 honestorum
1282 1098 1285 1135 ξ
1309 1097 1445 1124 storum
1476 1092 1622 1124 turbant
1644 1091 1881 1124 assensionem
1907 1091 1950 1124 de
1973 1092 2198 1135 providentia
2222 1091 2302 1133 Dei,

270 1141 457 1176 hominum
481 1143 611 1176 iudicia
633 1142 784 1183 intueri,
811 1149 850 1175 ut
866 1141 1042 1176 Siracides
1060 1154 1132 1186 cap.
1150 1142 1183 1175 6.
1203 1143 1258 1175 in-
1309 1149 1343 1175 et
1366 1142 1426 1174 alii
1451 1142 1535 1174 alias
1559 1153 1678 1175 causas
1699 1148 1889 1175 eventuum
1914 1149 2107 1187 quaerunt,
2141 1150 2174 1177 et
2196 1143 2301 1177 multi

269 1194 364 1238 quit:
406 1192 448 1226 In
478 1199 579 1227 coetu
610 1193 792 1227 seniorum
823 1193 1022 1233 consistito,
1058 1201 1091 1227 et
1122 1194 1149 1226 si
1179 1194 1258 1238 quis
1283 1193 1285 1195 ’
1309 1194 1351 1225 ad
1377 1191 1539 1238 physicas
1563 1204 1682 1226 causas
1707 1199 1741 1226 et
1759 1193 1827 1225 fata
1848 1193 2054 1229 decurrunt.
2107 1193 2301 1227 Sciendum

269 1251 321 1278 est
348 1244 488 1288 sapiens
518 1244 551 1277 ei
576 1241 778 1278 adhaereto.
842 1244 1056 1287 Arrogantia
1082 1251 1114 1278 ct
1141 1245 1258 1289 impu·
1283 1235 1285 1277 i
1311 1250 1361 1277 est
1390 1244 1518 1302 igitur,
1553 1242 1666 1277 Deum
1697 1244 1922 1288 proposuisse
1952 1243 2153 1277 testimonia
2179 1244 2302 1288 provi-

269 1295 388 1328 dentia
405 1301 471 1335 est,
499 1295 597 1328 nolle
616 1295 747 1329 intueri
765 1307 932 1329 sanorum
951 1295 1092 1330 iudicia.
1310 1295 1449 1328 dentiae
1471 1295 1509 1327 in
1531 1295 1699 1338 operibns
1723 1294 1916 1328 ordinariis
1940 1302 1973 1328 et
1998 1295 2302 1336 extraordinariis,

373 1344 418 1381 Il.
452 1344 593 1379 Deinde
616 1346 692 1380 vult
715 1346 818 1379 etiam
839 1344 984 1380 honesta
1005 1346 1161 1390 exempla
1181 1346 1260 1379 aliis
1283 1354 1285 1366 ⁴
1311 1353 1344 1380 et
1362 1347 1398 1379 in
1418 1357 1579 1390 expresso
1597 1347 1704 1379 verbo
1721 1357 1797 1379 suo.

1283 1283 1285 1296 l

1283 1334 1285 1351 Ι

269 1396 442 1440 praeberi.
508 1395 591 1430 Ideo
626 1395 1015 1432 l-COP.10.dlCltur.'
1051 1395 1185 1430 omnia
1215 1398 1258 1430 at]
1283 1376 1286 1441 i
1413 1401 1686 1438 Ordlnaria
1722 1417 1827 1449 opera
1852 1406 2044 1440 ostendunt
2068 1405 2301 1449 praesentiam

269 1445 417 1490 gloriam
442 1446 508 1480 Dei
541 1447 661 1488 facite,
697 1455 730 1481 et
759 1460 833 1481 non
857 1448 1028 1482 offendite
1051 1446 1257 1481 Ecclesiam.
1284 1458 1285 1472 ¹
1283 1456 1390 1497 Dei,
1416 1463 1455 1489 ut
1472 1453 1554 1489 hic·
1544 1468 1618 1500 ,pse
1634 1456 1869 1499 pulcerrimus
1884 1457 1972 1489 ordo
1989 1468 2178 1500 corporum
2196 1468 2302 1490 mun-

269 1498 315 1533 Εἴ
331 1498 373 1531 ad
390 1495 580 1543 Philip-4⁸
610 1497 705 1532 Haec
721 1506 840 1533 curate
856 1511 945 1544 (11¹³ss
962 1507 1043 1533 ⁵⁰¹¹(
1060 1511 1152 1539 veras
1179 1511 1258 1542 gm-
1283 1510 1285 1549 j
1310 1508 1368 1545 di,
1404 1507 1497 1540 vices
1529 1505 1665 1552 hyemis
1688 1513 1721 1541 et
1741 1508 1899 1550 aestatis,
1935 1507 2161 1541 foecundatio
2183 1519 2302 1541 annua

270 1549 344 1589 Via,
384 1549 494 1588 iusta,
534 1550 754 1591 amicabilia,
790 1550 1001 1592 ¹³Ud3bilifl,
1035 1550 1200 1584 Virtutem
1227 1557 1258 1583 ⁹¹
1282 1554 1285 1595 i
1311 1566 1444 1597 terrae,
1481 1559 1700 1592 conservatio
1737 1559 1910 1592 societatis
1941 1556 2134 1599 humanae,
2168 1570 2302 1602 poenae

269 1600 419 1633 landem·
689 1628 692 1631 ⁴
1310 1608 1582 1648 homicidarum,
1610 1610 1664 1643 lex
1680 1617 1715 1644 et
1732 1610 1901 1643 iudicium
1919 1610 2155 1643 conscientiae
2173 1610 2210 1642 iu
2228 1609 2301 1642 sin-

368 1649 529 1684 Prlmum
547 1651 725 1693 flagitatur
754 1650 958 1689 'serila-⁹³
986 1664 1075 1694 ‘11¹³ss
1091 1659 1142 1686 θὸῑ
1158 1664 1259 1686 verae
1283 1673 1285 1685 ·
1309 1661 1420 1704 gulis,
1446 1661 1624 1704 generatio
1640 1668 1672 1695 et
1690 1661 1803 1705 prima
1821 1661 2010 1694 nutricatio
2026 1661 2160 1694 sobolis
2177 1667 2241 1694 etc.

269 1701 449 1735 doctrinae
474 1702 713 1742 conservatio,
741 1709 774 1735 et
801 1702 837 1735 in
862 1701 942 1734 aliis
968 1699 1126 1734 honestis
1151 1713 1258 1745 nego·

269 1753 332 1786 ciis
352 1763 490 1785 servare
508 1752 600 1785 dicta
619 1759 652 1786 et
670 1759 780 1795 pacta.
835 1751 900 1786 Est
918 1759 1034 1786 autem
1055 1753 1166 1787 virtus
1184 1754 1257 1797 pri-

269 1814 346 1837 mae
364 1802 523 1842 tabulae,
549 1814 652 1835 verae
667 1803 848 1836 doctrinae
865 1803 1097 1836 conservatio.

371 1849 600 1887 Gravitas
628 1860 678 1887 est
698 1854 893 1887 constantia
912 1854 948 1886 in
965 1865 1127 1887 sermone
1146 1861 1179 1887 et
1198 1865 1257 1897 ge-

269 1904 380 1938 stibus
409 1901 566 1938 honestis
592 1916 760 1949 personae
785 1905 1018 1945 conveniens‚
1051 1911 1083 1938 et
1105 1911 1154 1938 est
1178 1916 1257 1948 pars

268 1955 470 1990 modestiae.

370 2003 578 2039 Iusticia
618 2006 941 2052 particularis
977 2013 1042 2047 est,
1077 2007 1255 2055 neminem

269 2058 398 2091 iniuria
415 2058 563 2091 afficere.

369 2104 458 2142 Cas
470 2112 481 2140 t
493 2108 528 2140 it
539 2121 587 2141 as
617 2116 668 2143 est
685 2109 794 2143 vitare
812 2107 1007 2153 prohibitas
1026 2109 1205 2142 libidines.

370 2157 662 2193 Amicabilia
713 2161 874 2194 nominat
910 2160 1183 2194 Beneficentiam
1224 2167 1257 2193 ct

263 2208 493 2253 Ἐπιείκειαν,
537 2211 612 2243 sine
644 2223 712 2256 qua
745 2224 817 2245 non
849 2219 963 2256 potest
994 2211 1136 2245 retineri
1171 2223 1255 2244 con-

266 2262 394 2296 cordia.

369 2308 673 2345 Laudabilia
703 2314 864 2347 nominat
886 2314 1070 2352 virtutem,
1098 2325 1186 2358 quae
1206 2321 1255 2347 est

267 2363 451 2405 diligentia
468 2364 602 2396 vitandi
620 2365 799 2404 scandala,
825 2377 914 2410 quae
931 2365 1136 2398 nominatur
1151 2366 1281 2409 ([1λο-

268 2413 380 2458 ῐιμίη,
410 2412 555 2447 honesta
574 2416 741 2458 appetitio
759 2413 904 2448 honoris
920 2429 978 2449 seu
999 2417 1111 2448 bonae
1129 2416 1252 2449 sannae.
1278 2416 1280 2455 ξ
1408 2405 1452 2441 Et
1470 2406 1556 2452 'lnpl
1564 2408 1677 2441 «uitae
1700 2409 1747 2442 1.:
1777 2407 1970 2441 Scrutabor
1988 2405 2211 2440 Hierusalem
2242 2408 2296 2442 lu-

370 2465 491 2498 pone„
508 2477 665 2509 expresso
682 2466 984 2500 nomifflstpssnlns
1014 2464 1252 2501 11'17111107„
1277 2495 1280 2535 ἶ
1304 2459 1435 2498 cernis
1471 2466 1500 2492 ct
1534 2459 1684 2493 xisitaluo
1718 2459 1811 2491 siros
1837 2459 1968 2491 defixos
1993 2459 2028 2491 in
2056 2458 2190 2492 fecibus
2215 2459 2297 2500 suis,

268 2523 299 2549 ει
336 2512 437 2548 Lau
451 2513 561 2556 ἄρῃ,
603 2523 641 2550 ,η
672 2517 858 2559 significo..
901 2526 990 2551 “cm
1023 2519 1142 2557 sactis,
1179 2530 1251 2551 ΠΜ,
1276 2510 1363 2566 *qui
1389 2511 1511 2543 dicunt
1536 2511 1571 2543 in
1596 2510 1763 2543 cordibus
1778 2510 1868 2543 suis:
1896 2509 2095 2544 Noun-ciet
2115 2509 2296 2544 Dominus

1361 800 1433 829 λαοὶ
1459 797 1647 837 φημίζουσι,
1676 797 1754 834 θεὸς
1778 797 1814 829 τό
1836 811 1882 834 τις
1905 797 1973 830 ἐστὶ
1996 800 2050 829 καὶ
2073 795 2159 836 miras.

1361 909 1478 944 Dives
1510 915 1540 944 et
1567 923 1708 959 pauper
1739 910 1855 946 simul
1881 916 1986 954 sunt,
2021 916 2052 945 et
2075 909 2181 945 Deus
2205 910 2301 957 facit

1413 967 1603 1010 utrunque.

1411 1719 1550 1752 Deinde
1568 1717 1904 1753 Estraordina
1917 1719 1990 1752 ria
2005 1731 2111 1763 opera
2123 1721 2235 1763 magis
2247 1720 2302 1753 in-

1310 1777 1456 1804 currunt
1488 1771 1524 1802 in
1555 1771 1695 1811 oculos,
1730 1778 1767 1804 ut
1793 1770 1913 1803 omnia
1939 1770 2127 1810 miracula,
2160 1771 2301 1804 eductio

1312 1821 1434 1864 populi
1466 1833 1505 1853 ex
1530 1821 1707 1866 Aegypto,
1743 1821 1961 1854 resuscitatio
1988 1827 2231 1862 mortuorum,
2267 1829 2302 1855 et

1308 1871 1388 1906 alia.

1410 1928 1457 1964 Et
1481 1943 1560 1964 cum
1584 1928 1669 1963 haec
1694 1931 1782 1963 facta
1802 1937 1992 1971 testentur,
2021 1943 2101 1964 vera
2119 1942 2190 1965 esse
2207 1931 2300 1966 dicta

1308 1982 1448 2022 divina,
1476 1982 1546 2015 sint
1565 1983 1600 2014 in
1618 1989 1805 2025 conspectu
1821 1982 1954 2022 multae
1970 1983 2184 2024 sententiae,
2211 1995 2301 2029 quae

1309 2033 1504 2072 affirmant,
1533 2046 1604 2066 non
1624 2045 1703 2067 casu
1721 2045 1774 2066 res
1791 2035 1962 2067 secundas
1978 2040 2012 2067 et
2029 2035 2190 2067 adversas
2209 2034 2300 2067 acci-

1309 2084 1407 2123 dere,
1441 2085 1499 2117 sed
1529 2085 1599 2127 regi
1628 2081 1712 2117 haec
1736 2097 1876 2129 quoque
1899 2085 2048 2118 consilio
2072 2083 2149 2118 Dei.
2203 2083 2299 2119 Haec

1308 2135 1392 2168 fides
1411 2135 1521 2169 luceat
1539 2136 1574 2168 in
1591 2136 1756 2169 cordibus
1769 2163 1777 2176 ,
1805 2143 1835 2168 ct
1854 2143 1948 2180 petat
1966 2142 1999 2170 et
2015 2142 2170 2181 expectet
2186 2136 2301 2171 bonos

1308 2194 1453 2221 eventus
1469 2199 1488 2220 a
1507 2186 1593 2221 Deo.

1410 2246 1468 2280 Sic
1487 2245 1650 2280 Ieremias
1669 2247 1782 2292 inquit
1802 2245 2019 2281 in'l'hrenis:
2049 2245 2140 2289 Quis
2154 2253 2205 2280 est
2223 2246 2299 2285 iste,

1307 2297 1365 2342 qui
1391 2297 1496 2338 dicit,
1524 2297 1575 2332 Ex
1603 2311 1663 2331 ore
1684 2297 1830 2332 Domini
1856 2310 1928 2331 non
1952 2297 2179 2341 egredientur
2204 2298 2297 2331 bona

1278 2349 1281 2396 j
1306 2356 1337 2382 tt
1357 2349 1471 2381 mals>
1440 2363 1464 2381 ι

282 2568 364 2601 nani
385 2568 618 2600 ostentatione
634 2569 762 2601 Ιιοητυη
782 2570 909 2601 samam
928 2571 1119 2611 parandam
1141 2581 1226 2603 esse.
1276 2550 1391 2592 1‘0111
1408 2569 1437 2595 «t
1459 2574 1530 2595 uon
1549 2561 1649 2594 s-*1citt
1669 2573 1712 2593 un
1716 2561 1771 2594 ulc-

367 2617 424 2650 Sic
443 2625 471 2650 et
492 2617 671 2652 Romanos
692 2619 744 2655 14.
766 2619 896 2665 inquit:
927 2621 997 2662 Qui
1017 2621 1052 2653 in
1072 2618 1126 2654 liis
1143 2621 1251 2655 seruit
1407 2620 1491 2655 ltem
1511 2619 1649 2653 Psalmo
1664 2621 1740 2654 52
1735 2648 1740 2653 .
1770 2619 1820 2653 D·
1836 2621 1932 2654 coelo
1950 2621 2089 2666 respicit
2107 2619 2294 2660 Dominus.

264 2667 426 2706 Christo.
454 2669 564 2713 placet
585 2670 680 2710 Deo,
708 2678 738 2704 et
767 2672 934 2715 probatus
959 2679 1007 2705 cst
1031 2669 1249 2716 hominibus,
1303 2671 1395 2706 videt
1413 2682 1534 2705 onmes
1553 2672 1642 2706 filins
1662 2669 1858 2705 huminum.
