2409 2915
75 115 150 152 997
342 116 425 153 ΧΠ.

75 200 159 235 Luc.
179 201 252 238 13.:
280 199 370 236 Ecce
386 201 471 236 anni
487 208 556 235 tres
570 208 663 240 sunt,
694 213 734 235 ex
751 213 822 247 quo
838 202 941 238 venio
957 216 1064 250 quae-

75 263 157 284 rens
173 253 306 287 fructus
324 253 360 286 in
384 250 448 286 hac
471 253 616 294 arbore,
642 258 676 286 et
697 264 771 286 non
795 253 958 294 invenio,
985 267 1064 290 suc-

76 302 152 335 cide
168 315 249 347 ergo
271 303 381 339 illam.

177 368 273 404 Haec
288 376 339 404 est
354 368 415 403 illa
442 368 586 413 simplex
609 376 641 403 et
657 381 738 403 vera
755 370 943 406 declaratio
957 369 1063 407 huius

75 420 278 463 parabolae,
314 432 408 453 nunc
432 419 561 462 singuli
585 420 721 461 videte,
755 428 794 455 ut
818 433 880 455 vos
903 424 946 456 ad
967 424 1062 458 dona

72 469 138 503 Dei
153 471 340 503 exrrcenda
360 470 586 511 exsuscitetis,
613 478 645 504 et
662 468 744 504 haec
762 471 835 515 ipsa
852 473 943 506 dicta
963 474 1062 507 cordi

71 519 222 563 infigite:
251 520 405 553 Habenti
423 520 576 560 dabitur,
604 527 636 554 et
656 532 676 554 a
693 533 764 555 non
782 520 933 556 habente
953 524 1059 558 etiam

73 572 169 614 quod
188 569 290 604 babet
308 571 504 611 auferetur,
532 571 565 604 id
584 579 652 612 est,
678 572 722 605 ab
742 573 921 607 amittente
938 572 1059 608 Evan-

70 621 199 664 gelium
225 627 257 654 et
281 619 452 664 Spiritum
488 628 664 661 sanctum,
706 623 915 656 auferuntur
947 626 1057 658 multa

68 671 135 709 alia
153 672 265 711 dona,
290 672 498 716 consilium,
526 679 558 705 et
583 673 700 705 omnia
720 674 830 716 bona,
859 681 1000 708 aeterna
1023 681 1057 709 et

71 721 289 765 temporalia.

169 778 219 814 Et
237 779 273 812 in
290 791 356 813 usu
374 780 549 814 donorum
569 781 776 825 praecipuus
802 789 851 816 est
868 794 950 816 usus
963 810 972 823 ,
997 782 1056 817 in-

67 830 204 864 vocatio
221 837 254 865 et
273 831 448 874 precatio,
477 831 565 864 sicut
582 832 748 876 scriptum
777 839 825 865 est
851 832 964 867 Lucae
981 835 1053 870 11.:

65 879 211 924 Semper
226 887 334 914 orate.
385 879 433 915 Et
449 881 574 914 videtis
592 882 660 914 iam
681 883 918 917 necessitatem
937 884 974 916 in
993 897 1053 928 pe·

64 930 187 964 riculis
219 938 363 975 propter
389 939 619 972 conventum,
655 941 798 976 propter
824 941 1052 978 tempestates,

63 989 208 1026 propter
241 982 351 1022 bella,
385 989 530 1026 propter
563 983 744 1024 incendia,
783 984 936 1030 denique
970 997 1052 1028 pro-

63 1038 144 1080 pter
160 1032 288 1066 multas
306 1032 531 1068 calamitates,
585 1032 680 1066 Deus
707 1034 826 1067 multis
851 1035 964 1068 modis
988 1047 1051 1068 nos

64 1083 354 1123 commonefacit,
381 1090 413 1116 et
439 1089 555 1116 tamen
578 1094 699 1117 sumus
723 1085 957 1126 negligentes,
990 1087 1048 1119 sed

61 1133 217 1176 profecto
244 1139 380 1176 tempus
402 1134 576 1177 postulat,
614 1141 654 1168 ut
677 1136 972 1177 expergiscamur,
1006 1148 1049 1169 ne

60 1195 260 1227 pereamus,
301 1184 390 1217 sicut
412 1184 471 1216 illa
496 1184 598 1224 ficus,
639 1184 727 1217 sicut
753 1184 927 1226 Sodoma,
962 1187 1050 1220 sicut

61 1233 294 1279 lerosolyma,
321 1234 410 1267 sicut
427 1241 498 1268 tota
515 1234 598 1267 Asia
610 1261 620 1275 ,
647 1233 793 1268 Graecia
807 1260 815 1273 ‚
843 1242 872 1268 et
889 1237 976 1269 aliae
995 1249 1049 1269 re-

61 1284 181 1327 giones
200 1285 264 1317 sub
284 1283 411 1317 Turcis
429 1284 626 1328 perierunt,
652 1285 723 1317 imo
740 1285 827 1318 sicut
846 1285 912 1318 iam
937 1287 1048 1329 perie-

62 1342 143 1367 runt
169 1346 290 1367 omnes
324 1334 481 1376 regiones
508 1335 542 1366 iu
569 1334 759 1367 Germania
786 1343 817 1368 et
843 1336 948 1374 alibi,
983 1349 1048 1380 op-

59 1395 197 1431 pressae
213 1396 232 1417 a
259 1383 415 1417 Caesaris
441 1384 666 1423 exercitibus,
702 1385 759 1416 ubi
776 1384 952 1418 Ecclesiae
972 1393 1047 1419 tur-

57 1435 204 1474 bamur,
243 1441 275 1468 et
299 1434 367 1467 alia
391 1434 500 1466 inulta
527 1434 617 1466 mala
639 1435 814 1468 accidunt.
866 1434 924 1469 Ah
950 1435 1046 1470 Deus

58 1493 175 1519 averte
191 1497 209 1518 a
228 1485 329 1518 nobis
346 1484 432 1518 tales
447 1484 671 1518 calamitates.

232 1598 395 1648 Quando
414 1599 524 1633 veniet
541 1598 669 1635 Filius
688 1599 861 1638 hominis.

282 1677 348 1712 De
376 1681 588 1712 extremo
615 1676 814 1712 iudicio.

156 1743 252 1778 Haec
283 1750 335 1778 est
362 1755 520 1788 expressa
546 1744 739 1787 praedictio
762 1745 805 1777 de
830 1743 962 1778 iudicio
985 1756 1044 1778 ex-

56 1803 186 1836 tremo,
213 1795 328 1840 qualis
352 1795 450 1827 nulla
475 1801 526 1828 est
549 1794 587 1827 in
606 1795 714 1827 veteri
733 1793 958 1828 Testamento
988 1808 1044 1828 re-

57 1846 173 1881 citata.
226 1845 318 1880 Sunt
342 1845 485 1890 quidem
510 1844 620 1878 multa
644 1845 756 1888 dicta,
794 1857 882 1890 quae
903 1846 1043 1889 praedi-

55 1903 140 1931 cunt
171 1896 464 1930 resurrectionem
491 1903 732 1934 mortuorum,
767 1902 798 1928 et
820 1896 944 1929 dicunt
974 1896 1042 1929 im-

54 1947 132 1993 pios
146 1947 221 1980 fore
237 1946 275 1979 in
300 1946 441 1991 poenis,
477 1952 511 1979 et
535 1945 738 1979 invocantes
762 1944 874 1978 Deum
900 1944 1042 1980 habitu-

52 2009 110 2032 ros
127 1997 271 2031 salutem
296 2004 493 2040 aeternam,
521 2004 559 2030 ut
577 1995 700 2029 Esaiae
721 1996 846 2029 ultimo
870 1997 1037 2040 scriptum

54 2055 124 2086 est,
149 2055 265 2082 tamen
290 2048 376 2081 adeo
401 2058 558 2090 expressa
584 2047 756 2090 pradictio
782 2047 877 2080 nulla
902 2055 973 2090 est,
1001 2055 1040 2082 ut

51 2097 139 2133 haec
160 2097 282 2131 concio
304 2098 368 2130 filii
392 2098 474 2138 Dei,
516 2097 577 2143 qui
607 2095 701 2131 hunc
723 2098 910 2131 articulum
937 2098 1040 2131 claris

52 2149 169 2182 verbis
187 2148 299 2182 voluit
314 2148 500 2181 declarare.
546 2146 657 2191 Igitur
672 2145 757 2181 haec
772 2149 877 2181 verba
893 2147 1038 2181 Domini

55 2200 125 2234 sint
149 2199 330 2233 notissima
360 2199 544 2237 omnibus,
585 2205 619 2232 et
653 2198 799 2231 adsidue
830 2199 1038 2240 cogitentur.

54 2249 104 2284 Et
117 2261 191 2283 non
207 2249 340 2292 indiget
355 2248 440 2282 haec
456 2248 577 2282 concio
593 2248 666 2282 ulla
680 2248 913 2282 declaratione
924 2274 932 2287 ,
960 2261 1039 2282 ver-

57 2301 102 2334 ba
119 2312 180 2344 per
194 2312 267 2333 sese
286 2299 466 2344 perspicua
485 2305 586 2338 sunt,
611 2300 669 2332 sed
694 2298 797 2331 fidem
823 2305 855 2332 et
877 2299 1037 2332 timorem

55 2349 121 2385 Dei
145 2352 361 2390 adferamus,
390 2356 422 2383 et
445 2347 512 2383 hoc
537 2349 708 2383 iudicium
733 2348 878 2382 adsidue
901 2349 1038 2382 intuea-

58 2413 157 2442 mur,
183 2409 377 2435 metuamus
394 2401 504 2441 iram,
532 2407 565 2433 et
590 2399 813 2433 consolemur
834 2411 917 2440 nos,
944 2401 1037 2445 quod

54 2453 182 2486 scimus
197 2450 386 2485 Ecclesiam
403 2462 520 2484 veram
537 2450 755 2484 liberandam
774 2461 845 2483 esse
861 2451 905 2484 ab
921 2451 1039 2484 omni-

53 2503 120 2537 bus
139 2503 239 2535 malis
256 2501 293 2535 in
310 2514 350 2535 eo
369 2502 512 2536 iudicio.

156 2568 252 2603 Haec
277 2575 328 2603 est
348 2569 534 2613 praecipua
557 2567 754 2602 admonitio
785 2567 975 2601 necessaria
1000 2567 1039 2602 in

57 2618 124 2654 boc
140 2627 245 2656 textu.
289 2619 359 2653 Sed
377 2626 494 2654 tamen
519 2619 688 2653 addemus
713 2625 745 2653 et
770 2617 854 2652 alias
871 2619 1037 2663 quasdam

55 2671 326 2706 admonitiones.

480 114 873 153 ANNOTATmNEs
899 116 965 152 ET
991 115 1273 155 CONCIONES
1304 118 1352 154 ιΝ
1377 118 1559 159 EVANG.
1587 124 1868 166 MATTHAEI.

2037 136 2111 173 998

1442 204 1559 232 Prima
1585 209 1784 238 admonitio.

1142 301 1152 309 ⁹
1220 250 1356 288 Omnes
1401 252 1563 292 homines
1595 261 1783 306 diligenter
1813 267 1968 312 discant,
2013 269 2104 308 hane

1117 308 1226 337 wtam
1251 300 1440 339 humanam
1466 309 1662 344 ordinatam
1694 326 1766 349 esse
1789 328 1809 350 a
1831 317 1925 359 Deo,
1966 328 1999 355 et
2028 335 2102 357 non

1115 352 1233 386 vivere
1259 350 1421 389 homines
1443 357 1531 392 sicut
1555 363 1723 405 pecudes,
1756 366 1831 401 sine
1856 369 1929 413 lege
1953 370 2042 412 Dei,
2067 382 2101 409 et

1115 403 1190 436 sine
1207 403 1281 437 ullo
1301 406 1445 444 ordine,
1472 419 1510 440 ac
1525 411 1616 443 mori
1632 413 1720 460 sicut
1741 419 1908 459 pecudes,
1931 422 2008 455 siue
2025 424 2099 458 ullo

1114 453 1248 487 iudicio
1266 462 1343 497 post
1361 454 1451 490 hanc
1472 457 1578 491 vitam
1590 485 1598 499 ‚
1627 464 1685 496 sed
1703 463 1798 499 Deus
1816 471 1973 505 condidit
1989 484 2099 516 genus

1113 501 1308 538 humanum
1327 506 1393 547 ita,
1420 514 1459 541 ut
1475 509 1652 546 addiderit
1678 514 1893 559 doctrinam,
1921 525 2097 566 quomodo

1111 554 1196 588 velit
1220 552 1381 590 homines
1402 558 1516 592 salvos
1545 560 1675 602 facere,
1710 571 1743 599 et
1765 567 1840 602 sine
1862 570 1933 604 ulla
1957 574 2098 608 dubita-

1110 604 1207 639 tione
1230 606 1331 649 punit
1347 619 1466 641 omnes
1484 618 1716 648 contemtores
1734 627 1815 650 suae
1839 620 2032 657 doctrinae.

1212 671 1256 706 Et
1275 680 1356 707 sunt
1377 687 1509 718 poenae
1528 678 1698 726 duplices.
1749 682 1958 728 Corporales
1975 689 2011 722 in
2033 689 2095 724 bac

1115 722 1203 764 vita,
1228 730 1263 757 et
1279 724 1367 758 aliae
1385 732 1504 769 postea
1520 735 1680 764 aeternae
1696 740 1772 776 post
1793 733 1883 770 hanc
1901 739 2020 775 vitam.

1400 817 1566 842 Secunda
1591 820 1796 849 admonitio.

1207 863 1449 900 certissimum
1467 875 1536 910 est,
1561 868 1674 905 Deum
1693 873 1728 906 in
1748 872 1812 908 hac
1833 877 1902 911 vita
1929 891 2093 924 corpora·

1105 914 1199 948 libus
1220 917 1341 959 poenis
1366 918 1492 960 punire
1518 932 1659 963 omnes,
1695 925 1755 969 qni
1783 927 1907 962 delicta
1932 933 2093 965 commit-

1105 972 1185 999 tunt
1200 973 1320 999 contra
1341 969 1609 1012 conscientiam,
1637 980 1669 1006 et
1689 978 1830 1019 quando
1856 986 1937 1013 sunt
1955 992 2090 1024 magna.

1103 1023 1186 1049 sunt
1210 1017 1313 1049 etiam
1342 1030 1474 1061 poenae
1497 1032 1652 1063 magnae.
1712 1025 1765 1058 De
1790 1028 1918 1062 talibus
1951 1032 2089 1066 delictis

1104 1078 1263 1109 expresse
1286 1068 1416 1101 dictum
1442 1077 1508 1103 est:
1543 1072 1614 1114 Qui
1630 1074 1786 1116 gladium
1802 1080 1990 1121 acceperit,
2016 1083 2090 1125 gla-

1104 1116 1163 1148 dio
1181 1118 1320 1160 peribit.
1374 1117 1440 1152 Hic
1469 1121 1618 1162 dicitur,
1651 1136 1772 1158 omnes
1797 1125 1990 1164 homicidas
2014 1134 2089 1166 sine

1102 1167 1174 1199 ulla
1221 1168 1440 1202 dubitatione
1482 1183 1601 1205 rursus
1638 1175 1757 1217 puniri
1796 1178 1912 1220 gladio
1931 1208 1940 1220 ,
1999 1183 2088 1217 sicut

1102 1217 1257 1260 exempla
1275 1220 1477 1254 ostendunt.
1531 1222 1775 1259 certissimum
1802 1235 1851 1261 est
1870 1231 2001 1265 nullam
2022 1230 2088 1267 ho-

1101 1267 1264 1300 micidam
1289 1281 1387 1312 posse
1411 1271 1557 1314 cfiugere
1580 1285 1708 1317 poenas
1738 1277 1772 1309 in
1805 1276 1868 1312 hac
1900 1282 1979 1315 vita.
2042 1281 2086 1318 Et

1101 1317 1203 1350 valde
1221 1325 1337 1352 errant
1355 1317 1535 1363 homines,
1563 1325 1623 1368 qui
1647 1333 1770 1368 putant
1788 1340 1822 1360 se
1849 1342 1946 1373 posse
1970 1333 2083 1367 latere.

1101 1366 1201 1400 Sicut
1219 1379 1337 1401 recens
1360 1372 1555 1414 exemptum
1578 1376 1776 1417 audivistis,
1804 1380 1845 1411 de
1864 1381 2085 1417 interfectore

1100 1417 1217 1449 fratris
1242 1418 1277 1450 iu
1301 1420 1391 1452 valle
1407 1419 1587 1455 Ioachimi.
1641 1424 1762 1460 Manet
1787 1441 1865 1462 vera
1892 1444 1975 1465 vox:
2013 1433 2085 1476 Qui

1100 1467 1254 1510 gladium
1274 1471 1464 1513 acceperit,
1493 1473 1609 1515 gladio
1630 1476 1769 1518 peribit.

1202 1525 1260 1559 Sic
1277 1535 1395 1561 manet
1415 1541 1497 1562 vera
1523 1543 1604 1564 vox:
1634 1531 1778 1568 Honora
1807 1544 1937 1580 patrem
1955 1547 1988 1575 et
2012 1554 2085 1576 ma-

1098 1583 1208 1619 trem,
1242 1584 1280 1610 ut
1304 1578 1350 1611 sis
1377 1579 1567 1622 longaevus
1592 1594 1696 1625 super
1721 1592 1858 1619 terram.
1923 1588 2085 1626 Certissi-

1099 1639 1195 1659 mum
1225 1634 1289 1667 est,
1325 1629 1384 1671 qui
1409 1630 1499 1662 male
1525 1638 1672 1666 tractant
1699 1644 1874 1678 parenteS,
1906 1641 2024 1683 puniri
2047 1643 2084 1677 in

1099 1674 1163 1708 liae
1179 1677 1259 1709 vita.
1314 1676 1398 1710 Erat
1415 1678 1686 1716 Francofordiae
1704 1686 1845 1729 quidam
1871 1689 2081 1727 bombarda-

1098 1727 1188 1766 rius,
1225 1727 1421 1760 industrius
1451 1726 1576 1771 homo,
1619 1733 1679 1777 qui
1703 1735 1915 1778 diligebatur
1939 1749 2083 1786 propter

1097 1783 1216 1811 artem.
1272 1776 1305 1810 ls
1320 1790 1398 1810 cum
1420 1780 1523 1814 vellet
1548 1782 1583 1814 in
1608 1795 1734 1818 novam
1752 1787 1983 1825 bombardam
2002 1804 2082 1827 rur-

1096 1838 1154 1860 sus
1185 1827 1373 1861 immittere
1403 1830 1583 1872 pulverem
1614 1834 1922 1880 bombardarium,
1965 1843 2081 1886 pulvis

1096 1889 1259 1911 accensus
1275 1891 1315 1911 ex
1333 1880 1525 1915 bombarda
1544 1895 1623 1916 mox
1646 1888 1816 1931 erumpit,
1844 1897 1875 1923 et
1900 1900 2080 1937 arreptum

1095 1927 1210 1972 ipsum
1239 1928 1444 1972 magistrum
1469 1931 1684 1968 bombardae
1708 1937 1799 1972 levat
1826 1939 1862 1973 in
1889 1941 2020 1984 altum,
2047 1952 2081 1980 et

1094 1979 1262 2019 accendit,
1278 1986 1310 2013 et
1327 1986 1443 2023 postea
1460 1982 1638 2017 adflictum
1657 1992 1769 2021 terrae
1787 1989 1961 2027 interficit.
1987 1992 2080 2028 Cau-

1093 2040 1165 2062 sam
1189 2027 1348 2063 homines
1371 2031 1532 2074 plurimi,
1561 2036 1621 2079 qui
1644 2048 1722 2070 eum
1740 2048 1887 2081 norant,
1916 2043 2079 2080 dicebant

1093 2091 1178 2120 esse,
1205 2080 1286 2125 quia
1304 2089 1449 2115 matrem
1466 2084 1556 2117 male
1576 2092 1792 2125 tractaverat.
1846 2091 1949 2127 Tales
1967 2093 2077 2129 histo-

1093 2130 1161 2163 rias
1179 2142 1314 2174 possem
1334 2133 1478 2166 recitare
1493 2134 1620 2177 plures.

1169 2239 1176 2246 .
1193 2188 1278 2223 ltem
1296 2190 1338 2223 de
1355 2191 1503 2235 periuris
1520 2201 1650 2228 certum
1668 2203 1728 2237 est,
1755 2200 1848 2243 quod
1868 2199 1905 2233 in
1924 2198 1988 2236 hac
2003 2202 2073 2238 vita

1091 2247 1295 2284 puniantur.

1192 2300 1277 2332 Item
1303 2300 1345 2333 de
1360 2302 1609 2335 scortatoribus
1636 2309 1669 2338 et
1691 2305 1859 2340 adulteris
1883 2309 1967 2344 dicit
1999 2318 2072 2346 tex-

1091 2355 1164 2383 tus:
1192 2349 1408 2385 Scortatores
1424 2358 1457 2385 et
1473 2352 1650 2387 adulteros
1676 2354 1844 2392 iudicabit
1864 2359 1971 2394 Deus.

1191 2415 1285 2450 Hinc
1307 2424 1386 2450 sunt
1411 2424 1462 2451 tot
1477 2419 1611 2460 morbi,
1638 2426 1676 2454 ut
1699 2423 1843 2457 morbus
1860 2423 2019 2462 Gallicus
2036 2436 2069 2464 et

1091 2466 1163 2500 alii.
1219 2466 1304 2501 Item
1321 2474 1457 2512 peccata
1476 2468 1563 2503 facta
1579 2471 1616 2503 in
1639 2472 1787 2515 semine,
1815 2475 2011 2517 puniuntur
2031 2479 2068 2513 in

1090 2517 1232 2552 semine.
1309 2516 1392 2551 ldeo
1433 2517 1546 2552 David
1594 2527 1690 2565 rapta
1727 2524 1871 2558 alterius
1910 2528 2068 2572 coniuge,

1091 2575 1208 2612 postea
1229 2568 1277 2601 sic
1296 2569 1459 2612 punitur,
1492 2569 1751 2607 interficiuntur
1774 2575 1805 2607 ei
1830 2574 1905 2612 filii.
1957 2577 2069 2614 Filius

1090 2626 1208 2653 movet
1222 2618 1448 2658 seditionem,
1473 2626 1507 2654 et
1521 2623 1615 2665 quod
1632 2629 1680 2656 est
1699 2621 1935 2669 horrendum,
1960 2630 2067 2674 patris

1093 2669 1258 2713 coniuges
1274 2676 1390 2713 postea
1408 2671 1669 2707 contaminavit.

1403 2717 1491 2754 63*
