2409 2915
93 109 190 144 ’177
652 108 732 143 XII.

112 195 174 240 qui
201 195 266 228 ait:
293 193 388 229 Deus
413 195 511 229 dixit.
562 192 630 228 Sed
658 195 811 238 primum
838 196 1023 229 recensebo
1043 208 1099 229 ex-

113 245 361 289 plicationem,
405 252 520 289 postea
555 245 785 279 refutabimus
817 246 1098 288 calumniatores,

112 297 171 341 qui
192 294 286 329 bunc
304 297 419 330 locum
437 297 684 338 depravarunt.
730 295 894 329 irenaeus
910 296 1096 331 aitFilium

111 347 180 380 dici
210 345 341 394 λόγον,
368 346 451 391 quia
477 352 527 379 est
550 357 697 390 persona
722 347 871 391 loquens
890 359 967 380 cum
987 349 1097 390 patri—

110 397 194 438 bus,
220 398 308 430 sicut
331 393 388 429 hic
408 393 582 429 lohannes
606 397 740 442 inquit:
769 396 882 430 Filius
908 399 967 442 qui
994 399 1094 432 estin

111 448 190 482 sinu
214 447 341 491 patris,
370 447 442 490 ipse
458 447 633 481 enarravit
653 448 766 483 nobis.
819 445 864 482 Et
884 448 1095 483 Ambrosius

111 505 142 532 et
172 496 330 531 Hilarius
356 498 498 539 dicunt,
534 497 665 531 Filium
698 511 775 532 cum
808 499 964 542 patribus
996 501 1094 533 locu-

109 555 182 581 tum
201 559 285 582 esse.
960 559 966 564 ·

209 596 362 632 Basilius
393 605 426 632 et
455 599 515 632 alii
541 599 683 640 dicunt,
716 598 847 633 Filium
874 601 941 634 dici
969 597 1090 648 λόγον,

107 648 187 693 quia
219 649 261 683 sit
295 650 409 692 imago
440 650 567 694 patris,
601 651 716 693 genita
739 662 756 683 a
782 659 878 695 patre
901 663 972 684 sese
997 652 1091 693 cogi-

106 705 217 732 tante:
252 706 351 744 pater
375 699 467 733 enim
494 701 636 734 intuens
661 713 750 741 sese,
777 703 886 745 gignit
909 702 1090 745 cogitatio-

105 761 206 790 nem,
241 762 330 795 quae
356 757 501 784 vocatur
525 750 702 792 Verbum,
736 764 824 797 quae
850 753 1014 795 cogitatio
1041 760 1088 786 est

104 800 218 842 imago
252 801 376 844 patris,
412 801 448 834 in
483 814 585 846 quam
616 802 802 845 imaginem
830 811 944 847 pater,
977 810 1015 836 ut
1041 803 1087 836 ita

103 850 272 891 dicamus,
301 852 516 886 transfundit
532 864 629 885 suam
649 854 842 888 essentiam.
889 853 983 887 llaec
999 854 1086 886 ima-

102 912 144 943 go
178 902 418 935 substantialis
440 903 548 946 patris
571 910 620 936 est
641 904 749 937 altera
774 916 938 948 persona,
974 911 1003 937 et
1030 905 1086 937 (li-

101 953 192 985 citur
208 951 376 987 Verbum.
432 953 601 999 Sequitur
618 954 653 986 in
673 961 778 989 textu.

150 1042 203 1077 Et
222 1043 382 1079 Verbum
401 1051 479 1080 erat
497 1043 603 1093 apud
616 1044 750 1082 Deum.

200 1119 269 1154 Hic
293 1133 463 1165 personae
485 1121 755 1160 discernuntur,
783 1121 887 1155 Pater
909 1128 940 1155 et
959 1120 1083 1157 Filius.

98 1169 249 1212 Deinde,
277 1179 314 1205 ut
332 1178 448 1205 tamen
467 1173 626 1212 sciamus,
654 1171 785 1205 Filium
806 1184 878 1204 non
897 1184 969 1205 esse
987 1184 1083 1205 crea-

98 1229 173 1254 tum
197 1233 236 1254 ex
260 1219 391 1260 nihilo,
420 1223 477 1255 sed
507 1234 586 1255 vere
608 1229 729 1255 natum
757 1235 794 1255 ex
811 1223 1004 1256 substantia
1021 1235 1082 1266 pa-

99 1272 179 1313 tris,
204 1278 236 1305 et
261 1284 331 1305 esse
355 1273 474 1305 lumen
498 1274 541 1305 de
563 1273 717 1311 lumine,
745 1279 783 1306 ut
806 1273 921 1317 inquit
939 1273 1083 1318 symbo-

99 1322 191 1362 lum,
218 1322 297 1355 ideo
323 1324 483 1356 additur:
511 1321 557 1356 Et
580 1321 675 1356 Deus
698 1329 770 1356 erat
795 1323 953 1356 verbum,
1014 1322 1082 1356 Hic

97 1372 188 1405 clare
204 1373 353 1406 affirmat
373 1370 484 1421 λόγον
500 1385 571 1406 esse
581 1373 693 1407 Deum
706 1400 715 1413 ,
742 1385 822 1416 ergo
839 1380 870 1407 et
887 1379 958 1418 ipse
975 1370 1082 1421 λόγος

97 1429 146 1456 est
167 1435 316 1467 persona
339 1424 496 1457 divinam
515 1424 697 1457 essentiam
719 1422 862 1457 habens.
916 1423 1004 1458 Nam
1022 1422 1080 1459 λό-

793 107 1190 145 ANNOTATtoNES
1227 109 1275 143 IN
1308 108 1606 146 EVANGELIA.

1105 1379 1107 1396 l

1105 1397 1107 1409 t

1104 1462 1108 1475 1

2071 121 2140 154 178

1153 206 1170 227 a
1192 202 1288 237 patre
1303 196 1472 228 donatum
1485 221 1493 234 ‚
1521 204 1551 230 et
1569 209 1646 231 cum
1658 205 1753 243 patre
1771 200 2016 237 invocandum.
2069 204 2141 238 Cur

1149 245 1310 279 additur:

1199 327 1286 362 Sine
1303 329 1499 377 eosaclum
1518 334 1568 363 es!
1584 328 1700 371 nihil,
1729 333 1984 383 quod-sacham
2003 343 2064 373 est.

1248 412 1327 446 Non
1345 414 1468 448 dubito
1488 414 1575 459 quin
1594 416 1768 451 discernat
1789 416 1845 452 bic
1863 422 2001 455 condita
2021 436 2036 455 a
2058 437 2128 457 non

1146 464 1317 504 conditis,
1346 465 1444 509 quasi
1471 466 1577 499 dicat:
1606 465 1741 501 Videtis
1765 468 1800 500 in
1819 473 1951 503 mundo
1970 475 2129 507 coelestia

1146 526 1310 558 corpora,
1339 517 1528 557 elementa,
1555 517 1701 560 plantas,
1726 519 1931 561 animantia,
1960 520 2129 563 homines,

1145 572 1252 598 certas
1279 566 1369 608 leges
1401 567 1602 601 coelestium
1633 580 1838 613 corporum,
1872 572 1962 604 vires
1993 574 2127 617 planta-

1143 628 1242 656 rum,
1269 617 1529 658 generationes,
1558 618 1682 652 videtis
1709 627 1740 653 et
1765 618 1924 655 homines
1951 626 2127 667 praeditos

1142 678 1214 700 esse
1239 674 1355 700 mente
1383 674 1415 700 et
1442 668 1686 711 intelligentia.
1755 669 1849 704 Ilaec
1875 674 1990 705 omnia
2017 686 2125 717 agno-

1142 717 1236 750 scitis
1271 729 1342 751 esse
1369 719 1597 762 pulcerrima,
1633 721 1783 763 optima,
1819 734 1856 755 ac
1881 725 2017 765 testari,
2055 739 2125 759 essa²

1141 768 1294 813 aliquam
1317 775 1495 802 aeternam
1512 776 1664 804 mentem
1683 769 2004 810 architectatricem.
2055 776 2122 810 Sosi

1140 825 1276 863 praeter
1298 816 1381 852 haec
1399 820 1434 852 in
1454 827 1523 868 tam
1541 820 1660 864 pulcra
1680 833 1796 855 rerum
1813 824 1970 857 omniun)
1989 834 2123 868 natura,

1139 869 1264 902 videtis
1287 870 1322 902 in
1348 867 1552 903 hominibus
1577 878 1756 914 peccatum
1774 879 1807 906 et
1827 881 1991 916 mortem,
2018 877 2122 910 ruira-

1139 920 1225 952 mini
1252 919 1426 954 infinitam
1445 921 1687 977 confusione-m
1704 923 1794 955 vitae
1815 921 2005 964 humanae,
2035 940 2122 972 quae

1137 971 1347 1014 religionum
1374 979 1405 1005 et
1430 972 1658 1015 imperiorum
1683 973 1975 1009 dilacerationes?
2009 990 2119 1023 quan-

1137 1027 1210 1054 tum
1237 1021 1272 1053 in
1298 1021 1444 1064 singulis
1467 1020 1673 1055 bominibus
1690 1031 1737 1057 est
1756 1024 1965 1059 viciosarum
1985 1029 2117 1073 cupidi<

1136 1078 1266 1112 tatum,
1289 1072 1416 1105 erroris
1442 1079 1473 1106 et
1498 1073 1685 1116 lapsuum?
1738 1073 1853 1117 Quam
1878 1077 1979 1110 multi
2000 1079 2119 1112 inson-

1135 1128 1185 1155 tes
1203 1129 1234 1156 et
1251 1123 1457 1156 benemeriti
1475 1130 1621 1167 pereunt
1638 1125 1776 1168 tragicis
1794 1126 1955 1160 casibus?

1235 1179 1331 1214 Haec
1354 1181 1442 1214 mala
1466 1188 1560 1216 tanta
1586 1189 1688 1223 sunt,
1716 1189 1754 1216 ut
1781 1195 1817 1217 ea
1843 1184 2018 1219 intuentes
2038 1201 2116 1232 pro-

1135 1231 1227 1269 saui,
1255 1231 1510 1265 obliviscantur
1536 1233 1811 1276 pulcritudinem
1838 1237 1982 1277 mundi,
2009 1246 2036 1271 et
2064 1240 2117 1271 iu-
2164 1274 2166 1278 ,

1134 1281 1264 1324 cipiant
1295 1282 1456 1315 dubitare
1486 1283 1529 1315 de
1559 1295 1659 1316 causa
1690 1285 1825 1320 mundi,
1889 1285 2001 1330 Magis
2025 1291 2117 1322 enim

1133 1339 1320 1364 moventur
1351 1339 1535 1376 conspectu
1562 1333 1756 1376 ingentium
1782 1336 1972 1378 malorum,
2013 1352 2117 1384 qnam

1132 1383 1383 1427 pulcritudinis
1410 1390 1567 1416 naturae.
1621 1383 1714 1416 Ilinc
1742 1393 1822 1418 sunt
1849 1387 1907 1419 illa
1933 1386 2118 1432 Epicurea,

1133 1434 1200 1466 Sed
1220 1445 1294 1466 sors
1313 1433 1445 1468 incerta
1465 1441 1627 1477 vagatur,
1657 1434 1808 1480 Fertque
1826 1438 1999 1483 refertque
2019 1441 2119 1482 sisi—s,

93 1486 159 1521 7'03
181 1474 327 1521 ponitur
350 1475 496 1508 subiecti
518 1475 615 1515 lOCO,
642 1481 674 1508 et
692 1475 809 1516 Deus,
835 1482 1001 1521 lanqllam
1020 1476 1080 1509 de·
1105 1478 1107 1489 γ
1133 1489 1164 1516 et
1181 1481 1313 1517 habent
1332 1485 1492 1518 '‘not-[alia
1512 1496 1643 1518 casum,

95 1525 250 1558 scribens
267 1525 353 1570 quid
371 1526 414 1559 sit
430 1522 553 1573 λόγος,
583 1526 729 1570 ponitur
745 1526 934 1570 praedicati
953 1527 1041 1560 loco.

197 1582 295 1617 Sicut
327 1591 442 1618 autem
465 1583 641 1618 Iohannes
672 1592 771 1618 vocat
795 1584 927 1618 Filium
955 1584 1080 1633 λόγον,

96 1634 143 1667 sic
170 1634 207 1666 in
221 1633 379 1678 Epistola
404 1636 445 1668 ad
466 1634 622 1668 Ebraeos
646 1636 776 1669 dicitur
798 1636 915 1679 fulgor
939 1637 1081 1679 gloriae,

95 1691 128 1717 et
154 1685 267 1727 imago
291 1685 506 1718 substantiae
527 1685 647 1729 patris.
701 1685 796 1718 Haec
817 1687 921 1719 verba
949 1687 1080 1720 descri-

95 1735 184 1767 bunt
207 1735 326 1779 aliquo
350 1736 456 1768 modo
478 1735 608 1769 Filium
633 1743 665 1768 et
687 1737 964 1779 generationem:
999 1737 1079 1782 quia

94 1785 188 1817 enim
213 1785 344 1818 dicitur
368 1786 502 1828 imago,
529 1792 577 1819 est
602 1787 668 1818 alia
695 1798 844 1830 persona
869 1787 994 1819 similis
1017 1799 1079 1830 pa—
1103 1815 1105 1835 Α,

93 1836 158 1876 tri,
185 1836 373 1880 sapientia,
401 1836 558 1874 iusticia,
585 1837 757 1880 potentia,
785 1843 815 1869 et
841 1837 922 1881 quia
943 1845 989 1870 est
1009 1838 1077 1870 sul-

93 1898 155 1928 gur
179 1893 343 1930 paternae
369 1887 555 1927 essentiae,
583 1887 800 1930 significatur
823 1888 1077 1921 communicata

93 1937 252 1972 essentia.
306 1936 474 1982 Sequitur
490 1944 604 1970 autem
625 1938 659 1970 in
681 1935 855 1971 Iohanne:

145 2026 286 2063 Omnia
317 2042 380 2076 per
407 2029 525 2077 ipsum
543 2030 655 2078 sacta
680 2035 783 2069 sunl,
820 2030 873 2064 E!
898 2031 976 2064 sine
1000 2030 1078 2078 ipso

186 2080 333 2128 sactum
350 2086 400 2114 es!
417 2078 534 2120 nihil,
562 2079 817 2129 quodsaclnm
836 2087 898 2117 esi.

194 2156 288 2190 Haec
313 2158 483 2190 sententia
509 2170 608 2202 saepe
633 2159 778 2202 repetita
806 2166 854 2192 est
874 2159 909 2191 in
925 2158 1076 2201 scriptu-

94 2209 159 2246 ris,
187 2215 227 2241 ut
242 2208 283 2241 ad
302 2206 524 2241 Colossenses
542 2216 573 2242 et
591 2208 762 2243 Ebraeos:
791 2208 859 2242 Per
875 2221 977 2254 quem
996 2208 1077 2241 fecit

93 2259 226 2295 secuta,
253 2266 285 2292 et
311 2259 346 2291 in
365 2256 538 2292 Iohanne:
567 2258 728 2292 Mundus
753 2272 814 2304 per
834 2261 946 2304 ipsum
966 2260 1076 2292 factus

93 2317 154 2343 est.
209 2307 271 2342 Est
289 2316 403 2343 autem
419 2309 555 2342 illustre.
573 2310 810 2344 testimonium
823 2338 831 2351 ‚
860 2311 951 2355 quod
971 2309 1077 2357 λόγος

91 2361 135 2394 sit
152 2361 394 2404 omnipotens,
421 2367 454 2394 et
470 2372 547 2393 cum
567 2367 662 2403 patre
679 2361 841 2394 conditur
857 2373 985 2394 rerum.

194 2417 262 2452 Sed
287 2420 415 2452 diserte
441 2419 587 2451 dicitur:
615 2417 682 2450 Per
698 2417 828 2451 Filium
854 2419 971 2451 omnia
992 2430 1076 2451 con-

93 2470 204 2513 didit,
238 2471 335 2516 quasi
362 2477 458 2514 patre
489 2469 706 2502 delibem-nte
731 2482 809 2502 cum
835 2468 926 2502 Filio
951 2476 983 2502 et
1007 2476 1076 2502 sta-

92 2528 230 2561 tuente,
256 2527 295 2554 ut
319 2532 397 2553 curn
420 2521 483 2554 ait:
510 2520 691 2553 Faciamus
717 2518 894 2553 hominem
921 2521 961 2553 ad
989 2521 1076 2552 ima-

91 2573 208 2614 ginem
235 2578 404 2605 nostram.
464 2570 532 2605 Sed
555 2571 598 2604 de
624 2572 729 2604 modo
756 2583 826 2604 non
855 2571 1076 2608 disseramus,

92 2629 228 2656 tanturn
255 2623 454 2656 testimonia
480 2621 763 2660 meminerimus,
787 2629 825 2655 ut
851 2622 999 2655 sciamus
1017 2621 1077 2655 Fi-

94 2673 181 2706 lium
211 2685 283 2706 esse
310 2674 609 2717 omnipotentem,
645 2679 677 2705 et
703 2673 950 2717 opitulatorem
976 2673 1078 2706 nobis

144 2725 318 2756 Munna.
349 2727 449 2757 Orsa.
477 2725 557 2755 Von.
588 2724 679 2755 XIV.

1102 2672 1104 2682 '
1132 2685 1197 2706 nos
1227 2674 1417 2706 defendens
1449 2679 1568 2705 contra
1602 2672 1792 2705 diabolum.

1233 1542 1393 1576 Discerni
1418 1544 1524 1586 igitur
1548 1545 1638 1588 apud
1671 1542 1861 1579 lubannem
1887 1560 2023 1581 neeesse
2048 1559 2115 1584 erat

1133 1606 1236 1637 opera
1254 1592 1336 1634 Dei,
1363 1595 1406 1627 ab
1432 1595 1491 1626 illa
1519 1595 1612 1627 mule
1632 1595 1852 1629 miseriarum
1872 1610 1943 1630 non
1964 1601 2115 1635 condita.

1133 1643 1215 1677 Ideo
1234 1642 1408 1677 lobannes
1428 1645 1561 1689 inquit,
1591 1658 1627 1677 ea
1646 1652 1783 1679 tantum
1803 1660 1864 1690 per
1881 1647 2010 1683 Filium
2031 1652 2117 1685 sat—ta

1133 1705 1220 1735 esse,
1248 1706 1335 1738 quae
1360 1701 1440 1727 sunt
1466 1696 1627 1735 condita,
1654 1695 1688 1727 id
1716 1703 1782 1736 est,
1810 1697 1920 1741 ipsam
1947 1700 2117 1743 pulcerri-

1132 1757 1223 1777 mam
1251 1751 1282 1777 et
1305 1745 1474 1789 optimam
1502 1757 1617 1778 rerum
1635 1752 1818 1787 naturam,
1845 1749 1911 1781 alia
1930 1761 2011 1783 vero
2030 1764 2117 1796 quae

1133 1796 1360 1838 irrepserunt,
1387 1795 1514 1828 scilicet
1534 1803 1712 1846 peccatum
1730 1803 1759 1829 et
1777 1805 1924 1832 mortem
1943 1813 2015 1833 non
2033 1814 2116 1834 eon-

1131 1846 1222 1886 dita‚
1258 1858 1329 1878 non
1365 1857 1436 1878 esse
1468 1853 1542 1879 orta
1571 1859 1587 1878 a
1612 1847 1689 1879 Deo
1716 1848 1854 1881 volente
1880 1856 1909 1883 et
1935 1851 2117 1894 efficiente,

1133 1896 1220 1928 sicut
1246 1896 1413 1939 scriptum
1439 1903 1504 1929 est:
1539 1896 1619 1929 Non
1644 1895 1738 1930 Deus
1761 1898 1882 1932 volens
1905 1900 2116 1944 impietatem

1132 1953 1169 1980 tu
1194 1957 1242 1978 es:
1282 1953 1312 1979 et
1330 1945 1412 1981 Ose.
1432 1947 1506 1981 13.:
1542 1946 1699 1980 Perditio
1726 1955 1782 1981 tua
1809 1961 1846 1981 ex
1873 1957 1905 1983 te
1931 1959 1978 1985 est
2000 1951 2116 1993 Israel,

1131 2004 1267 2031 tantum
1286 1998 1322 2029 in
1345 2009 1398 2029 me
1416 1997 1585 2030 auxilium
1606 2005 1715 2033 tuum.

1233 2054 1327 2098 Ergo
1355 2054 1548 2094 lohannes,
1574 2063 1609 2089 ut
1637 2057 1811 2092 discernat
1833 2066 1862 2092 et
1889 2061 2046 2095 excludat
2073 2065 2115 2095 al.

1132 2107 1296 2150 operibus
1313 2105 1376 2139 Dei
1402 2107 1510 2147 mala,
1538 2108 1585 2140 sie
1611 2108 1747 2141 locutus
1773 2116 1838 2142 est.-
1867 2109 1950 2142 Sine
1969 2112 2042 2155 ipso
2060 2116 2112 2146 ni-

1131 2155 1181 2191 bil
1199 2158 1328 2190 factum
1344 2165 1413 2197 est,
1441 2158 1534 2203 quod
1553 2159 1682 2191 sactum
1701 2167 1763 2200 est,
1794 2161 1890 2204 quasi
1911 2162 2012 2201 dicat,
2038 2171 2112 2196 tan-

1130 2215 1202 2241 tuin
1221 2220 1343 2252 opera,
1371 2221 1458 2252 quae
1476 2209 1614 2242 condita
1633 2217 1710 2243 sunt
1723 2234 1731 2247 ‚
1759 2218 1837 2243 sunt
1855 2223 1916 2254 per
1933 2223 2010 2245 euin
2031 2227 2114 2247 cou-

1129 2259 1220 2297 dita,
1248 2271 1319 2291 non
1345 2259 1430 2299 alia,
1457 2271 1544 2304 quae
1565 2267 1680 2303 postea
1701 2269 1918 2295 accesserunt
1939 2275 2009 2295 non
2029 2277 2112 2298 cou-

1129 2310 1218 2348 dita,
1252 2309 1382 2343 scilicet
1415 2317 1594 2354 peccatum
1626 2317 1657 2344 et
1683 2322 1795 2349 mors,
1831 2324 1919 2357 quae
1944 2323 2022 2348 sunt
2050 2318 2111 2348 ‹le-

1128 2360 1272 2394 structio
1291 2367 1435 2393 naturae
1451 2367 1484 2394 et
1501 2372 1645 2405 operum
1663 2361 1740 2394 Dei.

1231 2418 1411 2453 Praeterea
1439 2432 1515 2452 cum
1542 2420 1605 2452 ait:
1641 2417 1774 2453 Omnia
1799 2432 1860 2463 per
1884 2421 1996 2464 ipsum
2025 2423 2110 2456 farta

1129 2477 1227 2511 sunt,
1260 2482 1332 2503 non
1366 2477 1501 2503 tantum
1532 2469 1749 2513 intelligatur
1773 2471 1953 2504 fabricatio
1979 2476 2112 2511 mundi,

1128 2522 1186 2554 sed
1207 2521 1310 2554 etiarn
1328 2519 1674 2565 comprehendantur
1692 2532 1812 2553 omnes
1826 2521 2006 2555 mirandae
2024 2524 2112 2556 libe-

1129 2572 1282 2605 rationes
1305 2572 1340 2604 in
1363 2569 1514 2605 Ecclesia
1535 2572 1643 2604 factae
1659 2572 1702 2603 ab
1720 2571 1834 2605 initio.
1869 2571 1961 2614 Quia
1981 2570 2038 2607 bic
2054 2573 2112 2610 λό-

1129 2635 1194 2669 γος
1211 2629 1259 2656 est
1277 2620 1486 2655 Emmanuel
1499 2649 1507 2662 ,
1535 2622 1568 2654 id
1588 2628 1655 2659 est,
1683 2621 1779 2654 Dens
1798 2622 1980 2656 nobiseum
1997 2637 2111 2667 agens,

1852 2671 2026 2709 lohannes
2058 2678 2111 2710 in-

1582 2723 1626 2756 12
