2409 2915
104 102 181 137 481
665 98 745 136 ΧΠ.

104 192 318 230 agnoscatur
342 192 375 220 et
401 186 614 227 glorificetur
636 183 750 225 Deus,
779 192 819 219 ut
843 191 936 218 recte
962 187 1096 221 colatur

104 244 139 271 et
154 237 351 272 invocetur.
394 236 496 269 Talia
512 235 659 269 concilia
681 236 856 282 approbat
874 235 979 277 Deus,
1007 249 1094 282 quae

104 294 280 333 quaerunt
299 287 494 327 veritatem,
522 293 555 319 et
574 286 667 320 iuxta
688 287 834 319 verbum
853 285 920 319 Dei
938 288 1094 321 testimo-

103 338 205 371 nium
230 335 417 382 perhibent
441 337 484 369 de
504 333 664 377 Christo,
690 348 763 369 non
783 337 871 381 quae
899 339 1093 381 praestigiis

103 386 359 432 sophismatum
392 393 426 421 et
458 387 589 420 fucosis
624 386 781 421 articulis
815 387 973 422 obruunt
1001 390 1093 422 veri-

104 445 222 473 tatem.

494 530 540 555 De
574 530 695 556 tertio.

404 588 458 619 De
483 583 615 620 cantico
639 587 788 619 Dlariae.

202 655 244 690 In
267 657 334 691 hoc
359 658 495 692 cantico
522 657 636 691 Maria
662 658 751 701 gerit
772 669 957 702 personam
982 658 1089 692 totius

102 705 290 743 Ecclesiae.
341 706 405 742 Est
431 709 524 742 enim
550 709 720 742 confessio
745 710 788 741 de
804 708 932 741 Messia
958 716 988 742 et
1008 721 1088 752 gra-

100 758 231 792 tiarum
260 758 369 797 actio,
411 765 444 793 et
477 759 664 803 descriptio
699 759 867 793 victoriae
899 758 1088 798 Ecclesiae,

101 815 222 842 contra
241 810 428 849 mundum,
455 816 635 854 tyrannos,
654 817 687 843 et
704 810 821 842 omnia
838 811 995 842 membra
1012 811 1088 843 dia-

99 858 186 892 boli.
239 858 358 901 Quare
373 866 404 893 et
422 871 486 892 nos
510 860 658 893 sciamus
676 873 693 893 a
712 861 814 893 nobis
833 860 1023 904 postulari,
1049 866 1087 893 ut

100 921 181 942 vere
205 921 276 943 una
303 922 468 943 canamus
494 917 526 944 et
547 922 735 955 sequamur
758 908 849 943 hanc
873 910 1086 958 praecentri-

100 971 194 998 cem,
221 972 310 1005 quae
331 968 369 994 ut
387 961 423 993 in
446 958 554 994 choro
574 961 745 995 incoatrix
763 968 813 994 est
830 958 935 995 huius
959 961 1085 994 carmi-

99 1010 174 1049 nis,
202 1022 241 1044 ac
258 1010 394 1054 ingenti
416 1011 534 1044 animo
555 1012 626 1044 edit
645 1012 909 1046 consessionem.

253 1075 350 1111 Tria
371 1089 451 1121 ergo
470 1075 750 1122 comprehendit.

202 1143 229 1177 Ῑ.
271 1143 476 1179 Gratiarum
501 1144 689 1178 actionem.
740 1143 943 1187 Magnificat
968 1145 1084 1177 anima

98 1206 176 1229 mea
193 1193 402 1228 Dominum.
457 1193 496 1228 Id
515 1202 585 1236 est,
613 1207 652 1227 ex
666 1201 737 1228 tota
756 1196 891 1235 anima,
916 1202 986 1228 tota
1007 1195 1085 1228 ani-

99 1256 174 1285 ma,
208 1251 281 1279 toto
306 1246 409 1278 corde
434 1245 588 1288 glorifico
605 1244 730 1278 Deum.
783 1244 862 1278 Non
887 1246 1010 1279 dubito
1031 1245 1084 1277 vi-

100 1302 171 1329 tam
201 1295 238 1328 in
263 1296 450 1328 discrimen
474 1296 620 1334 offerre,
652 1301 796 1338 propter
819 1296 1082 1330 confessionem.

100 1345 160 1380 Sic
185 1346 351 1378 debemus
382 1352 413 1379 et
443 1356 508 1378 nos
541 1345 666 1378 adfecti
699 1355 788 1383 esse,
823 1351 862 1378 ut
892 1345 1083 1378 confessio-

100 1407 181 1429 nem
205 1396 438 1429 anteferamus
464 1395 629 1428 omnibus
653 1395 778 1435 rebus,
804 1395 912 1435 vitae,
936 1396 1083 1428 faculta-

99 1446 211 1486 tibus,
247 1445 379 1479 liberis.
439 1444 511 1487 Qui
540 1445 588 1478 sic
618 1445 761 1478 affectus
787 1452 852 1485 est,
887 1457 967 1478 vere
990 1446 1083 1478 canit

99 1493 196 1530 hunc
212 1493 404 1541 hymnum,
431 1495 634 1538 Magnificat
650 1496 764 1529 anima
782 1508 856 1529 mea
871 1497 1081 1530 Dominum.

100 1546 254 1589 Quando
279 1544 508 1580 trahebantur
529 1547 572 1579 ad
596 1553 745 1579 mortem
766 1544 940 1580 lohannes
959 1546 1082 1589 Bapti-

100 1604 172 1637 sta,
199 1596 329 1629 Paulus
354 1604 387 1631 et
410 1597 561 1635 similes,
586 1603 670 1629 tunc
694 1608 774 1629 vere
794 1597 969 1630 dicebant:
998 1596 1082 1629 Ma—

100 1647 240 1691 gnificat
272 1647 387 1679 anima
419 1659 494 1679 mea
528 1645 734 1680 Dominum.
787 1646 845 1679 Sic
874 1655 954 1680 sunt
978 1645 1082 1680 Chri-

100 1697 204 1731 stiani
222 1697 403 1730 fortissimi
420 1697 566 1737 milites,
594 1697 761 1739 cogitant,
788 1696 989 1739 Magnificat
1005 1697 1083 1729 ani-

98 1760 156 1781 ma
180 1760 256 1780 mea
280 1758 412 1789 regem,
439 1759 502 1791 pro
526 1759 596 1791 quo
622 1759 758 1789 pugno,
788 1747 892 1780 vitam
919 1759 1030 1779 meam
1049 1754 1083 1780 et

100 1799 219 1832 omnia
257 1798 406 1831 coniicio
443 1798 480 1830 in
511 1798 716 1838 discrimen,
757 1805 795 1831 ut
825 1797 985 1830 dimicem
1019 1810 1082 1841 pro

100 1860 196 1893 rege,
224 1855 261 1882 ut
279 1848 323 1882 sit
340 1860 486 1891 magnus
506 1854 538 1881 et
558 1848 676 1881 victor.

381 1937 534 1970 Secunda
555 1948 636 1978 pars
661 1937 800 1970 Cantici.

202 1999 369 2045 Respexit
394 1999 630 2034 humilitatem
663 2000 810 2033 ancillae
832 2011 924 2032 suae.
985 1998 1083 2033 Fecit

102 2049 190 2085 mibi
210 2063 330 2094 magna
349 2052 408 2096 qui
425 2058 549 2095 potens
567 2058 615 2084 est
632 2058 694 2084 etc.
747 2049 842 2083 Haec
860 2057 908 2084 est
927 2051 1082 2083 narratio

102 2101 351 2135 beneficiorum
363 2126 371 2139 ,
399 2102 539 2146 quaein
553 2101 706 2134 Ecclesia
716 2099 811 2134 Deus
825 2101 940 2136 efficit.
992 2100 1081 2134 Cum

102 2149 259 2186 Ecclesia
283 2152 326 2185 sit
347 2159 480 2194 spreta,
507 2149 669 2192 humilis,
698 2163 824 2194 parva,
845 2151 940 2184 Deus
964 2157 1081 2184 tamen

104 2203 163 2236 dat
184 2202 215 2234 ei
240 2201 420 2242 victorias,
464 2209 644 2235 conservat
667 2213 742 2234 eam
768 2208 887 2235 contra
913 2208 1081 2246 tyrannos

104 2259 137 2286 et
166 2253 371 2296 sapientiam
401 2253 537 2285 mundi.
605 2251 701 2284 Haec
730 2258 779 2285 est
809 2264 943 2285 summa
976 2249 1081 2284 huius

103 2303 223 2348 partis.
280 2302 458 2348 Loquitur
480 2302 594 2335 Maria
616 2303 659 2335 de
679 2313 730 2342 se,
765 2303 821 2334 sed
848 2314 920 2334 non
945 2309 1081 2335 tantum

105 2354 148 2387 de
172 2365 207 2386 se
232 2353 323 2395 sola,
360 2355 418 2387 sed
444 2354 485 2386 de
509 2360 580 2386 toto
605 2364 748 2395 corpore
771 2350 957 2386 Ecclesiae.
1009 2351 1083 2386 Re-

105 2404 216 2447 spexit
238 2404 336 2438 Deus
366 2402 617 2444 humilitatem,
651 2404 686 2435 id
718 2410 783 2442 est,
817 2403 991 2435 miseriam
1019 2415 1082 2436 an-

105 2454 204 2488 cillae
228 2466 320 2490 suae.
374 2454 545 2497 Quamvis
569 2455 676 2487 simus
692 2453 834 2491 abiecti,
861 2453 1020 2498 quamvis
1037 2454 1083 2486 si-

106 2516 183 2538 mus
207 2505 418 2545 imbecilles,
452 2506 527 2538 sine
548 2504 749 2548 praesidiis,
780 2504 854 2536 sine
881 2504 1083 2537 defensione

108 2551 278 2597 humana,
304 2563 420 2589 tamen
438 2556 578 2600 respicit
593 2553 777 2594 nosDeus‚
804 2555 961 2594 exaudit,
988 2554 1084 2589 iuvat

110 2612 229 2640 contra
255 2612 424 2651 tyrannos
448 2613 480 2640 et
503 2606 676 2650 sapientes
697 2605 831 2638 mundi.
880 2604 949 2638 Hic
972 2605 1084 2638 disca-

110 2666 206 2694 mus.
231 2658 325 2701 quod
348 2657 386 2690 in
410 2657 483 2691 sola
505 2654 660 2690 Ecclesia
683 2655 731 2689 sic
753 2662 961 2699 agnoscatur
979 2654 1085 2698 Deus,

163 2706 339 2741 Matura.
358 2710 460 2742 Orza.
489 2709 572 2743 Vor.
590 2705 683 2742 XIV.

798 98 1190 136 ANNOTATIONES
1218 100 1269 136 IN
1296 100 1597 139 EVANGELtA.

2061 103 2134 140 482

1149 187 1246 232 quod
1269 186 1313 220 sit
1330 186 1424 220 Deus
1450 188 1629 220 remittens
1652 194 1810 234 peccata,
1838 196 1869 223 et
1891 190 2037 223 miseros
2057 202 2131 223 cre-

1147 239 1270 270 dentes
1294 237 1492 270 exaudiens.
1547 236 1710 271 Humana
1737 241 1825 273 ratio
1853 248 1884 273 et
1909 253 2028 274 omnes
2046 241 2130 274 reli—

1146 288 1287 331 giones,
1318 294 1455 330 praeter
1487 287 1738 329 evangelicam,
1773 291 1874 323 aliter
1907 293 2060 324 sentiunt
2087 292 2130 324 de

1146 337 1232 371 Deo.
1284 336 1425 370 Habent
1450 337 1553 369 talem
1579 338 1800 380 opinionem,
1831 342 1922 384 quod
1943 341 2039 374 Deus
2056 353 2127 375 non

1145 394 1258 427 curet,
1293 399 1366 420 non
1393 387 1555 430 respiciat
1577 388 1746 421 adflictos.
1800 389 1845 423 Et
1870 398 1917 423 est
1941 392 2128 433 singularis

1145 446 1177 473 et
1208 450 1332 472 arcana
1362 438 1553 481 sapientia,
1590 445 1623 471 et
1652 438 1806 470 solorum
1840 441 2055 473 credentium
2090 442 2126 473 in

1143 487 1342 529 Christum,
1369 489 1500 531 erigere
1516 500 1550 521 se
1566 489 1651 529 fide,
1679 495 1710 522 et
1728 490 1867 521 credere
1884 491 2124 524 remissionem

1143 546 1382 585 peccatorum,
1409 546 1440 572 et
1459 545 1574 582 petere
1593 546 1625 572 et
1641 546 1824 582 expectare
1841 540 2009 573 auxilium
2029 549 2090 574 etc.

1245 607 1348 641 Tunc
1377 604 1460 640 haec
1492 606 1596 645 fiunt,
1631 606 1727 640 Fecit
1759 606 1950 650 potentiam
1981 605 2124 641 brachio

1142 669 1204 691 suo
1222 665 1294 699 etc„
1319 655 1630 690 servatEcclesiam
1650 658 1741 691 inter
1757 657 1920 700 pericula,
1948 657 2035 690 sicut
2053 669 2124 690 ser-

1142 708 1236 741 vavit
1261 709 1386 742 electos
1408 719 1485 740 cum
1512 708 1723 741 ducerentur
1746 706 1782 738 in
1804 708 2038 750 captixitatem
2056 707 2125 740 Ba-

1141 760 1353 804 bylonicam.
1412 757 1590 801 Dispergit
1620 758 1786 801 superbos
1816 758 2028 791 confidentes
2061 770 2123 791 sua

1141 810 1329 853 sapientia,
1363 809 1452 842 sicut
1486 808 1647 842 confudit
1680 818 1796 850 magos
1828 805 2038 845 Pharaonis,
2073 809 2120 841 sic

1141 872 1235 893 nunc
1258 861 1442 894 confundit
1464 859 1632 902 sapientia
1652 870 1711 891 sua
1728 857 1940 890 confidentes
1957 857 2123 901 Papistas‚

1141 917 1174 943 et
1197 911 1295 945 alios.
1350 908 1384 943 O
1411 921 1575 951 magnum
1593 915 1790 951 peccatum,
1819 908 1912 952 quod
1931 920 2002 940 non
2021 908 2123 941 intel-

1139 961 1253 1003 ligunt
1269 961 1457 1005 sapientes:
1486 960 1580 1004 quod
1602 959 1727 991 volunt
1744 956 1936 991 Ecclesiam
1954 959 2023 991 suis
2039 970 2122 990 con-

1140 1011 1226 1044 siliis
1250 1023 1367 1054 regere
1389 1017 1421 1044 et
1443 1016 1588 1042 mutare.
1640 1007 1692 1041 De
1717 1006 1772 1042 his
1791 1015 1840 1041 est
1858 1008 2008 1041 dictum:
2038 1008 2122 1041 Per-

1140 1063 1218 1094 dam
1245 1062 1451 1105 sapientiam
1471 1060 1680 1103 sapientum.
1732 1058 1888 1101 Deponit
1907 1065 2063 1102 potentes
2081 1060 2123 1091 de

1138 1113 1237 1152 sede,
1261 1113 1351 1146 sicut
1373 1112 1552 1146 Romanos
1577 1109 1730 1154 perdidit
1754 1117 1999 1154 persequentes
2019 1107 2122 1142 Chri-

1139 1170 1242 1198 stum.
1302 1161 1443 1196 Exaltat
1466 1159 1626 1194 humiles
1682 1158 1885 1193 Esurientes
1911 1160 2032 1203 implet
2056 1159 2122 1192 bo-

1138 1213 1211 1254 nis,
1240 1214 1458 1253 consolatur,
1487 1217 1598 1244 servat
1618 1209 1824 1244 Ecclesiam.

1306 1310 1420 1342 Tertia
1439 1320 1538 1350 par-5⁵,
1569 1308 1736 1349 Confessio
1759 1309 1797 1339 de
1821 1307 1961 1339 Blessiu-

1238 1379 1358 1412 Tertia
1388 1391 1468 1424 pars
1497 1386 1546 1413 est
1577 1378 1719 1422 propria
1751 1377 1846 1409 illius
1872 1374 2011 1408 concilii
2037 1386 2121 1407 con-

1136 1430 1259 1470 fessio,
1292 1431 1386 1474 quod
1421 1429 1548 1462 Messia
1579 1430 1681 1467 dato,
1715 1427 1918 1460 recordatus
1948 1432 1997 1458 est
2026 1424 2121 1458 Deus

1138 1480 1423 1525 promissionum.
1478 1479 1573 1512 Haec
1593 1486 1643 1512 est
1661 1489 1793 1510 summa
1813 1476 1965 1510 Cantici.
2019 1474 2069 1508 Ita
2090 1482 2121 1508 et

1136 1543 1201 1564 nos
1227 1542 1368 1572 agamus
1391 1530 1535 1572 gratias,
1564 1536 1596 1562 et
1617 1541 1694 1562 cum
1712 1528 1898 1561 recitamus
1915 1524 1982 1559 hoc
1998 1524 2120 1559 Canti-

1137 1594 1233 1621 cum,
1261 1582 1460 1614 intueamur
1483 1580 1600 1612 animo
1623 1585 1730 1611 totam
1753 1577 1963 1617 Ecclesiam,
1989 1576 2118 1617 cogite-

1136 1643 1214 1665 mus
1245 1631 1359 1676 qualia
1389 1631 1458 1663 sint
1490 1629 1677 1662 certamina
1706 1628 1743 1660 in
1767 1627 1939 1663 Ecclesia,
1975 1633 2117 1669 propter

1137 1681 1412 1720 confessionem,
1452 1692 1554 1724 quam
1578 1678 1801 1712 mirabilibw
1825 1676 1988 1720 operibus
2011 1673 2116 1708 Deus·

1137 1733 1300 1765 defendat
1323 1730 1526 1765 Ecclesiam.
1588 1728 1789 1771 Cogitemus
1813 1727 1944 1771 requiri
1969 1738 1986 1758 a
2013 1726 2116 1758 nobis

1137 1782 1408 1821 confessionem,
1439 1781 1627 1823 cogitemus
1647 1778 1739 1811 hunc
1758 1789 1829 1811 esse
1846 1788 2021 1809 summum
2040 1776 2116 1808 cul-

1137 1841 1229 1873 tum,
1257 1845 1358 1876 quem
1385 1829 1469 1863 haec
1493 1831 1624 1873 puella,
1654 1830 1686 1861 id
1712 1835 1781 1868 est,
1808 1834 1879 1860 tota
1899 1839 1979 1859 vera
1996 1826 2116 1858 Eccle-

1136 1884 1204 1921 sia,
1231 1889 1400 1926 praestat,
1429 1881 1628 1924 praedicare
1641 1878 1752 1911 Deum
1767 1878 1859 1922 quod
1875 1876 2116 1910 dederitMes-

1136 1935 1242 1977 siam,
1270 1933 1362 1977 quod
1383 1932 1523 1974 elegerit
1542 1930 1731 1963 Ecclesiam
1747 1934 1914 1972 perpetuo
1933 1928 2116 1966 victuram,

1136 1985 1231 2028 quod
1255 1995 1327 2016 eam
1354 1982 1519 2015 defendat
1542 1987 1573 2014 et
1596 1987 1724 2019 servet,
1751 1991 1823 2011 non
1847 1976 2010 2010 humanis
2030 1976 2115 2008 viri-

1135 2036 1201 2068 bus
1223 2041 1283 2067 aut
1303 2032 1469 2066 consiliis.
1523 2030 1617 2063 llaec
1633 2030 1796 2063 discenda
1815 2034 1894 2062 sunt
1913 2027 1949 2060 in
1966 2027 2115 2060 lectione

1135 2083 1242 2117 huius
1266 2082 1448 2122 historiae,
1482 2082 1594 2126 qualis
1618 2081 1660 2113 sit
1684 2091 1764 2113 vera
1788 2077 1961 2116 Ecclesia,
1995 2084 2026 2110 et
2053 2077 2113 2121 qui

1135 2142 1215 2169 sunt
1242 2135 1312 2167 veri
1338 2134 1470 2170 cultus,
1499 2139 1529 2166 et
1554 2132 1739 2175 repetenda
1758 2136 1838 2163 sunt
1855 2128 1990 2167 animo,
2018 2126 2113 2160 testi-

1135 2185 1252 2218 monia
1271 2186 1313 2217 de
1328 2182 1487 2222 Christo,
1515 2189 1552 2215 ut
1569 2189 1722 2215 nostram
1741 2181 1841 2213 fidem
1859 2178 2113 2217 confirmemus,

1136 2243 1168 2269 et
1184 2248 1247 2269 nos
1265 2237 1306 2268 ad
1325 2235 1561 2267 invocandum
1580 2233 1774 2265 excitemus.

1237 2300 1430 2346 Reliquum
1454 2307 1503 2332 est
1523 2298 1717 2341 exemplum
1735 2298 1776 2329 de
1792 2295 1925 2327 infante
1942 2290 2112 2332 Iohanne,

1136 2353 1196 2398 qni
1222 2353 1259 2385 in
1283 2359 1382 2386 utero
1406 2350 1513 2383 sensit
1537 2350 1652 2381 adesse
1669 2346 1861 2380 Dominum
1887 2351 1921 2377 et
1937 2343 2112 2376 Messinm.

1136 2403 1348 2448 Quanquam
1380 2407 1493 2434 autem
1520 2397 1585 2432 hoc
1609 2399 1652 2431 de
1676 2395 1834 2431 Iohanne
1854 2394 2027 2438 peculiare
2051 2399 2112 2430 est,

1136 2460 1262 2487 tamem
1293 2459 1343 2486 est
1372 2450 1632 2489 testimonium,
1669 2448 1763 2493 quod
1793 2446 1946 2489 Spiritus
1974 2450 2112 2476 sanctus

1137 2505 1238 2538 etiam
1258 2505 1294 2536 in
1313 2501 1469 2546 parvulis
1485 2501 1529 2534 sit
1545 2500 1662 2533 efficax
1674 2526 1683 2538 ,
1710 2505 1742 2531 et
1759 2497 1851 2541 quod
1869 2493 2018 2526 habeant
2034 2505 2112 2525 mo-

1136 2562 1191 2588 tus
1207 2555 1393 2600 quosdam,
1420 2562 1621 2597 quanquam
1638 2549 1739 2583 nobis
1757 2544 1968 2587 incognitos,
1995 2550 2112 2576 tamen

1136 2604 1211 2639 Deo
1237 2606 1421 2649 placentes,
1479 2601 1560 2635 ldeo
1586 2612 1664 2632 cum
1687 2598 1805 2636 audis,
1832 2595 1974 2628 Talium
1992 2600 2042 2627 est
2057 2605 2112 2625 re-

1137 2667 1246 2700 gnum
1272 2655 1471 2694 coelorum,
1507 2651 1633 2693 cogites
1663 2650 1699 2682 in
1725 2646 1918 2681 infantibus
1943 2644 2114 2690 Spiritum
