2409 2915
256 79 327 114 891

258 164 320 199 lias
337 171 489 197 summas
512 157 651 193 facilius
667 155 820 202 possitis.
870 151 919 189 Et
944 165 1044 198 saepe
1060 151 1119 188 liic
1135 159 1248 188 textus

259 228 322 260 pro
340 211 523 248 communi
541 207 782 243 consolatione
797 205 1006 249 cogitandus
1022 211 1084 239 est,

360 270 520 304 Primum
544 274 660 301 autem
685 270 898 298 mementote
917 263 1158 297 definitionem
1179 260 1249 295 Ec-

261 322 384 356 clesiae
410 319 577 358 visibilis,
613 323 651 350 ut
675 327 777 358 saepe
801 313 951 356 auditis,
987 315 1068 359 quia
1092 315 1135 347 ad
1160 311 1250 346 banc

262 372 503 407 definitionem
523 368 711 413 pertinebit
729 364 787 399 hic
806 372 931 399 textus.

365 428 522 464 Ecclesia
549 426 698 460 visibilis
729 432 779 460 est
808 431 927 458 coetus
953 421 1102 457 visibilis
1135 420 1252 455 homi-

263 494 350 516 num
369 479 656 525 amplectentium
672 477 913 518 incorruptam
922 473 1107 518 Evangelii
1123 471 1254 506 doctri-

263 546 366 573 nam,
401 538 434 564 et
470 529 646 564 utentium
675 526 903 560 sacramentis
931 525 1027 559 iuxta
1059 521 1254 558 institutio-

263 596 344 617 iiein
363 579 515 617 Christi,
543 581 582 612 in
604 590 674 623 quo
701 584 801 610 coetu
826 576 919 610 filius
936 574 1002 610 Dei
1028 575 1100 619 ipse
1125 573 1255 607 multos

264 640 447 677 regenerat
466 643 527 675 per
545 628 799 671 Evangelium,
826 636 859 662 et
883 633 965 660 sunt
988 633 1105 659 tamen
1130 625 1166 656 in
1196 635 1254 656 eo-

263 687 342 718 dem
360 690 460 717 coetu
478 680 581 714 multi
598 691 671 713 non
693 677 824 719 sancti,
851 678 911 711 sed
930 684 1046 712 tamen
1064 677 1106 709 de
1125 673 1257 708 doctri-

265 748 310 770 na
327 733 598 769 consentientes.

368 793 419 828 De
436 792 498 826 tali
515 789 670 825 Ecclesia
687 789 834 832 cogitate
848 799 927 822 cum
953 786 1108 821 recitatis
1128 784 1260 819 articu-

268 847 342 880 lum
368 844 464 877 fidei:
493 840 608 876 Credo
636 852 708 874 esse
723 839 914 873 Ecclesiam
929 835 1161 871 Catholicam.
1214 833 1261 868 Et

267 897 410 935 scitote,
452 893 546 939 quod
572 892 666 926 Deus
697 896 812 923 servat
844 889 937 921 inter
968 886 1129 921 homines
1154 885 1260 920 talem

266 945 479 985 Ecclesiam,
507 954 595 988 quac
612 942 697 974 alias
715 939 828 972 maior
844 939 930 972 alias
948 938 1067 971 minor
1085 943 1146 978 est,
1174 936 1261 970 alias

267 997 378 1040 inagis
399 995 484 1028 alias
501 994 620 1026 minus
635 1003 734 1036 pura.

371 1052 418 1088 Et
449 1053 618 1095 cogitate,
650 1049 809 1092 singulos
834 1045 1015 1087 homines,
1050 1045 1113 1090 qui
1137 1045 1263 1078 volunt

268 1106 342 1139 sieri
362 1104 469 1146 salvi,
495 1109 658 1146 oportere
678 1112 750 1133 esse
777 1100 814 1132 iii
836 1096 901 1131 hac
918 1096 1094 1137 Ecclesia,
1121 1103 1154 1129 et
1171 1102 1264 1129 recte

270 1158 405 1190 dictum
424 1162 491 1188 est:
522 1151 627 1186 Extra
638 1150 830 1185 Ecclesiam
850 1161 924 1182 non
944 1155 994 1182 est
1008 1147 1114 1182 salus.
1143 1145 1264 1180 Unus-

271 1209 440 1253 quisque,
465 1205 668 1248 ubicunque
690 1208 759 1242 est,
788 1199 925 1235 etiamsi
949 1205 1000 1232 est
1021 1198 1057 1230 iii
1077 1197 1209 1231 Tuccia
1227 1197 1264 1229 in

273 1270 430 1296 carcere,
464 1256 567 1288 delict
592 1265 627 1287 se
649 1253 692 1286 ad
720 1264 837 1285 veram
861 1249 1052 1284 Ecclesiam
1074 1248 1266 1292 adiungere

272 1307 494 1342 confessione
509 1313 541 1339 et
560 1305 762 1343 voluntate,
787 1302 882 1347 quod
898 1300 982 1334 velit
1005 1311 1123 1332 veram
1142 1297 1266 1332 Eccle-

273 1361 361 1394 siam
388 1370 460 1391 non
487 1356 616 1398 deleri,
651 1354 734 1387 velit
756 1353 787 1387 ei
812 1353 901 1385 bene
929 1362 1018 1391 esse,
1046 1356 1079 1383 et
1103 1361 1182 1382 cum
1203 1361 1266 1393 po-

273 1418 358 1447 test,
410 1409 514 1441 debet
553 1406 757 1444 ostendere,
803 1415 869 1436 usu
901 1407 1198 1434 sacramentorum
1234 1406 1268 1432 et

275 1461 354 1495 aliis
373 1459 517 1498 officiis,
547 1457 641 1503 quod
658 1455 755 1488 illam
772 1452 966 1487 Ecclesiam
985 1451 1167 1495 approbet.

379 1518 473 1551 Haec
494 1519 582 1550 bene
598 1513 851 1548 consideranda
879 1517 961 1545 sunt
984 1516 1105 1543 contra
1123 1520 1270 1549 errores,

275 1578 309 1604 et
328 1569 457 1602 multos
483 1567 590 1600 malos
614 1563 791 1600 homines,
819 1562 881 1607 qui
907 1568 1054 1594 currunt
1080 1572 1141 1604 per
1165 1571 1270 1593 miin-

275 1624 373 1662 diim,
401 1627 431 1652 et
453 1618 586 1652 nullius
605 1614 781 1648 Ecclesiae
799 1613 891 1645 cives
910 1623 982 1645 esse
1001 1611 1139 1644 volunt.
1167 1610 1271 1644 Nunc

275 1673 379 1706 xenio
397 1672 438 1704 ad
464 1670 542 1703 illos
561 1673 714 1713 quatuor
731 1663 918 1704 articulos,
945 1673 1033 1708 quos
1052 1662 1229 1706 proposui.

585 1768 632 1791 De
660 1766 771 1797 primo
796 1763 965 1789 articulo.

381 1828 596 1873 principalia
623 1835 656 1860 et
676 1826 754 1859 viva
780 1825 937 1858 membra
960 1823 995 1855 iii
1016 1820 1172 1856 Ecclesia
1191 1828 1273 1855 sunt

280 1885 392 1919 renati
412 1894 472 1926 per
502 1880 613 1912 filium
630 1877 694 1910 Dei
723 1888 805 1909 vore
832 1873 1028 1916 Evangelii,
1092 1872 1158 1905 llic
1185 1873 1273 1906 scia·

281 1946 372 1974 mus,
399 1933 491 1976 quod
514 1931 591 1962 ideo
610 1928 712 1961 initio
731 1927 772 1959 sit
793 1927 884 1958 edita
904 1923 1102 1968 promissio,
1127 1930 1156 1956 et
1178 1924 1271 1967 quod

283 1987 376 2019 filius
403 1985 473 2026 ipse
499 1981 540 2013 sit
573 1979 691 2012 efficax
714 1989 774 2021 per
798 1976 1084 2019 promissionem,
1113 1980 1145 2006 et
1169 1975 1273 2006 verba

283 2035 341 2071 liic
366 2036 408 2068 ad
427 2033 568 2066 Petrum
594 2031 700 2062 dicta:
739 2027 863 2060 l'ieattis
888 2038 923 2058 es
941 2026 1066 2058 binioii
1086 2023 1155 2057 l'iar
1176 2023 1274 2065 lona,

286 2087 369 2133 quia
385 2096 465 2118 caro
483 2090 515 2116 et
533 2080 673 2124 sanguis
692 2090 764 2112 non
794 2077 959 2110 revelarit
987 2075 1049 2109 tilii
1062 2101 1070 2116 ‚
1100 2076 1158 2108 sed
1179 2083 1275 2119 pater

285 2148 385 2172 niens
401 2133 568 2168 coi-lestis.
623 2130 716 2163 llaec
741 2129 845 2161 verba
865 2127 996 2170 optime
1023 2126 1276 2168 intelligentur,

288 2190 314 2222 si
337 2187 484 2221 intueris
503 2184 616 2217 Adam
636 2188 666 2215 et
688 2179 834 2214 lic-vain.

289 2239 492 2273 revelarunt
509 2235 558 2266 eis
580 2231 849 2277 promissionem
875 2230 917 2261 (le
943 2228 1144 2260 mediatore.

887 2179 978 2211 (jai-o
995 2184 1027 2210 et
1045 2179 1185 2219 sangnis
1203 2190 1274 2210 iion

1202 2227 1274 2261 lmo

288 2303 369 2324 caro
387 2295 420 2321 et
436 2285 576 2326 sanguis
594 2283 800 2322 ignorabant
819 2293 911 2317 eain,
939 2287 969 2311 et
990 2286 1085 2311 vraiit
1110 2279 1144 2311 in
1161 2280 1274 2312 media

288 2347 414 2375 morte.
467 2338 534 2370 seut
559 2335 650 2367 lilius
680 2332 825 2377 protulit
852 2343 988 2369 xocrin,
1025 2337 1056 2362 et
1081 2329 1184 2363 simul
1211 2330 1276 2364 suit

289 2393 407 2425 efficax
431 2389 466 2421 in
489 2386 655 2420 cordibus
677 2396 819 2421 rorum,
849 2380 1036 2413 vivificavit
1063 2391 1141 2415 ros,
1171 2388 1201 2413 ct
1219 2394 1276 2414 rx-

290 2443 393 2476 traxit
420 2451 476 2472 cos
500 2451 538 2470 cx
563 2437 718 2473 inferno,
747 2442 776 2467 et
797 2433 843 2466 sic
864 2429 1024 2465 inclinata
1042 2438 1090 2464 est
1111 2429 1278 2470 Emlrsia,

852 68 981 106 PHlL.
1008 66 1124 105 MEL.
1153 66 1364 104 SCRIPTA
1390 65 1693 104 EXEGETICA.

290 2503 320 2526 et
339 2493 461 2525 eodem
487 2488 590 2520 modo
618 2487 709 2519 filius
726 2484 789 2518 Dei
812 2495 947 2528 semper
974 2482 1059 2518 snit.
1088 2489 1135 2515 est
1160 2489 1189 2515 rt
1213 2484 1278 2517 crit
1302 2493 1305 2512 ι

291 2546 407 2576 viticax
436 2541 470 2572 in
488 2537 643 2573 Ecclesia
664 2549 736 2569 sua.
794 2534 869 2579 lpse
895 2541 943 2567 cst
970 2539 1072 2576 caput
1098 2534 1279 2577 perficiens

291 2594 408 2626 omnia
430 2591 464 2623 in
485 2590 662 2623 omnibus.
717 2585 762 2620 Et
786 2585 865 2619 facit
889 2583 954 2618 lioc
973 2583 1093 2617 divina
1112 2586 1280 2628 potentia,

293 2647 371 2678 ideo
398 2641 452 2676 liic
476 2640 561 2674 dicit

2211 67 2288 103 892

1302 153 1433 190 scilieet
1455 166 1518 200 per
1539 154 1664 189 filium.
1724 149 1772 188 Et
1794 164 1859 198 per
1888 152 2003 188 filium
2028 151 2099 201 dat:
2115 139 2288 200 Spiritum

1302 211 1462 240 sanctum
1479 206 1523 240 ad
1539 204 1778 239 confirmanda
1793 204 1912 238 corda.

1589 303 1639 328 De
1658 303 1815 329 secundo
1833 302 2003 330 articulo.

1407 353 1456 389 Ut
1480 353 1524 388 sit
1544 352 1638 387 filius
1656 354 1776 388 efficax
1797 366 1860 399 pei·
1873 353 2128 399 Evangelium,
2153 361 2292 398 oportet

1306 416 1379 439 esse
1402 404 1639 438 ministerium
1654 402 1860 450 Evangelii,
1885 405 1929 439 de
1950 417 2020 450 quo
2043 405 2144 439 dicit:
2181 405 2239 439 'l'u
2256 417 2293 439 es

1306 456 1450 495 Petrus,
1490 461 1524 489 et
1547 465 1652 499 super
1676 451 1769 489 hanc
1789 454 1928 490 Petram
1954 453 2146 490 aedificabo
2162 453 2293 501 *Eccle-

1308 518 1395 541 siam
1411 518 1538 540 meam.

1407 555 1477 590 Hic
1507 554 1702 589 damnandi
1739 562 1823 590 sunt
1857 554 1972 601 Papa,
2025 557 2290 602 Anabaptistae,

1310 606 1552 646 Stenckefeld,
1577 613 1610 639 et
1635 605 1739 639 multi
1755 605 1897 640 fanatici
1914 607 2079 652 Spiritus.
2121 608 2213 653 Papa
2231 609 2294 642 de-

1310 660 1358 692 let
1377 657 1647 703 promissionem
1679 656 1830 699 gratiae,
1863 664 1898 692 et
1922 664 2034 692 totum
2058 658 2294 693 ministerium

1313 708 1497 750 Evangelii
1523 708 1625 741 vertit
1651 708 1689 740 in
1715 707 1902 751 politicum
1921 707 2130 752 imperium,
2158 710 2244 744 dicit
2259 721 2296 744 se

1313 771 1385 793 esse
1409 759 1574 798 Petrum,
1609 765 1643 792 et
1667 757 1716 790 sic
1738 758 1908 799 declarat,
1940 761 2036 804 quod
2067 760 2111 793 sit
2141 772 2218 801 rex,
2263 769 2297 795 et

1313 810 1422 855 possit
1456 810 1607 843 condere
1646 809 1756 851 leges,
1792 820 1942 854 quarum
1973 810 2171 845 observatio
2194 811 2299 847 faciat

1314 860 1522 900 Ecclesiam,
1548 866 1581 893 et
1596 859 1727 892 interea
1745 866 1795 894 est
1812 859 1999 894 idololatra
2013 867 2046 894 et
2062 859 2299 906 blasphemus,

1315 912 1409 945 delet
1446 910 1714 954 promissionem
1742 908 1949 954 Evangelii,
1997 917 2030 944 et
2064 911 2163 955 fingit
2194 912 2300 954 idola,

1316 962 1415 995 iubet
1434 962 1600 993 invocare
1616 965 1793 1001 mortuos,
1818 968 1852 995 et
1868 961 2014 994 adorare
2031 973 2169 1005 panem,
2195 974 2300 1008 quem

1316 1013 1559 1054 circumgestat
1582 1017 1646 1045 etc.
1689 1009 1731 1043 ln
1749 1022 1885 1045 summa
1900 1009 1994 1056 Papa
2010 1012 2091 1046 facit
2106 1010 2301 1049 Etbnicnm

1315 1074 1476 1107 regnum.

1418 1112 1672 1157 Anabaptistae
1696 1119 1731 1146 et
1756 1111 1960 1147 Stenkeseld
1988 1113 2156 1148 reiiciunt
2187 1121 2301 1148 exter-

1317 1176 1403 1198 num
1433 1163 1691 1205 ministerium,
1735 1170 1767 1197 et
1794 1163 1917 1198 iubent
1942 1161 2104 1198 homines
2133 1177 2302 1211 quaerere

1317 1215 1403 1249 alias
1420 1214 1700 1248 illuminationes
1716 1221 1748 1248 et
1766 1214 1978 1258 phantasia&

1419 1264 1515 1298 Haec
1531 1271 1582 1298 est
1599 1266 1788 1299 sententia:
1817 1264 1875 1299 Tu
1892 1276 1926 1298 es
1936 1264 2081 1307 Petrus,
2107 1265 2237 1301 scilicet
2253 1266 2303 1300 sic

1319 1316 1507 1355 confitens,
1554 1322 1587 1349 et
1624 1315 1702 1350 aliis
1733 1316 1940 1360 praedicans
1971 1316 2239 1360 promissionem
2272 1324 2305 1351 et

1320 1374 1415 1400 tuam
1431 1366 1685 1399 consessionem
1701 1367 1744 1399 de
1761 1365 1901 1402 Messia.
1941 1365 2010 1400 llic
2026 1367 2187 1402 minister
2205 1379 2305 1412 prae-

1320 1417 1438 1451 dicans
1472 1423 1523 1450 est
1553 1415 1696 1455 Petrus,
1734 1416 1769 1449 id
1801 1423 1870 1457 est,
1906 1427 2030 1461 rupes,
2065 1428 2170 1462 super
2198 1429 2303 1464 quam

1321 1468 1526 1501 aedificatur
1547 1465 1722 1509 Ecclesia,
1747 1473 1787 1501 ut
1809 1464 1939 1511 Ephes.
1960 1468 1991 1501 1.
2006 1468 2154 1502 dicitur:
2182 1467 2305 1502 Eccle-

1322 1519 1371 1552 sia
1387 1524 1438 1551 est
1455 1517 1600 1551 fundata
1622 1529 1726 1562 snper
1749 1518 2042 1559 fundamentum,
2069 1518 2231 1552 videlicet
2250 1531 2309 1553 su-

1325 1580 1388 1613 per
1404 1566 1599 1612 Prophetas
1622 1575 1653 1601 et
1673 1568 1884 1611 Apostolos,
1911 1569 1969 1602 sed
1993 1569 2060 1609 ita,
2083 1575 2121 1602 ut
2139 1569 2227 1613 lapis
2245 1581 2310 1603 an-

1315 1619 1454 1663 ‚giilaris
1479 1619 1523 1652 sit
1547 1619 1618 1663 ipse
1642 1617 1825 1660 Christus,
1859 1619 1948 1653 sicut
1977 1625 2012 1653 et
2034 1620 2074 1653 ad
2100 1617 2309 1654 Corinthios

1325 1669 1473 1703 dicitur:
1515 1668 1802 1703 Fundamentum
1836 1670 1932 1703 aliud
1965 1670 2049 1713 poni
2079 1681 2151 1704 non
2187 1677 2313 1715 potest,

1326 1727 1464 1766 practer
1494 1720 1549 1759 id,
1584 1721 1678 1765 quod
1709 1727 1758 1753 est
1779 1718 1942 1754 Christus
1962 1719 2071 1756 lesus.
2123 1720 2192 1756 Sed
2218 1719 2313 1756 hunc

1329 1784 1389 1816 pei·
1412 1783 1532 1804 vocem
1557 1768 1813 1816 Prophetarum
1840 1778 1873 1806 et
1897 1770 2149 1816 Apostolorum
2174 1772 2315 1815 praedi-

1326 1823 1395 1856 cari
1418 1829 1568 1866 oportet.

1427 1874 1478 1906 lta
1510 1870 1577 1906 hoc
1603 1873 1737 1906 dictum
1764 1873 1807 1906 de
1831 1872 1989 1906 aedificio
2017 1872 2192 1908 Ecclesiae
2226 1873 2312 1908 sim·

1327 1924 1516 1968 plicissiiiie
1546 1923 1763 1966 intelligatur
1785 1925 1828 1957 de
1855 1935 1938 1957 vero
1960 1923 2168 1959 ministerio.
2230 1923 2312 1958 Non

1329 1984 1376 2008 est
1397 1973 1564 2012 Ecclesia.
1591 1974 1653 2008 ubi
1670 1986 1741 2007 noii
1761 1980 1811 2007 est
1829 1985 1950 2007 verum
1968 1975 2215 2009 ministerium.
2241 1974 2312 2009 Nec

1329 2026 1377 2058 ilii
1404 2025 1528 2058 Petrus
1551 2033 1618 2065 est,
1651 2025 1712 2058 ubi
1738 2037 1809 2058 iion
1834 2032 1933 2058 sonat
1959 2026 2145 2069 promissio
2169 2026 2312 2070 gratiae,

1328 2083 1361 2110 ct
1384 2076 1444 2109 ubi
1471 2076 1725 2109 confirmantur
1755 2075 1860 2109 idola.
1919 2075 2150 2111 Manifestum
2175 2083 2226 2111 est
2248 2088 2314 2111 au-

1327 2134 1396 2160 tem
1425 2127 1460 2158 in
1480 2126 1592 2170 l‘apae
1615 2126 1797 2172 Synagoga
1817 2138 1888 2159 iioii
1910 2137 1983 2160 esse
2010 2138 2131 2161 verum
2154 2127 2316 2162 ministe-

1328 2178 1418 2211 rium
1431 2204 1439 2217 ,
1467 2190 1538 2210 iioii
1558 2189 1630 2210 esse
1647 2189 1766 2211 rocem
1785 2176 1989 2221 Evangelii,
2017 2185 2050 2212 et
2067 2178 2116 2212 ibi
2133 2179 2315 2212 manifeste

1330 2241 1390 2272 per
1407 2228 1562 2270 gladium
1590 2235 1621 2261 ct
1647 2228 1825 2262 saevitiam
1851 2228 2051 2263 confirmari
2079 2228 2195 2274 idola,
2226 2229 2317 2264 sicut

1330 2281 1364 2312 iii
1384 2291 1490 2321 regno
1509 2277 1674 2315 Etliiiico.

1433 2332 1552 2372 Quare
1576 2331 1728 2363 dictum:
1771 2328 1827 2362 Tu
1853 2341 1887 2363 es
1905 2328 2049 2370 Petrus,
2082 2330 2316 2365 certissimum

1331 2389 1381 2416 est
1400 2381 1496 2425 loqui
1515 2382 1558 2414 de
1577 2393 1658 2414 vcro
1683 2380 1879 2415 ministerio
1892 2407 1901 2421 ,
1928 2388 1960 2414 ct
1979 2394 2102 2425 inagna
2120 2381 2315 2416 consolatio

1331 2440 1397 2472 cst,
1425 2433 1518 2477 qood
1539 2439 1708 2465 monstrat
1734 2431 1909 2464 visibilem
1936 2430 2146 2474 Ecclesiam,
2172 2432 2318 2472 scilicet.

1333 2495 1421 2529 quae
1465 2481 1568 2516 habet
1606 2494 1727 2515 vei-um
1768 2482 2025 2524 minium-inni,
2075 2489 2108 2517 et
2146 2483 2319 2524 adfirmat,

1331 2536 1425 2579 quod
1449 2533 1539 2567 filios
1557 2531 1620 2567 Dei
1641 2533 1724 2567 wlit
1751 2544 1824 2566 osse
1847 2534 1965 2567 efficax
1989 2546 2050 2579 per
2073 2533 2318 2568 ministrorum

1333 2598 1471 2624 vocem,
1499 2597 1560 2629 pei·
1578 2583 1740 2623 Petrum,
1764 2583 1934 2623 l‘auluiii,
1965 2583 2176 2623 Iohannem,
2202 2591 2319 2629 pasto-

635 2637 735 2673 Pati-r
769 2643 880 2670 vester
911 2635 1069 2670 coelestis
1100 2635 1278 2672 reu-laxit.
1302 2623 1306 2670 l
1333 2649 1406 2670 rein
1426 2644 1543 2673 tuum,
1569 2642 1601 2668 et
1628 2635 1674 2669 sic
1691 2636 1734 2668 de
1755 2634 1850 2674 aliis,
1877 2636 1966 2671 sicut
1981 2637 2126 2671 dicitur:
2154 2633 2319 2680 Evange-
