2409 2915
285 107 359 144 815

287 191 442 230 brachiis
465 190 537 225 suis
560 196 593 223 te
613 194 740 233 gestat,
767 186 858 220 sicut
874 184 999 219 Pastor
1017 195 1146 229 agnum
1165 184 1278 218 tenel—

289 347 346 381 die
369 342 629 382 tribulationis,
656 347 690 374 et
712 352 774 384 ego
800 338 948 383 eripiam
974 344 1019 372 te.

883 97 1008 134 PHIL.
1037 95 1153 134 MEL.
1181 96 1389 133 SCRIPTA
1414 95 1715 133 EXEGETICA.

2245 100 2320 136 816

1304 189 1307 197 “
1331 190 1450 229 spectu
1468 196 1541 219 esse
1559 185 1709 229 debent,
1737 191 1775 219 ut
1793 184 1944 219 sciamus
1961 185 2197 220 obedientiam
2214 184 2320 221 Chri-

290 247 363 280 lum
385 253 507 277 recens
533 241 667 274 editum
690 245 818 282 gestat,
845 249 883 270 ac
900 242 1088 270 sustentat:
1116 234 1185 269 Hic
1202 233 1278 268 Do·
1304 257 1307 268 .

289 296 407 329 minus
429 299 528 326 vocat
551 298 584 325 te
608 291 645 324 in
661 289 790 323 Psalm.
808 287 989 333 inquiens:
1018 285 1147 320 Invoca
1167 298 1222 319 me
1240 286 1278 318 in
1304 310 1308 337 ,ι

1332 235 1376 268 sti
1404 235 1442 268 in
1467 236 1629 280 passione
1653 243 1686 270 et
1710 243 1823 270 morte
1846 247 1918 270 esse
1942 237 2232 281 propitiationem
2254 249 2322 283 pro.

1333 285 1454 328 nobis,
1481 293 1514 320 et
1540 293 1683 331 propter
1706 285 1812 322 buius
1830 287 1992 321 victimae
2009 288 2247 322 obedientiam
2263 299 2320 322 ac-

1072 336 1124 372 Ac
1149 337 1278 370 libera·
1303 340 1307 379 ¹}
1332 336 1465 380 cepisse
1488 337 1731 371 remissionem
1757 344 1979 382 peccatorum
2000 344 2032 372 et
2049 339 2220 382 placuisse
2236 338 2320 380 Deo,

290 398 402 431 tiones
427 395 512 428 istae
537 403 660 427 omnes
681 389 838 435 ingentia
862 396 896 423 et
919 389 1090 433 stupenda
1111 387 1278 421 miracula
1304 381 1308 404 ¹
1333 394 1508 432 quotquot
1529 387 1573 420 ab
1596 387 1699 421 initio
1723 386 1900 422 Ecclesiae
1921 389 2125 423 sanctificati
2151 396 2251 434 sunt,
2287 397 2321 423 et

291 454 389 487 sunt,
415 444 550 479 etiamsi
567 443 661 477 oculi
676 440 862 476 hominum
879 439 1053 473 occoecati
1071 437 1154 472 haec
1171 438 1277 471 mira-

291 499 408 533 culosa
426 497 514 530 facta
533 507 605 528 non
622 495 807 527 intuentur
823 498 883 525 aut
901 497 1106 534 agnoscunt.
1161 490 1280 532 Quare

291 548 473 583 mendacia
498 546 562 579 ista
585 541 791 588 blasphema
816 549 850 576 et
873 542 1128 576 contumeliosa
1152 541 1279 574 adver-

292 611 351 635 sus
374 598 489 632 Deum
521 596 641 640 procul
673 607 713 628 ex
741 593 860 627 animo
892 593 1029 632 efficias,
1065 591 1179 625 Deum
1206 602 1279 624 non

292 651 476 685 ostendere
501 647 564 681 tibi
592 645 772 679 miracula.
825 643 918 678 Sunt
935 644 1029 677 enim
1049 649 1088 677 ut
1105 643 1177 676 dixi
1195 642 1280 675 tales

293 700 522 744 cogitationes
549 696 824 731 contumeliosae
842 695 879 728 in
896 695 1028 735 Deum,
1054 701 1087 728 et
1105 705 1205 726 verae
1224 693 1281 725 in-

292 750 488 786 vocationis
506 749 769 793 impedimenta.
809 744 942 780 Contra
959 752 1075 779 autem
1094 751 1187 778 certo
1205 755 1281 776 cre-

292 804 370 840 das,
399 800 515 835 Deum
540 798 718 832 miraculis
744 797 962 842 quotidianis
985 796 1077 840 apud
1100 807 1164 828 nos
1181 806 1281 838 prae-

293 861 427 888 sentem
454 858 487 885 et
512 850 683 884 efficacem
709 859 797 886 esse,
831 855 862 881 et
887 847 1140 890 benignissime
1163 845 1281 889 opitu-

293 905 359 939 lari
386 901 634 936 invocantibus
658 901 695 932 in
720 898 886 932 omnibus
909 897 1065 930 consiliis
1090 909 1128 930 ac
1143 897 1282 941 pericu-

294 956 348 995 lis,
375 952 620 998 spiritualibus
636 958 669 984 et
686 948 939 993 corporalibus.
992 947 1089 981 Scias
1106 945 1200 980 hunc
1216 945 1282 980 ho-

293 1018 416 1040 norem
441 1011 471 1037 te
490 1002 564 1036 Deo
587 1002 733 1041 debere,
760 1006 800 1033 ut
818 997 884 1032 hoc
902 999 1122 1038 confitearis,
1149 998 1282 1038 credas,

293 1065 326 1091 et
351 1057 397 1089 ita
414 1054 529 1087 Deum
555 1053 707 1085 invoces.
759 1048 806 1083 Et
829 1047 868 1084 hi
886 1056 968 1083 sunt
984 1050 1113 1083 summi
1131 1056 1163 1082 et
1181 1061 1282 1093 prae-

292 1107 387 1152 cipui
412 1105 546 1144 cultus,
575 1103 635 1148 qui
664 1103 700 1136 in
723 1101 947 1135 invocatione
974 1113 1054 1134 vera
1073 1100 1233 1133 discendi
1249 1106 1282 1132 et

292 1155 477 1192 exercendi
500 1161 592 1189 sunt.
646 1152 763 1198 Atque
785 1149 870 1185 haec
893 1152 1010 1185 brevis
1027 1162 1280 1186 commemora-

291 1210 340 1243 tio
367 1209 410 1241 de
434 1205 613 1239 miraculis
637 1202 704 1237 boc
726 1204 764 1236 in
787 1203 865 1236 loco
891 1203 1052 1238 sufficiat.
1111 1201 1215 1235 Nune
1237 1202 1280 1234 ad

291 1261 424 1294 dictum
447 1255 574 1290 Esaiae
607 1255 824 1295 accedimus,
860 1255 903 1287 de
927 1266 997 1299 quo
1022 1254 1144 1287 itidem
1173 1264 1281 1297 pauca

289 1309 526 1344 monebimus.

394 1360 476 1393 Non
503 1358 615 1392 solum
636 1357 796 1404 loquitur
814 1354 937 1389 Esaias
954 1356 997 1388 de
1018 1354 1283 1387 infirmitatibus

292 1419 352 1446 aut
370 1410 503 1443 morbis
520 1420 707 1452 corporum
719 1434 728 1448 ‚
755 1407 815 1440 sed
832 1413 982 1450 utraque
998 1402 1281 1449 comprehendit:

292 1469 473 1507 peccatum
500 1471 559 1492 seu
586 1459 749 1491 morbum
771 1457 909 1490 animae
931 1456 1136 1490 interiorem
1155 1462 1187 1488 et
1205 1466 1282 1488 cae-

293 1522 366 1548 tera
396 1511 506 1551 mala,
541 1517 573 1543 et
598 1521 705 1543 onera
729 1508 868 1546 omnia,
902 1519 990 1552 quae
1014 1518 1074 1551 per
1101 1513 1282 1550 peccatum

292 1571 369 1598 orta
392 1568 491 1601 sunt,
520 1568 553 1594 et
572 1558 747 1607 stipendia
768 1559 841 1592 eius
859 1559 1013 1591 fuerunt.
1064 1555 1227 1601 Suntque
1246 1556 1281 1588 in

292 1615 385 1647 dicto
416 1610 541 1645 Esaiae
573 1611 662 1644 duae
692 1610 876 1643 distinctae
908 1619 1028 1645 voces,
1073 1605 1219 1640 Gestare
1251 1614 1282 1639 et

294 1666 462 1703 Auferre,
506 1669 539 1696 et
580 1661 770 1694 discrimen
809 1667 859 1693 est
897 1660 1042 1701 dignum
1080 1658 1280 1691 observatu.

295 1717 382 1750 Nam
409 1714 572 1748 distincta
596 1712 708 1745 officia
735 1717 816 1744 sunt
843 1710 998 1743 miserias
1018 1715 1155 1742 nostras
1171 1716 1282 1751 gesta-

294 1780 349 1807 re,
377 1773 409 1799 et
429 1766 566 1797 easdem
584 1770 701 1807 postea
722 1762 858 1795 auferre
875 1774 913 1794 ac
933 1761 1068 1793 tollere.
1121 1759 1280 1793 Primum

293 1823 401 1862 gestat
428 1813 591 1850 Christus
624 1814 844 1846 infirmitates
875 1819 907 1845 et
941 1812 1098 1845 miserias
1133 1818 1282 1850 nostras,

293 1868 359 1902 1100
384 1874 451 1904 est.
480 1867 551 1910 ipse
578 1866 614 1898 in
639 1864 818 1908 passione,
846 1864 882 1895 in
906 1869 1016 1895 morte,
1041 1870 1072 1896 et
1098 1862 1282 1895 doloribus

295 1918 549 1956 horribilibus,
583 1928 670 1960 quos
695 1921 814 1948 nostra
838 1924 938 1946 causa
965 1913 1088 1951 subiit,
1117 1920 1155 1945 ut
1180 1913 1281 1945 iusti-

296 1971 361 2003 tiae
387 1968 528 2000 divinae
556 1966 787 2002 satisfaceret,
825 1964 930 1997 sensit
955 1963 1225 1996 inenarrabilem
1250 1970 1279 1997 et

296 2019 508 2053 horribilem
535 2018 620 2049 icam
645 2016 777 2049 aeterni
796 2014 928 2051 Patris,
959 2027 1020 2047 1100
1041 2015 1106 2049 suit
1124 2015 1158 2047 in
1177 2015 1281 2048 tantis

296 2070 479 2104 doloribus
511 2080 570 2101 sua
604 2067 721 2111 aliqua
751 2067 804 2099 vel
829 2066 949 2109 culpa,
986 2066 1040 2098 vel
1065 2077 1185 2105 causa,
1221 2068 1279 2098 sed
1307 2076 1310 2111 ἱ

296 2128 438 2167 propter
468 2131 533 2153 nos
564 2125 595 2152 et
630 2124 772 2162 propter
804 2118 949 2150 salutem
980 2125 1134 2150 nostram
1161 2117 1279 2150 omnia
1307 2136 1309 2159 ;

296 2173 378 2206 baec
409 2172 442 2203 in
468 2183 502 2203 se
528 2169 718 2208 derivavit,
746 2176 777 2201 et
799 2166 863 2200 bac
880 2168 1079 2201 obedientia
1100 2179 1160 2201 sua
1179 2175 1211 2201 et
1229 2180 1281 2200 re-
1307 2179 1309 2205 ξ

296 2223 450 2256 verentia
484 2234 562 2262 erga
595 2227 774 2253 aeternum
801 2218 938 2252 Patrem
975 2220 1074 2251 nobis
1102 2219 1278 2252 remissio·
1308 2242 1309 2267 3

298 2288 376 2307 110111
411 2280 652 2316 pet-catorum,
690 2278 720 2304 et
751 2269 1073 2303 reconciliationem
1101 2282 1178 2303 011111
1207 2269 1281 2303 Deo
1307 2274 1309 2281 ⁴

513 2324 610 2356 Situt
646 2323 689 2354 de
728 2320 791 2354 hac
825 2320 1024 2353 obedientia
1059 2322 1118 2353 filii
1152 2322 1309 2354 dicitur*

298 2377 425 2409 l’salm.
444 2375 517 2407 40:
549 2373 587 2405 ln
609 2373 782 2417 principio
802 2372 883 2405 1111τῖ
904 2371 1071 2414 scriptum
1090 2380 1135 2405 est
1156 2374 1198 2405 110,
1216 2386 1282 2412 me,
1308 2392 1310 2428 ἱ

298 2428 514 2459 voluntati-m
548 2432 642 2457 tuam
670 2424 818 2457 Domine
853 2423 941 2456 facio
969 2423 1136 2460 libenter„
1173 2431 1201 2456 et
1230 2425 1280 2456 lex
1306 2441 1311 2467 5

1012 2471 1108 2506 Elin
1129 2475 1309 2517 dbiipnu‘

297 2325 442 2370 peperh.

297 2487 355 2512 tua
380 2478 415 2510 111
442 2477 558 2507 medio
584 2476 699 2508 cordis
722 2475 788 2507 mei
807 2486 953 2517 semper.

298 2530 407 2573 rapite
427 2526 568 2563 Esaiae.
594 2539 631 2559 ex
658 2539 726 2571 (pio
752 2525 944 2569 praesentia
971 2525 1074 2557 verba
1101 2527 1280 2568 depromta

298 2588 396 2617 511111,
424 2579 603 2611 scribitur:
635 2578 722 2609 sum
743 2577 897 2620 posuerit
915 2576 1067 2609 animam
1087 2588 1184 2608 suam
1204 2590 1281 2620 pec-

299 2639 431 2668 catum,
469 2629 601 2661 uidebit
626 2640 742 2661 senten
769 2628 990 2669 longaevum.
1045 2628 1133 2660 Sunt
1160 2634 1189 2659 et
1216 2629 1279 2660 alia

298 2681 424 2713 similia
451 2680 648 2715 testimonia
676 2680 803 2716 multa.
833 2691 982 2723 quorum
1009 2678 1124 2723 aliqua
1146 2679 1179 2710 iu
1199 2692 1279 2711 ron-

1333 438 1400 471 fide
1415 436 1520 472 huius
1538 438 1701 472 victimae
1720 440 1843 473 merita
1860 438 2182 485 apprehenderunt.

1435 488 1490 523 Sit
1511 489 1619 533 igitur
1641 501 1711 522 una
1736 496 1770 524 et
1787 502 1922 524 summa
1940 491 2134 525 consolatio
2154 493 2321 525 adversus

1333 547 1558 587 conspectum
1579 540 1739 574 omnium
1765 548 1985 588 peccatorum
2010 554 2047 575 ac
2065 542 2224 576 sordium
2241 548 2320 576 tua-

1333 602 1413 624 rum
1442 588 1508 624 hoc
1532 591 1648 634 ipsum
1673 590 1838 624 meritum
1864 592 1926 625 filii
1950 591 2034 633 Dei,
2060 600 2092 627 et
2116 593 2319 637 propitiatio

1334 653 1396 686 per
1419 641 1534 686 ipsum
1559 642 1661 675 facta.
1715 642 1768 675 Ac
1792 653 2062 686 praemonemus
2084 645 2157 687 pias
2176 650 2321 684 mentes,

1334 704 1379 725 ne
1401 703 1435 726 se
1458 692 1598 736 tragicis
1623 693 1838 726 clamoribus
1862 704 1900 726 ac
1924 693 2031 726 minis
2047 692 2220 729 Osiandri
2245 701 2321 728 tur-

1334 743 1431 785 bari,
1455 751 1514 778 aut
1537 743 1581 777 ab
1604 740 1668 777 hac
1687 743 1928 777 consolatione
1944 745 2113 779 deterreri
2131 746 2321 790 patiantur,

1335 794 1395 839 qui
1421 794 1654 835 vociferatur,
1681 806 1753 828 non
1778 795 1915 838 placere
1933 801 1963 828 te
1981 795 2058 829 Deo
2075 803 2220 841 propter
2237 797 2323 830 obe-

1335 845 1504 879 dientiam
1527 851 1587 878 aut
1603 845 1767 879 meritum
1785 845 1848 878 filii
1867 844 1951 886 Dei,
1979 847 2037 879 sed
2060 854 2203 892 propter
2222 847 2322 881 iusti-

1335 896 1419 930 tiam
1444 895 1663 929 essentialem
1686 907 1746 929 seu
1763 896 1985 930 divinitatem
2003 897 2040 929 in
2057 904 2090 932 te
2103 895 2321 932 habitantem

1335 953 1368 980 et
1392 953 1591 980 moventem
1616 954 1655 981 ut
1680 947 1770 980 iusta
1792 947 1908 982 facias.
1969 946 2044 981 Hae
2067 949 2322 992 speculationes

1336 994 1508 1031 Osiandri
1542 997 1622 1030 vide
1653 1009 1696 1030 ne
1729 998 2004 1032 consolationem
2032 1011 2150 1033 veram
2174 1000 2238 1033 tibi
2264 1011 2321 1033 ex-

1336 1049 1491 1089 cutiant,
1523 1049 1584 1081 sed
1617 1049 1723 1081 verba
1753 1046 1920 1082 lobannis
1940 1051 1970 1084 1.
2004 1050 2116 1094 capite
2139 1052 2167 1085 l.
2194 1050 2320 1084 firmis-

1336 1100 1422 1133 sime
1450 1099 1602 1133 retineo:
1632 1099 1784 1142 Sanguis
1809 1098 1886 1133 lesu
1910 1097 2042 1134 Christi
2067 1102 2236 1135 emundat
2258 1113 2323 1135 nos

1336 1151 1379 1183 ab
1404 1151 1570 1183 omnibus
1595 1151 1759 1194 peccatis:
1796 1157 1829 1184 et
1853 1151 1995 1196 quidem
2020 1151 2098 1184 imis
2123 1152 2344 1196 pectoribus

1337 1199 1421 1234 baec
1437 1202 1511 1246 ipsa
1527 1201 1631 1234 verba
1651 1201 1834 1235 inscribito
1846 1228 1854 1242 ,
1881 1209 1914 1235 et
1933 1202 1968 1234 111
1985 1203 2082 1235 0111111
2098 1203 2323 1237 invocatione

1337 1253 1474 1286 intuere
1512 1264 1551 1285 ac
1591 1252 1794 1293 considera,
1838 1253 1933 1297 quod
1973 1253 2123 1288 affirmat
2158 1251 2321 1288 lohann.:

1337 1303 1488 1346 Sanguis
1516 1302 1592 1336 Iesu
1617 1300 1750 1336 Christi
1785 1303 1953 1337 emundat
1984 1315 2049 1336 nos
2082 1305 2126 1338 ab
2158 1305 2323 1339 omnibus

1337 1354 1496 1397 peccatis.
1547 1354 1698 1386 Attende
1713 1360 1828 1387 autem
1846 1355 2025 1398 quomodo
2044 1355 2221 1399 loquatur,
2248 1356 2324 1389 vult

1337 1411 1369 1437 te
1396 1404 1464 1436 fide
1491 1401 1582 1435 lianc
1607 1404 1885 1437 consolationem
1910 1401 2194 1447 apprehendere,
2228 1407 2321 1452 quod

1336 1454 1538 1488 obedientia
1563 1451 1695 1487 Christi
1727 1455 1771 1488 sit
1799 1454 2002 1498 propitiatio
2035 1466 2098 1499 pro
2125 1456 2255 1497 nobis,
2291 1465 2322 1490 et

1337 1506 1433 1550 quod
1473 1511 1566 1538 certo
1598 1511 1760 1538 aeternus
1790 1512 1891 1550 pater
1920 1506 1964 1538 sit
2000 1506 2102 1539 nobis
2139 1507 2323 1551 propitius,

1337 1556 1492 1589 remittat
1517 1561 1675 1599 peccata,
1710 1562 1743 1589 et
1768 1556 1914 1601 recipiat
1937 1567 2019 1595 nos,
2046 1556 2129 1601 quia
2152 1557 2245 1591 filius
2269 1559 2324 1592 di-

1337 1607 1465 1644 lectus,
1500 1607 1538 1638 in
1564 1618 1634 1649 quo
1660 1606 1725 1649 ipsi
1753 1606 1983 1650 complacuit,
2021 1607 2056 1640 in
2082 1620 2152 1651 quo
2177 1608 2325 1644 laetatur

1337 1665 1369 1691 et
1393 1657 1600 1702 acquiescit,
1634 1657 1746 1690 sactus
1773 1665 1822 1691 est
1851 1669 1913 1700 pro
1940 1658 2043 1691 uobis
2066 1658 2219 1695 victima.
2278 1658 2324 1694 Et

1336 1705 1421 1741 haec
1449 1707 1569 1741 omnia
1596 1708 1708 1749 cogita
1731 1708 1913 1752 complecti
1942 1708 2065 1742 lsaiam
2092 1709 2127 1742 in
2153 1723 2235 1744 voce
2259 1722 2323 1754 ge·-

1336 1759 1472 1799 standi‚
1499 1771 1579 1791 cum
1605 1758 1737 1803 inquit:
1770 1757 1844 1802 lpse
1870 1759 2089 1793 infirmitates
2114 1768 2250 1795 nostras
2265 1774 2322 1796 ac-

1336 1810 1444 1854 cepit,
1481 1807 1546 1842 hoc
1579 1816 1646 1848 est,
1683 1817 1826 1853 propter
1856 1821 1919 1842 nos
1951 1817 1982 1843 et
2011 1819 2153 1854 propter
2175 1813 2321 1847 salutem

1336 1868 1490 1894 nostram
1517 1860 1623 1893 subiit
1649 1870 1797 1893 mortem
1823 1860 2076 1901 tristissimam,
2104 1869 2135 1895 et
2160 1863 2246 1897 iram
2266 1876 2322 1897 ae-

1335 1911 1426 1945 terni
1446 1910 1560 1944 Pntris
1578 1911 1667 1955 ingse
1685 1911 1869 1945 derivavit.

1439 1960 1558 1995 Altera
1585 1974 1650 1994 vox
1676 1959 1781 1995 habet
1804 1961 2095 2004 significatione-m
2121 1965 2320 1999 auferendi:

1338 2013 1604 2055 Aegrotationes
1629 2020 1764 2046 nostras
1784 2013 1857 2056 ipse
1876 2013 2034 2052 5115111111,
2062 2011 2128 2047 1100
2147 2023 2215 2056 est,
2243 2028 2321 2061 pec-

1335 2071 1450 2096 catum
1475 2071 1504 2096 01
1529 2070 1661 2096 caetera
1688 2064 1776 2097 mala
1803 2064 1941 2103 otnnia,
1970 2074 2251 2109 quaepeccatnm
2268 2079 2320 2101 se-

1336 2121 1413 2147 cuta
1444 2120 1536 2148 sunt.
1601 2113 1798 2160 [trinoque
1830 2115 1923 2147 enim
1958 2116 2164 2149 beneficium
2190 2115 2321 2153 Christi

1337 2173 1383 2199 est
1398 2193 1406 2204 ,
1433 2166 1568 2209 placare
1587 2165 1673 2199 iram
1691 2166 1821 2199 aeterni
1841 2165 1972 2203 Patris,
1999 2174 2031 2199 et
2050 2168 2222 2201 sustinere
2239 2181 2322 2213 poe—

1337 2229 1417 2249 nam
1443 2229 1505 2259 pro
1531 2217 1642 2249 nobis.
1657 2210 1681 2230 ⁰
1696 2214 1740 2250 Et
1756 2229 1795 2250 eo
1817 2217 1891 2260 ipso
1908 2217 2018 2250 aufert
2037 2230 2074 2250 ac
2092 2219 2185 2253 tollit
2203 2232 2321 2264 pecca-

1337 2275 1410 2301 tum
1437 2281 1454 2300 a
1480 2267 1593 2300 nobis.
1656 2266 1832 2307 Primum,
1865 2268 1946 2312 qnia
1972 2268 2139 2302 immensa
2167 2271 2321 2306 bonitate

1337 2319 1566 2352 remittuntur
1590 2319 1693 2350 nobis
1718 2326 1852 2363 peccata
1879 2326 1908 2351 et
1937 2319 2128 2363 recipimur
2151 2321 2192 2353 ad
2214 2322 2320 2356 vitam

1337 2378 1531 2403 aeternam:
1569 2370 1717 2409 deiude,
1746 2371 1827 2415 quia
1852 2369 2029 2402 xerissime
2054 2371 2088 2402 111
2116 2372 2213 2405 11111111
2237 2386 2320 2407 tou—

1338 2422 1496 2454 versioue
1520 2433 1668 2453 massam
1694 2421 1822 2464 peccati
1848 2417 2047 2453 liat-rentem
2075 2422 2109 2454 111
2136 2423 2238 2457 nobis
2262 2425 2321 2457 ille

1337 2473 1408 2515 ipse
1434 2471 1608 2505 Dominus
1639 2479 1756 2503 noster
1783 2470 1875 2504 105115
1900 2468 2062 2505 (iliristus
2087 2473 2211 2517 incipit
2233 2474 2319 2508 abo-

1337 2524 1421 2561 lere,
1455 2530 1485 2555 01
1519 2523 1552 2555 111
1585 2522 1849 2555 resuscitatione
1884 2529 2106 2557 mortuorum
2136 2536 2263 2558 novam
2289 2534 2321 2559 et

1338 2575 1507 2607 mundam
1530 2585 1675 2606 massam
1694 2573 1768 2605 sine
1788 2582 1925 2616 peccato
1944 2574 2144 2609 redditurus
2162 2583 2210 2608 est
2225 2603 2233 2616 ,
2260 2578 2321 2610 de-

1338 2627 1403 2659 leta
1438 2632 1548 2658 morte
1581 2630 1612 2657 et
1646 2625 1812 2657 omnibus
1845 2625 2037 2658 doloribus.
2102 2623 2141 2659 tit
2166 2626 2224 2660 ille
2248 2627 2320 2672 ipse

1339 2676 1512 2709 Dominus
1538 2673 1632 2709 lesus
1656 2673 1815 2710 1111151115
1840 2677 1959 2709 reddet
1983 2676 2084 2709 nobis
2112 2677 2236 2716 vitam.
2265 2690 2318 2712 sa·
