2409 2915
228 112 304 149 603

332 194 432 231 Hanc
449 201 522 225 esse
537 193 691 222 mentem
700 182 889 227 Evangelii
901 182 1136 217 certissimum
1154 186 1217 215 est.

232 248 447 291 Quanquam
471 241 566 275 enim
582 237 714 272 Moises
740 234 900 280 permisit
923 232 1096 274 divortia,
1117 233 1166 267 ita
1180 237 1221 266 ut

234 300 354 332 liceret
385 293 462 326 viro
496 289 674 324 dimittere
697 296 863 326 uxorem,
902 284 1008 319 etiam
1032 295 1121 329 quae
1147 293 1220 316 non

232 350 454 392 peccaverat,
485 348 606 376 tamen
632 336 728 372 hunc
750 347 884 370 morem
901 332 1066 369 Christus
1089 335 1223 378 impro—

233 400 310 435 bat,
339 402 372 429 et
398 402 557 438 expresse
582 387 748 435 prohibet
772 386 855 421 talia
874 384 1032 419 Mosaica
1057 383 1223 424 divortia,

233 455 266 482 et
291 443 440 480 retrahit
463 441 669 485 coniugium
694 438 738 472 ad
764 437 917 482 primam
943 436 1223 470 institutionem:

233 496 352 532 Erunt
373 497 444 530 duo
461 494 500 527 in
520 502 662 527 carnem
685 499 806 523 unam.

337 546 387 582 Ut
416 552 533 580 autem
564 541 729 583 coniuges
761 537 898 582 possint
929 547 1072 570 manere
1099 533 1225 575 simul,

235 599 410 632 discamus
429 596 534 630 etiam
554 602 643 637 opus
658 601 731 623 esse
748 588 919 632 patientia
934 594 1056 622 mutua
1067 613 1076 629 ,
1097 593 1131 620 et
1147 596 1228 630 pre-

238 649 377 683 catione
397 647 440 681 ad
460 644 576 680 Deum
592 647 715 675 contra
734 639 929 674 diabolum.

569 730 732 758 secunda
759 729 895 762 regula.

341 796 488 833 Certum
512 801 581 835 est,
615 792 711 838 quod
736 797 882 835 peccant
907 789 1045 823 adulter
1071 793 1104 820 et
1127 785 1230 819 adul-

239 858 335 888 tera,
378 848 463 882 item
493 845 590 891 quod
623 849 770 888 peccant
803 843 960 874 desertor
984 846 1017 873 et
1049 836 1232 872 desertrix.

239 900 433 944 Postquam
449 904 564 931 autem
587 905 649 939 per
672 893 758 927 tales
782 892 1011 925 dilaceratum
1035 895 1085 922 est
1108 887 1233 920 foedus

240 949 419 993 coniugii,
442 946 600 993 quaestio
624 951 694 984 est,
727 943 785 975 An
807 942 908 974 liceat
932 950 1101 984 personae
1125 938 1234 971 inno-

242 1000 336 1035 centi
348 1027 357 1039 ‚
384 1009 507 1032 rursus
526 1008 604 1030 cum
621 994 688 1028 alia
705 991 907 1035 coniugium
925 987 1132 1024 contrahere
1144 990 1159 1021 ?

344 1049 413 1083 Hie
430 1048 524 1092 Papa
549 1045 655 1082 dicit,
682 1043 777 1088 quod
799 1053 873 1075 non
899 1041 943 1074 sit
968 1039 1233 1074 concedendurn

243 1102 341 1136 aliud
367 1097 571 1141 coniugium
600 1105 770 1139 personae
795 1091 993 1125 innocenti.
1043 1089 1126 1123 Non
1150 1089 1232 1123 volo

243 1159 358 1187 autem
368 1151 510 1192 longam
527 1145 802 1190 disputationem
813 1140 880 1176 hoc
891 1141 1134 1181 lococecitare,
1151 1140 1234 1174 satis

244 1204 359 1237 clarus
385 1207 435 1234 est
469 1196 527 1232 hic
554 1202 684 1236 textus,
718 1194 779 1240 qui
806 1193 891 1227 dicit
913 1203 1012 1237 posse
1039 1190 1234 1225 divortium

245 1254 321 1288 fieri
341 1252 433 1285 inter
450 1249 554 1289 tales,
586 1257 772 1292 personam
799 1244 1046 1281 innocentem,
1077 1253 1111 1275 et
1134 1241 1237 1275 adul-

245 1313 356 1340 teram
374 1301 430 1334 vel
449 1299 664 1333 adulterum.

355 1351 430 1386 Iam
447 1350 476 1384 si
494 1348 676 1384 innocenti
699 1356 868 1391 personae
889 1355 962 1377 non
987 1342 1238 1376 concederetur

248 1404 347 1439 aliud
360 1400 586 1444 coniugium,
613 1399 649 1432 id
667 1403 754 1431 esset
771 1395 924 1429 Nomine
942 1393 1148 1431 divortium,
1164 1403 1238 1425 non

248 1455 316 1490 Re.

361 1502 460 1546 Quid
484 1512 572 1545 opus
595 1498 715 1532 fuisset
739 1496 897 1539 excipere
919 1505 1036 1527 casum
1063 1492 1240 1533 adulterii,

250 1557 279 1590 si
299 1554 468 1588 voluisset
492 1552 614 1585 eodem
631 1548 737 1581 modo
755 1547 944 1589 obligatam
972 1555 1160 1588 personam
1184 1543 1240 1576 in-

250 1611 454 1643 nocentem,
493 1602 585 1635 sicut
611 1599 648 1633 in
679 1598 758 1632 aliis
782 1597 919 1630 casibus
950 1594 1027 1627 vult
1055 1605 1126 1626 esse
1148 1593 1242 1627 obli-
1264 1613 1266 1620 ·

250 1663 384 1701 gatam,
409 1653 590 1692 videlicet,
624 1650 652 1683 si
677 1659 765 1682 uxor
789 1647 834 1680 sit
858 1645 1082 1686 iracundior,
1115 1651 1175 1677 aut
1199 1643 1242 1677 sit

252 1704 421 1751 aegrota?
1096 1744 1103 1752 η

355 1753 401 1790 Et
425 1754 511 1789 olim
539 1752 575 1785 in
591 1749 747 1785 Ecclesia
771 1746 867 1782 hunc
894 1757 1028 1779 morem
1054 1744 1178 1785 fuisse,
1204 1751 1243 1778 ut

254 1808 531 1842 concederentur
547 1802 630 1836 talia
649 1800 800 1834 divortia
812 1797 970 1843 personis
981 1795 1242 1833 innocentibus,

253 1860 370 1904 aliqua
390 1856 537 1900 antiqua
552 1853 644 1886 dicta
663 1858 695 1885 et
712 1849 869 1893 exempla
887 1848 1092 1881 ostendunt.
1162 1895 1169 1902 .

357 1906 565 1950 leronymus
595 1907 736 1941 narrat,
777 1899 913 1933 Romae
951 1897 1058 1929 fuisse
1087 1895 1243 1928 nobilem

255 1951 454 1992 matronam
475 1953 675 1991 Fabiolam,
703 1962 791 1995 quae
810 1948 975 1981 maritum
997 1944 1122 1979 habuit
1143 1945 1245 1978 adul-

256 2018 387 2048 terum,
414 2013 447 2040 et
466 2003 667 2048 turpissime
685 2001 872 2034 viventem.

359 2057 455 2092 Haec
471 2056 612 2091 tandem
630 2052 729 2086 alteri
748 2051 824 2083 viro
846 2049 974 2092 nupsit.
1030 2044 1104 2080 Etsi
1130 2052 1245 2079 antem

259 2111 469 2155 leronymus
485 2107 641 2150 disputat
666 2104 708 2136 de
727 2099 792 2134 hoc
811 2102 901 2133 sacto
914 2127 922 2138 ,
955 2106 1072 2132 tamen
1098 2093 1246 2129 historia

259 2160 433 2200 ostendit,
460 2157 566 2190 fuisse
583 2153 677 2188 hunc
697 2164 830 2186 morem
849 2148 962 2183 adhuc
980 2149 1160 2182 usitatum.
1202 2144 1247 2180 Et

262 2214 427 2256 leguntur
450 2208 519 2243 alia
538 2205 707 2248 exempla.

615 2294 737 2319 Tertia
762 2293 897 2323 regula.

367 2361 464 2395 Sicut
492 2355 655 2391 Christus
697 2364 855 2396 expresse
895 2350 1051 2395 loquitur
1090 2350 1131 2381 dc
1171 2339 1279 2391 casu}

264 2412 441 2451 adulterii.
470 2410 517 2442 sic
533 2407 663 2441 Paulus
685 2405 726 2437 de
743 2403 812 2436 alio
829 2414 908 2435 casu
929 2401 1097 2445 loquitur,
1121 2399 1250 2431 scilicet
1277 2427 1279 2443 ι

266 2469 308 2500 de
337 2466 513 2497 desertore
538 2458 592 2490 vot
621 2455 819 2488 desertrice.
888 2451 933 2486 Et
963 2451 1070 2493 dicit,
1109 2451 1251 2503 quand'o

268 2579 351 2601 sona
379 2566 548 2597 innocens
580 2563 718 2591 nonest
743 2556 896 2589 subiecta
922 2553 1101 2589 servituti,
1133 2552 1165 2583 itt
1193 2558 1253 2589 cst„

271 2630 341 2650 non
360 2623 407 2648 est
426 2614 456 2646 ci
473 2611 624 2655 amplius
641 2608 793 2650 obligata
806 2632 814 2644 ,
842 2607 901 2639 sed
924 2603 1187 2639 concedendum
1203 2609 1251 2635 cst

270 2670 299 2702 ci
320 2667 414 2700 aliud
432 2662 646 2704 coniugium.

822 96 949 136 PHIL.
974 93 1093 134 MEL.
1122 93 1333 133 SCRIPTA
1360 95 1664 137 EXEGETICA.

2172 104 2248 141 604

1369 182 1434 220 Est
1461 192 1578 220 autem
1610 186 1770 221 desertor
1801 184 1856 219 vel
1891 185 2061 221 desertrix
2091 199 2251 233 persona,

1268 246 1359 280 quae
1383 235 1459 270 sine
1482 236 1574 272 iusta
1594 248 1697 272 causa
1720 236 1870 271 discedit
1889 248 1908 271 a
1933 237 2100 281 coniuge‘,
2132 246 2166 274 et
2188 241 2250 274 diu

1269 285 1368 320 abest
1389 287 1465 320 sine
1489 287 1580 321 iusta
1603 299 1723 328 causa,
1760 299 1800 321 ex
1826 287 1985 328 malicia,
2018 294 2058 321 ut
2079 299 2178 333 saepe
2202 289 2251 325 fit.

1272 334 1379 370 Tales
1396 344 1479 371 sunt
1494 337 1598 371 etiam
1611 338 1810 383 plerunque
1835 338 1987 372 adulteri
2010 344 2045 372 et
2066 339 2253 376 adulterae.

1374 386 1418 420 ln
1441 384 1498 421 his
1515 388 1653 422 duobus
1676 389 1812 423 casibus
1831 395 1991 422 servatur
2013 389 2117 423 etiam
2137 389 2174 422 in
2190 401 2256 423 no-

1272 437 1353 471 stris
1378 435 1608 472 Consistoriis
1638 436 1726 482 hoc,
1763 445 1803 473 ut
1831 440 2046 474 concedatur
2075 439 2257 474 innocenti

1273 499 1443 533 personae
1458 489 1556 522 aliud
1572 489 1788 532 coniugium.

1375 538 1445 573 Sed
1470 545 1590 584 postea
1613 540 1852 584 quaerendum
1882 546 1933 574 est
1961 540 2005 574 de
2037 551 2150 584 poena
2178 551 2258 584 per-

1275 599 1402 630 sonae,
1428 601 1517 635 quae
1535 589 1691 634 peccavit
1707 590 1763 623 vel
1778 589 1952 625 adulterio
1976 591 2032 624 vel
2049 590 2260 627 desertione.

1275 639 1328 673 De
1343 636 1408 674 hac
1426 651 1540 684 poena
1559 640 1674 674 dicam
1692 640 1861 684 proxime.

1542 728 1592 754 De
1616 727 1774 754 iudiciis
1801 729 1835 753 et
1858 727 1993 760 poenis.

1377 785 1500 831 Nuper
1524 787 1657 821 dictum
1679 794 1748 828 est,
1780 787 1818 820 in
1841 786 1970 832 quibus
1989 786 2126 821 casibus
2153 788 2263 832 possit

1278 837 1423 872 concedi
1445 848 1615 882 personae
1632 838 1814 872 innocenti
1839 837 2056 881 coniugium.
2108 836 2156 872 Et
2172 839 2264 872 clare

1279 894 1312 921 et
1336 899 1496 932 expresse
1521 888 1615 929 dixi,
1648 889 1742 933 quod
1773 888 1894 922 nullus
1917 885 2024 921 homo
2044 888 2153 932 possit
2175 889 2265 923 iuste

1279 936 1473 973 distrahere
1500 937 1719 981 coniugium.
1784 937 1854 972 Sed
1882 938 2022 972 adulter
2049 945 2082 972 et
2109 939 2266 974 desertor

1280 986 1482 1023 distrahunt
1502 995 1622 1022 contra
1638 989 1854 1022 voluntatem
1874 987 1960 1029 Dei,
1987 995 2020 1022 et
2044 985 2266 1024 horribiliter

1281 1046 1438 1084 peccant.
1481 1038 1634 1073 Persona
1651 1039 1821 1072 innocens
1836 1051 1909 1072 non
1927 1036 2111 1078 distrahit,
2139 1041 2198 1074 sed
2218 1046 2268 1074 est

1283 1091 1405 1131 libera,
1428 1095 1613 1134 postquam
1628 1089 1696 1123 iam
1714 1101 1775 1133 per
1791 1089 2003 1124 adulterium
2020 1089 2164 1124 alterius
2180 1091 2269 1125 sacta

1283 1148 1334 1175 est
1351 1140 1551 1181 distractio,
1577 1140 1632 1173 vel
1649 1151 1711 1184 per
1728 1139 1962 1174 desertionem
1978 1140 2134 1176 alterius.

1387 1190 1456 1225 Sed
1485 1188 1544 1224 hic
1571 1190 1751 1224 sciendum
1780 1196 1849 1231 est,
1885 1190 1981 1235 quod
2015 1197 2152 1234 oportet
2186 1192 2272 1226 tales

1286 1253 1406 1275 causas
1421 1241 1538 1275 afferri
1554 1242 1597 1274 ad
1615 1239 1771 1274 Iudicem
1789 1241 1833 1274 ad
1852 1237 1918 1274 hoc
1934 1240 2148 1274 ordinatum.
2200 1240 2274 1275 Ne-

1286 1304 1343 1325 mo
1368 1298 1418 1325 est
1442 1291 1509 1324 sibi
1532 1291 1597 1335 ipsi
1625 1291 1730 1324 iudex
1757 1291 1925 1324 adversus
1941 1291 2104 1326 alterum.
2155 1290 2224 1326 Sed
2242 1293 2271 1326 si

1287 1341 1339 1375 vis
1364 1341 1592 1374 condemnari
1616 1352 1803 1385 personam
1829 1347 2034 1382 nocentem,
2078 1347 2110 1374 et
2136 1349 2170 1375 te
2189 1354 2273 1387 pro-

1288 1391 1450 1425 nunciari
1468 1391 1631 1433 liberum,
1650 1398 1787 1436 oportet
1803 1389 1870 1424 hoc
1884 1391 1957 1424 fieri
1976 1403 2038 1436 per
2053 1391 2274 1427 ordinarium

1288 1442 1453 1476 iudicem.

1390 1491 1461 1525 Nec
1476 1491 1574 1536 prius
1590 1491 1671 1526 licet
1687 1503 1857 1536 personae
1875 1491 2054 1527 innocenti
2067 1493 2276 1529 contrahere

1290 1542 1386 1576 aliud
1405 1543 1628 1586 coniugium,
1654 1554 1758 1588 quam
1784 1543 1843 1576 fiat
1866 1542 2020 1585 cognitio
2048 1554 2108 1586 per
2125 1544 2277 1578 iudicem

1290 1593 1524 1626 ordinarium.
1578 1591 1654 1626 l‘loc
1672 1593 1775 1625 etiam
1793 1593 1981 1635 diligenter
1998 1599 2032 1626 et
2049 1604 2149 1637 saepe
2170 1595 2278 1629 debe-

1292 1644 1377 1677 bant
1400 1642 1562 1676 Pastores
1586 1643 1624 1675 in
1647 1643 1719 1675 suis
1742 1642 1974 1676 concionibus
1997 1643 2129 1687 populo
2153 1645 2279 1688 dicere,

1293 1693 1375 1738 quia
1399 1704 1500 1737 saepe
1526 1693 1670 1734 accidit,
1703 1700 1743 1727 ut
1765 1690 1976 1727 contrahant
2003 1693 2088 1727 tales
2110 1706 2280 1739 personae

1295 1744 1369 1777 sine
1392 1743 1546 1783 iudicio,
1573 1750 1606 1776 et
1634 1751 1752 1787 postea
1777 1743 2010 1777 inveniuntur
2029 1755 2151 1778 causae
2168 1746 2282 1781 insus-

1295 1794 1451 1827 ficientes
1471 1793 1723 1836 separationis,
1767 1800 1798 1826 et
1825 1793 1935 1826 multa
1960 1793 2050 1826 mala
2076 1804 2280 1840 sequuntur.

1296 1845 1379 1877 Ideo
1399 1850 1490 1878 recte
1507 1843 1635 1877 sactum
1655 1851 1724 1883 est,
1752 1843 1846 1888 quod
1866 1849 2016 1886 potestas
2033 1843 2069 1876 in
2088 1842 2142 1878 his
2158 1844 2282 1881 Eccle-

1295 1895 1355 1927 siis
1371 1894 1565 1937 singulares
1584 1892 1719 1927 ludices
1735 1900 1768 1927 ct
1785 1893 2001 1927 Consistoria
2021 1905 2082 1937 pro
2101 1892 2155 1929 his
2171 1899 2283 1933 causis

1296 1945 1493 1984 ordinavit,
1519 1950 1558 1977 ut
1577 1943 1687 1977 sciant
1706 1941 1885 1981 homines,
1913 1944 1974 1976 ubi
2000 1947 2193 1989 quaerendi
2212 1949 2283 1984 sint

1297 1993 1422 2028 harum
1441 2006 1556 2027 rerum
1575 1994 1723 2029 iudices.
1752 2001 1783 2028 ct
1799 1994 1994 2038 optandum
2011 2003 2115 2033 esset.
2143 1995 2208 2032 hos
2228 1999 2284 2034 iu..

1298 2046 1392 2078 dices
1408 2045 1518 2087 magis
1536 2045 1640 2078 etiam
1659 2045 1770 2077 iuvari
1790 2057 1807 2078 a
1826 2051 1993 2089 potestate
2017 2047 2212 2091 superiori,
2252 2057 2285 2085 et

1299 2097 1342 2129 ab
1362 2096 1418 2133 iis.
1445 2095 1504 2140 qui
1522 2102 1645 2137 gerunt
1663 2095 1832 2137 gladium.

1403 2145 1563 2189 Papistae
1580 2146 1660 2179 talia
1681 2146 1809 2179 iudicia
1828 2146 1900 2180 fere
1921 2147 2069 2181 omnino
2094 2149 2287 2194 negligunt,

1301 2197 1390 2231 sicut
1408 2197 1493 2229 alias
1510 2197 1638 2230 multas
1656 2197 1766 2230 bonas
1783 2198 2024 2232 ordinationes
2042 2199 2144 2233 valde
2165 2212 2287 2237 eorru-

1303 2254 1442 2293 petunt.

1405 2296 1451 2331 Et
1486 2304 1628 2342 propter
1663 2297 1809 2330 istorum
1843 2299 2089 2342 negligentiam
2102 2326 2111 2339 ,
2152 2309 2291 2338 nostrae

1305 2356 1488 2394 potestates
1505 2349 1610 2381 etiam
1629 2355 1709 2381 sunt
1729 2348 2010 2392 negligentiores.
2063 2351 2132 2385 Sed
2150 2365 2290 2388 oremus

1305 2400 1437 2438 Deum,
1466 2406 1502 2433 ut
1530 2399 1602 2444 ipse
1627 2409 1691 2432 nos
1716 2398 1830 2439 iuvet,
1860 2406 1893 2434 et
1916 2401 1973 2434 det
1997 2402 2100 2436 nobis
2125 2404 2289 2440 salutaria

1305 2464 1340 2484 rc
1370 2462 1489 2484 inimo.

267 2519 354 2550 atu-r
371 2512 560 2553 coniugum
579 2509 612 2541 fu
631 2506 798 2547 fugitivus
821 2511 851 2537 et
869 2503 1044 2538 desertor,
1074 2508 1155 2534 tunc
1173 2512 1249 2544 pcr-
1277 2461 1281 2540 i
1346 2464 1365 2495 g

1575 2538 1756 2569 Quaestio
1780 2539 1819 2563 de
1843 2541 2022 2572 auronae.

1407 2599 1474 2633 llic
1492 2598 1594 2632 etiam
1614 2599 1771 2642 quaestio
1789 2607 1952 2634 movetur
1972 2598 2024 2633 det
2041 2602 2207 2643 aegrotis,
2237 2602 2294 2638 An

1277 2650 1282 2687 l
1307 2658 1448 2696 propter
1465 2649 1628 2683 morbum
1647 2656 1855 2696 perpetuum
1869 2651 2026 2685 facienda
2041 2651 2083 2685 sit
2099 2655 2296 2697 separatio?
