2409 2915
264 75 340 111 905

370 158 411 192 In
443 156 499 191 his
526 157 631 191 tantis
657 156 822 201 periculis
845 157 1012 196 sciamus,
1047 164 1165 192 tamen
1188 167 1253 190 nos

268 211 363 243 velut
379 208 624 242 umbraculum
642 219 704 252 per
722 207 832 242 filium
851 208 940 251 tegi,
967 215 999 243 et
1015 206 1081 243 hac
1097 220 1157 254 spe
1175 219 1252 241 eum

270 261 490 300 invocemus,
516 265 550 292 et
567 265 724 303 petamus
742 266 774 293 et
792 265 884 294 certo
903 266 1141 305 exspectemus
1157 258 1253 293 auxi-

270 311 369 344 lium.

373 367 468 401 Ilaec
492 367 653 402 doctrina
672 379 744 401 non
762 368 829 401 nisi
848 369 885 401 in
904 381 1004 403 cruce
1019 376 1052 403 et
1068 368 1105 401 in
1123 367 1184 401 tali
1202 367 1257 399 in-

273 419 455 454 vocatione
471 419 628 457 discitur,
658 419 692 451 in
712 431 778 464 qua
792 419 876 453 fides
893 426 925 454 et
940 431 1016 463 spes
1031 431 1110 453 vera
1128 418 1258 458 lucent,

273 477 306 505 et
322 470 452 515 petitur
469 477 503 503 et
522 475 737 514 exspectatur
754 470 923 504 auxilium
941 469 1017 505 Dei.

375 526 421 563 Et
437 535 573 563 tantum
593 529 636 562 de
652 525 716 562 hac
730 535 844 573 parte:
873 528 990 563 Nolite
1008 529 1138 564 timere.

746 637 793 674 lt.

556 710 626 746 De
649 710 981 760 prohibitione.

379 788 499 832 Quare
530 786 696 832 prohibet
725 789 853 833 passim
879 788 1015 822 narrari
1040 785 1131 821 hane
1155 787 1261 821 visio-

277 852 377 881 nem,
403 841 516 873 donec
533 839 622 872 facta
639 839 745 873 fuerit
762 839 994 873 resurrectio?

379 898 605 943 Respondeo.
667 897 756 932 Vult
786 909 850 931 nos
874 897 969 931 Deus
995 896 1107 930 ordiri
1130 897 1264 930 doctri-

277 962 357 984 nam
384 961 402 983 a
425 950 553 989 verbo,
581 949 673 993 quod
702 949 848 982 tradidit
864 946 1039 981 Ecclesiae
1063 959 1144 981 suae
1162 948 1264 980 certis

278 1000 508 1040 testimoniis,
541 1006 574 1032 et
604 999 679 1031 vult
704 999 790 1032 disci
817 999 1023 1034 necessaria.
1083 998 1164 1031 Non
1188 998 1264 1032 vult

276 1063 342 1085 nos
374 1048 527 1083 humana
556 1049 756 1084 curiositate
788 1050 940 1083 subinde
970 1060 1079 1083 novas
1111 1048 1264 1082 visiones

276 1113 451 1147 quaerere.

378 1159 448 1193 Sed
464 1166 579 1192 tamen
595 1156 687 1193 hanc
701 1159 874 1192 visionem
888 1159 962 1193 vult
973 1158 1179 1206 praedicari,
1204 1158 1264 1192 sed

278 1217 354 1255 post
379 1209 694 1249 resurrectionem,
720 1210 802 1254 quia
826 1210 902 1243 vult
926 1209 1081 1254 conspici
1108 1209 1266 1243 testimo-

277 1262 376 1295 nium
399 1260 610 1293 convincens
635 1257 818 1301 homines,
845 1273 889 1294 ne
907 1261 1163 1294 existimaretur
1180 1257 1265 1292 haec

276 1313 365 1345 visio
389 1311 548 1344 fabulosa
572 1322 655 1345 esse.
708 1310 965 1354 Coniungenda
985 1318 1067 1344 sunt
1085 1310 1266 1350 miracula,

278 1374 366 1407 quae
403 1362 488 1395 dant
524 1361 764 1395 testimonium
797 1362 1091 1405 patefactionibns
1121 1360 1263 1393 divinis.

276 1412 320 1446 Lt
346 1411 557 1455 cogitatione
582 1412 853 1454 patefactiouum
878 1418 911 1445 et
935 1411 1187 1444 miraculorum
1207 1422 1264 1443 ex-

278 1463 477 1496 suscitanda
504 1468 536 1495 et
555 1462 796 1495 confirmanda
818 1469 867 1495 est
884 1462 986 1502 fides,
1012 1468 1046 1495 et
1062 1461 1264 1494 discernen-

279 1515 321 1546 da
347 1525 427 1545 vera
453 1513 630 1546 invocatio
651 1513 694 1545 ab
713 1510 865 1547 Ethnica
883 1519 915 1546 et
933 1509 1168 1557 hypocritica,
1197 1511 1265 1544 sic-

276 1571 315 1598 ut
340 1563 442 1596 initio
465 1563 554 1606 dixi,
583 1563 794 1605 cogitatione
818 1560 924 1596 huius
947 1561 1188 1606 patesactionis
1210 1561 1265 1594 di-

278 1615 445 1647 scendum
474 1625 564 1654 esse,
600 1625 703 1658 quem
726 1612 839 1647 Deum
866 1613 1088 1653 invocemus,
1118 1619 1150 1646 et
1176 1624 1264 1657 quo-

276 1665 382 1698 modo
400 1665 483 1699 velit
499 1663 668 1698 invocari.

329 1748 382 1782 Et
415 1749 734 1795 interrogaverunt
766 1761 843 1782 cum
870 1745 1066 1795 discipuli,
1101 1744 1264 1781 dicentes:

380 1797 485 1847 Quid
512 1811 596 1845 ergo
622 1797 773 1834 Scribae
803 1797 946 1840 dicunt,
981 1795 1082 1845 quod
1103 1803 1265 1844 oporteat

376 1851 482 1896 prius
509 1849 643 1884 Elium
678 1850 822 1884 venire?
873 1848 921 1883 A!
947 1848 1012 1882 ille
1036 1847 1266 1894 respondens,

379 1901 434 1934 ait
466 1901 532 1935 eis:
569 1900 686 1935 Elias
713 1899 858 1948 quidem
884 1904 1053 1933 venturus
1076 1904 1125 1932 est
1149 1900 1267 1945 prius,

380 1956 410 1984 e!
425 1952 583 1985 restituet
596 1951 735 1987 omnia.
770 1950 869 1984 Dico
880 1955 1000 1984 autem
1015 1949 1129 1983 vobis:
1151 1949 1265 1983 Elias
1291 1947 1294 1990 l

382 2003 457 2035 inm
490 2002 603 2043 venit,
639 2006 669 2035 el
702 2014 774 2035 non
801 2005 1042 2047 cognoverunt
1071 2011 1169 2044 eum,
1203 1994 1294 2035 secl'

373 2054 540 2101 svcerunl
557 2053 590 2086 ei
605 2064 699 2100 quae
718 2051 924 2093 voluerunt,
950 2057 1010 2086 elc.

382 2127 532 2163 Occasio
549 2127 654 2163 buius
673 2129 887 2175 quaestionis
906 2126 989 2162 haec
1008 2136 1069 2163 est.

382 2186 580 2221 Malachiae
599 2187 724 2221 ultimo
742 2187 910 2231 scriptum
930 2194 995 2219 est:
1029 2185 1113 2219 lffcce
1130 2185 1265 2219 mittam

281 2240 380 2272 xoliis
403 2238 527 2272 titiam.
590 2238 683 2272 Hinc
706 2238 882 2282 persuasio
909 2244 1043 2280 recepta
1068 2244 1136 2272 est,
1171 2237 1265 2281 quod

282 2289 379 2323 Elias
413 2301 472 2322 sna
506 2301 652 2333 persona
680 2296 759 2322 ant«-
785 2287 950 2321 Messinm
976 2295 1144 2320 venturus
1169 2294 1267 2322 esset.

282 2340 377 2374 Sicut
398 2348 428 2374 et
451 2347 592 2383 propter
611 2340 702 2373 ‘licta
723 2338 952 2384 Apocalypsis
975 2339 1029 2372 ll.
1050 2345 1182 2381 rect-pta
1202 2338 1266 2371 suit

283 2391 423 2435 opinio,
462 2390 574 2423 titiam
608 2403 668 2424 sua
701 2402 848 2435 persona
875 2396 1062 2423 venturum
1089 2401 1161 2421 csse
1186 2396 1265 2421 ante

283 2442 512 2475 novissimum
530 2442 635 2476 diem.

385 2501 452 2535 Sed
487 2498 648 2534 Christus
677 2498 732 2535 bic
763 2500 1014 2542 interpretatur
1044 2495 1268 2537 Malachiam,

285 2560 315 2586 ct
342 2553 508 2590 affirmat,
537 2552 636 2584 illum
662 2559 791 2585 textum
817 2552 858 2583 dt·
883 2548 1040 2583 loliaune
1067 2549 1265 2591 intelligen-

285 2606 366 2637 dum
387 2614 478 2644 csse,
507 2602 565 2647 qui
585 2603 709 2647 spiritu
730 2602 826 2636 litiae
846 2602 1087 2635 concionatur.

864 72 990 108 PHlL.
1016 70 1132 108 MEL.
1161 67 1370 107 SCRIPTA
1397 67 1694 106 EXEGETICA.

2223 67 2298 105 904

1365 153 1472 203 Quid
1484 167 1550 190 nos
1567 166 1612 190 ex
1627 152 1698 190 hac
1715 151 1874 190 historia
1893 152 2028 190 discere
2044 153 2237 191 debemus?

1407 231 1510 266 Hanc
1525 222 1723 266 doctrinam
1741 231 1824 265 inde
1840 242 2030 266 sumamus.

1408 289 1590 331 Primum,
1623 291 1717 336 quod
1741 289 1837 325 Deus
1860 291 2030 325 immensa
2053 291 2297 328 misericordia

1308 341 1433 376 excitet
1455 341 1706 375 instauratores
1729 341 1911 376 doctrinae
1928 340 2133 386 Evangelii,
2159 349 2192 377 et
2215 345 2297 389 qui-

1310 392 1388 425 dem
1407 391 1601 425 novissimo
1618 398 1774 437 tempore
1789 392 1873 426 velit
1892 393 2029 427 mittere
2046 393 2143 428 tales.

1413 449 1596 492 Secundo,
1625 462 1704 484 cum
1726 451 1811 485 tales
1831 451 2036 494 mittuntur,
2062 451 2297 496 Evangelium

1313 501 1507 541 discamus,
1543 507 1573 534 et
1607 501 1700 535 inter
1729 513 1852 545 magna
1875 503 2030 547 pericula
2056 504 2299 542 confiteamur.

1314 551 1407 595 Quia
1424 557 1640 596 postremum
1665 558 1800 596 tempus
1816 553 1881 587 erit
1895 553 2009 588 simile
2025 555 2174 600 tempori
2185 553 2298 598 Eliae,

1315 603 1396 636 item
1415 602 1566 646 tempori
1585 599 1767 638 Iohannis.
2270 640 2278 643 V

1418 652 1594 696 Tempore
1624 652 1724 686 Eliae
1756 653 1951 697 regnabant
1980 654 2081 700 impii
2114 667 2229 700 reges,
2267 661 2301 690 et

1315 710 1415 737 erant
1439 703 1541 737 multi
1569 703 1668 747 impii
1693 704 1808 737 cultus
1829 703 1866 737 in
1891 703 2018 746 lsrael,
2044 712 2078 740 et
2100 704 2301 754 Prophetae

1314 754 1364 799 pii
1379 753 1537 802 undique
1555 754 1788 797 pellebantur.

1417 810 1475 845 Sic
1497 818 1654 854 tempore
1673 810 1843 845 lobannis
1858 812 2053 856 regnabant
2069 812 2249 849 Pharisaei
2267 821 2302 850 et

1316 861 1530 901 Sadducaei,
1565 861 1725 896 Herodes
1747 869 1780 896 et
1806 862 1982 902 Romani,
2008 871 2042 899 et
2065 866 2176 900 sancti
2200 872 2302 900 erant

1316 913 1491 958 oppressi,
1517 919 1550 946 et
1569 910 1724 946 Ecclesia
1746 920 1819 947 erat
1837 913 1970 957 exigua.

1417 971 1520 1005 Hanc
1541 971 1690 1016 speciem
1717 972 1936 1011 intueamur,
1964 979 1996 1007 et
2017 973 2238 1008 conferamus
2255 974 2302 1008 ad

1317 1030 1554 1067 praesentem,
1586 1029 1618 1056 et
1644 1034 1708 1056 nos
1730 1023 1962 1057 consolemur.
2014 1022 2104 1058 Cum
2128 1023 2228 1058 Deus
2251 1024 2303 1058 ibi

1317 1081 1453 1114 tamen,
1488 1073 1581 1106 inter
1611 1073 1689 1106 illas
1722 1073 1890 1107 maximas
1919 1081 2074 1108 catervas
2098 1074 2304 1119 impiorum,

1318 1131 1352 1158 et
1375 1125 1441 1157 sub
1465 1123 1696 1157 Pontificibus
1717 1131 1750 1158 et
1770 1123 2019 1159 Sacerdotibus
2044 1125 2162 1170 impiis
2183 1137 2304 1160 serva-

1317 1175 1408 1208 verit
1428 1175 1594 1220 reliquias
1610 1174 1786 1208 Ecclesiae
1806 1185 1906 1216 suae,
1932 1175 2082 1209 sciamus
2099 1187 2194 1209 nunc
2213 1187 2303 1222 quo-

1319 1238 1385 1271 que
1403 1237 1546 1259 servari.

1421 1275 1507 1310 Item
1537 1275 1783 1309 confirmemus
1814 1287 1878 1310 nos
1908 1276 2066 1320 exemplo
2090 1284 2303 1312 sanctorum.

1317 1325 1415 1360 Sicut
1446 1326 1558 1360 sancti
1582 1333 1666 1359 tunc
1690 1327 1876 1360 dissentire
1898 1328 2112 1369 cogebantur
2132 1340 2151 1361 a
2176 1326 2304 1362 Phari-

1318 1376 1405 1410 saeis
1421 1383 1453 1410 et
1470 1375 1702 1417 Sadducaeis,
1725 1377 1773 1410 sic
1793 1389 1887 1410 nunc
1904 1377 2062 1419 cogimur
2076 1378 2272 1412 dissentire.

1421 1433 1602 1467 Postremo
1626 1431 1692 1467 boc
1710 1435 1907 1478 exemplum
1927 1435 2028 1467 etiam
2048 1436 2303 1472 consideretur.

1318 1484 1417 1518 Sicut
1450 1491 1532 1518 tunc
1558 1484 1675 1517 ludaei
1709 1486 1895 1527 sperabant
1921 1484 2087 1518 Messiam
2111 1494 2304 1521 venturum

1319 1546 1409 1572 esse,
1437 1542 1469 1568 et
1486 1547 1633 1577 reguum
1651 1535 1775 1567 mundi
1793 1536 2078 1569 constituturum.
2130 1535 2176 1570 Et
2189 1536 2306 1572 Eliam

1320 1585 1519 1628 cogitabant
1549 1592 1629 1618 aute
1652 1583 1820 1618 Messiam
1852 1586 1994 1628 regibus
2021 1592 2203 1621 moturum
2230 1599 2305 1622 esse

1321 1636 1507 1669 tumultus.
1559 1635 1626 1669 Sed
1654 1636 1756 1680 longe
1776 1636 1876 1669 aliter
1898 1636 2012 1671 fiebat.
2066 1635 2241 1672 lohannes
2259 1640 2305 1674 ab

1318 1686 1460 1720 llerode
1476 1687 1696 1721 interficitur.
1749 1685 1902 1730 Spiritus
1918 1693 2035 1720 tamen
2051 1686 2151 1721 Eliae
2166 1700 2239 1723 non
2253 1696 2305 1724 est

1319 1738 1484 1780 ignavus,
1527 1737 1647 1771 docuit
1683 1737 1867 1777 salutaria,
1906 1744 1937 1771 et
1969 1738 2098 1773 mansit
2128 1739 2304 1779 doctrina,

1319 1800 1522 1834 quanquam
1540 1789 1576 1821 in
1594 1788 1700 1829 variis
1719 1788 2029 1831 persecutionibus.

1422 1846 1475 1882 Ita
1505 1847 1541 1881 sit
1573 1847 1640 1880 iam
1668 1853 1788 1880 nostro
1815 1853 1980 1889 ternpore.
2048 1846 2128 1881 Non
2153 1849 2303 1885 dubium

1319 1904 1387 1938 est,
1415 1899 1501 1943 quin
1519 1910 1584 1931 vox
1602 1897 1783 1939 Evangelii
1801 1897 1842 1930 sit
1864 1897 1922 1930 illa
1940 1910 2005 1931 vox
2024 1897 2119 1932 Eliae
2136 1901 2304 1943 postremi

1320 1949 1507 1993 temporis,
1535 1955 1568 1982 et
1592 1959 1796 1993 processura
1821 1955 1888 1989 est,
1915 1948 2051 1983 etiamsi
2069 1951 2223 1985 mundus
2240 1953 2304 1985 ad-

1321 2007 1488 2033 versatur.

1656 2088 1722 2123 De
1750 2088 1971 2126 lunatico,

1371 2155 1423 2191 El
1448 2169 1525 2191 cum
1551 2157 1700 2191 venisse!
1724 2156 1778 2191 ad
1800 2158 1948 2199 turbas,
1983 2159 2130 2194 accessi!
2151 2160 2205 2195 ad
2227 2174 2305 2197 eum

1422 2206 1531 2242 houm
1553 2208 1707 2253 genibus
1728 2222 1806 2256 pro·
1820 2208 1941 2244 olulus
1964 2215 2048 2244 anlc
2071 2222 2150 2245 eum
2165 2211 2305 2248 dicens:

1422 2258 1583 2293 Domine.
1614 2262 1778 2293 miserere
1800 2258 1891 2304 filio
1922 2273 2015 2301 meo,
2050 2263 2139 2310 quia
2163 2262 2305 2299 lunati-

1422 2322 1482 2344 cus
1500 2316 1570 2347 esl.
1598 2316 1627 2344 ιι
1645 2310 1740 2344 'nala
1756 2311 1907 2357 patitur.

1550 2378 1642 2412 Haec
1661 2376 1806 2412 historin
1826 2379 1889 2413 tria
1905 2381 2073 2415 continet.

1428 2430 1456 2466 l.
1512 2429 1718 2474 [stropium
1753 2429 2002 2465 imbecillitatis
2030 2433 2109 2467 fidei
2144 2433 2180 2467 in
2206 2434 2305 2481 Apo-

1320 2481 1429 2515 stolis.

1422 2534 1457 2567 2.
1512 2529 1721 2575 Exemplum
1754 2530 1913 2566 infirmae
1946 2539 1978 2567 et
2006 2534 2193 2570 crescentis
2223 2535 2304 2571 fidei

1323 2583 1357 2616 in
1377 2589 1485 2628 patre.

1423 2633 1459 2670 3.
1511 2630 1724 2667 Mirm-,ulum
1736 2631 1862 2678 ipsum,
1887 2634 1983 2680 quod
1994 2635 2179 2671 confirmat
2189 2637 2305 2675 fidem.
