2409 2915
518 89 908 129 ANNcrrATIONEs
935 92 1001 127 ET
1026 90 1310 130 CONCIONES
1338 94 1388 130 IN
1410 94 1587 132 EVANG.
1616 95 1829 132 vOANNIS.

99 179 261 220 credere,
288 179 371 225 quia
388 179 460 223 ipse
476 185 682 221 regnaturus
698 178 815 218 abeat,
843 178 1082 224 praedicitque
1105 189 1108 211 ι
1133 185 1282 221 temnat,
1309 181 1448 214 simulz.t
1466 191 1608 221 natura,
1635 194 1670 216 se
1686 183 1834 225 gloriam
1852 179 1917 214 Dei
1935 191 2113 224 quaerere,

101 240 135 262 se
149 229 181 272 ὅ)
213 241 322 274 regno
352 242 415 263 suo
447 227 684 262 testimonium
710 226 972 271 perhibiturum
995 241 1080 270 esse,
1132 241 1211 262 cum
1243 238 1358 264 tamen
1390 243 1487 265 suam
1517 240 1672 277 quaerat.
1735 232 1855 277 Itaque
1884 237 1967 264 sunt
1990 241 2112 263 omnes

100 286 205 323 atque
235 281 282 313 ita
311 286 557 323 regnaturum:
589 284 629 311 ut
663 278 805 311 <damus
830 286 1032 321 regnantem
1049 277 1080 325 τ)
1131 277 1305 313 hnmanae
1343 281 1500 315 iusticiae
1538 296 1631 317 mera
1668 283 1867 323 mendacia3
1909 289 1944 315 at
1965 280 2119 326 Spiritus

103 92 202 128 1177
383 93 467 127 ΧΠ.
2015 93 2113 128 1178

100 329 307 361 effecturum
330 339 392 371 per
417 341 481 359 ..os
498 336 575 362 tant
592 344 596 358 2
619 340 652 368 ιη
666 337 737 367 vm,
763 336 889 372 quanta
906 330 980 371 ipse
996 329 1078 362 effe—

97 379 163 419 cit3
193 378 276 410 item
301 377 548 411 exauditurum
572 387 606 409 se
627 387 697 409 esse
720 388 785 409 nos
800 380 1080 422 quandocunque

97 428 349 472 rogaverimus.
376 427 421 460 Et
437 427 479 460 iis
495 427 635 472 quidem
656 428 950 471 promissionibus
963 434 1011 462 est
1022 429 1081 462 fir-

95 480 268 512 mandum
300 491 360 512 cor
390 485 511 511 contra
542 478 733 510 inferorum
766 485 892 522 portas.
962 479 1080 514 Verbo

95 537 218 573 regnat
233 528 412 569 Christus;
441 539 577 562 necesse
591 535 641 562 est
657 528 779 571 igitur,
807 537 845 563 ut
861 530 1081 574 experiamur
1106 566 1107 571 ¹

95 581 167 613 vim
207 580 322 621 verbi3
365 581 538 625 siquidem
576 590 723 622 regnum
754 577 886 614 Christi
926 582 1080 624 potentia

92 629 162 665 Dei
176 637 237 666 est.

211 713 258 749 Si
283 712 442 761 dihgritis
466 727 540 757 me,
579 718 771 761 praecepla
796 727 874 749 mea
899 719 958 750 etc.

195 783 397 817 Sententiae
414 795 548 816 summa
566 780 651 816 haec
667 791 729 816 est.
782 782 870 817 Cum
889 783 962 816 abit
972 780 1078 816 Chri-

92 841 166 868 stus
195 846 343 878 regnum
372 834 633 878 auspicaturus,
671 834 858 877 praedicit,
894 834 996 878 quale
1024 845 1079 866 re-

91 897 200 929 gnum
227 887 386 918 futurum
406 885 461 918 sit.
514 884 690 918 Putabant
710 884 802 917 enim
824 884 1005 927 Apostoli,
1031 883 1079 916 si-

91 943 149 971 cut
167 936 203 968 in
221 935 319 969 Actis
338 942 492 980 apparet,
515 933 696 968 Christum
713 936 991 969 instauraturum
1008 945 1078 967 esse

90 999 237 1030 regnum
265 986 497 1020 Israeliticum
525 987 675 1019 carnale.
736 984 820 1018 Ideo
846 985 949 1025 dicit,
984 986 1076 1030 quod

91 1045 300 1082 regnaturus
324 1038 367 1070 sit
386 1049 446 1081 per
462 1037 634 1081 Spiritum
656 1043 833 1076 sanctum,
860 1036 1080 1069 vivificandis

90 1090 161 1122 vita
194 1096 332 1123 aeterna
364 1089 537 1122 fidelibus.
594 1087 742 1130 Quoties
771 1088 864 1120 enim
898 1088 940 1120 de
970 1098 1079 1130 regno

89 1138 223 1174 Christi
262 1139 500 1173 vaticinantur
529 1137 745 1182 Prophetae,
788 1150 933 1181 regnum
968 1145 1078 1170 aeter-

89 1205 176 1226 num
203 1191 420 1225 describunt.
473 1189 596 1222 Esaiae
615 1188 770 1222 XXI11.:
799 1186 907 1222 Oculi
931 1189 999 1221 mei
1027 1189 1080 1220 vi-

90 1244 226 1277 debunt
255 1241 461 1281 ierusalem,
495 1239 752 1274 habitationem
777 1240 999 1283 opulentam,
1027 1245 1080 1272 ta-

88 1293 340 1333 bernaculum,
366 1293 462 1336 quod
488 1302 712 1336 nequaquam
735 1290 917 1323 transferri
938 1290 1078 1334 poterit,

90 1345 174 1390 quia
204 1345 319 1378 solum
353 1343 403 1375 ibi
434 1342 640 1385 magnificus
670 1348 721 1374 est
749 1341 915 1373 dominus
946 1347 1078 1373 noster.

89 1395 199 1429 Vides
222 1391 435 1437 Prophetam
463 1399 644 1426 aeternum
670 1402 817 1434 regnum
845 1391 1078 1434 descripsisse,

89 1448 184 1492 quod
215 1457 287 1479 esse
311 1455 384 1477 non
410 1449 523 1487 potest
546 1442 682 1483 ullum,
719 1441 787 1474 nisi
813 1453 920 1485 regno
946 1441 1077 1485 peccati

89 1505 122 1532 et
141 1496 264 1531 mortis
284 1506 415 1528 everso.

287 1577 340 1612 Et
368 1576 487 1611 alium
512 1575 741 1625 paracletum
769 1574 884 1609 dabit.

192 1647 371 1682 promittit
383 1674 391 1687 ,
415 1647 489 1679 sore
504 1646 541 1678 in
552 1644 706 1678 Ecclesia
716 1643 889 1688 Spiritum
907 1648 1079 1679 sanctum,

89 1701 151 1748 qui
174 1699 391 1739 consoletur,
421 1697 480 1742 qui
508 1697 552 1729 sit
575 1696 703 1740 pignus
729 1702 763 1729 et
788 1694 912 1727 arrabo
936 1692 1086 1736 gratiae:

89 1752 148 1788 Sic
172 1752 266 1785 euim
287 1755 386 1783 vocat
405 1747 597 1792 Apostolus
613 1749 646 1781 2.
662 1745 743 1779 Cor.
761 1744 808 1786 1.‚
841 1746 924 1789 quia
944 1744 1007 1777 ubi
1024 1755 1079 1776 re-

89 1810 173 1848 gnat
187 1800 371 1844 Christus,
399 1810 538 1833 necesse
556 1805 624 1836 est,
652 1795 719 1830 hoc
734 1796 977 1830 testimonium
996 1793 1079 1838 Spi—

88 1856 178 1889 ritus
203 1852 314 1887 sancti
342 1863 432 1892 esse,
459 1850 518 1895 qui
545 1848 764 1888 consolatur,
788 1847 920 1880 animat
944 1852 977 1879 et
993 1857 1078 1878 con—

89 1906 207 1939 firmat
230 1911 378 1937 sanctos.
432 1899 567 1945 Estque
590 1897 656 1933 hoc
679 1898 918 1933 testimonium
938 1896 1077 1936 fiducia,

89 1968 159 2002 qua
190 1953 404 1989 conscientia
436 1953 556 1987 territa
588 1950 743 1994 concipit
768 1949 936 1993 gaudium
957 1947 1078 1980 audito

89 2008 198 2040 verbo
216 2004 434 2038 remissionis
452 2009 673 2046 peccatorum
687 2029 695 2042 ,
718 2008 770 2041 et,
791 2007 828 2034 ut
847 1998 964 2044 iuquit
980 1996 1079 2041 Apo-

90 2059 219 2097 stolus,
245 2056 386 2088 clamat:
416 2052 518 2087 Abba
543 2060 655 2096 pater.
708 2051 809 2086 Sicut
833 2051 950 2095 itaque
973 2046 1079 2082 Chri-

90 2116 164 2144 stus
188 2108 256 2148 ait,
283 2118 318 2139 se
342 2105 451 2139 affore
469 2101 647 2137 Ecclesiae
663 2113 774 2147 usque
794 2102 836 2134 ad
857 2111 1079 2134 consumma-

88 2161 222 2195 tionem
246 2156 371 2196 seculi,
397 2155 444 2189 ita
459 2152 518 2187 hic
534 2160 656 2197 regnat
673 2150 854 2192 Christus,
882 2152 928 2185 ita
948 2157 980 2184 et
998 2149 1080 2194 Spi-

89 2212 178 2246 ritus
203 2215 343 2243 sanctus
357 2234 365 2247 ‚
393 2218 455 2251 per
477 2217 580 2250 quem
598 2210 719 2248 regnat
738 2201 916 2243 Christus,
942 2213 1080 2245 semper

90 2261 224 2302 aderit,
251 2266 290 2293 ut
314 2259 373 2304 qui
399 2263 482 2291 sunt
499 2256 608 2289 sancti
630 2253 782 2288 habeant
799 2254 961 2297 spiritum
982 2252 1079 2285 testi·
1104 2275 1107 2298 Ι

773 2304 883 2338 Vocat
915 2303 1078 2348 spiritum

727 2355 818 2389 Caro
846 2355 959 2395 enim,
997 2354 1078 2399 quia

90 2314 251 2347 ficantem
285 2311 327 2343 de
359 2320 467 2352 regno
491 2305 625 2341 Christi
648 2313 710 2340 etc.

90 2363 266 2402 veritatiS,
302 2360 383 2406 quia
411 2370 549 2392 veraces
574 2357 667 2391 facit.

91 2426 165 2448 non
191 2414 302 2447 cernit
326 2417 506 2456 peccatum
531 2421 652 2448 suum,
679 2408 757 2440 ideo
775 2418 835 2440 sua
853 2417 977 2455 opera,
1001 2415 1080 2438 suas
1103 2392 1107 2442 l

92 2465 307 2499 intentiones
323 2462 503 2501 iustificat,
533 2466 567 2493 et
579 2459 738 2495 sinmlat,
763 2469 798 2490 se
815 2458 971 2495 credere,
999 2467 1077 2487 curn

92 2528 165 2550 non
190 2516 326 2552 credat,
353 2512 495 2545 simulat
518 2517 648 2543 metum
666 2509 730 2543 Dei
755 2521 833 2541 cum
861 2515 976 2541 tamen
996 2518 1080 2539 con-

125 2651 157 2678 6)
176 2656 205 2674 se
225 2654 277 2673 non
294 2647 379 2670 habet
397 2647 490 2670 Secer.

126 2684 158 2713 7)
177 2685 209 2709 ut
231 2684 356 2708 sciamus
375 2681 541 2713 reynantem
557 2685 612 2704 non
629 2678 759 2710 leguntur
779 2677 807 2702 in
825 2677 891 2701 Ταῦ.

1104 814 1107 822 ,
1133 792 1192 818 est.

1105 879 1107 882 ι
1132 832 1295 879 Apostoli
1314 835 1388 868 sine
1406 835 1541 878 Spiritu
1566 844 1705 879 sancto3
1736 838 1913 882 siquidem
1940 838 2123 871 mentium-

1105 951 1107 968 ε
1133 934 1312 970 Christus:
1343 936 1413 969 Vos
1430 937 1636 978 cognoscitis
1663 949 1752 970 eum.

1132 336 1286 371 sanctus,
1320 331 1382 364 ubi
1408 333 1564 367 illuxerit
1588 335 1770 375 cordibus,
1813 345 1888 367 eam
1909 330 2113 378 hypocrisin

1132 380 1280 421 revelat,
1307 388 1341 414 et
1356 383 1460 415 efficit
1479 384 1639 418 timorem
1659 392 1690 419 et
1709 386 1811 418 fldem
1831 385 1868 417 in
1888 384 2004 417 corde.

1369 461 1416 497 Si
1436 463 1664 498 servaveritis
1688 461 1884 499 mandata.

1234 531 1330 575 Quid
1348 540 1415 574 est,
1441 536 1535 577 quod
1553 533 1685 578 inquit:
1722 531 1759 565 Si
1781 532 2000 566 servaveritis
2018 546 2117 567 inan-

1132 582 1238 616 data'?
1264 581 1322 616 An
1341 584 1414 616 sine
1432 584 1557 628 spiritu
1574 590 1693 616 sancto
1718 590 1903 616 servantur
1929 585 2119 618 mandata?

1132 631 1361 677 Respondeo:
1390 634 1524 668 Textus
1550 635 1621 678 ipse
1646 646 1719 667 rem
1747 635 1902 678 explicat.
1956 633 2117 668 Primum

1105 702 1107 721 ι
1132 691 1232 717 vocat
1255 684 1426 728 Spiritum
1455 693 1612 718 sanctum
1643 685 1805 729 spiritum
1830 685 2004 725 veritatis3
2040 697 2120 729 ergo

1132 735 1299 780 quicquid
1324 747 1396 768 non
1421 735 1524 768 efficit
1540 735 1693 780 Spiritus
1716 743 1872 776 sanctus,
1900 737 2121 770 mendacium

1246 785 1367 829 ltaque
1384 787 1546 819 mandata
1566 785 1697 820 Christi
1717 799 1788 820 non
1807 794 1967 830 poterant
1985 798 2121 820 servare

1132 892 1208 925 tur,
1235 886 1296 930 qui
1320 892 1439 919 carent
1464 886 1592 928 spiritu
1616 886 1694 919 Dei.
1749 888 1930 928 Secundo,
1958 889 2050 921 infra
2075 888 2121 921 ait

1807 937 1889 971 Fuit
1908 950 1988 980 crgo
2006 938 2120 982 Spiri-

1132 993 1188 1020 tus
1206 994 1344 1020 sanctus
1363 987 1400 1019 in
1425 987 1484 1021 eis.
1538 986 1606 1020 Sed
1633 988 1721 1021 sicut
1746 988 1830 1021 fides
1853 990 2013 1022 nondum
2041 1001 2122 1033 pro—

1131 1038 1210 1071 bata
1241 1038 1353 1071 fuerat
1388 1038 1663 1078 tentationibus,
1713 1039 1759 1072 ita
1792 1040 1942 1072 necdum
1969 1039 2122 1082 Spiritus

1132 1096 1272 1121 sanctus
1295 1089 1456 1131 cognitus
1474 1087 1667 1132 Apostolis.
1720 1088 1808 1122 Nam
1827 1090 1912 1123 fides
1931 1097 1963 1124 et
1981 1091 2120 1134 energia

1132 1139 1276 1183 spiritus
1303 1139 1339 1172 in
1363 1140 1555 1172 tentatione
1582 1147 1853 1183 cognoscuntur.
1907 1140 2061 1174 Proinde
2085 1142 2121 1173 in

1131 1201 1268 1223 summa
1286 1187 1353 1223 hoc
1372 1190 1434 1223 ait:
1462 1190 1500 1223 Si
1518 1191 1791 1234 perduraveritis
1808 1192 1987 1225 credentes
2004 1193 2040 1224 in
2057 1204 2122 1232 me,

1106 1277 1107 1280 Ἰ
1132 1241 1348 1274 revelabitur
1364 1241 1401 1273 in
1420 1241 1520 1274 vobis
1537 1241 1691 1285 Spiritus
1707 1249 1864 1281 sauctus,
1892 1243 1997 1287 idque
2015 1243 2121 1276 intel-

1132 1292 1247 1335 ligetis
1272 1304 1344 1324 non
1370 1293 1476 1324 modo
1493 1293 1536 1324 de
1557 1292 1615 1325 illa
1637 1292 1858 1334 Pentecoste,
1887 1295 1945 1326 sed
1963 1295 2005 1326 de
2022 1306 2120 1327 reve-

1132 1342 1264 1375 latione
1289 1342 1443 1385 Spiritus
1477 1343 1587 1375 saucti
1630 1344 1779 1376 durante
1807 1345 1844 1376 in
1873 1345 1977 1377 finem
2010 1356 2121 1390 usque

1132 1393 1257 1425 mundi
1278 1399 1443 1435 perpetua
1462 1390 1526 1424 hac
1543 1392 1758 1439 Pentecoste.

1259 1474 1376 1522 Quem
1402 1473 1561 1509 mundus
1586 1488 1659 1509 non
1680 1481 1796 1523 polest
1822 1477 1990 1523 accipere.

1235 1543 1354 1577 Habes
1379 1542 1437 1577 hic
1461 1544 1576 1577 locum
1594 1545 1781 1579 observatu
1798 1546 2044 1589 dignissimum
2061 1548 2122 1579 ad-

1133 1606 1254 1627 versus
1271 1595 1418 1638 impiam
1435 1595 1632 1628 doctrinam
1652 1597 1695 1628 de
1711 1596 1822 1629 libero
1840 1597 1999 1632 arbitrio,
2034 1596 2116 1641 Spi-

1132 1645 1239 1678 ritum
1258 1653 1417 1679 sanctum
1434 1658 1552 1685 nosse,
1581 1653 1630 1679 est
1647 1659 1750 1691 opera
1768 1647 1841 1680 eius
1864 1659 1976 1681 nosse.
2028 1647 2122 1682 Sunt

1104 1716 1107 1727 ,ν
1132 1703 1248 1729 autem
1263 1709 1369 1739 opera
1386 1697 1539 1740 Spiritus
1555 1698 1664 1730 sancti
1681 1699 1822 1731 credere
1834 1698 1920 1740 Deo,
1946 1697 2062 1732 Deum
2079 1699 2125 1732 ti-

1131 1759 1246 1788 mere,
1273 1749 1418 1791 diligere
1430 1748 1559 1787 Deum,
1586 1749 1678 1792 apud
1690 1747 1839 1783 Paulum
1858 1749 1975 1784 Galat.
2002 1749 2125 1790 Porro,

1132 1798 1160 1832 si
1176 1796 1260 1831 haec
1280 1805 1392 1842 potest
1409 1806 1535 1833 natura
1549 1826 1557 1839 ‚
1592 1800 1619 1831 si
1646 1800 1799 1844 concipit
1823 1813 1871 1834 ac·
1885 1801 2009 1841 sentit,
2036 1801 2123 1846 quid

1131 1850 1176 1883 sit
1202 1850 1342 1883 credere
1358 1851 1435 1884 Deo
1447 1877 1456 1889 ‚
1487 1850 1610 1883 timere
1628 1848 1758 1891 Deum,
1784 1859 1875 1885 certe
1893 1852 1991 1886 novit
2008 1851 2124 1895 Spiri-

1132 1907 1206 1934 tum
1223 1907 1380 1934 sanctum
1395 1927 1404 1941 ,
1430 1908 1511 1939 etc.‚
1539 1901 1620 1945 quia
1648 1913 1718 1934 non
1739 1902 1835 1936 videt
1851 1915 1942 1938 eum.

1382 1980 1435 2015 Et
1461 1993 1526 2027 ego
1554 1980 1692 2028 rogabo
1712 1987 1866 2029 patrem,

1132 2049 1206 2084 scil.
1228 2050 1308 2095 quia
1327 2051 1484 2094 pontifex
1501 2062 1577 2083 sum
1596 2048 1638 2095 ⁸).

1267 2133 1319 2169 Ut
1343 2139 1492 2168 maneat
1519 2132 1700 2167 vobiscum
1725 2133 1763 2166 in
1786 2137 1984 2175 aeternum,

1132 2203 1169 2237 id
1187 2210 1258 2244 est,
1294 2210 1333 2236 ut
1355 2204 1400 2237 sit
1426 2203 1463 2235 in
1491 2213 1637 2245 corpore
1659 2199 1837 2235 Ecclesiae
1861 2209 1894 2235 et
1917 2203 2120 2236 consoletur

1133 2261 1346 2289 sanctos.—
1373 2253 1562 2297 Postquam
1590 2264 1650 2295 ego
1676 2252 1764 2292 abii3
1791 2253 1879 2286 sicut
1896 2260 1929 2286 et
1948 2254 2032 2286 alias
2052 2254 2115 2287 ait:

1134 2305 1327 2339 Vobiscum
1353 2316 1428 2338 sum
1455 2315 1564 2348 usque
1583 2305 1624 2335 ad
1642 2304 1981 2336 consummationem
2002 2304 2121 2339 seculi.

1132 2357 1254 2390 Alium
1269 2355 1522 2389 consolatorem
1534 2378 1542 2391 ,
1570 2354 1641 2386 scil.
1659 2354 1717 2398 qui
1738 2353 1940 2387 testificetur
1956 2355 1997 2388 de
2012 2366 2119 2397 regno

1134 2420 1221 2441 meo.
1277 2406 1448 2451 Spiritum
1468 2404 1640 2444 veritatis,
1669 2405 1748 2448 quia
1767 2416 1845 2437 caro
1863 2416 2006 2449 prorsus
2020 2417 2120 2438 men-

1133 2460 1199 2492 dax
1218 2465 1277 2491 est.
1319 2458 1433 2500 Quem
1452 2456 1606 2488 mundus
1624 2467 1694 2487 non
1713 2462 1821 2499 potest
1840 2456 2012 2500 accipere,
2039 2455 2122 2501 quia

1133 2511 1293 2543 nonduin
1311 2507 1539 2540 mortificatus
1561 2513 1611 2539 est
1625 2504 1666 2550 ⁹).

1168 2644 1199 2670 8)
1221 2643 1295 2666 Haec
1314 2645 1369 2664 non
1391 2639 1519 2670 leguntur
1543 2638 1570 2662 in
1590 2637 1654 2662 Tub.

1169 2677 1200 2704 9)
1221 2678 1253 2701 U
1268 2675 1382 2700 maneat
1401 2675 1554 2698 vobiscum.
1575 2677 1601 2698 et
1621 2679 1690 2704 quac
1713 2675 1872 2705 sequuntur,
1892 2678 1945 2698 nou
1964 2672 2119 2696 habet'rub.
