2409 2915
119 107 189 142 121
625 132 630 135 .
676 102 734 140 XI.

117 191 254 235 fugiant
276 191 319 224 ad
345 192 547 224 inconcessa
567 187 716 226 auxilia,
742 189 830 221 sicut
846 187 930 222 Saul
950 191 1102 224 consulit

117 242 303 276 mulierem
327 239 518 284 magicam,
545 246 578 272 et
602 239 831 282 imperatores
846 238 1100 275 Constantino-

118 293 267 338 politani
292 296 508 325 attraxerunt
525 288 675 322 Turcas:
715 291 773 322 sed
798 297 956 334 petamus
985 299 1017 325 et
1042 304 1100 325 ex-

118 351 296 389 pectemus
311 355 329 374 a
348 341 420 375 Deo
437 339 607 373 auxilium
620 367 628 380 ‚
654 347 687 373 et
713 347 856 374 utamur
874 342 1039 375 remediis
1056 345 1099 377 ab

118 396 194 439 ipso
220 391 402 427 ordinatis.
461 389 534 424 Nec
558 391 748 424 obscurum
772 398 838 432 est,
867 393 968 425 valde
989 394 1099 427 multa

119 455 259 489 peccare
277 440 439 475 homines
451 467 461 482 ,
488 453 567 474 cum
587 442 722 475 mederi
740 443 896 476 adversis
913 451 1088 478 conantur

118 493 327 528 inconcessis
345 492 521 526 remediis.

1089 471 1099 486 2

163 572 292 608 Iustus
315 573 408 620 peril
436 573 475 607 in
499 585 570 607 sua
594 574 762 614 iusticia,
792 579 821 608 εἰ
850 574 984 623 impius
1012 574 1097 608 vivit

218 622 282 658 diu
303 625 342 658 in
356 623 523 660 malicia.

216 692 319 726 Duae
337 692 477 735 regulae
493 698 598 735 sunt,
627 704 735 737 quae,
763 693 826 727 etsi
844 693 1010 726 videntur
1025 693 1096 726 dis-

115 755 276 788 crepare,
307 750 424 776 tamen
451 754 552 776 verae
584 750 684 782 sunt,
719 751 752 777 et
786 756 859 776 non
886 745 1096 786 discrepant,

115 806 194 828 cum
212 805 296 827 suus
316 794 441 838 cuique
458 793 556 828 locus
572 794 752 829 tribuitur.
788 793 908 828 Altera
927 801 977 827 est
994 807 1095 837 pror-

115 857 173 879 sus
191 844 351 889 politica:
380 844 524 878 Atrocia
551 845 676 878 delicta
695 845 894 889 puniuntur
918 846 1095 878 atrocibus

114 895 237 940 poenis
257 895 294 928 in
310 893 377 928 hac
394 896 485 936 vita,
512 896 607 929 iuxta
624 896 730 929 illud:
759 895 830 938 Qui
857 896 1011 938 gladium
1038 908 1094 928 ac-

114 946 257 990 ceperit,
282 946 399 990 gladio
422 947 564 990 peribit.
601 945 696 979 Haec
717 947 762 979 ita
782 947 990 988 regulariter
1006 946 1094 979 fiunt

115 997 154 1030 in
177 1003 251 1031 toto
275 1009 403 1041 genere
429 995 604 1035 humano,
639 997 711 1030 sive
742 997 860 1040 lapsus
892 1003 1029 1029 maneat
1056 997 1093 1028 in

114 1048 312 1092 impietate,
342 1048 413 1081 sive
439 1054 666 1081 convertatur
689 1049 731 1080 ad
760 1047 895 1087 Deum,
923 1047 985 1080 etsi
1009 1059 1093 1080 con-

117 1099 223 1132 versis
241 1099 446 1142 mitigantur
464 1110 607 1142 poenae.
661 1097 873 1142 Quanquam
890 1105 1004 1130 autem
1031 1110 1093 1130 ne-

114 1162 174 1183 mo
192 1156 242 1184 est
260 1150 335 1182 sine
353 1149 510 1187 delictis,
539 1156 654 1182 tamen
679 1149 739 1193 qui
764 1160 836 1181 non
861 1148 988 1191 polluti
1012 1155 1091 1181 sunt
1118 1158 1119 1163 ¹

114 1200 292 1234 atrocibus
309 1200 516 1240 sceleribus,
543 1211 615 1232 non
643 1199 808 1232 incidunt
826 1199 862 1230 in
878 1198 962 1231 tales
985 1199 1088 1242 tragi-

115 1262 173 1284 cos
191 1262 289 1283 casus
302 1277 311 1291 ‚
338 1256 376 1283 ut
392 1248 542 1293 Augusti
561 1249 674 1283 exitus
690 1249 848 1292 placidus
864 1255 924 1283 est.

216 1300 336 1334 Altera
355 1301 474 1343 regula
490 1307 551 1340 est,
569 1298 724 1332 Ecclesia
742 1299 897 1332 subiecta
916 1305 965 1331 est
984 1299 1092 1338 cruci,

113 1359 153 1386 ut
170 1351 280 1389 Abel,
311 1350 495 1391 Ieremias,
522 1349 699 1393 Baptista,
729 1348 890 1394 Apostoli
910 1357 942 1382 et
960 1356 1092 1394 marty-

113 1414 186 1443 res,
220 1401 490 1436 interficiuntur.
553 1399 649 1434 Haec
681 1407 762 1434 sunt
791 1400 983 1443 singularia
1018 1411 1091 1432 non

112 1451 325 1498 pertinentia
339 1452 383 1484 ad
400 1452 489 1485 illud
507 1452 689 1496 politicum
706 1451 888 1485 iudicium.
940 1449 1012 1483 Scit
1023 1448 1092 1483 Ec-

113 1503 217 1538 clesia
243 1503 328 1536 alias
350 1514 423 1535 esse
447 1513 566 1535 causas
588 1503 682 1535 necis
701 1501 811 1539 Abel,
840 1508 874 1534 et
896 1501 979 1533 alias
998 1501 1092 1533 necis

113 1552 319 1588 Absatonis:
357 1554 415 1586 sed
443 1551 606 1586 homines
629 1554 704 1586 sine
728 1552 888 1585 doctrina
916 1550 1092 1584 Ecclesiae

114 1605 304 1638 turbantur
321 1603 357 1636 in
378 1601 432 1636 his
448 1604 632 1646 exemplis,
658 1611 697 1636 ut
719 1603 882 1635 dubitent
907 1602 948 1634 de
973 1602 1092 1645 provi-

113 1654 246 1688 dentia.
307 1654 463 1687 Econtra
489 1665 571 1686 vero
597 1654 747 1686 sciamus
771 1653 908 1685 illustre
935 1653 1092 1684 testimo-

114 1705 214 1737 nium
239 1703 480 1747 providentiae
513 1715 603 1743 esse,
637 1703 717 1736 illos
742 1704 834 1746 ipsos
858 1702 1035 1744 regulares
1060 1709 1093 1734 et

115 1754 316 1788 ordinarios
332 1754 445 1785 exitus
468 1751 740 1787 homicidarum.
792 1752 929 1785 Deinde
945 1753 987 1784 de
1005 1752 1094 1785 San-

114 1805 178 1838 ctis
203 1803 403 1837 testimonia
431 1804 646 1846 praesentiae
672 1802 735 1835 Dei
762 1802 1001 1835 manifestiora
1030 1800 1094 1835 lia—

112 1855 254 1893 bemus,
282 1852 412 1886 Paulus
430 1859 530 1885 antea
548 1853 726 1886 revocavit
744 1859 904 1884 mortuos
921 1852 958 1884 in
973 1853 1095 1893 vitam,

112 1905 180 1939 fuit
206 1903 315 1947 igitur
338 1915 441 1936 curae
466 1903 564 1944 Deo,
600 1911 632 1937 et
655 1904 721 1936 erit
746 1903 882 1936 etiamsi
910 1914 928 1934 a
952 1902 1094 1935 Nerone

111 1954 331 1990 interficitur.

159 2043 244 2076 Non
268 2038 321 2072 sis
344 2038 456 2072 nimis
480 2038 600 2073 iustus
629 2050 689 2072 nec
714 2038 826 2072 nimis
850 2037 1018 2085 sapiens,
1053 2050 1096 2071 ne

206 2089 338 2139 facias
357 2089 576 2124 vastitatem.

213 2155 293 2190 Non
309 2157 456 2190 dubium
473 2163 522 2190 est
539 2156 764 2191 Salomonem
782 2156 878 2201 loqui
897 2157 940 2189 de
958 2155 1094 2188 iusticia

113 2208 277 2253 politica,
307 2214 341 2241 et
357 2208 602 2250 gubernatrice
621 2205 728 2241 huius
747 2214 909 2241 externae
925 2206 1014 2240 vitae
1027 2234 1036 2246 ,
1063 2213 1095 2239 et

112 2258 206 2294 hanc
229 2257 412 2303 perspicua
439 2264 490 2290 est
513 2259 791 2291 accommodatio
808 2256 914 2290 huius
934 2257 1037 2295 dicti,
1064 2264 1095 2290 et

110 2310 214 2344 valde
235 2309 322 2343 utile
347 2315 569 2353 praeceptum
593 2315 654 2341 est.
716 2307 854 2342 iusticia
875 2315 1034 2341 versatur
1058 2307 1093 2340 in

784 100 1085 139 ENARRATIO
1114 104 1164 140 IN
1190 104 1566 144 ECCLESIASTEN.

2055 112 2126 145 122

1124 194 1127 207 ¹
1150 192 1268 226 vincat
1290 193 1439 226 bonitas.
1493 192 1563 227 Nec
1587 195 1813 228 subtilissime
1838 202 2028 240 quaeratur
2051 208 2123 228 me-

1149 243 1268 282 dium,
1305 244 1393 276 sicut
1422 243 1459 275 in
1483 242 1558 277 Deo
1590 246 1828 279 misericordia
1854 252 1996 290 superat
2027 245 2122 278 iudi-

1123 302 1126 354 ἰ
1149 293 1257 326 cium.
1316 292 1514 336 Diligenter
1543 302 1658 328 autem
1686 304 1718 330 et
1744 297 1970 330 comminatio
2003 296 2123 329 obser-

1150 345 1263 377 vanda
1289 351 1356 382 est,
1391 356 1496 389 quam
1524 345 1642 378 addit:
1683 345 1734 379 Ne
1757 347 1862 380 facias
1883 346 2125 383 vastationem,

1150 393 1265 427 Nimia
1283 395 1448 428 severitas
1465 395 1547 428 facit
1571 396 1822 436 vastationem,
1850 397 1957 431 Multi
1985 397 2124 429 sanabi—

1151 445 1198 477 les
1213 445 1288 477 sine
1302 445 1504 478 necessitate
1522 445 1798 484 interficiuntur,
1828 447 1937 480 Multi
1961 448 2047 480 boni
2067 447 2122 480 su-

1149 496 1246 538 giunt
1263 496 1564 538 gubernationem.

1250 545 1337 579 Bon
1355 547 1454 580 addit
1470 546 1620 579 similem
1637 547 1914 580 admonitionem
1927 547 1969 580 de
1986 547 2125 590 sapien-

1151 596 1197 630 tia
1209 623 1217 637 ,
1245 595 1325 629 Non
1341 597 1387 629 sis
1403 597 1508 629 nimis
1525 598 1672 640 sapiens.
1712 597 1761 632 Ut
1777 598 1885 630 nimia
1903 597 2068 630 severitas
2087 598 2124 630 fit

1150 647 1358 686 crudelitas,
1394 647 1439 680 ita
1472 647 1580 681 nimia
1611 649 1798 691 sapientia,
1839 646 1906 681 hoc
1938 655 1988 681 est
2015 647 2122 680 nimia

1149 698 1342 735 subtilitas,
1376 698 1412 731 fit
1446 698 1658 738 cavillatrix,
1693 699 1826 739 rixosa,
1860 701 2124 745 πολυπραγμο-

1148 746 1249 792 νικὴ,
1285 746 1492 794 sophistica,
1530 747 1760 794 ἅντιλογικη,
1794 756 1833 782 ut
1864 749 1949 782 dicit
1973 748 2125 781 Menan-

1148 799 1226 832 der:
1257 798 1364 841 Leges
1381 799 1492 831 bonae
1511 806 1603 836 sunt,
1631 801 1689 832 sed
1709 800 1736 831 si
1754 800 1831 844 quis
1847 811 1902 832 eas
1918 799 2024 831 nimis
2042 799 2125 831 sub-

1120 851 1123 865 ⁴
1148 849 1258 882 tiliter
1282 849 1554 892 interpretatur,
1588 849 1624 882 fit
1652 847 1884 894 sycophanta,
1918 856 1955 882 ut
1980 849 2039 893 qui
2064 860 2125 892 pa-

1148 906 1223 932 ctus
1257 899 1306 932 30
1335 900 1470 932 dierum
1503 900 1683 939 inducias,
1718 907 1824 933 noctu
1860 900 2046 942 populatus
2074 906 2124 931 est

1147 962 1258 992 agros.
1319 949 1516 994 Imperator
1544 957 1594 983 est
1623 951 1789 983 (lominus
1810 949 2028 989 Mediolani,
2065 961 2124 981 rex

1147 998 1306 1034 Gallicus
1330 1001 1558 1034 subtilitatem
1584 1001 1746 1035 invenire
1770 1007 1902 1044 potest,
1939 1012 2005 1045 qua
2033 999 2125 1032 dicat

1146 1052 1188 1083 ad
1206 1063 1240 1083 se
1258 1051 1433 1095 pertinere
1452 1051 1714 1084 Mediolanum.
1768 1051 1876 1084 Plena
1903 1058 1953 1084 est
1978 1051 2047 1083 vita
2073 1056 2123 1082 ta-

1146 1102 1232 1134 lium
1262 1102 1522 1146 exemplorum,
1550 1109 1581 1135 et
1607 1103 1689 1135 inde
1715 1102 1800 1135 oriri
1818 1102 1909 1135 bella
1931 1109 1963 1134 et
1981 1100 2124 1134 vastita-

1145 1159 1195 1185 tes
1213 1153 1435 1185 manifestum
1455 1159 1515 1186 est.
1571 1152 1653 1186 ldeo
1671 1153 1801 1193 multae
1819 1160 1938 1186 extant
1961 1151 2122 1184 admoui-

1144 1203 1256 1235 tiones
1275 1204 1316 1235 de
1336 1203 1501 1245 fugienda
1522 1203 1581 1236 illa
1601 1203 1814 1236 cavillatrice
1841 1202 2023 1246 sapientia.
2076 1199 2121 1234 Et

1143 1251 1326 1295 Agesilaus
1344 1254 1447 1287 dixit:
1475 1251 1516 1287 τὸ
1533 1251 1615 1288 λίαν
1632 1251 1777 1288 δίκαιον
1793 1250 1978 1299 πρόφασις
1995 1249 2081 1286 ἐστὶ.

1193 1332 1250 1368 Ne
1268 1333 1320 1366 sis
1338 1333 1448 1366 nimis
1473 1334 1623 1380 impius,
1649 1347 1710 1368 nec
1735 1334 1783 1368 sis
1801 1332 1956 1373 stultus,
1983 1345 2025 1366 ne
2048 1344 2123 1365 mo-

1246 1383 1358 1417 riaris
1369 1409 1379 1428 >
1408 1396 1480 1417 non
1501 1389 1561 1417 {110
1579 1384 1694 1431 ipsius
1713 1390 1876 1432 tempore.

1244 1450 1338 1483 Haec
1354 1452 1552 1484 admonitio
1571 1449 1734 1486 cohaeret
1751 1464 1830 1485 cum
1850 1451 2007 1496 proxima
2035 1461 2123 1494 quae

1142 1502 1301 1546 loquitur
1330 1502 1373 1534 de
1402 1502 1513 1535 altero
1531 1510 1707 1545 extremo,
1734 1503 1866 1536 scilicet
1883 1503 1925 1535 de
1942 1501 2122 1543 negligen-

1143 1553 1209 1590 tia,
1244 1551 1324 1585 Non
1347 1553 1471 1585 toleret
1503 1553 1724 1594 magistratus
1753 1553 1882 1586 atrocia
1909 1560 1941 1585 et
1967 1550 2122 1584 enormia

1143 1603 1285 1643 delicta,
1311 1615 1383 1635 non
1401 1610 1512 1636 taceat
1534 1604 1648 1636 fidelis
1666 1605 1790 1637 doctor
1807 1605 1850 1637 de
1876 1604 1981 1636 rebus
2005 1612 2124 1634 neces-

1143 1653 1243 1686 sariis
1259 1659 1291 1686 et
1308 1654 1350 1686 de
1368 1653 1604 1693 idolomania,
1627 1666 1699 1686 non
1721 1655 1866 1686 devores
1883 1652 2046 1694 camelos,
2066 1663 2123 1683 co-

1144 1704 1215 1735 lato
1247 1703 1366 1736 culice.
1430 1703 1482 1734 Ac
1516 1710 1667 1736 atrocem
1706 1715 1854 1746 poenam
1892 1702 2124 1745 negligentiae

1146 1753 1330 1797 proponit:
1360 1749 1419 1786 sve
1438 1751 1614 1785 moriaris
1641 1765 1714 1786 non
1731 1758 1791 1786 {uo
1808 1757 1981 1800 tempore,
2008 1753 2043 1784 id
2063 1761 2122 1787 est,

1145 1816 1187 1836 ne
1209 1803 1236 1835 si
1262 1803 1479 1846 negligenter
1498 1804 1627 1836 rexeris
1656 1811 1733 1837 tuos
1757 1816 1889 1845 mores,
1916 1810 1947 1836 et
1973 1802 2120 1835 nimium

1145 1853 1316 1887 laxaveris
1331 1853 1448 1886 srenos
1465 1854 1716 1901 cupiditatibus
1728 1881 1736 1894 ,
1763 1854 1859 1888 Deus
1881 1861 1914 1887 te
1931 1853 2052 1896 puniat
2068 1853 2119 1884 vet

1146 1916 1208 1948 per
1228 1904 1449 1946 magistratus
1466 1905 1520 1936 vel
1544 1905 1620 1937 aliis
1644 1905 1776 1945 modis,
1805 1905 1894 1939 sicut
1919 1906 1992 1947 ipse
2008 1902 2122 1937 David

1144 1955 1216 1987 ruit
1233 1955 1270 1986 in
1288 1966 1418 1998 poenas
1436 1955 1586 1988 nimium
1602 1955 1670 1988 sibi
1688 1956 1886 1998 indulgens.

1247 2003 1337 2038 Cum
1361 2012 1476 2038 autem
1495 2006 1578 2038 velit
1595 2007 1714 2050 quaeri
1741 2007 1895 2039 medium
1922 2012 2036 2048 postea
2063 2005 2123 2035 ad-

1146 2056 1217 2096 dit,
1245 2054 1335 2097 Quis
1357 2056 1401 2088 sit
1426 2055 1503 2094 ille,
1528 2057 1588 2101 qui
1613 2057 1768 2102 medium
1798 2057 1907 2090 cernit
1926 2054 2000 2089 Deo
2019 2067 2123 2087 mou-

1146 2112 1298 2145 strante,
1325 2113 1356 2139 et
1381 2106 1525 2138 consilia
1552 2107 1625 2139 eius
1648 2120 1687 2140 ac
1711 2103 1854 2141 nianum
1873 2114 2030 2149 regente,
2057 2106 2122 2137 sci-

1148 2156 1250 2195 licet,
1277 2156 1405 2189 timens
1431 2155 1560 2190 Deum:
1590 2158 1637 2191 ita
1663 2166 1779 2191 monet
1804 2159 1878 2191 sine
1903 2158 2028 2191 timore
2044 2154 2123 2193 Dei,

1146 2207 1222 2240 sine
1245 2206 1488 2248 invocatione,
1515 2208 1590 2241 sine
1618 2209 1749 2241 auxilio
1776 2209 1917 2248 divino,
1954 2219 2025 2240 non
2052 2217 2123 2238 esse

1144 2258 1279 2290 felicem
1296 2258 1586 2300 gubernationem
1599 2287 1607 2299 ‚
1636 2260 1729 2292 iuxta
1745 2259 1803 2291 illa
1822 2260 1929 2293 dicta:
1957 2257 2031 2291 Nisi
2050 2255 2121 2290 Do-

1145 2308 1264 2342 minus
1289 2309 1505 2343 custodierit.
1560 2309 1668 2344 ltem:
1691 2308 1906 2344 Commenda
1928 2309 2005 2342 Deo
2031 2307 2121 2340 viam

111 2361 228 2395 medio
251 2360 345 2393 iuter
367 2359 612 2403 negligentiam
636 2364 668 2391 et
692 2359 954 2397 crudelitatem,
978 2358 1094 2392 Nimia
1117 2363 1120 2414 Α
1144 2366 1258 2400 tuam,
1284 2359 1403 2403 etipse
1418 2359 1529 2394 faciet.

115 2411 283 2446 severitas
300 2411 335 2443 fit
354 2410 562 2450 crudelitas,
591 2417 630 2443 nt
654 2409 719 2443 suit
737 2410 774 2442 in
790 2409 1003 2448 Aureliano,
1031 2408 1093 2442 Ni-

111 2463 182 2496 mia
206 2461 447 2504 indulgentia,
472 2472 561 2506 quae
584 2472 658 2493 non
683 2461 786 2504 punit
808 2460 938 2494 atrocia
956 2460 1096 2499 delicta,

113 2513 299 2548 confirmat
328 2513 564 2550 facinorosos,
617 2511 731 2556 qualis
762 2510 828 2543 suit
859 2511 895 2543 in
928 2509 1093 2544 Arcadio.

113 2565 181 2600 Sed
198 2564 414 2608 gubernator
429 2563 612 2603 salutaris,
638 2569 678 2596 ut
701 2562 881 2605 Augustus
898 2561 993 2595 videt
1019 2573 1093 2595 me-

113 2616 225 2655 dinm,
251 2615 345 2660 quod
365 2612 471 2647 babet
486 2613 706 2657 probabilem
725 2613 909 2647 rationem.
962 2612 999 2646 Id
1019 2624 1092 2645 me-

114 2667 211 2700 dium
234 2663 318 2699 haec
340 2664 535 2699 admonitio
553 2663 753 2698 Salomonis
777 2664 873 2698 iubet
891 2663 1034 2709 quaeri,
1059 2670 1091 2697 et

1115 2598 1118 2621 1

1112 2679 1118 2683 ·
1144 2674 1201 2696 sus
1227 2676 1304 2697 cum
1331 2664 1457 2698 lenitas
1486 2665 1643 2708 prodest,
1676 2663 1785 2698 utaris
1807 2663 1961 2699 lenitate.

1194 2441 1343 2477 Bonum
1366 2442 1468 2490 quod
1489 2442 1773 2492 apprehenderis
1798 2445 1835 2478 in
1857 2441 1923 2478 hoc
1938 2449 1968 2478 e!
1987 2444 2024 2476 ιή
2043 2442 2123 2483 illu,

1244 2507 1318 2528 non
1346 2492 1509 2529 dimittat
1531 2508 1665 2529 manus
1690 2501 1764 2530 lua.
1828 2493 1977 2528 Timens
1999 2493 2121 2528 Deum

1244 2543 1367 2579 evadet
1382 2557 1428 2579 ex
1443 2546 1611 2580 omnibus
1629 2545 1722 2581 illis.

1244 2612 1331 2647 Cum
1349 2615 1514 2647 severitas
1529 2622 1579 2647 est
1602 2615 1693 2646 bona
1707 2639 1715 2653 ,
1745 2623 1900 2646 exerceas
1918 2624 1992 2645 eam
2005 2637 2013 2651 ‚
2042 2624 2119 2645 rur-

2022 2662 2119 2697 lulio-t
