2409 2915
218 631 305 672 XI.
363 631 714 675 ENARRATIO
772 632 996 675 BREVIS
1055 628 1407 675 CONCIONUM
1465 632 1628 674 LIBRI
1689 612 2056 685 SALOMONIS,

949 715 1051 740 CUlUS
1082 713 1233 738 TITULUS

1264 715 1327 739 EST

749 775 1526 820 ECOLESIASTES.

830 867 971 892 AUTORE
1002 865 1166 891 PHILIPPO
1194 866 1448 890 MELANTHONE.

210 972 292 1007 (Hoc
319 973 404 1001 modo
433 974 603 1012 inscriptus,
638 974 684 1002 hic
715 975 788 1003 liber
817 975 941 1011 primum
974 973 1081 1010 prodiit
1111 973 1315 1011 VVstebergae,
1344 973 1515 1001 Excudebat
1543 972 1599 1001 los.
1630 974 1736 1010 (tlug.
1781 974 1863 1001 Anno
1886 970 1975 1001 1550.
1998 972 2027 1000 8.
2053 970 2146 1009 11p1.

249 1030 292 1035 —
321 1015 452 1044 Recusus
475 1022 520 1044 est
542 1017 616 1045 liber
629 1017 737 1045 witeb.
762 1015 854 1045 1551.
879 1022 908 1044 et
930 1016 1036 1044 iterum
1057 1024 1133 1042 anno
1147 1014 1244 1052 1556,
1273 1025 1358 1052 quam
1380 1021 1554 1053 postremam
1578 1016 1737 1043 editionem
1760 1015 1954 1043 Peucerus
1977 1015 2095 1051 repetiit
2117 1014 2146 1041 in

249 1058 386 1095 operibus
408 1058 551 1087 Melanth.
577 1060 614 1087 T.
627 1059 662 1086 11.
688 1069 717 1097 p.
733 1058 812 1095 915,
847 1058 925 1086 unde
953 1057 1000 1085 hic
1021 1058 1127 1085 librum
1165 1057 1306 1085 dedimus.

1359 1058 1489 1095 Epistola
1519 1058 1748 1095 nuncupatoria,
1784 1057 1927 1084 Ioachimo
1950 1056 2074 1084 Mollero
2102 1056 2147 1083 in-

248 1099 368 1137 scripta,
391 1109 480 1138 supra
503 1101 636 1129 dedimus
660 1102 688 1129 in
711 1101 848 1139 Epistolis
871 1100 900 1128 d.
926 1099 953 1127 1.
970 1099 1037 1127 Oct.
1062 1098 1155 1128 1550.
1178 1115 1220 1120 —
1263 1100 1438 1128 Germanice
1460 1101 1566 1137 prodiit
1588 1109 1657 1128 cura
1679 1099 1821 1136 Stephani
1843 1099 1983 1135 Riccii,
2013 1098 2146 1135 discipuli

248 1141 462 1170 Melanthonis:
489 1142 710 1181 ,kateltonta
742 1144 889 1180 aueqetegt
912 1148 967 1171 non
991 1142 1072 1178 ⁵91)st
1089 1141 1183 1175 mcci..
1213 1144 1271 1171 unt>
1295 1143 1463 1180 vetbcutsdyt
1486 1150 1541 1172 von
1564 1141 1702 1179 &tepban
1726 1141 1840 1178 fficio).
1886 1141 2026 1172 Qittenb.
2052 1139 2144 1170 1561.

247 1182 277 1212 s.
314 1183 353 1212 21
380 1183 457 1222 ρκ’)

121 1396 338 1431 Clarissimo
369 1399 448 1431 viro
460 1423 469 1437 ,
517 1396 731 1432 eruditione
761 1401 800 1431 et
830 1399 972 1432 virtute
1000 1371 1111 1443 prae·-

119 1449 262 1490 stanti,
297 1448 346 1482 D.
369 1450 416 1482 Io
425 1459 448 1482 α
457 1446 509 1482 ch
519 1450 605 1483 imo
627 1450 696 1483 Mo
705 1449 767 1482 lle
775 1459 794 1482 r
815 1448 1110 1496 Hamburyensi,

170 1498 328 1533 Ductori
344 1501 464 1543 luris,
490 1498 692 1545 Philippus
706 1499 933 1535 Melanthea
954 1502 993 1535 S.
1008 1501 1058 1535 D.

119 1577 249 1632 Multi
272 1599 438 1633 omnibus
460 1600 680 1644 temporibus
694 1601 876 1635 intuentes
893 1601 1110 1635 tristissimas

119 1647 270 1684 humani
305 1650 444 1693 generis
473 1650 717 1692 confusiones,
757 1652 878 1684 ruinas
907 1662 1110 1694 regnorum,

119 1704 338 1744 promiscuos
369 1700 533 1734 interitus
561 1698 751 1734 hominum
775 1702 1025 1734 sceleratorum
1049 1708 1111 1734 aut

119 1750 291 1789 aliorum,
317 1761 470 1794 quorum
487 1762 602 1783 mores
619 1751 764 1783 fuerunt
779 1751 930 1783 modesti
945 1757 978 1783 et
995 1750 1110 1783 incul—

119 1799 213 1843 pati,
240 1799 471 1840 dubitarunt,
494 1810 540 1832 an
563 1799 787 1843 providentia
803 1800 926 1833 divina
944 1808 1111 1843 regantur

118 1861 176 1883 res
195 1846 393 1888 humanae,
425 1861 471 1882 an
497 1861 580 1883 vero
604 1850 680 1882 sine
703 1851 851 1884 consilio
875 1850 932 1883 vel
956 1848 1110 1895 physicis

119 1898 274 1934 motibus
290 1899 346 1933 vel
360 1906 491 1934 temere
507 1907 540 1934 et
558 1912 659 1934 coeca
672 1901 842 1945 vertigine
854 1907 887 1934 et
898 1911 978 1934 casu
989 1901 1109 1934 omnia

119 1951 321 1985 volvantur.

219 2001 401 2035 Adversus
414 1998 505 2035 hanc
520 2001 780 2035 dubitationem
790 2027 801 2041 ,
827 2002 891 2035 etsi
901 2002 1000 2035 Deus
1015 2002 1109 2035 mul-

118 2059 153 2088 ta
190 2052 393 2086 testimonia
428 2052 466 2085 in
497 2052 572 2097 ipsa
603 2059 729 2086 natura
765 2053 949 2096 opposuit,
997 2053 1108 2097 ipsam

119 2103 243 2138 mundi
266 2103 431 2147 figuram,
459 2103 552 2137 vices
569 2110 730 2137 motuum
749 2103 952 2137 coelestium
972 2110 1004 2137 et
1020 2110 1109 2136 tem-

117 2165 264 2198 porum,
297 2153 497 2187 mirandam
516 2154 786 2189 fabricationem
808 2160 957 2187 naturae
981 2151 1108 2188 huma-

119 2217 204 2245 nae,
238 2211 272 2238 et
296 2203 333 2236 in
359 2204 537 2237 mentibus
560 2201 747 2238 hominurn
770 2215 957 2245 numeros,
986 2204 1108 2247 cogni-

118 2257 252 2291 tionem
277 2253 434 2293 ordinis,
461 2254 649 2288 immotum
669 2255 859 2288 discrimen
878 2252 1108 2288 honestorum

118 2314 153 2342 et
173 2305 353 2350 turpium,
378 2305 614 2339 conscientiae
638 2305 796 2349 dolores,
825 2313 939 2340 terrae
962 2306 1108 2338 foecun—

117 2357 318 2396 dationem,
345 2355 649 2390 conservationem
667 2355 885 2399 singularum
903 2356 1108 2400 specierum,

117 2419 249 2454 poenas
272 2407 445 2442 atrocium
466 2407 637 2441 scelerum
652 2433 661 2448 ,
683 2413 800 2440 tamen
822 2413 855 2441 et
878 2406 1047 2451 prodiens
1066 2419 1106 2440 ex

118 2470 245 2494 arcana
267 2458 347 2492 sede
370 2458 544 2493 allocutus
564 2464 615 2491 est
630 2457 836 2491 universum
855 2468 965 2500 genus
981 2455 1106 2491 buma-

118 2523 224 2551 num,
248 2521 288 2543 ac
303 2509 347 2542 de
362 2509 475 2543 salute
492 2506 677 2543 hominum
696 2515 729 2542 et
747 2509 789 2542 de
807 2514 957 2542 venturo
974 2508 1106 2542 iudicio

119 2561 348 2597 concionatus
379 2566 450 2600 est,
483 2559 521 2593 in
551 2571 622 2605 quo
646 2559 845 2593 universale
870 2565 902 2592 et
926 2565 1106 2593 aeternum

119 2612 308 2648 discrimen
331 2611 425 2644 inter
447 2610 562 2644 bonos
579 2617 613 2644 et
632 2611 742 2644 malos
759 2610 902 2650 efficiet,
930 2621 970 2643 ac
987 2617 1026 2644 ut
1040 2609 1106 2643 sci-

119 2675 237 2699 remus
266 2659 329 2695 has
358 2662 546 2695 conciones
580 2673 677 2695 veras
711 2673 802 2701 csse,
845 2660 1107 2695 resuscitatione

1159 1404 1402 1436 mortuorum,
1436 1403 1470 1430 et
1501 1396 1582 1430 aliis
1607 1395 1780 1428 mirandis
1803 1395 1969 1439 operibus
1994 1394 2146 1427 ostendit

1158 1460 1215 1482 eas
1233 1448 1300 1483 Dei
1318 1449 1497 1481 decretum
1515 1459 1597 1481 esse.

1260 1498 1336 1533 Etsi
1351 1505 1466 1532 autem
1483 1498 1520 1530 in
1538 1509 1664 1541 genere
1679 1495 1836 1531 humano
1848 1496 1950 1540 pauci
1961 1495 2010 1528 eis
2021 1494 2146 1528 adsen-

1157 1550 1318 1590 tiuntur,
1345 1556 1463 1583 tamen
1485 1560 1622 1593 semper
1636 1548 1704 1581 fuit
1716 1575 1725 1589 ‚
1752 1554 1803 1581 est
1819 1553 1853 1581 et
1870 1546 1936 1580 erit
1953 1546 2070 1591 aliqua
2081 1543 2147 1578 Dei

1157 1599 1329 1640 Ecclesia,
1355 1600 1441 1633 alias
1459 1599 1588 1642 magis,
1614 1599 1701 1632 alias
1716 1598 1834 1631 minus
1848 1598 2030 1642 frequens,
2057 1607 2146 1640 quae

1157 1651 1256 1683 firma
1269 1650 1478 1684 adsensione
1490 1650 1648 1682 divinam
1658 1661 1778 1682 vocem
1791 1648 2024 1691 amplectitur.
2052 1645 2148 1679 Haec

1158 1701 1310 1733 celebrat
1332 1706 1366 1732 et
1381 1700 1524 1731 invocat
1540 1709 1664 1731 verum
1679 1696 1813 1737 Deum,
1839 1704 1872 1730 et
1887 1707 2006 1729 causas
2022 1696 2146 1729 confu-

1158 1750 1298 1783 sionum
1315 1749 1519 1793 praecipuas
1533 1748 1670 1788 didicit,
1696 1759 1760 1781 nec
1771 1747 2063 1780 dissimilitudine
2074 1747 2146 1779 for-

1157 1807 1264 1834 tunae
1294 1805 1479 1838 movetur,
1515 1806 1554 1831 ut
1576 1799 1619 1832 de
1644 1798 1867 1841 providentia
1888 1797 2037 1831 dubitet.
2099 1794 2147 1830 Et

1158 1862 1361 1895 quanquam
1383 1856 1466 1883 sunt
1486 1849 1523 1881 in
1546 1846 1610 1881 hac
1633 1848 1704 1881 vita
1729 1847 1914 1881 dissimilia
1938 1848 2146 1891 spectacula,

1157 1907 1274 1935 tamen
1291 1901 1326 1932 in
1344 1900 1433 1933 illud
1449 1906 1638 1932 venturum
1656 1899 1828 1932 iudicium
1847 1897 2148 1942 semperintuens‚

1156 1951 1221 1984 scit
1243 1962 1315 1984 esse
1333 1950 1474 1984 unicam
1491 1951 1582 1983 vitae
1599 1961 1760 1983 normam
1778 1948 1952 1983 divinitus
1969 1948 2146 1991 traditam,

1156 2014 1224 2046 qua
1241 2001 1314 2045 regi
1332 2001 1461 2034 iudicia
1473 2001 1649 2040 iumento,
1677 2007 1711 2033 et
1722 2010 1846 2032 omnes
1856 1999 2010 2032 actiones
2020 1996 2147 2033 huma-

1156 2063 1220 2085 nas
1236 2059 1409 2095 oporteat.
1448 2050 1544 2084 Haec
1554 2050 1769 2084 dubitationi
1781 2049 1931 2094 opponit
1942 2056 1975 2083 et
1986 2050 2145 2083 testimo—

1157 2103 1215 2135 nia
1238 2109 1383 2136 naturae
1407 2102 1597 2145 impressa,
1625 2107 1659 2134 et
1682 2113 1802 2134 vocem
1824 2112 1843 2134 a
1866 2099 1942 2134 Deo
1968 2100 2147 2140 traditam,

1156 2159 1189 2186 et
1217 2153 1373 2196 exempla
1398 2151 1676 2186 resuscitationis
1701 2158 1925 2185 mortuorum
1949 2157 1983 2183 et
2006 2150 2146 2184 similia.

1154 2202 1420 2237 Confirmantur
1450 2203 1500 2247 pii
1528 2209 1562 2235 et
1586 2202 1758 2245 singulari
1782 2200 1984 2235 testimonio
2009 2201 2047 2233 in
2069 2213 2146 2234 cor—

1155 2254 1281 2294 dibus,
1319 2255 1414 2298 quod
1439 2264 1662 2298 nequaquam
1686 2253 1734 2285 eis
1759 2252 1908 2286 dubium
1934 2258 1994 2286 est.
2056 2250 2144 2284 Nam

1155 2311 1188 2338 et
1218 2305 1256 2337 in
1288 2316 1392 2338 sensu
1422 2305 1493 2337 irae
1525 2303 1589 2337 Dei
1615 2310 1809 2347 agnoscunt
1835 2314 1915 2336 eum
1938 2313 2018 2335 vere
2044 2302 2145 2334 irasci

1154 2356 1321 2399 peccatis,
1349 2362 1382 2389 et
1408 2366 1530 2388 rursus
1551 2366 1629 2387 cum
1648 2355 1684 2386 in
1703 2353 1944 2387 consolatione
1961 2353 2145 2394 eriguntur

1154 2407 1243 2447 fide,
1279 2406 1449 2440 illucescit
1482 2404 1613 2449 pectori
1638 2405 1798 2445 flamma,
1832 2410 2026 2447 agnoscunt
2047 2413 2082 2435 se
2104 2413 2142 2435 ex

1154 2457 1277 2490 inferis
1300 2455 1454 2497 retrahi,
1488 2463 1521 2489 et
1544 2455 1700 2489 sentiunt
1723 2455 1827 2488 initia
1854 2455 1945 2487 vitae
1973 2460 2145 2487 aeternae.

1153 2507 1206 2541 De
1224 2505 1290 2542 hoc
1307 2508 1509 2542 testimonio
1528 2506 1686 2551 loquitur
1703 2505 1834 2539 Paulus
1852 2503 2036 2548 inquiens:
2063 2502 2145 2547 Spi-

1153 2559 1243 2593 ritus
1258 2565 1398 2593 sanctus
1415 2559 1475 2591 dat
1492 2557 1732 2592 testimonium
1751 2555 1891 2599 spiritui
1911 2560 2045 2587 nostro.

1257 2609 1436 2654 Quanque
1465 2615 1580 2642 autem
1612 2609 1655 2639 de
1685 2611 1891 2649 argumento
1921 2602 2028 2638 huius
2059 2604 2143 2638 libri

1154 2659 1214 2694 alii
1246 2661 1350 2694 aliter
1382 2660 1491 2693 locuti
1522 2664 1624 2696 sunt,
1660 2663 1775 2689 tamen
1809 2656 1844 2688 in
1877 2654 1941 2689 hac
1971 2655 2144 2689 sententia
