2409 2915
305 118 380 156 215

311 199 379 234 hoc
397 207 465 241 est,
495 211 566 233 non
584 204 720 233 tantum
741 196 933 237 secundae,
959 208 1081 229 verum
1100 195 1204 229 etiam
1222 195 1294 239 pri-
1317 204 1322 275 1

311 264 388 285 mae
407 251 564 289 tabulae,
590 249 684 293 quod
701 249 743 280 ad
765 253 943 280 externam
968 247 1191 290 disciplinam
1214 246 1295 280 atti-

313 309 372 335 net
424 300 492 334 Sed
512 299 682 333 iudicium
703 299 745 331 de
761 299 920 331 doctrina
939 309 1011 330 nnn
1031 304 1167 331 tantum
1187 297 1295 340 perti-

313 358 374 384 net
390 352 431 383 acl
450 350 689 393 magistratum
702 375 712 389 ,
739 349 797 382 sed
815 350 857 381 ad
876 354 984 382 totam
1003 346 1214 385 Ecclesiam,
1236 359 1296 380 cu-

315 402 370 434 ius
387 411 466 444 pars
485 407 535 433 est
553 400 783 443 magistratus.
824 398 857 432 Is
874 399 981 441 igitur
998 399 1137 438 viderit,
1153 404 1191 431 ut
1203 404 1296 431 certo
1321 385 1325 419 l

316 451 468 494 iudicet,
502 462 575 484 non
601 458 640 484 ut
662 462 757 483 nunc
777 450 833 490 fit,
867 461 907 482 ex
932 450 1084 482 duorum
1107 455 1165 481 aut
1190 448 1296 481 trium

315 499 571 535 monachorum
589 501 732 534 saevitia
756 507 788 533 et
811 499 1036 539 crudelitate,
1071 500 1129 532 sed
1154 511 1194 532 ex
1219 511 1297 531 sen-

315 552 423 586 tentia
442 552 655 596 optimorum
673 557 703 583 et
722 550 1006 583 doctissimorum
1024 550 1061 582 in
1077 548 1246 583 Ecclesia.

420 602 478 636 Sic
494 603 531 635 in
559 600 693 634 haeresi
709 600 997 641 Donatistarum,
1030 601 1090 645 qui
1121 600 1300 642 fingebant

317 652 530 693 Ecclesiam,
560 653 596 684 in
615 664 682 696 qua
702 663 845 695 prorsus
861 652 950 684 nulli
969 658 1082 685 essent
1099 650 1241 691 viciosi,
1268 657 1300 682 et

318 704 590 742 contendebant,
607 702 831 736 Sacramenta
851 713 912 746 per
928 702 1040 735 malos
1055 701 1299 734 administrata

318 754 392 787 fieri
408 754 525 795 irrita,
541 753 800 787 Constantinus
814 753 1008 797 imperator
1025 752 1194 785 iudicium
1206 763 1300 784 com-

319 804 415 838 misit
433 802 618 848 Episcopis
633 802 823 842 Romanis,
854 803 914 848 qui
933 815 1012 836 cum
1039 802 1216 844 recognita
1240 803 1299 834 da-

318 862 497 889 mnassent
521 855 740 894 Donatistas,
775 865 889 898 neque
913 854 937 885 ii
962 860 1052 886 stare
1079 851 1146 885 hoc
1171 852 1301 885 iudicio

319 906 460 941 vellent.
512 905 707 950 Imperator
732 904 867 937 Arelati
899 910 1112 936 conventum
1138 903 1304 945 instituit,

318 957 381 990 ubi
413 968 576 1001 praesens
607 956 679 999 ipse
709 967 746 988 re
768 954 958 988 diiudicata
986 953 1196 986 sententiam
1222 953 1305 986 tulit

320 1014 442 1041 contra
458 1007 682 1044 Donatistas‚
705 1012 738 1038 et
753 1013 790 1039 ut
807 1016 919 1049 poena
937 1004 1054 1049 aliqua
1073 1004 1304 1044 afficerentur,

320 1059 498 1092 transtulit
536 1059 628 1091 bona
656 1057 814 1100 ipsorum
849 1054 1079 1088 ecclesiastica
1108 1055 1151 1087 ad
1187 1066 1303 1087 veram

318 1105 524 1142 Ecclesiam.

423 1158 474 1194 Ita
506 1159 543 1191 in
574 1169 710 1191 summa
738 1154 805 1189 hoc
838 1153 1071 1199 Evangelium
1100 1157 1218 1194 docet,
1261 1167 1305 1189 ne

322 1209 486 1255 Apostoli
517 1215 696 1254 praetextu
721 1206 906 1251 Evangelii
937 1206 1110 1251 arripiant
1138 1207 1305 1250 gladium,

321 1267 355 1293 et
384 1261 600 1294 constituant
631 1270 779 1302 regnum
810 1258 1051 1297 mundanum,
1083 1259 1177 1302 quod
1203 1258 1305 1301 longe

321 1311 419 1345 aliud
437 1319 503 1352 est,
531 1322 636 1356 quam
659 1321 808 1353 regnum
824 1307 969 1343 Christi.
1024 1307 1094 1342 Sed
1119 1310 1162 1342 de
1183 1320 1304 1342 eorum

322 1362 437 1396 officio
469 1362 630 1410 loquitur
660 1360 806 1394 Paulus:
850 1358 1016 1403 Increpa,
1058 1370 1186 1402 argue,
1225 1371 1304 1393 cum

322 1414 421 1446 omni
446 1413 606 1457 imperio.
659 1411 800 1454 Quibus
825 1410 941 1443 verbis
968 1409 1139 1451 significat
1164 1410 1306 1449 Paulus,

322 1470 527 1507 potestatem
559 1461 823 1496 ecclesiasticam
855 1472 953 1504 posse
980 1460 1152 1503 imperare
1184 1461 1220 1493 in
1252 1460 1306 1500 iis,

323 1526 412 1558 quae
428 1522 510 1548 sunt
524 1513 610 1547 iuris
627 1512 759 1552 divini,
790 1512 892 1555 eique
917 1511 1112 1544 necessario
1136 1511 1306 1545 obedien-

323 1565 406 1598 dum
425 1577 508 1601 esse.
561 1564 712 1598 ld-enim
729 1562 901 1606 significat
916 1557 1081 1609 ἐπιταγή.

502 1672 723 1712 Dominica
752 1667 1122 1723 septuagesimae.

587 1743 819 1787 Evangelium
837 1740 969 1776 Manh.
987 1741 1048 1776 20.

376 1809 507 1844 Simile
527 1815 577 1843 es!
597 1821 746 1855 regnum
771 1807 947 1842 coelorum
977 1804 1125 1840 homini
1143 1805 1310 1854 patrifa-

428 1860 575 1899 milias,
603 1859 772 1908 quie.1·1‘it
789 1858 908 1905 primo
929 1856 1093 1892 diluculo
1120 1855 1311 1890 conducere

427 1912 614 1959 operarius
643 1910 680 1943 in
717 1910 856 1942 tineam
891 1922 1008 1942 suam.
1069 1906 1312 1942 Com-enn'onae

425 1961 666 2010 aulemsacla
685 1973 761 1994 cnm
779 1960 956 2007 operariis
975 1970 1022 1992 ea:
1039 1957 1192 1993 denario
1208 1957 1312 1991 diur-

428 2026 492 2054 no,
520 2012 621 2046 misi!
638 2024 694 2045 eos
713 2011 751 2044 in
779 2011 918 2043 vineam
942 2023 1061 2044 snam.
1117 2008 1169 2042 El
1195 2021 1312 2055 egres-

424 2077 487 2097 sus
505 2063 598 2097 circa
616 2060 746 2096 horum
765 2062 929 2098 tertiam,
965 2059 1054 2094 vidit
1081 2059 1178 2094 alios
1205 2065 1310 2093 slan-

428 2120 477 2149 tes
494 2116 531 2148 in
542 2115 634 2162 soro
650 2114 808 2155 ociosos,
836 2117 865 2145 cl
887 2110 984 2145 dis-it
1006 2111 1101 2145 illis:
1130 2110 1185 2144 Ile
1203 2116 1232 2144 cl
1252 2123 1311 2144 vos

427 2167 464 2199 in
483 2165 643 2201 vineam,
672 2170 701 2198 cl
720 2161 819 2211 quod
834 2162 1116 2210 inslmnsueril,
1139 2160 1236 2195 dabo
1253 2175 1311 2195 vo-

426 2217 493 2251 his.
553 2215 624 2249 Illi
647 2221 766 2249 aulem
793 2214 972 2248 nhicrunl.
1030 2212 1164 2246 llerum
1190 2218 1310 2246 aulem

428 2268 516 2301 arii!
535 2267 627 2300 sirm
647 2271 789 2300 sartam
807 2270 836 2298 el
856 2278 991 2298 nonam
1019 2262 1170 2303 horum,
1204 2270 1233 2297 el
1248 2265 1311 2312 sc-
1334 2278 1336 2313 ἱ

429 2319 475 2351 rit
492 2317 673 2351 similiter.
712 2312 820 2350 Cirsa
838 2314 1064 2349 undecimam
1085 2332 1092 2346 ι
1106 2328 1163 2348 cro
1180 2313 1310 2348 horum

428 2369 536 2406 aviil,
579 2374 608 2401 cl
637 2368 770 2401 itnrnil
795 2366 893 2400 nlius
918 2372 1057 2400 slmiles
1082 2366 1238 2404 ociosos,
1281 2373 1310 2400 c!

427 2419 524 2453 dis-i!
543 2419 640 2452 illis:
669 2416 845 2464 (luitlhic
861 2418 969 2452 statis
992 2422 1067 2451 {ola
1095 2417 1151 2451 dia
1176 2418 1313 2451 ociosi)

894 112 1020 148 PHlL.
1047 111 1165 148 MEL.
1191 110 1399 149 SCRIPTA
1426 108 1726 146 EXEGEthA.

1448 191 1556 227 redde
1573 191 1653 227 illis
1675 190 1887 232 mercedem,
1923 191 2100 238 incipiens
2123 205 2147 226 a
2174 193 2332 228 novissi-

1446 243 1517 278 mis
1544 256 1655 292 usque
1676 242 1730 278 ad
1748 243 1900 289 primos.
1961 241 2015 276 El
2040 255 2117 276 cum
2143 244 2332 286 venissent,

1447 294 1514 341 qui
1546 295 1640 329 circa
1675 293 1902 328 undecimam
1937 291 2088 335 horam,
2123 299 2331 342 acceperunt

1447 344 1594 391 singuli
1607 343 1811 381 denarium.
1851 344 2044 380 Venientes
2066 349 2185 378 autem
2209 344 2334 392 primi,

1447 395 1628 429 arbitrati
1642 400 1747 434 sunt,
1782 393 1978 443 quodplus
2002 400 2116 429 essent
2139 395 2334 443 accepturi.

1450 448 1669 493 Acceperunl
1687 451 1806 479 autem
1821 451 1852 480 el
1868 445 1942 493 ipsi
1955 445 2101 491 singuli
2128 444 2334 481 denarium.

1451 495 1516 530 Eo
1532 502 1651 530 aulem
1670 501 1831 543 accepto,
1859 496 2141 530 murmurabant
2159 495 2334 531 adversus

1447 552 1514 594 pal
1518 559 1589 581 rem
1584 547 1934 596 sam1‘lins‚dicenles
1943 561 1951 577 .·
1959 546 2015 580 Hi
2022 547 2215 581 novissimi
2222 560 2335 581 unam

1453 594 1584 631 horam
1593 598 1779 646 fecerunt,
1806 603 1836 631 el
1851 610 1959 645 pares
1976 596 2064 631 illos
2081 598 2186 632 nobis
2197 598 2336 646 fecisti,

1451 647 1517 695 qui
1529 649 1756 695 portavimus
1770 646 1915 695 pondus
1934 646 2008 682 diei
2022 653 2052 681 et
2068 653 2220 685 aestum,

1404 697 1456 732 Et
1482 697 1546 732 ille
1568 698 1786 748 respondens
1810 699 1878 732 uni
1896 711 2018 733 eorum
2046 696 2164 733 dixit:
2198 699 2336 741 Amice,

1455 761 1527 782 non
1537 749 1646 797 facio
1672 751 1742 785 tibi
1768 749 1960 783 iniuriam.
2000 747 2135 784 Nonne
2155 762 2201 783 ex
2223 748 2337 784 dena-

1455 799 1511 833 rio
1526 802 1724 836 convenisti
1739 801 1901 834 mecum?
1926 798 2035 834 Tolle
2053 801 2151 848 quod
2167 805 2267 834 tuum
2276 805 2338 842 est,

1457 854 1487 884 el
1524 849 1630 885 cade.-
1672 851 1752 886 volo
1774 856 1894 885 aulem
1919 848 2004 885 huic
2027 851 2226 885 novissimo
2250 849 2338 885 dare

1454 901 1547 934 sicut
1566 906 1596 935 et
1612 902 1689 937 tibi.
1743 901 1801 936 An
1821 915 1893 936 non
1914 901 1993 936 licet
2019 900 2116 935 mihi
2135 900 2235 949 quod
2259 900 2340 936 volo

1457 951 1578 996 facere
1596 952 1634 986 in
1664 953 1768 987 rebus
1794 954 1907 987 meis?
1941 955 2001 987 An
2023 952 2148 987 oculus
2168 958 2252 987 tuus
2278 963 2340 986 ne-

1459 1015 1571 1050 quam
1590 1008 1659 1043 est,
1685 1002 1786 1052 quod
1799 1003 1995 1050 egovbonus
2011 1017 2091 1038 sum
2100 1004 2119 1035 P
2149 1002 2212 1038 Sic
2235 1007 2338 1038 erunt

1459 1053 1654 1087 novissimi
1666 1054 1796 1101 primi,
1813 1059 1842 1088 el
1858 1054 1974 1102 primi
1989 1055 2191 1091 novissimi.
2215 1052 2343 1089 Multi

1458 1104 1552 1138 enim
1572 1110 1657 1139 sunt
1677 1104 1811 1146 vocati,
1835 1105 1947 1151 pauci
1963 1117 2042 1139 cero
2058 1105 2169 1140 electi.

1512 1170 1539 1207 I.
1575 1172 1709 1213 Locus,
1755 1171 1808 1206 De
1833 1173 1959 1206 ordine
1982 1170 2158 1206 Ecclesiae
2180 1172 2340 1207 omnium

1569 1230 1780 1268 temporum.

1510 1273 1556 1308 Il.
1585 1274 1641 1307 De
1658 1274 1843 1307 vocatione
1859 1273 2027 1317 gentium.

1511 1323 1577 1359 Ill.
1605 1323 1658 1358 De
1675 1325 1821 1358 denario
1839 1331 1871 1358 et
1889 1325 2033 1358 meritis.

1511 1373 1596 1409 1111.
1623 1374 1862 1409 Comminatio
1888 1376 2054 1409 adversus
2078 1375 2251 1419 ingratos,
2277 1375 2345 1408 mi-

1563 1433 1698 1459 scentes
1745 1424 1920 1459 humanos
1962 1427 2106 1460 affectus
2146 1426 2344 1460 ministerio

1562 1475 1766 1520 Evangelii,
1785 1483 1819 1510 et
1833 1484 2097 1520 corrumpentes
2114 1477 2243 1511 bonam
2261 1488 2344 1511 cau-

1563 1539 1648 1562 sam.

1726 1610 1783 1633 De
1819 1609 1982 1640 primo.

1461 1661 1634 1695 Parabola
1666 1662 1837 1705 significat
1860 1663 1904 1695 ab
1928 1661 2032 1696 initio
2057 1661 2183 1696 mundi
2207 1673 2345 1707 semper

1362 1711 1516 1757 aliquam
1540 1711 1732 1746 Ecclesiam
1767 1719 1923 1746 vocatam
1951 1723 2043 1753 esse,
2076 1719 2108 1746 et
2132 1713 2345 1747 mirabiliter

1362 1764 1590 1806 gubernatam
1615 1770 1647 1796 et
1670 1770 1863 1804 servatam,
1900 1775 1988 1807 quae
2012 1763 2154 1808 quidem
2180 1771 2214 1798 et
2241 1764 2345 1797 nobis

1364 1814 1399 1846 in
1420 1821 1604 1858 conspectu
1622 1825 1693 1846 esse
1711 1815 1834 1850 debet,
1869 1820 1906 1846 nt
1930 1825 1994 1847 nos
2017 1815 2198 1847 doctrinae
2220 1826 2345 1859 perpe·

1365 1865 1480 1905 utilas,
1497 1872 1528 1899 et
1545 1864 1698 1907 exempla
1716 1863 2027 1908 priorislicclesiae
2042 1865 2191 1898 doceant
2211 1872 2242 1899 et
2259 1877 2345 1898 con-

1365 1916 1514 1949 firment.
1568 1913 1613 1948 Ut
1633 1915 1726 1947 enim
1746 1912 1864 1952 Nolle.
1895 1912 2092 1955 Abraham,
2120 1915 2243 1954 Iacob,
2270 1928 2344 1949 non

1366 1964 1530 1999 humanis
1547 1965 1729 2009 praesidiis
1746 1965 1879 1998 defensi
1896 1972 1993 1999 sunt:
2020 1966 2068 1999 sic
2085 1967 2237 2000 sciamus
2253 1978 2346 2000 sem-

1365 2029 1426 2060 per
1444 2029 1559 2049 veram
1576 2015 1767 2049 Ecclesiam
1784 2017 1955 2049 ‹lix-initus
1970 2017 2040 2059 regi
2058 2025 2089 2051 ct
2109 2017 2261 2051 defendi.
2298 2014 2345 2052 Et

1365 2065 1454 2101 lianc
1479 2079 1550 2101 esse
1577 2079 1693 2100 veram
1712 2065 1922 2105 Ecclesiam,
1957 2079 2045 2111 quac
2070 2080 2187 2100 veram
2212 2068 2345 2102 doctri-

1365 2131 1444 2151 nam
1460 2119 1680 2159 circumfert,
1707 2125 1738 2151 et
1759 2119 1792 2151 in
1811 2116 1874 2150 liae
1900 2118 1965 2151 fulc·
1986 2116 2100 2151 Deum
2127 2119 2284 2161 invocat,
2311 2126 2345 2153 et

1366 2170 1517 2214 pericula
1534 2169 1692 2204 sustinet.

1460 2219 1549 2253 Cum
1567 2227 1680 2253 antem
1701 2219 1769 2252 sint
1788 2220 1858 2251 «luo
1876 2232 2041 2264 corpora.
2063 2218 2222 2253 Alterum
2242 2232 2344 2254 verae

1363 2269 1558 2311 Ecclesiae,
1586 2270 1745 2304 Alterum
1766 2271 1893 2314 impiae
1911 2278 1943 2304 et
1963 2263 2221 2315 persecutricis,
2243 2276 2344 2314 saepe

1363 2322 1508 2361 accidit,
1536 2329 1572 2355 nt
1591 2335 1669 2355 vera
1689 2320 1843 2354 Ecclesia
1869 2323 1911 2355 sit
1936 2333 2078 2365 prorsus
2101 2333 2281 2365 oppressa,
2309 2329 2343 2356 et

1362 2373 1426 2406 soli
1445 2373 1540 2418 impii
1560 2374 1802 2410 dormitantes,
1830 2379 1966 2405 teneant
1987 2373 2165 2415 publicum
2186 2371 2344 2406 ministe-

1363 2424 1472 2462 rium,
1500 2426 1588 2458 sient
1608 2425 1642 2457 in
1660 2424 1806 2467 Papatn.
1842 2422 1907 2455 llic
1926 2423 2059 2457 discant
2080 2423 2147 2466 pii.
2169 2435 2241 2455 nnn
2260 2435 2341 2467 pro-

434 2471 589 2504 Himnl:
625 2469 724 2516 Quin
751 2483 851 2502 nemu
879 2483 943 2502 nos
968 2466 1154 2505 conticuit.
1204 2468 1309 2502 Diri!
1332 2475 1335 2507 ,Ι
1362 2482 1478 2519 plen-3
1498 2477 1630 2509 „unam
1650 2487 1721 2508 vsse
1739 2473 1952 2509 Ecclesiam.
1977 2482 2008 2508 et
2029 2474 2265 2507 ministerium
2282 2486 2341 2507 va-

428 2521 522 2555 ill1.5.'
555 2521 608 2555 118
624 2527 653 2554 (Ι
676 2534 734 2553 §05
754 2521 790 2553 ln
811 2521 972 2561 tinctum,
999 2525 1028 2553 ΓΙ
1052 2519 1152 2567 ‘lucu‘
1174 2520 1308 2554 hlS‘Hlll
1332 2529 1334 2551 l
1365 2527 1453 2564 '‘q-(²-
1495 2527 1629 2561 “lisssslSl
1656 2533 1702 2558 ρξ’
1731 2537 1836 2567 ponps
1868 2526 1995 2569 hupins
2027 2533 2057 2559 pt
2092 2532 2340 2573 pprspcnffores·

421 2574 555 2622 surril,
582 2572 774 2618 assistit-lis.

377 2623 469 2659 Cum
488 2630 606 2657 nedem
626 2636 703 2656 sero
721 2624 861 2668 fluctum
883 2627 989 2659 rssrl,
1014 2621 1307 2655 rli.1-1'tl)0minns

1360 2579 1453 2622 «lund
1472 2579 1613 2611 deberet
1635 2577 1776 2622 quidem
1800 2576 1887 2619 eripi
1917 2577 2050 2620 impiis.
2087 2578 2144 2609 sed
2171 2577 2253 2608 ‹lum
2281 2587 2342 2620 per

1331 2637 1333 2672 ζ
1360 2629 1430 2660 vim
1450 2636 1583 2667 tenent„
1612 2641 1682 2660 non
1710 2635 1893 2671 propterea
1919 2640 1975 2666 ea,
2003 2640 2091 2673 qnae
2116 2634 2206 2660 reete
2228 2627 2342 2659 admi-

428 2674 886 2722 sima.-prmumtorism».
921 2671 939 2707 Ι
963 2685 1024 2705 ora
1044 2674 1250 2720 operarios,
1277 2680 1306 2707 el
1329 2681 1333 2710 l
1360 2679 1528 2722 nistmm,
1572 2687 1606 2713 m
1645 2679 1875 2723 baptismum,
1918 2691 1981 2723 pm
2017 2679 2128 2712 salute
2156 2676 2343 2714 Ecclesia‘v

2253 112 2331 148 216
2371 118 2409 131 ‘⁴

2388 1665 2409 2019 .·-—'„15.-*aan..‚·--t.
