2409 2915
524 74 927 112 ANNOTATIONES·
946 75 1011 112 ET
1039 75 1319 113 CONCIONES
1347 77 1400 113 ΙΝ
1426 76 1608 115 EVANG.
1637 78 1850 121 IOANNlS.
2034 91 2130 127 1122

1143 162 1273 208 inquit:
1316 163 1388 207 Qui
1411 165 1492 199 facit
1517 173 1714 210 peccatum,
1755 180 1876 204 servus
1906 178 1957 206 est
1985 177 2129 217 peccati,

1143 213 1164 247 i.
1181 226 1210 246 e.
1226 215 1292 248 sub
1309 223 1448 258 peccato
1467 223 1528 253 est.
1582 216 1658 252 Sub
1680 228 1818 263 peccato
1843 233 1935 261 esse,
1970 232 2020 260 est
2047 238 2128 270 pec-

1141 270 1217 297 cato
1236 265 1398 300 damnari
1415 273 1448 301 et
1464 267 1589 308 occidi,
1615 268 1710 303 iuxta
1725 271 1833 305 illud:
1861 271 2016 309 Aculeus
2032 288 2128 310 mor-

1141 315 1184 348 tis
1201 323 1380 359 peccatum
1399 324 1463 351 est.
1515 317 1668 353 Proinde
1689 317 1772 354 haec
1794 330 1842 356 est
1860 325 2026 367 servitus,
2047 339 2127 371 pec-

1140 378 1218 399 care
1236 373 1268 399 et
1292 368 1394 402 mori.
1448 367 1612 403 Secundo
1638 370 1673 404 in
1700 383 1740 405 eo
1764 374 1886 408 definit
1910 377 2127 420 servitutem,

199 412 339 458 Allegat
356 415 452 448 verbi
470 415 525 447 sui
541 415 796 457 testiinonium,
821 416 951 450 scilicet
971 428 1087 450 resur·
1111 433 1114 452 f
1140 417 1233 461 qnod
1254 417 1319 450 ait:
1348 417 1484 452 Veritas
1501 419 1664 455 liberabit
1689 435 1765 463 vos3
1802 436 1883 467 ergo
1908 428 2056 462 servitus
2077 437 2127 464 est

96 465 287 500 rectionem
306 478 324 499 a
340 465 500 501 mortuis.
541 464 606 500 Est
624 473 738 501 autem
758 467 965 501 resurrectio
979 465 1085 501 Chri-
1111 458 1113 483 ¹

107 77 202 112 1121
388 75 470 113 ΧΠ.

102 162 176 201 bis,
210 162 292 208 quia
316 174 437 196 verum
460 169 510 197 est
538 163 633 196 illius
656 162 840 196 iudicium.
862 182 912 188 —
949 162 996 197 Et
1017 175 1090 196 non
1114 182 1117 206 ‚2

101 220 343 257 cognoverunt
367 220 450 256 etc„
487 213 567 259 quia
598 225 702 258 supra
737 213 870 248 dictum
903 220 968 248 est:
1017 213 1116 248 Vos'

100 264 265 298 deorsum
284 264 377 299 estis.

236 344 330 382 Cum
355 345 609 382 exaltaveritis
622 345 754 392 filium
777 346 950 386 hominis.

1112 491 1113 510 ;
1139 468 1362 500 mendacium
1380 470 1568 514 quoddam.
1600 469 1664 505 Est
1680 480 1793 506 autem
1813 472 1877 508 hoc
1893 479 2126 519 mendacium,

97 516 142 550 sti
170 529 242 549 non
271 517 377 549 modo
413 516 674 556 testimonium,
721 530 792 562 quo
827 519 1088 552 convincuntur
1111 512 1114 561 f
1140 519 1235 562 quod
1261 519 1345 565 quia
1371 526 1498 553 natura
1530 528 1579 555 est
1611 521 1776 565 ignorans
1802 523 1887 566 Dei,
1923 539 1986 562 nec
2016 531 2126 565 credit

98 563 214 601 hostes
234 567 351 608 verbi,
379 569 437 600 sed
463 575 495 601 et
520 568 630 601 virtus
654 567 737 609 Dei,
772 581 840 613 qua
864 569 1087 603 vivificantur
1110 564 1113 595 Ι
1138 568 1232 609 Deo,
1267 581 1329 602 nec
1353 569 1453 604 timet
1474 571 1608 615 Deum,
1644 573 1797 609 deflectit
1826 577 1868 608 ad
1893 585 2068 614 creaturas
2093 588 2126 615 et

97 618 159 664 qui
182 619 331 652 credunt
355 618 392 650 in
409 616 608 659 Christnm3
642 619 735 652 iuxta
762 619 850 652 illud
876 620 918 652 ad
946 618 1085 664 Philip-
1109 601 1113 668 i
1138 620 1213 653 fidit
1231 620 1415 664 operibus,
1443 622 1577 663 gloriae
1604 634 1702 664 suae,
1730 626 1921 669 sapientiae
1944 641 2042 668 suae,
2070 632 2125 665 iu-

95 680 219 713 penses
248 668 329 704 111.:
374 667 430 702 Ad
455 671 730 712 cognoscendam
761 670 927 704 virtutem
967 683 1085 704 resur·
1109 670 1112 696 Ι
1138 670 1257 704 sticiae
1285 682 1388 714 suae,
1430 684 1518 717 quae
1541 673 1666 707 fiducia
1695 682 1786 709 certe
1818 679 2041 714 mendacium
2066 689 2114 715 est

95 719 263 753 rectionis
284 719 376 758 eius,
405 726 436 753 et
462 722 503 752 ad
528 718 658 763 Ephes.
678 720 720 755 l.:
750 720 951 755 Secundum
971 722 1085 754 esfica-
1109 705 1112 779 ἶ
1139 721 1220 765 quia
1241 721 1318 755 fidit
1342 734 1398 760 eo,
1432 735 1501 767 quo
1525 735 1598 757 non
1620 725 1742 760 debuit
1760 727 1841 768 fidi,
1876 735 1908 762 et
1931 709 2126 766 contemnit'

93 769 181 803 ciam
200 770 375 814 potentiae
393 771 533 804 virtutis
553 771 644 811 eins,
670 783 775 817 quam
799 779 962 816 operatus
979 779 1028 806 est
1047 772 1083 805 in
1109 806 1111 819 Ι
1137 772 1192 812 id,
1220 774 1314 817 quod
1334 785 1412 806 vere
1429 774 1498 806 vita
1521 782 1587 808 est:
1620 782 1653 808 et
1677 776 1733 818 fit,
1760 785 1799 811 ut
1821 790 1885 812 nec
1903 779 1962 814 illa
1979 793 1996 815 a
2014 790 2126 817 morte

91 818 233 854 Christo
255 821 348 862 lesu,
385 821 554 855 suscitans
580 822 681 854 illum
706 834 724 855 a
749 823 908 858 mortuis,
961 822 1085 864 Porro,
1109 832 1111 844 ⁴

93 873 188 916 quod
213 872 260 905 ait
287 884 359 905 non
384 871 422 905 in
444 873 719 913 resurrectione,
748 874 806 906 sed
831 875 973 919 qnando
990 874 1083 907 exal-
1108 851 1111 901 i

92 922 230 963 ῑεὼίῖίε,
267 923 300 956 id
329 929 398 963 est,
433 924 575 967 quando
600 923 826 966 crucifigetis,
861 924 936 957 vult
959 931 1083 969 poten·
1108 916 1111 972 i

93 973 176 1007 tiam
194 985 291 1007 suam
310 971 400 1007 hanc
417 973 453 1006 in
471 986 571 1007 cruce
591 975 766 1018 cognosci.
1107 974 1110 993 ⁸

222 1057 269 1092 Si
293 1070 352 1092 ros
377 1057 591 1092 manseritis
618 1058 655 1091 in
680 1070 841 1093 sermone
869 1071 956 1093 meo.

190 1125 287 1168 Quid
312 1133 380 1167 est,
405 1126 498 1171 quod
523 1126 571 1158 sic
595 1125 658 1159 ait:
701 1125 737 1159 Si
763 1127 981 1168 manseritis,
1023 1139 1082 1160 co-
1106 1153 1109 1156 .

91 1177 326 1222 gnosceretis'?
379 1175 436 1209 An
455 1188 527 1209 non
546 1183 760 1220 cognoscunt
781 1177 841 1221 qui
867 1190 939 1210 non
966 1189 1080 1221 perse-
1107 1184 1108 1188 ’

91 1228 241 1261 verant?
293 1226 506 1271 Respondeo
525 1227 614 1261 sicut
634 1227 824 1271 Apostolus
839 1227 943 1262 Rom.
964 1227 1007 1260 V.
1025 1228 1082 1261 in-
1106 1224 1107 1229 ¹

89 1279 183 1324 quit:
222 1278 471 1312 Tribulatione
501 1279 722 1322 patientiam,
760 1278 925 1322 patientia
952 1279 1078 1322 proba-
1105 1285 1107 1329 ζ

89 1331 220 1363 tionem
248 1329 380 1372 parari,
415 1330 437 1364 i.
456 1340 484 1363 e.
509 1329 758 1371 experientiam
785 1329 892 1361 verbi.
947 1329 998 1361 lta
1023 1327 1080 1361 hic
1105 1337 1107 1342 “

87 1377 266 1414 Christus:
315 1379 388 1422 Qui
417 1386 657 1423 perseverant3
693 1379 773 1424 quia
797 1379 890 1411 enim
920 1377 1080 1413 Christus

88 1431 291 1464 consolatur
315 1442 390 1468 eos,
427 1430 486 1475 qui
511 1430 579 1462 fide
603 1436 786 1473 expectant
809 1441 888 1462 eum
913 1429 1080 1463 intenta-
1104 1435 1105 1476 j

87 1482 204 1521 tione,
233 1487 324 1514 certe
343 1481 399 1521 fit,
426 1488 465 1514 ut
483 1480 596 1523 ignari
619 1480 873 1514 consolationis
897 1480 988 1521 sint,
1017 1481 1078 1526 qui

90 1544 203 1578 neque
222 1531 396 1565 sustinent
412 1543 491 1564 eum
513 1543 592 1563 curn
610 1537 800 1565 tentantur.

323 1613 414 1649 Vere
444 1613 621 1662 discspuli
641 1613 711 1648 mei
733 1613 847 1650 eritis.

190 1683 384 1727 Discipuli,
412 1683 431 1715 i.
450 1695 477 1715 e.
495 1683 587 1715 docti
606 1695 623 1714 a
640 1680 728 1717 Deo.
785 1681 893 1722 Vere,
921 1683 942 1718 i.
961 1695 987 1716 e.
1013 1695 1076 1716 au·
1101 1695 1103 1726 ς

87 1736 222 1769 dientes
241 1735 364 1768 auditu
390 1734 516 1767 cordis.
573 1732 680 1773 Vide,
708 1735 886 1778 quomodo
906 1746 994 1778 opus
1010 1734 1075 1767 Dei

86 1787 153 1820 sibi
178 1786 322 1825 tribuit,
357 1791 395 1818 ut
418 1786 557 1825 doceat,
600 1796 635 1817 se
668 1796 740 1817 esse
769 1784 899 1818 Deum.
961 1784 1075 1828 Supra

87 1837 175 1870 dixit
199 1849 239 1869 ex
265 1835 386 1877 Esaia,
421 1847 542 1868 omnes
566 1848 583 1868 a
603 1833 676 1867 Deo
695 1836 873 1868 docendos
896 1847 984 1877 esse3
1017 1836 1075 1869 hic

82 1888 146 1922 ait:
175 1885 285 1921 Eritis
301 1886 369 1920 mei
393 1886 568 1931 discipuli.
620 1885 796 1931 Loquitur
820 1885 913 1918 enim
937 1899 1008 1919 non
1033 1888 1075 1919 de

82 1945 225 1974 externo
242 1937 377 1978 auditu,
399 1938 459 1971 sed
477 1938 519 1970 de
537 1937 677 1970 interno
697 1937 820 1970 auditu
839 1944 871 1970 et
888 1938 1074 1981 spirituali,

84 2002 188 2036 quem
206 1990 242 2022 in
260 1990 366 2022 corde
384 1988 486 2022 efficit
503 1989 620 2031 Deus,
649 2000 728 2021 cum
746 1995 838 2021 creat
861 2000 992 2021 novum
1019 1989 1074 2021 ln—

84 2052 178 2074 men.
230 2038 425 2083 Distinguit
441 2040 534 2072 enim
553 2039 744 2083 discipulos
761 2051 842 2072 suos
858 2051 875 2072 a
891 2039 1072 2082 discipulis

82 2091 210 2137 Moysi.
250 2089 554 2135 DiscipuliMoysi
569 2097 662 2130 sunt,
690 2090 750 2134 qui
768 2090 981 2124 extrinsecus
994 2097 1073 2123 tan-
1097 2079 1099 2104 Ι

79 2151 154 2178 tum
173 2142 342 2182 audiunt,
370 2148 542 2187 quantum
568 2147 680 2184 potest
703 2140 812 2179 ratio,
847 2140 907 2185 qui
932 2141 1072 2175 auditus

82 2201 131 2228 est
155 2193 255 2226 litera
288 2200 320 2226 et
351 2204 445 2225 mera
475 2190 681 2237 hypocrisis.
739 2190 912 2235 Discipuli
937 2189 1071 2226 Christi

80 2251 180 2284 sunt,
208 2255 358 2288 quorum
379 2244 482 2277 corda
502 2255 594 2276 novo
612 2241 746 2275 lumine
762 2242 1004 2286 illustrantur,
1032 2249 1071 2276 ut

1098 1994 1101 2003 ι

1100 1831 1101 1837 ’
1128 1844 1198 1870 tam
1217 1845 1390 1870 aeternam
1407 1839 1600 1872 succedere.

1100 1885 1101 1899 ³
1129 1889 1193 1920 bns
1211 1895 1388 1930 peccatum
1407 1895 1438 1922 et
1456 1901 1551 1922 mors
1567 1890 1677 1922 deleta
1701 1899 1799 1931 sunt,
1834 1893 1901 1926 iam
1929 1901 1979 1928 est
1996 1897 2116 1940 cogni-

1138 822 1288 856 liberent
1306 830 1340 856 et
1357 824 1556 858 maledictio
1574 834 1722 866 maneat,
1748 840 1816 873 qua
1833 831 2010 865 servitutis
2027 834 2125 867 dam-

1138 873 1210 906 nati
1227 885 1358 909 sumus,
1412 874 1554 916 Tertio,
1582 876 1662 920 quia
1689 879 1837 913 servitus
1861 887 1912 914 est
1935 894 2076 925 peccare
2093 891 2125 918 et

1137 924 1246 965 mori,
1272 931 1304 958 et
1330 937 1346 957 a
1373 932 1485 959 morte
1509 938 1579 959 non
1606 927 1734 962 liberat
1760 930 2015 977 qualiscunque
2041 946 2124 969 usus

1136 975 1284 1008 vestium
1302 976 1357 1008 vel
1378 976 1556 1015 ciborum,
1591 989 1672 1020 ergo
1688 991 1760 1012 non
1778 987 1826 1014 est
1847 981 1884 1014 in
1902 982 1963 1016 illo
1983 986 2125 1033 proprie

1136 1026 1290 1061 libertas.
1343 1026 1499 1069 Quarto,
1526 1027 1612 1072 quid
1629 1029 1673 1062 sit
1690 1030 1885 1074 captivitas,
1913 1034 2046 1068 dictum
2065 1043 2125 1071 est.

1107 1071 1109 1107 ἶ
1135 1075 1288 1110 Econtra
1308 1077 1450 1110 libertas
1467 1085 1517 1111 est
1535 1079 1693 1112 remissio
1717 1089 1933 1123 peccatorum
1947 1109 1955 1123 ‚
1983 1082 2049 1118 hoc
2065 1094 2126 1128 est,

1136 1128 1327 1160 condonari
1352 1134 1550 1175 peccatum,
1589 1142 1790 1175 quanquam
1822 1133 1997 1179 reliquum
2019 1136 2062 1170 sit
2087 1137 2123 1170 in

1135 1190 1238 1211 carne
1263 1186 1440 1222 peccatum
1462 1177 1596 1220 adbuc,
1631 1187 1664 1214 et
1697 1182 1773 1215 tolli
1806 1183 1860 1217 ius
1890 1187 2042 1229 peccati,
2079 1200 2123 1221 ne

1136 1229 1244 1272 possit
1272 1241 1449 1270 accusare,
1485 1231 1670 1272 damnare,
1705 1233 1874 1267 occidere.
1935 1235 2024 1270 Nam
2051 1249 2123 1272 esse

1134 1291 1271 1313 servum
1288 1280 1418 1323 peccati
1431 1307 1440 1320 ,
1468 1288 1517 1315 est
1534 1293 1551 1313 a
1569 1289 1708 1325 peccato
1727 1285 1838 1317 occidi
1858 1297 1967 1330 posse.
2022 1287 2124 1322 Hane

1134 1330 1331 1363 libertatem
1351 1332 1600 1375 consequimur
1615 1333 1704 1377 fide,
1730 1337 1921 1378 credentes,
1947 1340 2041 1382 quod
2061 1352 2123 1384 per

1132 1378 1313 1413 Christum
1341 1388 1518 1424 peccatum
1545 1382 1588 1415 sit
1609 1383 1781 1425 deletum,
1825 1387 1912 1420 sicut
1939 1399 2041 1432 supra
2066 1391 2123 1423 in·

1133 1431 1225 1475 quit:
1255 1430 1326 1474 Qui
1352 1431 1462 1465 credit
1486 1431 1523 1464 in
1540 1444 1638 1473 eum,
1661 1445 1733 1467 non
1761 1435 1954 1478 iudicatur3
1989 1446 2022 1473 et
2046 1438 2121 1474 hic:

1133 1480 1272 1515 Veritas
1298 1482 1480 1523 liberabit,
1508 1483 1531 1517 i.
1550 1495 1579 1517 e.
1607 1484 1667 1528 qui
1692 1485 1801 1520 credit
1818 1489 2044 1531 promissioni
2063 1503 2122 1535 pa-

1132 1533 1213 1572 tris,
1239 1532 1458 1568 liberabitur.
1511 1531 1575 1566 Est
1591 1545 1671 1577 ergo
1688 1536 1840 1579 primum
1858 1538 1894 1571 in
1913 1551 1953 1572 eo
1968 1540 2112 1575 libertas

1132 1584 1225 1628 quod
1244 1583 1318 1615 sine
1335 1583 1458 1616 merito
1477 1591 1597 1617 nostro
1623 1592 1760 1629 peccata
1777 1587 1950 1624 delentur.

2113 1569 2123 1584 5

2005 1591 2122 1625 Tolli-

1102 1667 1103 1670 ,
1131 1642 1188 1666 tur
1206 1634 1258 1667 ius
1275 1635 1405 1677 peccati
1426 1641 1458 1667 et
1476 1635 1619 1675 mortis,
1648 1636 1744 1670 iuxta
1768 1638 1857 1671 illud
1881 1640 1911 1675 1.
1929 1640 2007 1675 Cor.
2023 1641 2119 1678 XV.:

1131 1683 1307 1728 Absorpta
1333 1692 1383 1717 est
1410 1698 1504 1718 mors
1524 1686 1560 1718 in
1579 1686 1737 1721 victoria.
1793 1688 1947 1732 Quinto,
1981 1699 2012 1726 et
2037 1695 2119 1738 quia

1131 1743 1307 1779 peccatum
1334 1736 1485 1769 deletum
1511 1743 1580 1779 est,
1615 1749 1752 1772 necesse
1775 1746 1841 1781 est,
1870 1741 2043 1776 iusticiam
2064 1757 2119 1778 re-

1130 1798 1252 1829 gnare3
1283 1793 1314 1818 et
1333 1787 1413 1831 quia
1432 1788 1595 1831 absorpta
1615 1795 1664 1822 est
1682 1801 1794 1831 mors,
1821 1803 1959 1826 necesse
1975 1801 2042 1836 est,
2065 1796 2118 1829 vi-

1654 1838 1810 1874 Proinde
1828 1842 1864 1875 in
1883 1843 1941 1885 iis,
1977 1845 2014 1878 in
2037 1847 2117 1891 qui-

1128 1939 1175 1972 tio
1192 1937 1275 1977 Dei,
1303 1939 1403 1979 fides,
1428 1940 1552 1979 timor,
1584 1941 1725 1974 dilectio
1750 1945 1913 1986 proximi.
1965 1944 2043 1980 Hoc
2067 1954 2116 1982 est

1128 1991 1220 2034 quod
1241 1989 1306 2023 ait:
1343 1989 1482 2023 Veritas
1499 2003 1560 2024 vos
1577 1991 1762 2031 liberabit,
1795 1994 1816 2025 i.
1835 2007 1864 2030 e,
1891 1996 1958 2028 iam
1976 2009 2115 2031 veraces

1127 2041 1238 2079 eritis,
1276 2041 1413 2084 cognita
1443 2042 1682 2074 misericordia
1708 2055 1770 2086 per
1800 2045 1903 2078 fidem
1933 2048 2115 2082 confidetis

1126 2092 1200 2124 solo
1219 2091 1312 2132 Deo,
1339 2098 1372 2125 et
1395 2104 1431 2124 ea
1452 2093 1536 2125 fides
1558 2093 1722 2127 liberabit
1747 2095 1789 2126 ab
1812 2097 1909 2129 omni
1934 2097 2009 2130 iure
2033 2111 2112 2142 pec-

1125 2142 1210 2182 cati,
1238 2143 1319 2187 quia
1335 2142 1406 2176 vita
1422 2150 1560 2176 aeterna
1584 2150 1644 2176 est.
1697 2142 1788 2177 Caro
1812 2158 1884 2179 non
1910 2154 2020 2190 potest
2036 2149 2111 2183 Deo

1124 2194 1282 2234 credere,
1310 2194 1367 2226 sed
1397 2194 1591 2227 contemnit
1614 2195 1749 2235 Dcum3
1778 2197 1924 2232 credunt
1947 2207 2060 2233 autem
2079 2208 2111 2235 et

1123 2245 1247 2278 timent
1266 2244 1326 2289 qui
1350 2245 1385 2277 in
1406 2242 1548 2277 Christo
1571 2253 1670 2285 sunt,
1704 2257 1785 2288 ergo
1812 2247 1915 2281 liberi
1942 2257 2041 2291 sunt3
2070 2257 2112 2285 ut

1123 2295 1149 2327 si
1168 2307 1292 2328 manus
1310 2295 1442 2328 laboret
1461 2302 1604 2338 stupore
1618 2296 1736 2340 aliquo
1757 2297 1802 2330 ita
1817 2325 1826 2337 ‚
1852 2305 1892 2332 ut
1912 2311 2013 2333 suum
2031 2301 2110 2334 offi-

1121 2346 1212 2379 cium
1232 2347 1343 2379 facere
1361 2358 1432 2379 non
1449 2346 1567 2389 possit,
1593 2358 1691 2379 serva
1710 2353 1739 2380 et
1759 2349 1894 2392 captiva
1912 2351 2027 2391 fuerit,
2053 2352 2107 2385 sin

1091 2424 1094 2455 1
1121 2404 1235 2430 autem
1254 2397 1468 2436 restituatur,
1493 2403 1575 2429 tunc
1592 2396 1701 2430 libera
1719 2398 1796 2433 erit.
1828 2398 1922 2433 Haec
1940 2402 1982 2433 de
1998 2402 2106 2436 liber-

1092 2463 1094 2487 ;
1121 2455 1188 2481 tate
1217 2446 1338 2480 Esaias
1368 2446 1476 2481 XLl.:
1526 2446 1573 2481 Ut
1603 2449 1761 2481 mederer
1792 2451 1952 2485 contritis
1989 2454 2105 2495 corde,

1090 2490 1093 2521 ἦ
1119 2499 1357 2542 praedicarem
1383 2498 1528 2541 captivis
1550 2498 1827 2545 indulgentiam,
1853 2501 1978 2536 clausis
2002 2515 2104 2552 aper-

182 2549 362 2589 Primum,
404 2550 439 2583 in
471 2563 540 2595 quo
571 2550 614 2583 sit
638 2547 828 2583 christiana
860 2549 1002 2582 libertas
1034 2555 1066 2582 et
1118 2550 1261 2584 tionem.
1315 2548 1356 2581 Et
1378 2549 1462 2580 alias
1482 2560 1591 2591 saepe.

81 2601 165 2647 quid
187 2602 248 2639 sit,
284 2613 322 2634 ex
346 2599 411 2634 hoc
436 2601 512 2634 loco
537 2602 728 2645 petendum
752 2607 813 2635 est.
855 2599 985 2633 Definit
1003 2612 1064 2633 au-
1089 2592 1092 2630 f
1220 2599 1322 2633 Sexto
1342 2626 1350 2639 ,
1403 2599 1483 2643 quia
1524 2600 1696 2632 iusticiam
1738 2601 1881 2644 spiritns
1926 2604 2102 2647 praedicat

81 2659 149 2686 tem
168 2650 327 2686 Christus
341 2652 543 2685 servitutem
562 2652 629 2685 bis.
656 2651 815 2685 Primum
835 2651 870 2683 in
890 2663 940 2690 eo,
969 2651 1063 2697 quod
1117 2649 1369 2693 Evangelium.
1397 2650 1475 2682 ideo
1496 2662 1596 2683 nsum
1616 2651 1893 2686 ceremoniarum
1917 2655 1990 2688 vult
2014 2655 2101 2689 libe-

1353 2699 1396 2733 71

81 2296 226 2330 timeant
245 2293 371 2330 Deum.
410 2293 520 2327 Dicit:
548 2292 784 2336 Cognoscetis,
813 2293 956 2333 scilicet,
973 2294 1068 2337 quod
1094 2287 1096 2306 ³

80 2346 175 2381 Deus
195 2358 296 2379 verax
314 2347 377 2385 sit,
405 2352 584 2387 praestans
601 2345 695 2390 qnod
714 2344 885 2389 promisit.
925 2343 1068 2378 Manse-
1092 2337 1096 2399 ζ

81 2397 177 2439 ritis,
205 2398 227 2430 i.
248 2409 275 2430 e.
299 2396 529 2431 credideritis.

354 2479 506 2516 Veritas
533 2493 593 2515 vos
620 2479 803 2515 liberabit.

130 2705 304 2736 muna.
336 2705 436 2736 Orza.
469 2705 547 2736 Von.
569 2702 661 2736 XIV.
