2409 2915
97 90 195 129 1145
375 89 454 127 ΧΠ.
516 85 909 125 ANNOTATIONES
936 85 1002 123 ET
1027 81 1308 120 CONCIONES
1335 83 1385 119 IN
1412 82 1591 120 EVANG.
1620 84 1828 123 lOANNIS.
2011 87 2105 121 1146

92 179 337 223 gnificaretur,
370 175 590 219 magistratus
613 185 685 209 esse
714 184 793 207 vasa
821 174 900 209 irae.
954 173 1075 219 Neque
1127 178 1190 205 est:
1218 169 1310 205 Ecce
1329 171 1403 205 dies
1418 172 1579 212 veniens,
1607 179 1638 206 et
1657 184 1727 205 non
1746 173 1881 206 dicetur
1898 172 2008 206 ultra:
2041 171 2105 203 Vi-

92 230 186 263 enim
219 227 437 271 intelligebat
462 223 680 270 prophetiam
704 222 878 269 Caiphas,
911 225 970 258 sed
995 235 1074 258 sen·
1127 222 1175 255 vit
1193 222 1380 263 dominus,
1407 223 1468 267 qui
1487 223 1604 256 eduxit
1623 223 1712 256 filios
1729 222 1845 258 lsrael.
1901 220 1993 266 Ergo
2016 222 2103 255 illud

93 281 201 314 tiebat
218 277 399 313 Christum
419 289 437 310 e
452 277 569 309 medio
585 276 783 310 tollendum
809 286 900 314 esse,
933 287 977 308 ne
1007 286 1073 320 qua
1125 273 1305 316 corporale
1322 271 1448 316 pascha
1466 274 1692 307 evacuabitur
1719 281 1781 308 etc.
1836 273 1972 317 Pugnat
1998 274 2103 317 igitur

91 331 181 364 foret
197 330 280 362 inde
296 328 458 362 materies
480 327 565 360 belli
583 325 765 361 Romanis.
816 325 938 371 Neque
953 327 1072 360 crede·
1125 322 1320 356 Hieremias
1347 335 1425 356 cum
1450 323 1595 369 Moyse,
1630 325 1689 369 qui
1715 325 1821 362 (licit,
1856 325 1951 358 cultu
1975 323 2104 366 sempi-

93 383 170 419 bat,
206 378 384 414 Christum
409 379 627 411 seductorem
651 388 744 418 esse,
772 378 829 410 sed
857 377 1073 411 vaticinaba-
1125 381 1225 408 terno
1245 375 1280 407 in
1299 375 1582 417 generationibus
1596 375 1741 408 vestris?
1767 374 1992 419 Respondeo:
2011 374 2104 417 Quia

92 438 149 464 tur
163 431 252 465 sicut
271 431 366 464 asina
381 428 546 466 Balaam,
575 428 648 472 ipse
674 428 830 461 nesciens
847 429 940 473 quod
957 427 988 472 ⁹)
1015 439 1072 461 va·
1125 425 1239 459 addit:
1266 425 1302 457 in
1329 425 1613 467 generationibus
1637 426 1779 466 vestris,
1813 427 1982 469 significat
2010 425 2102 470 quod

91 482 316 521 ficinaretur,
342 487 374 513 et
398 486 515 513 tamen
533 476 597 512 hac
621 491 705 512 voce
720 478 814 512 Deus
836 479 1072 512 testimonium
1125 487 1228 521 quam
1247 476 1308 508 (liu
1325 476 1474 508 carnalis
1492 476 1551 508 ille
1570 475 1673 510 lsrael
1695 477 1816 514 durat,
1845 490 1948 521 quain
1966 477 2027 509 diu
2045 475 2104 507 illa

90 529 268 576 perhibuit
286 530 430 570 sanctis,
457 531 551 574 quod
569 541 633 574 pro
650 530 760 563 salute
778 530 900 574 populi
916 536 1003 563 esset
1018 530 1074 561 in·
1125 526 1302 570 generatio
1319 527 1469 570 populus
1487 525 1552 559 Dei
1570 533 1618 560 est
1636 527 1803 560 celebrari
1817 525 1884 560 hoc
1901 524 2025 571 pascha
2046 527 2106 558 ‹le-

89 589 281 627 teremptus
306 578 479 615 Christus.
537 580 636 613 Talis
658 586 731 613 erat
752 587 784 614 et
807 580 867 613 illa
890 577 1075 624 prophetia
1126 579 1223 620 beat,
1251 577 1350 622 quasi
1373 578 1519 610 diceret:
1558 576 1637 610 [deo
1663 578 1700 610 in
1726 578 1848 610 vestris
1870 577 2104 621 generationi-

88 631 215 667 Matth.
232 631 398 666 XXV11.:
434 631 585 675 Sanguis
613 631 687 664 eius
712 643 818 675 super
839 642 903 664 nos
930 637 964 664 et
985 631 1075 663 filios
1125 629 1191 662 hus
1218 634 1386 672 perpetuo
1412 629 1513 660 duret
1537 625 1594 660 hic
1624 629 1728 666 ritus,
1769 629 1848 673 quia
1875 640 1936 661 vos
1958 627 2106 660 carnalis

89 690 240 717 nostros.
1127 678 1233 712 lsrael
1249 675 1339 710 mihi
1356 679 1424 711 iam
1450 679 1599 721 populus
1624 680 1721 716 estis,
1750 686 1781 711 et
1806 680 2006 716 vobiscum,
2034 690 2108 711 car-

1126 730 1198 762 nali
1217 728 1339 769 lsrael,
1367 726 1451 761 haec
1468 729 1540 771 egi,
1577 736 1614 762 ut
1639 730 1859 769 testificarer,
1896 742 1949 762 me
1975 739 2106 761 memo-

1126 792 1198 813 rem
1238 791 1309 813 esse
1348 779 1592 823 promissionis
1631 781 1741 813 factae
1772 782 1813 812 ad
1849 787 1977 824 patres3
2027 790 2107 821 ergo

189 833 270 877 Quo
286 834 358 868 ritu
372 831 498 878 pascha
525 833 652 866 veteris
683 834 882 867 testamenti
906 833 1074 867 celebrari
1126 832 1242 876 quoatl
1281 831 1434 870 duratis,
1486 831 1681 864 celebretur
1724 829 1789 864 hoc
1831 829 1972 875 pascha3
2028 842 2108 861 naun

88 884 230 918 solitum
255 885 317 925 sit,
357 885 449 928 leges
473 882 584 918 Exotl.
609 882 690 916 XII.
744 883 825 917 Non
848 885 996 918 dubium
1025 890 1074 917 est
1126 888 1349 926 posteaquam
1373 881 1535 924 apparuit
1557 879 1736 919 Christus,
1774 882 1840 914 iam
1869 882 1927 914 illa
1960 879 2109 913 carnalis

88 942 222 976 autem,
256 935 320 968 illo
344 933 506 979 paschate
531 934 762 977 significatum
787 946 858 968 esse
882 932 1074 973 Christum,
1097 960 1100 994 t
1125 932 1304 975 generatio
1329 938 1362 965 et
1381 932 1440 964 itle
1467 932 1616 964 carnalis
1644 931 1747 966 lsrael
1775 932 1876 966 desiit
1901 943 1971 965 esse
2000 943 2109 974 popu-

1098 999 1100 1016 l

1098 1046 1099 1062 l

1098 1068 1099 1092 l

125 764 346 801 Proximum
373 771 495 801 aulem
523 769 601 799 erat
626 762 768 811 pascha
795 763 1032 801 Iudaeorum.

87 987 182 1020 iuxta
212 986 303 1019 illud
331 987 361 1018 1.
380 982 541 1020 Corinth.
559 984 621 1018 V.:
665 982 795 1018 Pascha
822 992 983 1019 nostrum
1007 986 1074 1019 im-
1098 1017 1099 1025 ,
1125 984 1179 1016 lus
1202 981 1280 1016 Dei-

86 1036 238 1070 molatus
255 1043 303 1070 est
319 1034 494 1070 Christus.
546 1034 683 1069 Deinde
702 1036 783 1081 quia
808 1037 989 1080 corporale
1012 1048 1074 1081 pa-
1098 1034 1099 1043 ¹

88 1084 170 1120 scha
188 1093 251 1128 est,
278 1098 415 1120 necesse
431 1093 482 1120 est
499 1097 572 1119 esse
586 1093 708 1134 typum
729 1084 912 1134 paschatos
930 1087 1073 1122 aeterni.
1098 1098 1099 1134 j

85 1135 312 1171 Educebatur
334 1137 428 1170 enim
448 1136 555 1170 lsrael
573 1148 612 1170 ex
629 1136 806 1182 Aegypto,
831 1144 870 1171 ut
889 1138 1073 1172 benedice—
1098 1145 1099 1171 1

87 1195 185 1222 retur
210 1194 351 1221 aeterna
381 1187 648 1229 benedictione,
688 1200 777 1233 quae
808 1195 881 1222 erat
903 1189 1072 1233 promissa
1097 1187 1100 1231 ᾖ
1227 1183 1320 1226 Quia
1338 1184 1380 1216 de
1398 1183 1556 1216 numeris
1577 1181 1669 1216 nihil
1689 1183 1772 1217 certi
1797 1182 2008 1216 constituere
2033 1193 2112 1225 pos-

85 1238 257 1283 patribus.
318 1237 466 1271 Interim
491 1236 556 1271 hae
579 1239 858 1277 benedictiones,
893 1240 975 1284 quia
996 1252 1073 1273 cor-
1098 1276 1099 1281 ¹
1125 1247 1222 1274 sum,
1249 1235 1374 1268 omitto
1390 1245 1451 1267 cur
1472 1235 1626 1277 primum
1650 1246 1824 1273 mensem,
1851 1245 1912 1267 cur
1937 1233 2112 1266 decimum

85 1289 223 1333 porales
240 1290 395 1329 fuerunt,
417 1289 546 1334 quibus
564 1301 667 1322 nemo
687 1301 705 1322 a
723 1296 862 1332 peccato
879 1296 911 1323 et
926 1302 944 1323 a
962 1297 1074 1323 morte
1125 1287 1218 1320 diem
1243 1285 1406 1328 assignet.
1461 1285 1674 1330 Quanquam
1697 1286 1790 1330 quod
1817 1284 2016 1329 principum
2042 1294 2113 1315 esse

87 1340 326 1380 liberabatur,
361 1351 498 1373 necesse
521 1346 571 1373 est
595 1339 691 1382 signa
720 1340 825 1372 fuisse
855 1341 1074 1373 benedictio-
1126 1336 1299 1369 mensium
1332 1336 1407 1368 vult
1442 1333 1621 1379 psschatos
1653 1343 1808 1379 tempus,
1849 1336 1930 1368 satis
1961 1341 2113 1379 apparet.

86 1401 171 1423 num
197 1390 433 1433 spiritualium
453 1396 486 1423 et
504 1393 744 1429 aeternarum3
777 1390 866 1423 sicut
891 1398 923 1423 et
942 1389 1073 1423 Paulus
1098 1422 1099 1426 ,
1126 1387 1267 1419 initium
1292 1385 1404 1418 futuri
1427 1386 1535 1418 secnli
1559 1393 1591 1418 et
1615 1387 1795 1418 revelandi
1818 1384 2004 1428 Evangelii
2026 1393 2115 1418 tern-

86 1440 204 1485 inquit
218 1439 352 1475 Coloss.
370 1439 430 1473 IL:
461 1439 571 1473 Nemo
588 1452 649 1473 vos
665 1440 792 1474 iudicet
813 1440 849 1472 in
865 1440 942 1474 cibo
960 1447 1019 1474 aut
1037 1441 1073 1473 in
1098 1479 1099 1485 ἵ
1128 1449 1192 1482 pus
1207 1433 1391 1484 paschatos
1409 1447 1490 1469 esse.
1543 1435 1705 1469 Secundo
1717 1463 1726 1479 ‚
1755 1437 1848 1480 quod
1867 1436 1964 1469 iubet
1981 1435 2114 1468 vicinos

85 1497 189 1534 potu,
216 1497 402 1535 quaesunt
420 1491 544 1523 umbra
562 1490 780 1531 futurorum,
808 1502 934 1534 corpus
957 1498 1072 1525 autem
1128 1488 1302 1521 Israelitas
1332 1487 1478 1527 accersi,
1525 1487 1553 1518 si
1583 1499 1652 1520 una
1683 1488 1808 1520 (lomus
1842 1498 1914 1520 non
1945 1487 1990 1520 sit
2025 1497 2114 1527 agno

87 1539 232 1575 Christi.
292 1542 410 1585 Atque
443 1538 509 1573 hoc
538 1540 574 1573 in
607 1541 808 1573 universam
838 1542 946 1584 legem
979 1542 1076 1576 velut
1127 1540 1262 1571 edendo
1298 1537 1397 1578 satis,
1438 1537 1629 1583 significat,
1664 1535 1845 1571 Christum
1880 1537 2117 1570 communiter

89 1589 236 1624 elencho
254 1597 350 1624 utere
363 1618 372 1631 ‚
401 1591 495 1635 quod
511 1585 594 1635 qtiia
610 1591 663 1623 lex
682 1603 753 1623 non
771 1592 947 1625 benedicit
965 1599 1076 1626 aeter-
1127 1600 1205 1622 cum
1225 1588 1367 1626 vicinis,
1397 1587 1419 1622 i.
1436 1599 1464 1620 e·
1481 1589 1644 1630 gentibus
1663 1590 1838 1621 edendum
1859 1600 1941 1621 esse·
1980 1587 2114 1625 TeI'UO-

89 1642 144 1674 nis
162 1641 489 1681 benedictionibus,
519 1641 597 1674 ideo
615 1648 648 1675 et
666 1642 820 1675 iusticias
838 1643 951 1676 carnis
969 1643 1075 1676 tradit
1127 1650 1237 1683 agnus
1260 1640 1391 1683 absque
1415 1639 1549 1671 macula
1567 1637 1729 1673 Christus
1755 1645 1823 1680 est,
1854 1639 1914 1684 qui
1940 1650 2017 1671 cum
2043 1650 2115 1671 non

88 1699 121 1725 et
145 1692 243 1735 signa
273 1692 560 1725 benedictionum
592 1692 839 1735 spiritualium.
901 1693 1076 1732 Secundo,
1100 1695 1101 1699 ’
1128 1690 1247 1724 fecerit
1271 1695 1470 1733 peccatum,
1497 1689 1606 1723 factus
1625 1697 1674 1723 est
1699 1702 1762 1734 pro
1787 1690 1891 1723 nobis
1916 1695 2112 1734 peccatum:

86 1743 256 1787 profectio
273 1755 312 1775 ex
332 1742 491 1788 Aegypto
517 1755 577 1786 per
599 1755 694 1775 mare
720 1744 865 1776 rubrum
892 1741 986 1777 haud
1010 1746 1077 1777 tlu-
1127 1740 1298 1785 Oportuit
1315 1741 1408 1784 enim
1426 1740 1528 1773 nobis
1554 1741 1753 1785 pontificem
1780 1752 1852 1774 esse
1876 1741 2113 1777 innocentem,

86 1794 144 1827 bie
171 1794 344 1836 significat
376 1794 589 1833 libertatem,
632 1794 667 1826 in
693 1806 796 1838 quam
821 1795 933 1827 vocati
957 1807 1078 1828 sumus
1128 1792 1184 1826 cui
1202 1803 1274 1824 non
1292 1798 1381 1824 esset
1403 1802 1540 1824 necesse
1565 1804 1627 1836 pro
1647 1792 1718 1825 suis
1742 1792 1890 1836 peccatis
1914 1789 2044 1824 hostias
2060 1791 2114 1823 of-

86 1856 149 1887 per
171 1842 426 1887 Evangelium‚
463 1856 567 1888 quam
596 1845 790 1878 libertatern
817 1857 877 1889 per
898 1857 992 1878 mare
1017 1858 1077 1879 ru-
1127 1844 1235 1881 serre,
1264 1841 1372 1876 Hebr.
1392 1841 1472 1876 Vll.
1528 1841 1589 1876 Est
1612 1843 1705 1875 enim
1728 1850 1760 1877 et
1779 1840 1844 1876 hoc
1869 1848 2114 1885 argumentum

87 1897 212 1934 lirum,
240 1893 307 1927 hoc
331 1902 381 1928 est
407 1902 557 1927 mortem
580 1895 809 1938 ingredimur.
864 1895 952 1928 Nam
970 1894 1077 1930 Chri-
1127 1894 1237 1927 futuri
1257 1893 1447 1937 pontificis,
1481 1894 1574 1938 quod
1600 1905 1678 1926 cum
1705 1894 1758 1926 lex
1783 1894 1973 1938 praecipiat
1998 1893 2116 1937 ponti-

87 1953 139 1979 sto
175 1946 457 1989 complantamur
492 1957 553 1989 per
587 1953 754 1986 mortem3
805 1954 944 1989 oportet
983 1947 1076 1979 enim
1128 1945 1181 1978 fici
1199 1944 1420 1988 interpellare
1440 1956 1502 1987 pro
1522 1945 1664 1988 populo,
1693 1951 1852 1989 oporteat
1869 1951 1983 1978 tamen
2001 1944 2115 1987 ipsum

87 1996 191 2039 plane
208 1996 411 2029 mortificari
429 2004 580 2030 veterem
600 1997 700 2029 illum
721 1997 852 2038 Atlam3
885 1999 916 2033 1.
934 1997 1013 2033 Cor.
1032 1997 1076 2031 X.
1127 1995 1429 2039 interpellatorem
1457 2007 1520 2039 pro
1544 2006 1615 2028 sese
1639 1995 1880 2039 interpellare3
1916 2006 1984 2039 quo
2007 1994 2117 2036 signi-

88 2046 209 2079 scribit
233 2045 382 2086 Paulus,
416 2053 531 2089 patres
560 2055 698 2080 nostros
723 2059 845 2080 omnes
870 2048 907 2080 in
927 2047 1076 2094 Moysen
1100 2047 1102 2051 ’
1130 2047 1268 2080 ficatum
1289 2051 1358 2085 est,
1386 2057 1458 2078 non
1483 2056 1555 2078 esse
1582 2057 1661 2078 vere
1686 2046 1866 2090 pontifices
1894 2043 1975 2083 hos,
2004 2044 2064 2089 qui
2083 2051 2115 2076 et

86 2097 278 2141 baptizatos
297 2107 368 2129 esse
386 2097 423 2128 in
449 2097 543 2129 nube
570 2105 602 2130 et
628 2098 662 2129 iu
681 2098 768 2130 mari
787 2098 822 2130 in
839 2098 1009 2143 Moysen,
1040 2099 1073 2131 id
1100 2135 1101 2139 Ἰ
1128 2097 1193 2141 ipsi
1211 2093 1365 2129 habeant
1387 2108 1474 2140 opus
1492 2096 1633 2140 aliquo,
1662 2097 1721 2140 qui
1748 2108 1810 2139 pro
1837 2096 1920 2140 ipsis
1946 2095 2115 2138 interpel-

88 2155 135 2181 est
155 2159 216 2191 per
233 2148 378 2180 verbum
397 2146 534 2192 Moysi,
559 2159 636 2180 cum
658 2148 716 2180 ille
738 2149 926 2181 consistere
942 2149 1078 2182 iuberet
1100 2150 1101 2158 ¹
1127 2149 1183 2181 let.
1238 2145 1396 2189 Quarto,
1423 2148 1609 2187 masculus,
1636 2148 1677 2179 ad
1696 2147 1951 2191 designandum
1967 2153 1997 2178 et
2008 2143 2113 2178 Chri-

88 2198 225 2232 visuros
241 2198 415 2240 magnalia
435 2198 510 2232 Dei.
564 2196 670 2240 Quod
696 2210 758 2242 per
781 2210 876 2231 mare
900 2199 1076 2243 ingre-lie·
1127 2198 1170 2232 sti
1209 2208 1355 2241 regnum
1387 2204 1422 2232 et
1453 2197 1646 2241 potentiam
1676 2197 1792 2236 verbi,
1841 2197 1969 2231 Psalm.
2000 2195 2113 2229 XXl.:

89 2251 234 2289 bantur,
258 2249 291 2281 id
310 2255 360 2282 est
383 2248 701 2282 mortificabantur:
738 2250 831 2293 quod
849 2250 960 2283 nubes
978 2262 1101 2301 prae·
1127 2248 1306 2292 Quoniam
1332 2249 1467 2281 domini
1492 2254 1540 2281 est
1560 2259 1717 2291 regnum.
1778 2248 1933 2291 Quinto,
1968 2248 2115 2281 annicu-

82 2300 253 2342 ¹cedebat,
302 2299 582 2335 vivificabantur.
657 2300 803 2340 Tertio,
845 2300 912 2333 fuit
949 2298 1075 2344 pascha
1099 2275 1102 2359 ἶ
1126 2300 1202 2340 lus,
1231 2299 1324 2344 quod
1344 2305 1444 2332 tener
1461 2299 1504 2332 sit
1526 2305 1559 2332 et
1583 2299 1770 2332 imbecillis
1789 2298 1968 2335 Christus
1997 2305 2033 2331 ut
2053 2311 2114 2342 ap-

90 2349 230 2384 ludaeis
243 2349 402 2393 signum,
430 2362 499 2395 quo
518 2351 812 2391 admonerentur,
839 2352 1018 2395 quomodo
1037 2363 1076 2384 ex
1099 2369 1102 2419 ὲ
1126 2350 1233 2395 pellat
1258 2361 1336 2383 eum
1354 2349 1473 2383 Esaias
1492 2348 1602 2382 Llll.:
1633 2349 1747 2382 virum
1773 2350 1937 2383 scientem
1967 2349 2115 2381 infirmi-

89 2402 249 2446 Aegypto
281 2401 398 2434 educti
431 2401 521 2439 sint,
565 2408 602 2435 ut
634 2408 778 2445 apparet
800 2400 912 2435 Exodi
936 2400 1020 2436 Xll.
1044 2396 1102 2454 et}
1126 2408 1242 2436 tatem.
1304 2398 1527 2433 Anniculum
1557 2400 1700 2444 quidam
1732 2406 1911 2444 exponunt
1942 2400 2114 2442 integram

90 2451 191 2486 Xlll.
243 2450 369 2491 Porro,
389 2452 470 2497 quia
488 2452 555 2486 suit
571 2451 776 2497 praeteritae
794 2452 843 2485 rei
860 2458 893 2485 et
910 2464 1076 2496 corpora·
1125 2458 1273 2486 aetatem
1305 2447 1514 2491 habentem,
1560 2457 1593 2484 et
1636 2451 1747 2484 robur
1791 2451 1888 2484 verbi
1931 2451 2112 2493 significat

88 2503 132 2536 lis
149 2508 441 2543 monumentum,
468 2510 559 2537 certe
581 2503 770 2547 figurabat,
798 2502 924 2536 melius
949 2500 1076 2547 pascha
1127 2502 1251 2543 Sexto,
1277 2501 1371 2546 quod
1390 2502 1484 2545 apud
1500 2512 1564 2534 nos
1589 2501 1730 2545 legitur:
1769 2502 1863 2536 iuxta
1886 2513 1988 2546 quem
2008 2501 2115 2534 ritum

88 2555 246 2587 futurum
268 2565 351 2587 esse.
407 2552 595 2598 Propterea
614 2553 768 2588 Hierem.
786 2553 852 2587 XV
859 2553 883 2589 l.
909 2555 1074 2599 scriptum
1127 2553 1259 2588 tolletis
1276 2559 1307 2586 et
1327 2549 1480 2584 hoedum
1494 2579 1503 2591 ,
1528 2551 1681 2585 Hebraei
1709 2550 1857 2586 habent:
1894 2552 1944 2584 Ex
1965 2552 2062 2595 agnis
2082 2559 2114 2584 et

116 2633 187 2635 μγ
220 2631 287 2635 ᾼᾈ
1127 2605 1240 2648 capris
1259 2603 1408 2645 tolletis,
1438 2603 1471 2635 itl
1488 2610 1556 2643 est,
1583 2605 1625 2637 tle
1639 2615 1740 2647 grege
1757 2602 1942 2648 accipietis.
1977 2602 2039 2637 Est
2054 2615 2118 2636 au-

123 2672 153 2699 9)
173 2670 264 2702 quod]
284 2670 350 2693 Tui).
368 2669 444 2699 quid.
1019 2682 1022 2688 .
1126 2661 1194 2690 tem
1211 2653 1424 2695 idiotismus3
1447 2653 1615 2697 significat
1631 2654 1722 2688 enim
1736 2652 1917 2689 Christum
1937 2661 2115 2698 acceptum

1126 1064 1303 1099 Annum
1338 1061 1510 1097 Iudaei
1541 1076 1564 1096 a
1602 1076 1694 1097 vere
1730 1062 1883 1097 ordiri
1909 1061 2111 1097 adsueti.

1177 1114 1358 1150 IlIensis
1389 1114 1477 1148 iste
1506 1114 1637 1148 vobis
1662 1114 1951 1161 principium
1982 1119 2055 1148 elc.
