2409 2915
19 176 39 335 Q

10 2450 13 2486 i

9 2491 12 2500 .

9 2506 12 2534 ε

18 995 23 1004 ‘
61 998 221 1039 cordiae,
255 1010 359 1043 quam
386 996 582 1043 Prophetae
615 1000 804 1043 praestitit,
839 1013 902 1034 nec
935 1000 1049 1034 solum

19 1043 23 1093 f
61 1047 172 1092 ipsam
190 1055 222 1082 et
240 1049 350 1082 fitium
366 1049 572 1093 largissimis
595 1051 760 1094 praemiis
783 1052 923 1085 ornavit
940 1051 1050 1089 Deus,

10 1112 11 1115 ¹
59 1099 119 1131 sed
140 1096 234 1133 haud
251 1099 357 1133 dubie
373 1106 483 1133 totum
502 1101 672 1144 oppidum
689 1102 796 1135 sensit
820 1102 893 1135 eius
918 1102 1048 1136 benefi-
1075 1085 1078 1134 l

0 2364 3 2391 ἶ
48 2378 273 2412 sericordiam
297 2389 376 2422 erga
401 2379 581 2420 diabolos,
617 2379 810 2423 pertinaces
842 2375 1036 2412 haereticos

75 96 150 132 573
329 94 411 130 XII.

471 91 864 130 ANNOTATIONES
890 92 957 129 ET
983 92 1261 130 CONCIONES
1290 94 1340 130 IN
1365 94 1544 133 EVANG.
1574 97 1857 135 MATTHAEI.

2026 101 2100 138 574

74 180 240 215 liberabit
256 192 335 215 eum
351 181 546 221 Dominus,
574 179 746 214 Dominus
762 180 915 214 servabit
931 193 1010 214 eum
1025 187 1059 215 et
1113 181 1262 224 gitemus
1281 183 1398 215 omnia
1417 192 1597 228 praecepta
1613 186 1657 218 de
1672 186 1845 228 castitate,
1872 186 1974 221 toties
1989 199 2007 221 a
2024 186 2098 221 Deo

74 232 284 272 vivificabit,
313 239 346 266 et
370 233 509 266 beatum
533 231 635 264 faciet
659 231 696 264 in
722 237 833 272 terra,
858 243 921 264 nec
944 233 1058 266 tradet

73 294 153 316 curn
170 283 343 316 voluntati
359 281 582 315 inimicorum
601 293 759 322 suorum,
782 281 957 316 Dominus
976 283 1056 330 opi-

72 333 244 367 tulabitur
261 334 291 366 ei
307 332 542 367 decumbenti.
585 330 642 365 Tu
657 333 755 366 Deus
771 333 917 377 depellis
934 345 1056 367 omues

72 383 147 417 eius
170 384 333 423 morbos,
366 389 398 415 et
421 383 605 416 universos
632 383 770 416 dolores
795 383 898 417 levas.
956 383 1055 424 ltem,

72 433 238 468 Proverb.
260 434 334 468 19.:
390 431 462 476 Qui
481 433 665 467 miseretur
682 434 814 477 inopis,
848 441 971 469 mutuo
995 436 1056 468 dat

70 484 240 521 Domino,
276 483 306 516 is
328 483 480 516 vicissim
508 484 562 516 illi
594 485 799 520 benefaciet.
860 483 907 519 Et
936 492 1053 530 postea

69 535 128 570 28.
147 545 238 577 cap.:
293 532 367 576 Qui
383 534 442 567 dat
467 535 633 579 pauperi,
667 547 739 568 non
766 535 957 583 indigebit,
993 535 1053 581 qui

69 596 149 618 vero
165 584 290 617 avertit
306 584 428 618 oculos
445 597 544 626 suos,
573 586 766 620 excutietur
782 598 822 619 ex
839 587 1003 622 fortunis,

166 640 302 676 Eodem
331 643 482 688 respexit
510 642 706 687 Dominus,
746 657 825 678 cum
858 645 906 679 sic
936 645 1053 691 inquit

64 690 249 729 Matthaei.
269 691 345 729 25.:
400 693 527 728 Venite
551 695 727 728 benedicti
753 696 862 739 patris
892 697 981 736 mei,
1014 708 1053 729 ac

63 744 234 788 possidete
251 741 503 779 haereditatem
522 746 621 789 regni
639 747 739 779 vobis
762 747 874 790 parati
893 747 976 780 inde
991 758 1051 781 us—

63 806 132 840 que
147 806 164 828 a
183 795 387 829 conditione
411 797 546 830 mundi.
600 794 742 830 Esurivi
762 797 874 836 enim,
896 805 929 831 et
951 797 1052 830 dedi-

62 845 123 879 stis
141 843 231 878 mihi
248 846 345 879 cibos
360 852 425 880 etc.
481 846 566 880 Item
586 847 690 881 tertio
705 847 843 891 Regum
865 847 921 883 17.
970 847 1051 881 Ma-

62 895 185 939 gnifice
202 897 424 941 praedicatur
441 898 693 941 pulcerrimum
711 900 906 943 exemplum
924 899 1051 932 viduae

63 945 292 990 sareptanae,
320 947 377 981 cui
393 949 570 982 cumulate
587 950 748 983 redditur
764 962 894 983 merces
912 950 1050 983 miseri·
1075 867 1079 1058 Ι

1074 1145 1077 1162 i

18 1145 20 1150 ⁸
60 1149 104 1181 cii
122 1150 263 1183 uberem
281 1151 433 1184 fructum
455 1163 492 1184 ac
510 1152 841 1196 compensationem.
1073 1171 1078 1252 1

159 1308 207 1343 At
224 1307 281 1342 hic
298 1316 436 1353 oportet
458 1309 565 1349 scire,
593 1316 731 1344 tantum
749 1320 827 1352 erga
852 1309 931 1342 illos
949 1321 1046 1342 exer-

57 1360 203 1393 cendam
222 1371 294 1392 esse
317 1360 610 1399 misericordiam,
638 1372 717 1403 erga
743 1371 831 1405 quos
848 1366 944 1402 pater
967 1372 1046 1392 coe-

58 1410 152 1443 lestis
175 1416 207 1443 et
230 1410 427 1443 misericors
455 1410 521 1443 fuit
546 1418 577 1444 et
601 1409 716 1444 adhuc
742 1417 811 1451 est,
838 1417 877 1444 ut
893 1422 972 1453 erga
989 1411 1046 1443 in-

55 1461 146 1494 iuste
162 1472 358 1507 oppressos,
385 1467 445 1494 aut
463 1461 565 1495 etiam
585 1473 663 1506 erga
683 1469 799 1496 sontes
816 1468 848 1494 et
865 1461 954 1494 male
972 1474 1044 1494 me-

55 1511 158 1549 ritos,
187 1523 409 1557 nequaquam
429 1519 545 1545 tamen
564 1511 808 1557 blasphemos,
835 1524 899 1545 nec
914 1512 1045 1555 impul-

54 1574 148 1595 sores
165 1569 197 1595 et
216 1569 356 1595 autores
375 1563 545 1595 scelerum
563 1563 660 1605 tales,
678 1564 798 1609 quales
814 1569 894 1596 sunt
911 1563 1044 1596 diaboli

55 1619 88 1646 et
113 1624 237 1646 omnes
261 1613 454 1656 pertinaces
479 1613 665 1655 idolatrae,
693 1611 889 1657 blasphemi
906 1620 939 1646 et
961 1611 1043 1646 hae—

56 1663 173 1704 retici,
200 1675 264 1696 nec
285 1675 363 1707 erga
379 1664 514 1697 validos
538 1665 794 1704 mendicantes,
821 1664 1044 1708 impudentes

52 1714 248 1754 stelliones,
284 1721 417 1756 petaces
442 1726 583 1748 errones
608 1728 646 1748 ac
671 1715 897 1759 impostores,
925 1714 1042 1759 quales

54 1765 183 1807 passim
203 1761 309 1796 hodie
328 1770 508 1806 vagantur.

152 1821 295 1855 Talium
323 1822 582 1855 calamitatibus
613 1834 684 1854 non
709 1822 877 1855 debemus
907 1821 1041 1854 moveri

52 1873 107 1906 vel
126 1872 229 1911 affici,
251 1884 314 1905 nec
333 1872 417 1916 ipsis
435 1874 622 1906 subvenire
640 1873 694 1905 vel
713 1872 927 1915 benefacere,
951 1872 1042 1905 sicut

53 1923 232 1968 sequentia
244 1923 443 1957 testimonia
461 1924 551 1957 clare
563 1923 794 1967 praecipiunt,
811 1921 1040 1957 2.10han.1.:

53 1973 91 2008 Si
110 1973 189 2018 quis
206 1974 302 2008 venit
320 1975 363 2007 ad
380 1985 452 2015 vos,
467 1981 500 2008 et
517 1972 607 2007 hanc
622 1974 819 2007 doctrinam
839 1986 910 2006 non
927 1973 1039 2013 affert,

51 2036 125 2057 non
139 2024 283 2067 recipite
301 2025 401 2058 illum
417 2025 454 2058 in
469 2026 582 2066 aedes,
606 2037 668 2058 nec
687 2025 834 2059 salutem
855 2025 906 2057 illi
924 2024 1040 2064 dicite,

52 2073 125 2117 Qui
142 2074 236 2107 enim
254 2075 339 2108 dicit
361 2075 432 2116 illi,
462 2076 584 2117 Salve,
611 2076 848 2109 communicat
872 2076 1039 2120 operibus

51 2124 126 2157 eius
143 2124 258 2158 malis.
313 2124 395 2158 ltem
412 2124 563 2161 2.Thes.
581 2129 631 2162 3.:
659 2127 696 2161 Si
713 2127 790 2171 quis
806 2138 878 2159 non
896 2127 970 2159 vult
987 2126 1038 2158 la—

50 2177 195 2214 borare,
236 2187 308 2208 non
339 2177 536 2209 manducet.
602 2175 818 2210 Audivimus
852 2177 946 2209 enim
975 2183 1036 2210 etc.

50 2224 278 2261 Proverb.5.:
314 2224 366 2259 Ne
383 2228 443 2259 des
461 2226 584 2259 alienis
600 2225 771 2260 honorem
790 2235 900 2267 tuum,
927 2233 958 2260 et
974 2238 1037 2259 an-

48 2288 114 2310 nos
130 2283 207 2310 tuos
223 2277 369 2310 crudeli.
424 2276 537 2311 Lucae
552 2277 606 2310 9.:
641 2277 762 2312 Estote
783 2278 1037 2317 misericordes,
1062 2291 1064 2302 ·

49 2327 138 2361 sicut
153 2334 252 2372 pater
268 2333 380 2361 vester
395 2329 552 2362 coelestis
576 2336 638 2363 etc.
679 2327 710 2362 Is
728 2340 801 2361 uon
820 2335 951 2361 exercet
970 2328 1036 2360 mi·

476 1249 660 1280 Exceptio.
1070 1256 1077 1483 ί

1068 1713 1071 1729 l

50 2435 83 2462 et
100 2426 335 2473 blasphemos.

1076 1042 1382 1076 ¹abominationes
1416 1042 1636 1085 huiusmodi,
1672 1052 1762 1079 terra
1797 1054 1945 1082 evomet.

98 2539 212 2574 Beati
226 2537 363 2573 mundo
382 2538 511 2582 corde,
537 2541 628 2585 quia
649 2540 774 2574 Deum
795 2537 981 2574 videbunt.

148 2605 243 2641 Haec
271 2607 442 2652 particula
472 2608 630 2651 loquitur
653 2609 697 2641 de
727 2608 899 2648 castitate,
933 2607 1033 2642 Beati

1059 2578 1061 2592 4
1086 2571 1171 2604 quas
1193 2560 1348 2600 amabat,
1381 2560 1450 2593 ruit
1472 2559 1509 2592 in
1534 2560 1745 2595 idolatriam.

1112 232 1267 275 repetita.
1309 231 1506 267 Horribilia
1525 236 1627 268 etiam
1646 248 1840 280 poenarum
1857 238 2013 283 exempla
2030 251 2095 272 no-

1110 282 1164 315 his
1185 294 1436 330 proponamus⁴

1421 375 1508 404 Quid
1528 378 1582 400 est
1602 377 1780 404 castitas?

1208 431 1368 468 Primum
1394 435 1502 478 igitur
1523 437 1629 476 scias,
1664 439 1857 473 castitatem
1884 453 1956 475 esse
1980 444 2094 477 virtu-

1107 490 1176 517 tem
1189 509 1198 522 ,
1227 497 1316 529 quae
1332 486 1417 520 vitat
1434 499 1558 520 omnes
1575 489 1840 523 commixtiones
1857 498 1889 524 et
1908 493 2094 527 effusiones

1107 535 1250 568 seminis
1268 533 1466 579 prohibitas
1484 539 1557 581 lege
1573 537 1651 579 Dei,
1673 546 1711 573 ut
1728 541 1967 582 scortationes,
1992 545 2093 577 adul-

1107 585 1213 626 teria,
1241 586 1388 621 incestas
1406 590 1675 623 consuetudines
1693 597 1755 623 etc.
1794 589 1841 625 Et
1855 593 2094 636 adiungantur

1107 637 1149 669 ad
1179 638 1494 672 considerationem
1527 637 1652 673 harum
1685 639 1968 685 prohibitionum
1999 656 2094 677 com—

1105 687 1317 721 minationes
1340 701 1535 732 poenarum
1564 691 1863 734 tristissimarum,
1900 706 1963 727 nec
1987 696 2094 727 dubi-

1106 744 1218 771 temus
1243 738 1356 772 Deum
1380 738 1601 774 horribiliter
1624 742 1725 774 irasci
1753 744 1847 786 vagis
1871 744 2093 785 libidinibus,

1106 795 1139 821 et
1174 795 1326 822 atrocem
1356 790 1582 824 violationem
1620 789 1726 825 huius
1759 796 1935 837 praecepti
1971 796 2091 839 puniri

1106 851 1183 871 cum
1208 840 1384 873 atrocibus
1416 842 1539 885 poenis
1568 842 1604 874 in
1633 839 1698 876 hac
1722 844 1863 877 mortali
1888 845 1978 885 vita,
2013 853 2086 879 tum

1104 897 1181 933 post
1201 887 1290 923 hanc
1306 892 1414 925 vitam
1439 893 1659 937 sempiternis
1677 894 1859 937 suppliciis
1881 896 2091 929 universali-

1104 948 1155 974 ter
1170 941 1205 972 in
1223 942 1388 975 omnibus
1406 955 1477 975 nou
1495 944 1679 986 agentibus
1695 945 1957 988 poenitentiam.
2000 946 2088 979 Nam

1103 991 1252 1024 Levitici
1281 993 1336 1027 18.
1372 993 1457 1027 dicit
1496 995 1614 1027 Dens:
1671 992 1807 1029 Omnes
1842 997 1902 1041 qui
1941 997 2087 1030 fecerint

1999 1047 2086 1081 Item

1102 1090 1259 1125 Ebraeos
1290 1094 1361 1129 12:
1401 1094 1619 1128 Scortatores
1654 1103 1687 1129 et
1713 1096 1888 1130 adulteros
1918 1098 2089 1132 iudicabit

1102 1142 1206 1176 Deus.
1250 1142 1348 1184 Item,
1377 1146 1405 1178 1.
1424 1143 1585 1181 Corinth.
1605 1147 1657 1180 6.:
1687 1145 1805 1180 Nolite
1829 1160 1964 1188 errare,
1992 1161 2088 1182 scor-

1102 1200 1248 1231 tatores,
1281 1195 1452 1236 adulteri,
1485 1208 1558 1228 non
1583 1197 1813 1240 possidebunt
1843 1210 1988 1242 regnum
2012 1199 2088 1232 Dei.

1100 1244 1153 1276 Ac
1170 1244 1248 1276 ideo
1267 1250 1336 1277 tam
1360 1257 1477 1279 severe
1494 1246 1588 1279 Deus
1612 1248 1726 1281 sanxit
1743 1249 1953 1291 castitatem,
1979 1256 2019 1283 ut
2035 1261 2088 1283 es-

1101 1301 1151 1327 set
1169 1294 1316 1336 insignis
1341 1302 1373 1328 et
1390 1298 1577 1340 conspicua
1599 1298 1728 1338 virtus,
1755 1300 1957 1333 discernens
1970 1298 2086 1333 Deum

1099 1356 1118 1377 a
1136 1345 1287 1377 diabolis
1304 1352 1335 1378 et
1352 1346 1430 1379 aliis
1447 1347 1639 1380 immundis
1660 1349 1804 1383 naturis.

1193 1394 1262 1428 Hic
1276 1395 1381 1429 etiam
1398 1398 1497 1430 vobis
1518 1396 1743 1431 horribilium
1759 1411 1951 1443 poenarum
1971 1412 2086 1433 exem-

1098 1445 1154 1489 pla
1171 1447 1369 1490 proponite.
1422 1447 1575 1481 Sodoma
1593 1450 1853 1492 conflagrarunt
1871 1458 2013 1494 propter
2029 1451 2086 1483 in-

1098 1503 1205 1529 cestas
1221 1497 1396 1531 libidines.
1451 1497 1503 1532 Ac
1519 1499 1612 1533 Deus
1628 1500 1701 1544 ipse
1718 1500 1921 1534 Cananaeos
1936 1502 2085 1535 affirmat

1070 1569 1071 1574 ,
1098 1554 1241 1591 propter
1258 1548 1406 1582 incestas
1425 1550 1592 1583 libidines
1607 1552 1738 1584 deletos
1756 1563 1839 1586 esse.
1874 1552 1997 1586 Postea
2013 1553 2084 1585 sere

1097 1605 1167 1630 tota
1188 1599 1300 1631 tribus
1316 1598 1503 1634 Beniamin
1518 1601 1629 1634 deleta
1650 1609 1699 1635 est
1725 1610 1868 1645 propter
1892 1609 2084 1646 stupratam

1098 1647 1239 1681 Levitae
1263 1661 1427 1688 uxorem,
1459 1650 1616 1683 [uilicum
1635 1652 1697 1684 ΞΟ.
1754 1651 1821 1692 lta,
1848 1660 1885 1686 ut
1910 1653 2084 1687 interfice—

1097 1705 1220 1730 rentur
1237 1699 1359 1740 vigiuti
1380 1700 1535 1745 quinque
1554 1702 1665 1734 millia
1684 1700 1869 1735 homiuum
1889 1704 2083 1737 bellicosis·

1096 1748 1280 1781 simorum.
1334 1749 1420 1783 Item
1444 1749 1589 1783 Davidis
1613 1753 1824 1785 adulterium
1849 1766 1991 1797 magnas
2017 1754 2082 1798 ipsi

1095 1805 1129 1831 et
1149 1810 1256 1842 reguo
1273 1800 1485 1834 calamitates
1508 1802 1634 1835 attulit.
1697 1802 1808 1836 Porro
1833 1804 1962 1847 singuli
1987 1805 2081 1848 cogi-

1095 1855 1168 1882 tent
1192 1861 1230 1882 ac
1254 1851 1422 1883 memoria
1445 1859 1602 1895 repetant
1632 1850 1796 1886 historias
1820 1861 1953 1887 veteres
1977 1863 2081 1901 atque

1095 1907 1269 1940 recentes,
1311 1901 1346 1933 in
1371 1901 1499 1946 quibus
1523 1903 1680 1947 exempla
1707 1911 1852 1938 cernent
1875 1917 2080 1949 poenarum,

1094 1961 1157 1993 per
1175 1963 1295 1984 omnes
1311 1959 1430 1994 gentes
1447 1953 1614 1986 omnibus
1630 1955 1848 1998 temporibus
1866 1957 2080 1999 vagantium,

1092 2001 1151 2033 sed
1169 2002 1356 2045 praecipua
1372 2009 1405 2036 et
1429 2003 1625 2037 tristissima
1643 2016 1754 2048 poena
1780 2006 1992 2049 impuritatis
2016 2014 2077 2048 est,

1092 2051 1135 2084 de
1158 2063 1226 2096 qua
1246 2051 1377 2085 Paulus
1398 2053 1528 2098 iuquit:
1555 2053 1733 2089 Coecitate
1758 2057 1878 2100 puniri
1902 2058 2078 2098 libidines,

1093 2101 1187 2136 iuxta
1205 2101 1306 2135 Pauli
1324 2103 1433 2144 dicta,
1463 2105 1504 2137 ad
1523 2103 1697 2139 Romanis
1718 2108 1746 2141 1.
1771 2114 1803 2140 et
1818 2105 1991 2151 Ephesios
2009 2109 2043 2142 4.

1196 2151 1314 2197 ltaque
1339 2162 1546 2198 conspectus
1567 2163 1599 2189 et
1622 2158 1856 2191 consideratio
1882 2170 2074 2201 poenarum

1093 2203 1258 2237 exuscitet
1284 2211 1318 2237 et
1339 2213 1461 2248 augeat
1488 2206 1526 2238 in
1549 2207 1651 2240 nobis
1676 2208 1836 2240 timorem
1858 2207 1936 2242 Dei.
1988 2209 2076 2243 Pro·

1091 2253 1273 2287 missiones
1297 2268 1378 2288 vero
1405 2256 1524 2290 dulces
1550 2264 1582 2290 et
1609 2258 1744 2301 amplae
1768 2258 1907 2292 flectant
1938 2260 2074 2293 animos

1090 2305 1133 2337 ad
1155 2316 1309 2338 amorem
1330 2307 1516 2347 castitatis,
1545 2307 1633 2341 sicut
1658 2315 1689 2341 et
1714 2306 1770 2341 hic
1793 2309 1952 2343 additur:
1979 2309 2072 2353 Quia

1090 2354 1206 2389 Deum
1232 2357 1422 2400 videbunt,
1459 2355 1524 2390 hoc
1547 2364 1615 2398 est,
1650 2359 1835 2401 securitas,
1868 2361 2014 2394 coecitas
2040 2368 2073 2394 et

1088 2406 1187 2439 furor
1209 2407 1423 2441 comitantur
1445 2408 1628 2448 libidines,
1660 2411 1956 2454 quemadmodum
1980 2411 2072 2444 cives

1089 2457 1125 2490 in
1149 2456 1313 2492 Sodomis
1338 2458 1507 2491 excoecati
1531 2466 1563 2493 et
1586 2467 1741 2493 amentes
1759 2462 1979 2495 accersebant
2003 2462 2071 2495 sibi

1087 2507 1242 2542 exitium.
1296 2508 1396 2550 Item,
1424 2515 1461 2542 ut
1477 2508 1646 2543 Salomon
1662 2510 1698 2543 in
1718 2512 1864 2553 gratiam
1880 2512 2069 2545 mulierum

1800 2561 1915 2605 Quam
1941 2563 2071 2597 multos

1085 2617 1299 2654 praestantes
1316 2610 1482 2653 ingeniis,
1511 2611 1711 2651 autoritate,
1738 2612 1928 2657 sapientia,
1951 2614 2069 2647 erudi-

8 2660 11 2705 ξ
52 2653 214 2692 habentes
237 2670 298 2693 cor
320 2665 464 2695 castum.
513 2656 560 2693 Et
582 2656 639 2693 hic
662 2665 793 2694 attente
811 2671 850 2693 ac
868 2659 957 2693 serio
968 2660 1032 2693 ‘co-
1057 2649 1061 2697 l
1085 2661 1182 2695 tione
1208 2660 1321 2705 Reges
1343 2661 1446 2695 etiam
1471 2668 1574 2706 atque
1598 2661 1796 2707 Principes,
1830 2663 1977 2707 legimus
2003 2665 2067 2698 ob-
