2409 2915
56 120 132 156 929
324 117 407 153 XII.

157 202 254 237 Haec
269 209 320 237 est
339 202 596 246 simplicissima
616 208 649 235 et
672 213 752 234 vera
772 202 962 235 declaratio
981 199 1050 235 hu-

58 255 115 289 ius
132 255 231 296 dicti,
257 261 291 288 et
309 254 399 287 bene
417 253 646 291 observanda,
673 253 754 296 quia
768 253 928 296 Papistae
950 253 1049 286 valde

57 306 252 350 depravant
282 302 350 338 hoc
382 299 527 338 dictum.
594 301 642 336 Et
675 309 792 336 tamen
824 304 924 336 fateri
955 304 1048 347 ipsos

58 368 198 402 quoque
221 361 379 400 oportet,
410 354 504 399 quod
532 364 606 386 non
629 360 769 387 servent
794 355 958 388 mandata
974 353 1048 387 De—

58 407 182 451 calogi.
244 406 313 441 Sed
341 412 391 439 est
413 405 463 438 eis
485 403 653 438 usitatum
680 404 777 449 loqui
803 404 840 437 in
870 402 1048 450 hypocrisi

60 457 296 491 mendacium.

160 507 303 541 Tertius
334 505 504 539 articulus
534 506 578 538 de
610 506 806 549 ignorantia
839 503 1049 539 Pharisaeo-

59 570 139 592 rum
168 557 266 591 illius
305 557 493 600 temporis,
536 564 571 590 et
606 564 656 590 est
688 557 815 590 similis
848 556 1048 599 ignorantia

58 609 250 643 multorum
276 607 443 640 omnibus
468 608 699 651 temporibus.
752 606 816 640 Ille
842 608 986 651 putabat
1012 619 1047 640 se

58 659 126 702 legi
142 658 209 692 Dei
225 658 440 698 satisfacere,
468 664 502 691 et
526 660 692 692 audacter
717 660 924 702 respondet:
953 657 1047 691 Haec

57 709 174 743 omnia
194 710 382 744 custodivi.

159 758 218 793 Sic
240 766 325 793 tunc
341 758 521 793 Pharisaei
547 760 763 800 docuerunt,
798 768 830 794 et
851 760 899 792 sic
917 759 1046 792 Mona-

59 808 116 844 chi
149 811 366 851 docuerunt,
403 808 582 843 hominem
607 821 706 852 posse
732 811 799 854 legi
822 810 887 843 Dei
910 810 1045 843 satissa-

59 872 158 901 cere,
183 868 216 896 et
233 869 373 896 externa
390 873 496 905 opera
517 872 588 894 esse
611 861 853 904 impletionem
879 861 985 903 legis,
1013 866 1047 893 et

58 912 186 945 mereri
202 912 446 946 remissionem
468 918 709 959 peccatorum,
745 919 777 945 et
801 912 908 945 vitam
934 918 1046 944 aeter-

59 974 158 995 nam:
194 969 228 996 et
253 961 412 995 homines
446 973 547 1006 posse
571 962 723 1005 amplius
750 964 882 1002 facere,
910 968 942 995 et
966 973 1045 1005 per-

58 1013 246 1047 fectionem
264 1025 356 1054 esse,
383 1014 495 1046 facere
516 1024 619 1056 opera
644 1013 985 1059 supererogationis,
1012 1019 1044 1045 et

58 1064 96 1096 in
127 1075 281 1104 summa,
324 1064 426 1097 multi
457 1064 538 1097 tetri
565 1070 597 1096 et
624 1064 811 1107 perniciosi
845 1075 979 1097 errores
1003 1063 1045 1095 de

58 1115 133 1158 lege
149 1122 267 1148 extant
283 1112 390 1147 hodie
414 1115 452 1146 in
471 1115 631 1148 doctrina
648 1112 923 1148 Monachorum.
976 1113 1046 1148 Sed

59 1177 125 1198 nos
142 1166 292 1199 sciamus
320 1166 357 1197 in
374 1164 528 1198 Ecclesia
551 1172 707 1198 nostram
733 1165 921 1200 miseriam.
974 1163 1046 1197 Lex

59 1215 126 1249 Dei
158 1223 208 1250 est
231 1216 400 1260 sapientia
434 1222 466 1249 et
503 1216 636 1249 iustitia
665 1214 750 1255 Dei,
793 1216 973 1260 postulans
1007 1221 1045 1247 ut

59 1273 199 1300 nostrae
216 1274 349 1300 mentes
366 1273 399 1300 et
415 1267 520 1299 corda
543 1274 739 1309 congruant
756 1278 835 1299 cum
853 1266 911 1299 illa
927 1265 1046 1309 regula

59 1317 189 1350 mentis
219 1317 372 1351 divinae.
442 1316 513 1350 Nec
550 1324 687 1351 tantum
720 1317 874 1360 postulat
904 1323 1045 1349 externa

57 1368 167 1408 sacta,
200 1370 260 1401 sed
285 1379 407 1400 omnes
438 1367 539 1401 fateri
569 1367 746 1409 cogimur,
788 1373 906 1400 nostra
942 1367 1047 1399 corda

58 1418 162 1461 plena
187 1429 258 1451 esse
282 1418 455 1451 malarum
479 1417 733 1461 cupiditatum,
767 1424 800 1451 et
825 1428 1046 1462 nequaquam

55 1479 248 1512 congruere
266 1480 344 1502 cum
361 1469 435 1510 lege
450 1466 532 1501 Dei.
584 1467 667 1501 Ideo
693 1468 824 1501 iudicat
847 1475 880 1501 et
905 1469 1048 1500 damnat

58 1519 113 1552 lex
129 1530 269 1559 omnes,
293 1519 382 1553 sicut
400 1518 532 1552 Paulus
556 1519 659 1552 dicit:
698 1517 745 1553 Ut
774 1526 867 1552 totus
892 1520 1047 1551 muudus

58 1570 103 1603 sit
119 1581 199 1603 reus
216 1569 305 1603 Deo.

160 1619 262 1654 Hanc
284 1619 483 1653 doctrinam
502 1630 640 1652 neccsse
655 1627 706 1654 est
722 1621 759 1652 in
778 1618 936 1654 Ecclesia
956 1620 1045 1653 bene

60 1671 221 1714 intelligi.
289 1669 336 1704 Et
364 1670 538 1703 discamus
569 1671 731 1703 accedere
763 1672 807 1704 ad
831 1671 946 1705 Deum
982 1671 1049 1702 fide

60 1722 124 1755 filii
141 1722 226 1760 Dei,
253 1729 286 1755 et
300 1723 473 1754 fateamur
496 1731 559 1752 nos
585 1732 656 1753 esse
680 1722 902 1763 immundos,
930 1728 962 1755 et
987 1732 1048 1753 ne-

62 1785 239 1818 quaquam
253 1772 449 1806 satisfacere
465 1771 530 1813 legi
546 1769 623 1805 Dei.

165 1822 323 1865 Quartus
360 1822 529 1856 articulus
571 1821 700 1855 iterum
736 1828 787 1855 est
824 1820 1049 1865 reprehensio

63 1872 270 1919 hypocrisis.

59 1922 108 1958 Et
125 1922 289 1958 Christus
305 1924 448 1957 mandat
474 1923 526 1962 ei,
553 1929 592 1956 ut
615 1924 745 1956 vendat
767 1935 864 1956 suam
890 1922 1051 1957 haeredi-

63 1982 188 2016 tatem,
214 1982 248 2009 et
265 1976 324 2009 fiat
339 1974 500 2008 minister
515 1972 709 2016 Evangelii.
763 1973 830 2007 Hic
853 1976 969 2017 patefit
986 1972 1053 2019 hy-

63 2025 227 2070 pocrisis,
260 2025 343 2071 quia
375 2037 448 2059 non
479 2025 556 2058 vult
588 2026 829 2068 obtemperare
864 2023 947 2058 huic
978 2025 1052 2058 Do-

63 2089 181 2117 min0‚
214 2089 319 2122 quem
351 2082 452 2109 antea
485 2082 668 2109 vocaverat
698 2076 830 2108 bonum
856 2077 1051 2109 doctorem:
1077 2095 1079 2130 ὲ
1109 2095 1220 2130 Amen
1248 2093 1328 2129 dico
1355 2095 1472 2129 cobis:
1511 2096 1629 2132 Dives
1665 2098 1868 2149 dzsficulter
1903 2106 2018 2142 intrat
2054 2110 2091 2143 in

64 2135 97 2161 et
118 2127 230 2170 pluris
250 2127 332 2161 facit
356 2127 520 2168 divitias,
547 2138 651 2171 quam
668 2127 906 2161 ministerium
931 2125 1053 2160 Evan-

65 2178 159 2221 gelii.

169 2227 270 2261 Hanc
286 2225 596 2271 reprehensionem
613 2228 889 2271 consideremus,
907 2235 940 2261 et
957 2240 1054 2260 scru-
1080 2260 1081 2265 ,

658 2290 703 2311 an
734 2279 884 2311 velimus
912 2285 1055 2322 propter
1079 2270 1081 2311 '1

803 2328 871 2362 llic
896 2329 1056 2361 invenie·

64 2288 180 2314 temur
213 2286 330 2313 nostra
359 2279 462 2312 corda
494 2279 614 2319 etiam,

65 2329 300 2373 Evangelium
318 2341 372 2362 res
389 2336 422 2362 et
445 2329 553 2363 vitam
578 2329 748 2362 amittere.

68 2393 145 2415 mus
177 2381 281 2415 etiam
316 2380 354 2413 in
387 2380 490 2414 nobis
521 2391 682 2423 magnam
708 2379 966 2418 infirmitatem,
995 2381 1054 2412 sed

460 113 854 153 ANNOTATIONES
882 114 947 150 ET
976 114 1259 153 CONCIONES
1288 116 1337 152 IN
1364 116 1548 155 EVANG.
1576 117 1855 156 ΜΑΤΤΗΑΕΙ.

2018 127 2094 162 930

1201 202 1268 236 llic
1286 204 1440 248 primum
1458 204 1639 238 sciendum
1660 214 1730 251 est,
1755 210 1849 253 quod
1867 216 1938 244 tota
1957 211 2015 245 illa
2036 213 2091 245 in-

1100 254 1198 287 sania
1217 252 1476 287 Monachorum
1490 282 1498 294 ,
1523 257 1618 299 quod
1643 257 1818 293 finxerunt
1838 261 2088 304 perfectionem

1100 316 1190 345 esse,
1215 305 1417 349 relinquere
1436 305 1629 344 facultates,
1655 308 1728 341 fieri
1747 309 1978 353 Monachum,
2006 322 2087 348 sunt

1099 367 1234 388 errores
1252 355 1439 394 diabolici,
1466 356 1546 400 quia
1572 358 1737 400 perfectio
1761 373 1833 394 non
1852 369 1900 395 est
1919 363 1954 396 in
1970 365 2087 407 operi-

1098 407 1163 440 bus
1181 418 1198 439 a
1213 405 1285 439 Deo
1304 418 1376 438 non
1396 406 1581 445 mandatis,
1609 409 1652 441 de
1671 411 1798 453 quibus
1816 412 1964 448 dicitur:
1995 414 2085 449 Fru-

1098 464 1168 490 stra
1185 457 1307 490 colunt
1323 468 1378 489 me
1394 457 1568 490 mandatis
1587 455 1784 496 hominum.

1199 515 1382 553 Secundo,
1417 527 1521 548 nemo
1542 513 1727 551 hominum
1753 522 1902 563 perfecte
1927 525 2007 558 facit
2032 526 2084 558 le-

1097 578 1173 610 gem
1197 567 1279 607 Dei,
1306 573 1444 610 praeter
1470 564 1663 604 Christum.
1724 569 1800 603 Imo
1826 585 1947 607 omnes
1975 573 2083 609 habe-

1097 629 1174 651 mus
1190 624 1328 661 peccata
1342 644 1350 657 ,
1377 624 1414 650 ut
1431 616 1590 651 psalmus
1606 619 1707 653 dicit:
1736 620 1817 655 Non
1837 623 2084 659 iustificabitur

1096 670 1134 702 in
1168 674 1355 712 conspectu
1379 674 1438 701 tuo
1464 669 1578 701 omnis
1604 670 1737 706 vivens.
1791 672 1893 706 ltem:
1932 674 1971 708 Si
1995 677 2083 709 dici-

1096 731 1193 758 mus,
1222 719 1316 764 quod
1345 725 1480 762 peccata
1506 731 1577 752 non
1598 717 1787 763 habemus,
1814 726 1998 760 mendaces
2025 739 2083 760 su—

1095 782 1184 804 mus.
1240 769 1321 802 ideo
1341 769 1502 812 superbia
1522 770 1580 802 illa
1599 771 1826 813 gloriantium
1840 802 1849 813 ,
1881 785 1911 807 et
1930 777 1996 809 sihi
2017 779 2080 812 tri-

1096 821 1280 854 buentium
1314 819 1581 864 perfectionem,
1624 822 1671 856 bic
1705 825 1992 871 volfomtncnbcitl
2034 837 2084 863 cst

1096 872 1311 905 detestanda.

1198 929 1246 964 Et
1279 930 1492 964 vocabulum
1525 931 1696 974 perfectus
1726 932 1783 967 hic
1815 948 1887 970 non
1913 939 2084 982 significat

1097 983 1317 1021 volfommcn,
1360 981 1414 1014 cui
1448 978 1539 1014 nihil
1572 983 1685 1024 deest,
1720 987 1780 1018 sed
1808 995 1858 1021 est
1882 992 2082 1034 oppositum

1096 1031 1316 1078 hypocritae,
1357 1032 1383 1063 si
1409 1031 1461 1064 vis
1484 1044 1556 1065 esse
1583 1035 1772 1077 perfectus,
1814 1038 1849 1071 id
1879 1047 1947 1081 est,
1989 1043 2083 1087 recht:

1095 1083 1247 1129 fd>offcnl
1282 1093 1322 1118 οη
1347 1081 1527 1126 Ι>ΰυά)εῐεὶ>,
1557 1084 1638 1128 quia
1655 1083 1816 1120 Christus
1840 1091 1914 1123 vult
1946 1089 2013 1126 hoc
2036 1095 2084 1126 si-

1096 1136 1281 1178 gnificare,
1311 1131 1404 1166 hunc
1430 1145 1502 1166 esse
1534 1132 1764 1179 hypocritam.
1818 1138 1898 1173 Non
1923 1139 1988 1176 hoc
2008 1145 2083 1177 vult

1097 1187 1303 1225 concedere,
1329 1184 1424 1228 quod
1439 1185 1558 1218 fecerit
1577 1186 1707 1229 legem,
1735 1196 1766 1222 et
1793 1196 1928 1224 tantum
1948 1194 2083 1240 aliquid

1097 1237 1186 1270 desit
1204 1235 1420 1280 perfectioni.

1199 1294 1324 1328 Sextus
1353 1294 1538 1327 articulus:
1585 1293 1695 1329 Estne
1719 1299 1904 1341 perfectio,
1935 1304 1989 1336 vel
2017 1305 2082 1339 bo-

1097 1357 1184 1379 num
1203 1356 1310 1387 opus,
1339 1344 1540 1388 relinquere
1554 1345 1759 1381 facultates?

1200 1403 1360 1437 Primum
1377 1403 1584 1447 respondeo,
1638 1404 1711 1438 lam
1729 1408 1801 1441 dixi
1822 1422 1895 1444 non
1919 1424 1990 1447 esse
2007 1426 2086 1459 per-

1098 1456 1298 1490 sectionem.

1201 1513 1383 1553 Secundo,
1411 1515 1539 1559 duplex
1559 1522 1609 1549 est
1625 1516 1794 1553 desertio:
1826 1533 1896 1555 una
1918 1536 2005 1569 quae
2023 1524 2087 1560 ha-

1073 1584 1074 1588 =
1099 1566 1157 1598 bet
1182 1565 1386 1598 mandatum
1406 1566 1494 1604 Dei,
1520 1573 1560 1600 ut
1585 1567 1623 1600 in
1646 1570 1882 1613 confessione,
1905 1576 1967 1607 ubi
1991 1575 2087 1610 Deus

1099 1615 1269 1660 praecipit
1302 1615 1417 1659 potius
1451 1617 1628 1650 discedere
1659 1631 1676 1651 a
1701 1620 1944 1666 facultatibus,
1981 1640 2087 1671 quam

1100 1667 1252 1699 abiicere
1284 1666 1538 1700 confessionem
1563 1669 1755 1704 doctrinae.
1811 1672 1907 1708 Haec
1935 1677 2087 1712 desertio

1074 1725 1076 1735 ¹
1100 1717 1307 1750 facultatum
1325 1723 1375 1750 est
1392 1729 1480 1761 opus
1498 1719 1644 1752 bonum.

1203 1775 1284 1807 Alia
1301 1776 1451 1809 desertio
1478 1784 1527 1810 est
1553 1777 1628 1810 sine
1651 1781 1817 1814 mandato
1834 1781 1921 1829 Dei,
1946 1794 1984 1821 ut
2009 1801 2088 1823 cum

324 1872 391 1906 Iste
408 1873 521 1906 fuerat
537 1872 705 1906 oloriatus
750 1884 784 1905 se
800 1873 816 1905 f
836 1885 912 1906 cere
930 1874 1038 1905 leuem
1074 1860 1077 1890 ἵ
1102 1823 1273 1859 nomem
1299 1827 1355 1858 vel
1381 1826 1632 1871 Anabaptisme
1666 1842 1720 1862 res
1753 1843 1832 1865 suas
1869 1837 2088 1883 relinquunt.

536 1897 554 1915 t>
716 1899 725 1912 ⁹
815 1887 831 1905 Ἀ
963 1899 981 1916 t>
1043 1897 1051 1905 ·

1101 1876 1198 1910 Haec
1222 1888 1295 1909 non
1321 1884 1370 1910 est
1396 1878 1530 1911 bonum
1563 1891 1667 1922 opus,
1704 1881 1776 1915 imo
1801 1882 1896 1919 Deus
1917 1890 1992 1923 vult
2018 1903 2090 1924 esse

1103 1927 1343 1967 oeconomias,
1379 1935 1411 1962 et
1437 1929 1512 1961 vult
1537 1942 1600 1963 nos
1623 1932 1753 1965 servire
1772 1933 1809 1966 in
1829 1933 1892 1971 hac
1910 1943 2089 1975 communi

1103 1979 1173 2012 vita
1185 2005 1194 2019 ,
1220 1990 1294 2011 non
1309 1979 1385 2012 vult
1402 1991 1466 2013 nos
1481 1980 1599 2023 sugere
1614 1981 1650 2014 in
1667 1982 1788 2025 silvas,
1816 1993 1878 2020 etc.

1375 2159 1524 2193 regnum
1554 2149 1732 2185 coelorum
1761 2159 1822 2190 etc.

1209 2223 1278 2258 Hic
1296 2224 1474 2258 docendae
1488 2233 1570 2259 sunt
1588 2229 1823 2263 conscientiae
1840 2233 1883 2265 de
1899 2236 2016 2278 regula
2037 2250 2093 2271 oe-

1108 2276 1236 2314 nerali,
1265 2276 1360 2320 quod
1378 2274 1612 2319 Evangelium
1629 2290 1701 2311 non
1719 2281 1834 2315 abolet
1851 2265 2094 2323 ordinatioiics

1108 2327 1368 2365 oeconomicas,
1393 2339 1455 2359 nec
1477 2327 1646 2369 politicas.
1699 2330 1767 2364 Sed
1791 2341 1840 2366 est
1867 2337 2026 2371 doctrina
2051 2342 2094 2374 de

1080 2390 1082 2399 ¹
1108 2379 1176 2411 fide
1199 2384 1233 2412 et
1258 2389 1338 2410 vera
1363 2377 1585 2411 invocatione
1610 2378 1692 2417 Dei,
1729 2389 1762 2415 et
1787 2396 1864 2418 ver-:1
1893 2388 2094 2425 obedientia

67 2439 186 2466 tamen
217 2444 290 2464 non
315 2432 553 2470 discedamus,
586 2431 675 2464 sicut
703 2431 766 2464 iste
789 2431 962 2471 discessit,
997 2431 1056 2464 sed
1080 2418 1084 2462 i
1110 2429 1226 2462 cordis
1242 2439 1321 2470 erga
1339 2426 1464 2462 Deum.
1516 2427 1612 2462 Sinit
1634 2437 1748 2464 autem
1772 2446 1836 2467 nos
1858 2436 1987 2472 habore
2011 2454 2094 2484 pro-

68 2490 246 2527 petamus,
272 2490 311 2516 ut
326 2482 419 2515 filius
435 2482 499 2516 Dei
520 2494 584 2514 nos
601 2481 793 2515 confirmet.

170 2533 328 2577 Quintus
366 2533 560 2573 articulus,
607 2534 650 2565 de
693 2532 918 2576 perfectione.

990 2531 1059 2565 Hie
1112 2531 1242 2565 iudicia
1276 2541 1443 2563 exercere.

1111 2480 1248 2524 prium,
1297 2477 1425 2512 habere
1463 2481 1704 2522 oeconomias,
1748 2484 1822 2517 fieri
1861 2490 2094 2532 magistratuS,

1504 2527 1549 2563 Et
1580 2528 1669 2564 hanc
1699 2542 1876 2569 externam
1907 2541 2097 2585 politicam,

69 2586 181 2619 multa
204 2585 430 2627 disputarunt
453 2581 623 2617 Monachi
649 2584 691 2617 de
718 2583 949 2628 perfectione,
978 2595 1059 2626 pro-
1111 2582 1165 2615 vel
1190 2580 1451 2614 oeconomicam
1478 2580 1584 2613 vitam
1614 2584 1804 2626 adprobat,
1841 2596 1874 2622 et
1898 2592 1973 2626 vult
1999 2593 2034 2626 in
2058 2607 2096 2628 ea

70 2642 147 2679 pter
167 2636 318 2669 dictum:
361 2633 400 2668 Si
423 2635 474 2667 vis
501 2635 673 2678 perfectus
699 2646 788 2675 esse,
823 2635 926 2675 vade,
950 2635 1061 2667 vende
1113 2632 1269 2677 conspici
1304 2631 1581 2671 invocationem,
1622 2635 1896 2679 consessionem,
1936 2644 2097 2679 dilectio-

71 2684 210 2727 omni5‚
237 2693 270 2719 et
289 2687 332 2718 da
352 2684 583 2729 pauperibus,
611 2693 645 2719 et
659 2697 803 2730 sequere
824 2696 890 2719 me.

129 2740 307 2772 himma.
339 2738 441 2770 Orza.
495 2738 578 2769 vor.
603 2738 698 2769 xlv.

1086 2690 1089 2727 ζ
1112 2695 1193 2717 nem
1212 2693 1290 2726 erga
1317 2681 1503 2722 maritum,
1531 2694 1694 2724 uxorein,
1722 2687 1830 2728 filios,
1860 2701 2039 2736 parentes,
2067 2707 2099 2731 pt

1429 2732 1477 2767 59
