2409 2915
291 90 364 126 415

295 188 389 216 mae,
422 173 509 207 sicut
534 166 722 213 Philippus
751 164 884 210 inquit:
918 162 1094 204 Domine,
1133 163 1290 198 ostende

298 226 399 261 nobis
415 230 560 267 patrem.

398 272 496 308 Duae
528 276 612 304 sunt
641 274 759 302 autem
783 267 860 301 viae
885 263 1080 311 quaerendi
1105 264 1284 298 definitio-

301 337 398 365 nem,
434 334 494 357 seu
515 321 601 367 quid
623 319 668 353 sit
691 318 798 352 Deus.
861 315 984 350 Altera
1005 315 1174 357 rationis,
1210 315 1286 349 sine

302 377 409 411 verbo
424 372 512 414 Dei,
538 377 578 405 ut
595 369 692 404 Plato
717 369 858 403 intuens
880 374 990 401 certas
1010 366 1101 409 leges
1126 372 1289 400 motuum

301 424 521 464 coelestium,
547 428 581 456 et
596 421 759 454 ordinem
775 418 902 458 tradit,
929 419 1024 450 Deus
1043 423 1095 451 est
1114 428 1214 450 mens
1234 428 1291 449 ae-

302 486 420 517 terna,
456 484 559 508 causa
590 471 676 505 boni
702 471 739 503 in
764 475 909 508 natura,
941 479 979 501 ac
1002 473 1116 511 potest
1140 468 1289 501 addere:

303 538 391 574 quae
410 525 488 559 vult
506 535 570 557 nos
585 522 652 555 sibi
666 520 831 558 obedire,
859 519 953 552 iuxta
971 518 1162 551 discrimen
1179 515 1292 550 hone-

305 586 440 612 storum
461 582 494 608 et
518 572 698 616 turpium,
725 571 934 614 impressum
961 569 1139 602 mentibus
1167 566 1292 601 huma-

305 629 371 663 nis.
424 625 495 659 Nec
510 623 674 665 exiguum
689 620 900 654 miraculum
918 626 987 657 est,
1015 619 1110 663 quod
1128 617 1212 652 haec
1228 628 1293 651 no-

304 678 386 713 ticia
411 682 589 718 utcunque
616 672 708 705 lucet
731 671 768 704 in
793 671 970 704 mentibus
992 667 1179 710 humanis,
1206 679 1294 713 quae

305 737 423 762 tamen
446 724 558 758 multo
583 722 756 758 illustrior
778 728 883 761 esset,
911 721 939 754 si
963 727 1089 754 natura
1109 717 1294 753 hominum

306 790 380 812 non
403 781 490 810 esset
508 780 681 818 corrupta.
736 771 806 806 Sed
825 772 907 817 quia
926 771 995 803 iam
1013 771 1050 802 in
1069 767 1133 803 hac
1149 776 1295 803 naturae

307 827 532 872 corruptione
559 825 744 858 obscurata
769 828 840 862 est,
876 821 971 854 Deus
996 820 1166 853 immensa
1190 819 1296 853 boni-

308 885 377 914 tate
394 878 523 911 iterum
539 887 574 908 se
592 873 755 922 patefecit
772 884 833 906 sua
850 884 951 909 voce,
980 878 1013 904 et
1027 870 1133 903 misso
1152 869 1258 905 Filio.

409 926 473 962 Est
496 937 576 969 ergo
593 925 700 958 altera
717 923 771 955 via
789 921 999 967 quaerendi,
1027 921 1113 965 quid
1131 921 1175 954 sit
1191 919 1297 954 Deus.

308 981 409 1015 Plato
435 979 592 1011 intuetur
617 980 763 1007 naturae
786 973 968 1011 ordinem,
1006 982 1070 1003 nos
1096 971 1298 1005 intueamur

308 1027 520 1067 testimonia.
573 1024 738 1068 Propone
763 1022 828 1056 tibi
850 1021 1063 1066 baptismum
1079 1019 1232 1059 Christi,
1260 1021 1297 1053 in

308 1093 378 1127 quo
408 1078 508 1113 audis
539 1086 661 1109 vocem
692 1073 826 1107 aeterni
858 1072 981 1117 patris:
1018 1071 1086 1105 Hic
1109 1079 1159 1105 est
1183 1071 1299 1104 Filius

308 1141 407 1166 meus
423 1129 582 1162 dilectus.
634 1124 766 1158 Filium
787 1129 936 1157 stantem
956 1123 992 1155 in
1011 1121 1160 1155 Iordane
1176 1122 1299 1155 vident

308 1181 421 1219 oculi,
449 1185 482 1211 et
506 1175 685 1210 descendit
704 1174 858 1219 Spiritus
880 1180 1019 1206 sanctus
1035 1173 1147 1217 specie
1164 1173 1299 1207 colum-

308 1235 385 1267 bae.
446 1227 723 1263 Considereutur
745 1232 778 1258 et
800 1225 887 1257 aliae
910 1224 1041 1256 similes
1067 1223 1299 1257 revelationes

310 1290 344 1318 et
365 1280 571 1317 conciones,
598 1277 635 1309 in
661 1275 791 1321 quibus
806 1273 967 1308 Christus
992 1274 1159 1307 discernit
1178 1284 1299 1318 perso-

310 1344 384 1367 nas.
443 1329 548 1364 Pater
571 1338 669 1360 meus
694 1337 806 1371 usque
829 1325 935 1358 modo
962 1331 1146 1368 operatur,
1179 1330 1212 1356 et
1236 1334 1298 1366 ego

311 1393 449 1428 operor.
512 1379 615 1412 ltem:
659 1375 766 1410 Dabit
797 1375 897 1409 vobis
929 1374 1038 1407 alium
1073 1374 1300 1419 paracletum,

310 1432 473 1479 spiritum
489 1427 658 1462 veritatis.

414 1481 469 1515 Ad
488 1478 574 1513 haec
593 1475 793 1511 testimonia
809 1475 1001 1508 reseramus
1016 1481 1187 1513 mentem,
1214 1486 1297 1507 ocu—

313 1538 365 1569 los
386 1539 420 1566 et
439 1541 555 1571 aures,
582 1535 618 1562 et
633 1534 825 1561 statuamus
843 1525 955 1559 Deum
973 1525 1021 1557 sic
1039 1525 1128 1557 velle
1146 1524 1299 1568 agnosci,

311 1592 351 1620 ut
375 1595 409 1616 se
432 1580 612 1626 patefecit,
639 1577 728 1610 velle
749 1587 822 1609 non
842 1576 913 1608 sola
931 1576 1067 1608 ratione
1086 1575 1299 1616 investigari,

314 1636 372 1670 sed
406 1643 466 1677 per
501 1641 561 1664 sua
594 1627 813 1665 testimonia,
851 1626 940 1658 sicut
973 1625 1089 1669 inquit
1116 1623 1298 1658 Christus:

314 1686 426 1721 Nemo
449 1682 548 1715 novit
573 1685 727 1723 patrem,
754 1676 822 1709 nisi
847 1675 980 1715 Filius,
1008 1682 1041 1708 ct
1067 1676 1122 1708 cui
1147 1675 1300 1709 voluerit

314 1736 425 1771 Filius
455 1731 622 1766 revelare.
683 1726 932 1761 Discernamus
965 1737 1028 1758 nos
1061 1726 1104 1758 ab
1136 1723 1300 1766 ethnicis,

316 1784 474 1823 ludaeis,
514 1778 793 1817 Maliometistis,
833 1774 1034 1814 haereticis,
1080 1788 1203 1809 omnes
1246 1776 1299 1809 itti

315 1841 489 1883 quaerunt
509 1831 624 1865 Deum
653 1830 728 1862 sine
757 1827 866 1871 ipsius
896 1827 1003 1859 verbo
1028 1839 1066 1859 ac
1088 1827 1300 1860 testimonio.

316 1889 364 1922 At
386 1885 480 1918 Deus
510 1881 607 1915 iussit
631 1890 695 1911 nos
720 1878 841 1910 audire
868 1876 1017 1915 Filium,
1043 1875 1148 1909 Hunc
1171 1877 1300 1916 audite,

315 1945 348 1972 et
371 1935 467 1969 addit
493 1929 689 1966 testimonia
711 1926 978 1960 resurrectionis
999 1933 1238 1962 mortuorum.
1267 1934 1298 1960 et

317 1989 404 2029 alia,
438 1992 475 2017 ut
503 1982 650 2015 sciamus
673 1990 752 2010 vere
779 1978 890 2021 ipsum
916 1976 1004 2008 velle
1031 1977 1077 2008 sic
1103 1977 1241 2019 agnosci
1267 1990 1282 2009 e

318 2035 492 2074 invocari,
520 2032 606 2065 sicut
625 2043 658 2062 se
679 2030 714 2061 in
736 2026 801 2060 hoc
819 2028 925 2059 verbo
944 2027 1114 2070 patefecit.
1157 2026 1299 2060 Consti-

317 2097 456 2124 tuamus
473 2094 554 2126 ergo
570 2080 823 2114 definitionem.

418 2136 578 2169 Primum
602 2131 790 2174 cogitemus
809 2127 921 2159 Deum
950 2139 1020 2159 csse
1047 2128 1221 2171 quandam
1247 2140 1300 2161 es-

319 2188 466 2224 sentiam
499 2182 769 2225 intelligentem,
797 2185 991 2219 aeternam,
1020 2178 1210 2211 immensae
1237 2191 1299 2222 po-

318 2239 458 2275 tentiae.
513 2234 607 2267 llaec
631 2233 729 2264 docet
759 2230 789 2263 1.
807 2241 878 2272 cap.
907 2227 1055 2259 Genesis
1078 2229 1120 2260 «le
1138 2230 1299 2273 omnipo-

319 2289 444 2325 tentia:
481 2285 519 2318 ln
547 2282 719 2326 principio
746 2280 874 2313 creavit
901 2277 995 2311 Deus
1020 2280 1153 2311 coelum
1178 2287 1208 2312 et
1232 2287 1299 2312 ter-

460 2336 564 2378 Quod
590 2334 632 2366 sit
657 2331 802 2364 essentia
823 2329 1038 2369 intelligens,
1065 2336 1208 2363 testatur
1226 2331 1298 2363 (le—

320 2391 429 2426 nesis‚
457 2398 535 2420 curn
565 2384 697 2428 inquit:
727 2380 822 2414 Dixit
844 2379 948 2413 Deus.
1002 2378 1089 2412 Nam
1114 2381 1227 2413 dicere
1250 2387 1298 2414 est

320 2449 464 2477 naturae
496 2433 680 2479 cogitantis
708 2439 736 2463 et
771 2430 947 2474 sapientis.
999 2430 1100 2462 Adde
1133 2432 1296 2474 amplius:

320 2493 416 2527 Dens
447 2495 495 2521 est
520 2484 666 2520 essentia
695 2482 910 2522 intelligens,
944 2487 1102 2520 aeterna,
1135 2482 1297 2524 omnipo-

322 2552 414 2579 tens,
447 2538 602 2582 sapiens,
638 2535 744 2573 iusta,
779 2543 898 2567 verax,
935 2531 1025 2563 bona
1053 2542 1111 2563 seu
1138 2532 1298 2565 benefica.

322 2593 408 2625 Nam
431 2591 524 2634 quod
550 2587 593 2619 sit
617 2585 722 2623 iusta,
750 2593 852 2615 verax
873 2588 902 2614 ct
922 2582 1031 2622 bona,
1059 2581 1159 2614 etiam
1180 2582 1297 2615 (iene-

323 2645 367 2677 sis
407 2640 556 2677 indicat,
600 2635 775 2679 inquiens:

319 2352 405 2376 l'ssm.

913 76 1038 113 PHIL.
1065 74 1183 115 MEL.
1208 75 1420 113 SCRIPTA
1445 74 1745 114 EXEGETICA.

1321 1849 1325 1895 Ι

1321 1923 1324 1960 1

2263 82 2339 120 416

1338 161 1532 207 imaginem
1548 170 1718 200 nostram.
1769 162 1874 197 Mens
1898 171 2014 198 autem
2040 161 2126 202 hom
2140 164 2208 200 inis
2230 167 2334 202 intel-

1337 212 1415 256 ligit
1440 214 1629 248 discrimen
1654 215 1828 249 iustorum
1851 221 1885 248 et
1909 215 2122 248 iniustorum
2146 240 2156 256 ‚
2183 223 2216 249 et
2235 217 2334 252 iusti-

1338 264 1448 306 ciam,
1472 265 1652 298 veritatem
1678 272 1711 299 et
1733 265 1926 299 bonitatem
1946 266 2130 310 approbat.
2182 263 2276 310 Ergo
2291 275 2324 302 et.

1339 315 1460 348 divina
1478 326 1577 348 mens
1592 315 1672 348 talis
1688 322 1750 349 est.

1441 372 1556 414 Haec,
1591 385 1680 419 quae
1708 372 1877 408 hactenus
1912 373 2012 417 dixi,
2048 374 2203 417 agnoscit
2231 375 2336 408 etiam

1340 423 1458 458 Plato:
1484 425 1667 457 addendae
1689 431 1772 458 sunt
1796 425 1904 468 igitur
1927 425 2046 469 plnres
2066 425 2333 470 descriptiones,

1341 482 1375 509 et
1390 472 1455 508 bae
1470 476 1659 508 sumendae
1673 481 1755 508 sunt
1767 486 1807 508 ex
1818 475 2031 509 testimoniis
2041 475 2182 511 divinis.
2237 474 2334 510 Haec

1341 525 1490 559 essentia
1518 532 1676 566 aeterna,
1718 525 1939 568 intelligens,
1976 533 2026 560 est
2059 533 2156 569 pater
2189 526 2334 569 gignens

1341 575 1493 617 Filium,
1520 576 1582 621 qui
1606 576 1712 610 refert
1737 581 1889 620 patrem,
1917 577 1978 621 qui
1999 588 2077 609 cum
2104 577 2146 609 de
2169 578 2332 610 substan-

1342 626 1388 660 tia
1404 627 1513 674 patris
1528 633 1631 660 natus
1645 627 1707 667 sit,
1734 632 1785 660 est
1801 626 1956 659 eiusdem
1973 627 2154 663 essentiae.
2208 626 2332 661 Postea

1342 688 1426 710 vero
1453 677 1614 711 assumsit
1637 675 1828 711 humanam
1854 683 2035 717 naturam,
2063 683 2096 710 et
2121 677 2334 721 propitiator

1344 727 1554 761 constitutus
1572 734 1640 768 est,
1667 734 1811 772 propter
1829 739 1934 772 quem
1953 727 2162 770 recipimur,
2189 728 2332 761 exaudi-

1344 790 1425 811 mur
1445 785 1478 811 et
1504 778 1693 813 salvamur.
1746 776 1793 812 Et
1816 779 1860 811 ab
1876 784 2028 823 utroque
2047 777 2202 820 procedit
2219 776 2333 821 Spiri-

1344 835 1400 861 tus
1422 835 1561 861 sanctus
1582 828 1628 861 ab
1649 835 1810 869 aeterno,
1839 840 1900 872 per
1924 840 2028 873 quem
2046 828 2161 862 incoat
2177 829 2214 860 in
2230 828 2334 862 nobis

1345 879 1452 912 vitam
1472 885 1668 920 aeternam,
1694 880 1852 912 condens
1871 891 1997 912 novam
2014 878 2145 919 lucem,
2172 879 2333 912 timorem

1345 929 1434 970 Dei,
1463 929 1586 969 fidem,
1613 935 1646 962 et
1663 929 1750 962 alios
1769 930 1880 963 bonos
1895 936 2022 964 motus.

1446 986 1543 1021 Haec
1569 994 1620 1021 est
1646 988 1781 1031 integra
1803 988 2010 1032 descriptio,
2040 988 2157 1031 ignota
2181 987 2333 1028 Platoni,

1345 1044 1458 1072 sumta
1482 1050 1521 1071 ex
1537 1038 1770 1078 testimoniis,
1799 1038 1834 1070 in
1853 1039 1981 1083 quibus
1998 1038 2091 1072 Deus
2108 1050 2142 1071 se
2161 1039 2333 1082 patefecit.

1345 1088 1391 1122 Et
1415 1089 1551 1134 quoties
1576 1099 1778 1132 precamur,
1807 1086 1891 1121 haec
1913 1089 2032 1122 omnia
2057 1089 2210 1132 primum
2239 1089 2333 1132 cogi-

1346 1141 1452 1173 tanda
1475 1145 1575 1180 sunt,
1610 1139 1695 1183 quid
1721 1139 1884 1179 invoces,
1918 1151 2021 1183 quem
2045 1138 2180 1179 Deum,
2209 1139 2269 1172 ubi
2297 1151 2332 1172 se

1347 1190 1565 1234 patefecerit,
1597 1201 1686 1233 quae
1711 1190 1756 1223 sit
1779 1190 1853 1222 eius
1879 1189 2062 1229 voluntas,
2096 1201 2141 1222 an
2167 1190 2249 1223 velit
2274 1201 2332 1222 ex-

1346 1240 1478 1273 audire.
1520 1239 1757 1282 Utilissimum
1775 1246 1825 1273 est
1841 1246 1957 1273 mente
1970 1239 2103 1274 intueri
2120 1240 2332 1283 baptismum

1345 1288 1499 1330 Christi,
1526 1290 1629 1332 item,
1659 1296 1817 1323 nostrum
1837 1291 2060 1334 baptismum.

1449 1356 1498 1392 Us
1531 1369 1707 1390 summum
1738 1368 1826 1401 opus
1857 1364 1904 1391 est
1930 1358 2123 1398 invocatio,
2159 1359 2204 1392 ita
2231 1359 2331 1402 pauci

1346 1415 1430 1443 sunt
1445 1408 1796 1453 quirecteinvocant.
1834 1405 2017 1449 Ethnicae,
2044 1408 2215 1449 Iudaicae,
2237 1408 2332 1443 'I'ur-

1347 1460 1439 1492 cicae
1464 1459 1705 1492 invocationes
1731 1466 1873 1502 propter
1896 1459 2023 1492 multas
2044 1471 2162 1492 causas
2186 1461 2331 1493 danma-

1348 1517 1400 1543 tae
1426 1516 1525 1549 sunt,
1551 1509 1632 1553 quia
1657 1521 1718 1541 nec
1740 1509 1891 1541 directae
1908 1516 1988 1543 sunt
2005 1510 2046 1542 ad
2068 1521 2187 1542 verum
2205 1508 2332 1548 Deum,

1347 1573 1410 1593 nec
1426 1561 1513 1593 fiunt
1531 1560 1566 1592 in
1583 1559 1766 1601 agnitione
1783 1560 1878 1591 verbi
1899 1559 1981 1598 Dei,
2010 1572 2073 1592 nec
2089 1560 2214 1593 fiducia
2227 1558 2332 1593 Chri-

1348 1611 1401 1643 sti.
1455 1609 1561 1649 ltem,
1598 1621 1740 1653 prorsus
1763 1610 1849 1642 fiunt
1875 1610 1909 1642 in
1934 1611 2168 1645 dubitatione.
2228 1609 2333 1644 Prae-

1347 1668 1438 1694 terea
1471 1661 1573 1694 multi
1606 1660 1708 1692 titulo
1731 1657 1925 1694 Christiani
1956 1667 2101 1694 currunt
2126 1661 2168 1694 ad
2194 1668 2333 1701 statuas,

1348 1719 1406 1745 aut
1421 1711 1568 1744 recitant
1591 1721 1728 1754 prece5‚
1756 1722 1799 1743 ne
1823 1710 1964 1755 quidem
1985 1711 2174 1754 cogitantes
2190 1713 2232 1744 de
2248 1711 2334 1754 Deo,

1349 1774 1451 1807 quem
1476 1763 1586 1794 Deum
1612 1761 1794 1800 invocent,
1829 1768 1862 1794 et
1886 1773 1929 1794 an
1953 1762 2125 1797 exaudiat.
2176 1761 2331 1805 Quidam

1348 1813 1490 1845 eremita
1518 1812 1626 1849 dixit,
1655 1812 1890 1844 difficilimum
1915 1812 2074 1845 omnium
2093 1824 2238 1856 operum
2259 1824 2331 1847 esse

1349 1863 1598 1907 precationem,
1627 1868 1656 1894 et
1685 1873 1805 1893 verum
1829 1869 1899 1899 est,
1922 1862 2002 1905 quia
2028 1875 2099 1895 non
2124 1869 2172 1896 est
2194 1870 2331 1897 tantum

1350 1913 1506 1946 recitatio
1540 1923 1722 1950 versuum,
1757 1912 1813 1944 sed
1848 1913 1994 1957 requirit
2020 1914 2266 1956 cogitationem
2290 1915 2332 1948 de

1288 1984 1299 2010 t
1322 1967 1324 2007 ’ς
1350 1975 1430 1996 vero
1449 1963 1540 2001 Deo,
1567 1969 1597 1995 et
1616 1962 1731 1995 sidem.

1449 2019 1607 2054 Primum
1627 2020 1755 2063 cogites
1773 2021 1815 2053 de
1831 2021 1987 2059 obiecto,
2014 2022 2162 2061 scilicet,
2189 2024 2232 2056 de
2250 2036 2331 2058 vero

1349 2071 1441 2111 Deo,
1468 2073 1509 2104 ad
1539 2072 1652 2114 ipsum
1680 2071 1852 2114 dirigatur
1876 2072 2061 2106 invocatio.
2113 2072 2249 2107 Deinde
2274 2087 2331 2109 co—

1348 2123 1503 2164 gitentur
1533 2128 1772 2164 praeceptum,
1808 2129 1839 2155 et
1868 2123 2053 2165 promissio
2076 2122 2140 2156 Dei
2164 2126 2206 2158 de
2231 2126 2332 2159 invo-

1349 2173 1494 2205 catione.
1547 2172 1669 2205 'l'ertio
1697 2173 1787 2205 adsit
1813 2179 1843 2206 et
1869 2174 1995 2207 fidncia
2012 2171 2162 2212 Christi.
2191 2182 2332 2220 propter

1349 2236 1452 2268 quem
1477 2224 1659 2255 credamus
1685 2235 1747 2255 nos
1772 2223 1879 2267 recipi
1902 2231 1934 2258 et
1961 2226 2130 2258 exaudiri.
2194 2228 2330 2269 Quarto

1351 2281 1486 2317 petatur
1512 2285 1564 2306 res
1592 2280 1701 2311 certa,
1728 2281 1760 2307 et
1781 2281 1928 2316 agantur
1952 2276 2092 2317 gratiae.
2147 2275 2198 2311 Sit
2225 2277 2331 2319 igitur

1349 2325 1426 2358 talis
1466 2325 1581 2369 aliqua
1614 2324 1725 2356 forma
1760 2325 1986 2367 precationis,
2030 2325 2331 2369 comprehendens

1350 2383 1418 2408 tres
1443 2386 1626 2418 personaS.
1654 2381 1690 2407 ut
1714 2375 1932 2408 discernatur
1953 2384 2070 2410 nostra
2091 2377 2268 2412 invocatio
2286 2379 2330 2412 ab

1349 2423 1486 2460 ethnica
1499 2452 1507 2466 ,
1537 2424 1676 2458 Iudaica
1694 2432 1723 2458 et
1742 2424 1902 2460 Turcica.

1451 2482 1709 2527 Omnipotens,
1735 2489 1893 2522 aeterne,
1923 2491 1955 2518 et
1971 2485 2048 2519 vive
2060 2483 2167 2527 Deus,
2191 2493 2330 2521 aeterne

1349 2543 1446 2580 pater
1470 2533 1606 2567 domini
1630 2533 1741 2566 nostri
1770 2532 1844 2567 lesu
1867 2532 2020 2576 Christi,
2055 2537 2115 2581 qui
2143 2544 2175 2570 te
2199 2538 2328 2581 pati-fe·
2378 2559 2382 2569 .

1348 2587 1423 2619 cisti
1449 2587 1615 2619 immensa
1639 2583 1814 2623 bonitate,
1841 2590 1874 2618 et
1899 2585 2053 2620 clamasti
2078 2587 2120 2620 de
2140 2586 2230 2621 Filio
2255 2595 2327 2626 tno.
2377 2622 2380 2626 ,

822 2632 1000 2666 Faciamus
1040 2629 1218 2665 hominem
1254 2635 1295 2667 ad
1320 2641 1324 2669 Ι
1350 2635 1452 2669 llunc
1477 2635 1594 2669 audite

1647 2635 1810 2668 conditor
1831 2636 1989 2669 omnium
2015 2648 2152 2677 rernm,
2183 2645 2216 2672 et
2242 2650 2326 2672 con-

2390 1999 2403 2234 -··v—-<‘„
