2409 2915
255 91 328 126 735

604 167 687 192 Alia
714 164 883 191 obiectio.

356 233 426 268 Sed
449 230 565 277 pergis
587 229 760 263 obiicere:
789 224 954 260 Attamen
981 235 1044 268 ego
1069 235 1146 258 sum
1165 235 1244 268 pec-

255 293 362 321 cator.
417 283 455 317 ld
473 280 780 324 certe-negandum
798 289 871 311 non
889 283 958 309 est:
987 276 1047 308 sed
1065 287 1142 309 cum
1160 285 1245 308 con-

255 347 376 370 versus
402 335 445 368 ad
471 334 604 369 Deum,
639 342 701 364 seu
724 340 829 373 agens
854 326 1107 371 poenitentiam
1133 324 1246 358 credis

256 394 290 421 et
314 385 505 431 acquiescis
522 383 561 416 in
579 381 653 416 Deo
675 380 804 415 fiducia
824 377 1051 418 Mediatoris,
1077 377 1146 409 iam
1167 387 1247 419 pec-

257 444 331 471 cata
363 443 422 470 tua
448 436 486 469 in
509 433 705 467 Dominum
732 430 846 464 Iesum
872 426 1054 463 Christum
1079 427 1246 461 translata

257 495 357 528 sunt,
385 494 418 522 et
434 487 533 521 Deus
551 484 647 524 vult,
673 489 713 516 ut
729 482 774 515 ad
792 481 906 524 ipsum
925 480 1087 520 accedas,
1111 485 1144 511 et
1160 488 1247 511 con-

257 538 369 582 fugias
393 539 543 571 ducente
566 535 657 574 filio,
684 545 723 566 ac
745 537 918 575 exspectes
937 537 1042 576 atque
1057 536 1152 573 petas
1169 539 1248 571 gra-

258 590 385 623 tuitam
412 587 676 623 remissionem,
717 590 750 616 et
773 582 944 616 auxilium
968 581 1152 619 divinum,
1188 589 1250 622 per

259 647 292 674 et
311 636 658 684 proptu-Christum,
685 646 759 667 non
775 640 920 678 propter
936 631 1114 677 propriam
1131 629 1250 673 digni-

260 697 364 724 tatem
376 717 385 731 ,
412 696 473 723 aut
489 695 567 722 tuas
584 687 748 726 virtutes,
775 691 836 718 aut
851 691 927 718 tuas
944 684 1111 717 actiones.

364 755 436 789 Nec
453 754 663 789 deterrearis
680 754 724 787 ab
745 752 970 786 invocatione
996 757 1140 795 propter
1158 747 1252 781 mul-

260 807 449 841 titudinem
474 813 695 851 peccatorum
716 812 748 838 et
767 803 1047 846 magnitudinem
1066 799 1252 833 infirmita-

260 859 305 892 tis
331 865 426 892 tuae:
469 858 528 891 sed
563 856 753 901 proponito
783 855 850 888 tibi
883 863 1102 897 expressum,
1139 850 1253 882 mani-

260 911 386 943 festum
398 915 430 942 et
440 908 639 942 universale
654 907 860 940 mandatum
872 902 1018 942 Christi,
1036 898 1167 936 Matth.
1181 901 1252 934 11.:

263 960 390 993 Venite
421 961 463 992 ad
497 971 551 991 me
580 969 719 996 omnes,
759 955 819 1001 qui
852 953 1022 987 laboratis
1052 959 1085 986 et
1116 951 1253 985 onerati

262 1011 363 1051 estis,
392 1017 423 1043 et
440 1022 501 1053 ego
521 1009 671 1042 reficiam
691 1019 764 1041 vos.
820 1005 891 1039 Nec
914 1015 1116 1046 mergamur
1140 1003 1178 1035 in
1201 1008 1254 1035 te-

262 1062 408 1101 nebras,
444 1067 504 1093 aut
536 1060 785 1103 perturbemur
816 1056 911 1090 salsis
944 1054 1255 1099 speculationibus,

263 1119 296 1145 et
313 1111 554 1144 deliramentis
572 1109 879 1153 imaginationum,
903 1107 946 1140 de
962 1105 1254 1150 particularitate:

263 1162 363 1208 quasi
387 1174 459 1195 non
484 1162 657 1205 pertineat
682 1161 723 1194 ad
752 1170 818 1193 nos
841 1157 927 1192 haec
953 1156 1166 1195 consolatio,
1192 1167 1255 1188 nec

263 1224 329 1246 nos
347 1213 456 1246 simus
471 1212 508 1245 in
527 1223 649 1246 eorum
671 1222 839 1249 numero,
873 1209 1001 1254 quibus
1025 1207 1128 1241 offert
1150 1203 1256 1240 Chri-

264 1272 337 1298 stus
352 1263 650 1303 misericordiam,
668 1275 726 1296 seii
744 1261 902 1305 gratiam,
919 1266 952 1293 et
968 1257 1254 1292 consolationem.

265 1314 335 1349 Sed
354 1315 544 1358 diligenter
569 1313 774 1347 memineris
795 1323 834 1345 ac
858 1310 982 1353 infigas
1000 1309 1118 1342 animo
1143 1307 1255 1351 parti-

265 1365 381 1400 culam
405 1366 643 1399 universalem
668 1360 826 1401 Omnes,
863 1373 952 1406 quae
977 1358 1177 1402 saepissime
1202 1368 1257 1389 re-

267 1417 374 1461 petita
393 1423 442 1449 est
459 1416 495 1448 in
519 1416 752 1450 concionibus
770 1410 920 1449 Christi,
948 1407 1207 1453 Prophetarum
1225 1413 1257 1439 et

266 1466 521 1511 Apostolorum
533 1493 544 1509 ,
573 1464 871 1511 quemadmodum
889 1462 1008 1494 eadem
1029 1460 1064 1492 in
1079 1456 1256 1502 Propheta

268 1517 343 1551 loel
358 1519 470 1561 capite
490 1520 523 1552 2.
540 1517 701 1562 ponitur:
731 1515 857 1546 Omnis
877 1512 937 1556 qui
965 1512 1102 1544 invocat
1127 1520 1258 1541 nomen

267 1567 434 1609 Domini,
462 1570 580 1603 salvus
602 1568 679 1601 erit.
734 1564 819 1598 Item
840 1560 989 1596 Iohann.
1008 1563 1058 1596 5.:
1088 1560 1146 1593 Sic
1164 1558 1259 1592 Deus

268 1619 390 1652 dilexit
409 1621 601 1659 mundum,
627 1625 663 1651 ut
681 1616 812 1650 Filium
828 1626 930 1647 suum
956 1611 1180 1654 unigenitum
1198 1610 1259 1642 de·-

269 1671 381 1710 derit‚
411 1678 449 1704 ut
466 1670 614 1709 Omnis,
647 1668 707 1714 qui
724 1666 834 1700 credit
853 1665 888 1697 in
910 1675 1008 1703 eum,
1035 1674 1108 1695 non
1132 1667 1261 1705 pereat,

269 1723 328 1756 sed
347 1719 475 1757 habeat
491 1722 597 1755 vitam
616 1728 803 1753 aeternam.
842 1715 928 1749 Item
944 1713 1047 1748 Rom.
1062 1713 1137 1746 1o.:
1163 1711 1259 1744 Idem

268 1773 445 1808 Dominus
471 1773 652 1812 omnium,
680 1771 778 1804 dives
802 1769 838 1801 in
864 1777 985 1800 omnes
1009 1765 1070 1809 qui
1094 1764 1261 1796 invocant

271 1837 367 1860 eum:
406 1831 439 1859 et
460 1825 566 1871 paulo
590 1831 669 1857 ante
696 1819 889 1865 praecedit:
913 1815 1044 1849 Omnis
1067 1815 1128 1860 qui
1153 1813 1262 1847 eredit

272 1881 307 1911 in
327 1888 404 1909 eum
421 1904 430 1916 ,
457 1887 530 1909 non
555 1873 803 1908 confundetur.
856 1868 995 1901 llorum
1019 1864 1262 1899 manifestissi-

272 1939 412 1963 morum
445 1925 728 1960 testimoniorum
762 1930 910 1963 magnus
939 1924 988 1951 est
1026 1927 1195 1949 numerus
1226 1915 1262 1947 in

274 1979 469 2022 Scriptura,
493 1989 581 2021 quae
599 1975 741 2020 quidem
760 1971 914 2005 studiose
932 1968 1109 2011 colligere,
1134 1972 1264 1999 attente

274 2030 507 2065 considerare,
525 2035 557 2061 et
579 2026 766 2066 diligenter
785 2020 974 2055 memoriae
996 2019 1137 2061 infigere
1154 2018 1264 2054 decet,

276 2089 313 2115 ut
333 2080 388 2114 his
405 2078 666 2113 universalibus
681 2074 782 2107 dictis
801 2073 969 2106 excitetur
987 2077 1019 2103 et
1037 2070 1265 2102 confirmetur

277 2134 361 2165 fides
379 2138 510 2169 vestra,
537 2135 569 2162 et
586 2127 702 2161 sciatis
717 2137 778 2157 vos
798 2135 870 2157 esse
889 2123 1043 2155 meinlira
1063 2118 1169 2153 huius
1187 2131 1264 2152 coe-

275 2193 330 2218 tus
343 2212 351 2224 ‚
379 2190 411 2216 et
428 2177 682 2225 comprehendi
702 2177 738 2209 in
754 2174 820 2208 hoc
839 2175 913 2218 ipso
932 2185 1079 2205 numero
1098 2172 1265 2204 invocan-

276 2237 364 2270 tium
377 2262 385 2275 ,
412 2244 500 2279 quos
517 2231 612 2266 Deus
629 2235 722 2262 certo
745 2227 820 2260 vult
844 2224 1008 2258 exaudire
1029 2236 1066 2256 ac
1083 2223 1265 2266 respicere.

381 2302 452 2335 lam
490 2299 693 2333 accedamus
728 2295 769 2327 ad
802 2291 982 2338 sequentia
1017 2291 1140 2324 verba.
1179 2301 1266 2335 quae

279 2355 462 2389 continent
493 2349 599 2383 liuius
623 2345 869 2392 promissionis
901 2342 1169 2387 explicationem
1206 2353 1264 2372 seu

277 2405 548 2441 «lonclarationem
568 2398 808 2433 dulcissimam
827 2402 859 2429 et
878 2393 1116 2439 plenissimam
1142 2404 1266 2424 conso-

279 2457 434 2492 lationis.
488 2452 663 2487 Dominus
693 2450 789 2483 addit
824 2445 1025 2491 parabolam
1058 2455 1117 2476 seu
1141 2443 1266 2475 simili-

281 2509 452 2544 tiidiiiriii.

383 2565 426 2599 Si
445 2561 595 2609 filiolus
620 2560 707 2608 petil
734 2572 756 2590 a
780 2554 993 2603 parentibus
1014 2554 1182 2602 ‘frustum
1207 2563 1266 2584 stu

275 2626 450 2666 fragmen
467 2626 577 2662 panis
590 2641 597 2653 ,
626 2607 753 2657 ecquid
767 2614 871 2655 palcr
893 2611 958 2641 au!
976 2610 1091 2639 'nater
1108 2601 1267 2650 lapidi-m

281 2671 312 2703 εἰ
333 2668 434 2702 dubi!
452 2668 463 2683 '⁷'
490 2671 550 2700 clf.

854 79 967 114 PHIL
1006 76 1124 114 MEL.
1151 76 1362 113 SCRIPTA
1390 75 1690 113 EXEGETICA.

2215 80 2289 115 756

1396 163 1501 199 Scitis
1514 171 1648 206 autem,
1674 176 1780 210 quam
1799 165 1843 198 sit
1862 175 1965 198 verns
1983 170 2017 198 et
2034 166 2161 199 ardens
2177 177 2287 205 amor,

1296 227 1402 261 quam
1422 215 1536 249 dulcis
1553 222 1586 249 et
1601 227 1760 260 expressa
1778 222 1894 259 storge
1920 215 1957 248 in
1977 217 2183 259 parentibus
2207 228 2286 261 erga

1297 274 1419 306 natos,
1447 267 1534 299 adeo
1551 273 1591 300 ut
1609 267 1770 308 infame,
1799 267 1951 305 morbis,
1979 272 2083 311 atque
2109 267 2288 302 calamita-

1297 317 1392 352 tibus
1410 316 1602 349 liberorum
1621 324 1718 362 pater
1736 329 1775 351 ac
1800 325 1909 351 mater
1939 317 2093 351 sentiant
2121 317 2290 360 ingentes,

1298 367 1544 402 acerbissimos
1571 373 1605 400 et
1629 368 1903 402 inaestimabiles
1932 367 2044 402 animi
2068 368 2226 408 dolores,
2253 368 2290 402 id

1299 419 1394 465 quod
1423 417 1638 462 experientia
1666 419 1703 451 in
1729 419 1893 463 plurimis
1914 417 2122 453 hominibus
2145 425 2292 452 testatur

1299 477 1403 515 atque
1418 468 1612 502 confirmat.
1665 468 1717 503 Ac
1735 470 1811 504 vult
1826 469 1922 504 Deus
1946 470 2050 503 corda
2074 476 2202 503 nostra·
2218 475 2290 503 tam

1300 521 1440 555 acribus
1457 519 1623 553 dolorum
1641 519 1793 553 stimulis
1809 520 2002 555 excruciari
2028 526 2172 564 propter
2198 519 2291 565 infe-

1301 571 1467 606 licitatem
1486 570 1701 611 liberorum,
1725 570 1886 617 ipsasque
1900 579 2033 615 storgas
2051 571 2131 605 ideo
2146 577 2292 605 naturae

1302 621 1489 656 hominum
1514 620 1708 665 impressit,
1740 627 1779 654 ut
1803 622 1874 656 sint
1901 623 2055 657 illustres
2088 632 2293 656 commone·

1303 674 1474 707 sactiones
1498 673 1542 705 de
1567 672 1740 705 immenso
1765 683 1882 706 amore
1911 673 2044 707 aeterni
2070 672 2184 707 Patris
2213 683 2293 716 erga

1304 725 1435 758 Filium
1445 722 1639 757 Dominum
1656 729 1815 756 nostrum
1826 722 1939 757 Iesum
1949 721 2141 762 Christum,
2162 730 2196 758 et
2211 734 2293 767 erga

1304 787 1369 809 nos
1384 774 1423 809 in
1442 775 1588 818 gratiam
1605 780 1762 817 receptos
1781 780 1924 818 propter
1939 773 2084 810 Filium.

1408 825 1457 858 lta
1475 823 1650 858 Dominus
1667 822 1723 857 hic
1740 822 1853 858 utitur
1871 825 2037 868 parabola
2055 832 2168 859 sumta
2186 836 2204 857 a
2221 823 2297 857 sin-

1304 876 1418 921 gulari
1433 882 1467 909 et
1482 874 1620 908 ardenti
1637 887 1755 908 amore
1774 887 1813 908 ac
1836 875 2081 910 benevolentia
2108 882 2294 919 parentum

1305 939 1385 971 erga
1417 926 1595 960 sobolem:
1642 933 1681 959 ut
1712 926 1906 969 cogitemus
1939 926 2053 960 simile
2089 926 2295 960 incendium

1305 978 1436 1013 amoris
1451 977 1489 1010 in
1505 975 1580 1009 Deo
1600 988 1671 1010 esse
1691 989 1770 1019 erga
1787 989 1851 1010 nos
1869 974 2042 1017 homines.
2095 976 2178 1017 Sed,
2206 973 2298 1020 proli

1306 1031 1428 1070 dolor,
1463 1034 1634 1073 quantum
1672 1028 1800 1061 absunt
1833 1028 1877 1060 ab
1909 1028 2061 1070 imagine
2093 1028 2296 1061 dulcissima

1306 1088 1446 1114 nostrae
1469 1080 1511 1112 de
1534 1077 1609 1111 Deo
1643 1078 1890 1122 cogitationes!
1929 1079 1991 1124 qui
2017 1091 2096 1112 cnm
2121 1078 2299 1112 cernimus

1307 1129 1590 1170 immunditiem,
1625 1129 1802 1171 miserias,
1829 1136 1862 1163 et
1886 1136 2024 1173 peccata
2047 1137 2186 1169 nostra,
2213 1140 2299 1162 con-

1308 1184 1409 1217 tinuo
1442 1181 1714 1215 ratiocinamur:
1750 1192 1814 1213 nos
1847 1187 2030 1224 propterea
2064 1192 2128 1213 nec
2161 1179 2298 1224 respici,

1308 1246 1372 1267 nec
1397 1245 1470 1266 esse
1493 1243 1595 1265 curae
1619 1231 1713 1272 Deo,
1740 1233 1798 1265 sed
1826 1232 1981 1265 desertos
2008 1238 2040 1265 et
2061 1231 2234 1271 abiectos,
2264 1230 2301 1262 in

1309 1283 1509 1319 aerumnis,
1543 1289 1714 1325 egestate,
1750 1282 2072 1326 persecutionibus,
2106 1280 2302 1325 ignominia

1309 1347 1370 1368 seu
1391 1333 1534 1366 infamia
1547 1359 1556 1372 ‚
1584 1333 1620 1365 in
1640 1333 1713 1377 ipsa
1738 1333 1892 1378 denique
1909 1340 2020 1367 morte
2037 1339 2206 1378 perpetuo
2225 1343 2303 1365 ver-

1309 1385 1398 1424 sari,
1432 1381 1574 1416 haerere
1600 1395 1638 1415 ac
1668 1384 1926 1416 contabescere.
1988 1383 2094 1426 Quod
2122 1390 2214 1417 certe
2239 1393 2302 1415 ne-

1311 1446 1486 1480 quaquam
1515 1433 1675 1473 videtur,
1702 1440 1741 1466 ut
1765 1440 1928 1477 apparet,
1959 1434 2098 1477 signum
2123 1445 2184 1467 seu
2205 1432 2302 1467 testi-

1310 1486 1469 1518 monium
1495 1496 1566 1517 esse
1591 1484 1662 1517 veri
1691 1491 1724 1517 et
1749 1483 1885 1528 paterni
1911 1485 2042 1518 amoris
2063 1485 2099 1517 in
2123 1482 2199 1518 Deo
2223 1495 2303 1527 erga

1312 1548 1386 1570 ROS-

1414 1584 1489 1618 Etsi
1508 1592 1623 1618 autem
1643 1585 1812 1627 singulari
1833 1585 1981 1617 consilio
1999 1583 2093 1617 Deus
2111 1585 2185 1618 vult
2207 1597 2304 1623 suam

1313 1637 1456 1670 electam
1468 1634 1658 1668 Ecclesiam
1675 1636 1713 1668 in
1733 1633 1797 1668 hac
1818 1635 1888 1668 vita
1906 1635 2096 1669 subiectam
2116 1648 2188 1670 esse
2199 1636 2307 1677 cruci,

1313 1701 1351 1722 ac
1371 1687 1447 1720 vult
1473 1687 1547 1730 pios
1573 1686 1724 1719 exerceri
1748 1686 2018 1720 afflictionibus:
2048 1694 2163 1720 tamen
2187 1694 2221 1721 et
2244 1699 2304 1720 ve-

1314 1739 1492 1772 rissimum
1512 1745 1543 1771 et
1561 1744 1711 1782 utraque
1729 1749 1836 1770 manu
1862 1750 1900 1770 ac
1925 1737 2042 1770 verius
2068 1745 2140 1772 toto
2168 1745 2305 1783 pectore

1315 1790 1509 1824 tenendum
1529 1795 1597 1827 est,
1625 1789 1718 1833 quod
1745 1801 1824 1821 vere
1849 1801 1887 1820 ac
1911 1796 2054 1832 paterne
2081 1801 2145 1822 nos
2170 1789 2306 1833 diligat.

1316 1841 1615 1886 quemadmodum
1642 1840 1743 1873 toties
1770 1839 1841 1883 ipse
1861 1838 1972 1872 Filius
1996 1839 2060 1873 Dei
2085 1847 2231 1874 testatur
2252 1839 2307 1873 lo-

1316 1891 1425 1925 liann.
1445 1891 1497 1925 3.:
1536 1891 1594 1925 Sic
1617 1889 1714 1924 Deus
1737 1890 1859 1923 dilexit
1884 1891 2076 1927 mundum.
2107 1898 2147 1926 ut
2170 1890 2304 1925 Filium

1317 1956 1419 1977 suum
1436 1942 1658 1985 unigenitum
1675 1941 1829 1981 dederit,
1857 1948 1920 1974 etc.
1966 1943 2051 1974 Item
2070 1939 2305 1977 lohann.14.:

1317 1995 1355 2029 Si
1382 1994 1461 2039 quis
1485 1993 1599 2036 diligit
1627 2005 1701 2033 ine,
1734 2003 1913 2025 sermones
1945 2004 2038 2025 n=eos
2069 1993 2242 2036 servabit,
2274 2002 2306 2027 et

1319 2045 1422 2078 Pater
1440 2056 1536 2077 mens
1561 2043 1676 2085 diligit
1695 2056 1796 2083 eum,
1819 2050 1851 2076 et
1878 2043 2058 2076 veniemus
2083 2044 2125 2076 ad
2150 2056 2248 2085 enm,
2275 2051 2307 2077 et

1319 2096 1538 2129 mansionem
1554 2096 1647 2139 apud
1661 2107 1738 2128 eum
1758 2095 1934 2128 faciemus.
1969 2093 2054 2128 ltem
2068 2092 2217 2130 loliann.
2233 2095 2306 2129 l7.:

1320 2146 1547 2181 Manifestavi
1566 2147 1614 2178 eis
1634 2158 1762 2179 nomen
1782 2153 1900 2184 tuum,
1928 2152 1959 2179 et
1979 2158 2085 2190 porro
2111 2153 2234 2180 notum
2256 2147 2307 2179 sa-

1319 2199 1421 2239 ciam,
1449 2204 1485 2230 ut
1505 2197 1647 2230 dilectio
1666 2204 1736 2236 tna,
1760 2210 1827 2242 qua
1845 2209 1899 2229 me
1919 2197 2048 2241 diligis,
2075 2196 2119 2231 sit
2139 2197 2175 2229 in
2191 2197 2253 2236 eis,
2276 2204 2306 2229 et

1320 2262 1381 2293 ego
1400 2249 1435 2281 in
1451 2249 1509 2282 eis.
1565 2247 1658 2280 llaec
1679 2255 1725 2281 est
1747 2247 1901 2291 profecto
1919 2248 2026 2287 seria,
2053 2248 2180 2281 ardens
2196 2254 2227 2281 et
2246 2249 2307 2280 ad-

1319 2301 1480 2333 miranda
1512 2299 1684 2344 precatio,
1724 2312 1828 2344 quani
1859 2297 2035 2332 Dominus
2066 2305 2185 2332 noster
2213 2299 2308 2332 lesus

1320 2350 1499 2390 (hristus,
1533 2351 1567 2383 iii
1591 2361 1701 2391 agone
1725 2350 1829 2394 paulo
1850 2356 1930 2382 ante
1959 2349 2242 2389 crucifixionem,
2275 2357 2309 2383 et

1320 2404 1548 2440 sacrificium,
1576 2414 1646 2447 quo
1664 2400 1811 2446 placavit
1830 2400 1915 2433 iram
1934 2399 2046 2433 Patris
2070 2401 2224 2443 aeterni,
2252 2412 2307 2435 re—

1321 2454 1451 2489 citavit.
1506 2453 1598 2487 Petit
1623 2459 1758 2491 autem,
1788 2457 1824 2484 nt
1851 2451 2019 2484 iiiiinensa
2043 2451 2204 2493 dilectio,
2239 2462 2307 2497 qua

1322 2505 1425 2538 Pater
1441 2512 1601 2538 aeternus
1618 2502 1748 2536 Filium
1768 2509 1992 2535 coaeternum
2019 2502 2155 2545 diligit,
2183 2502 2219 2535 in
2242 2514 2308 2537 no-

1322 2557 1376 2589 bis
1399 2568 1539 2601 quoqne
1562 2554 1617 2589 sit.
1678 2554 1778 2595 Quae
1803 2560 1913 2597 potest
1940 2553 2122 2597 patefactio
2147 2553 2310 2587 dulcior?

1322 2620 1410 2652 quae.
1436 2613 1546 2651 potest
1578 2604 1749 2637 illustrior
1779 2604 1923 2645 cogitari
1949 2603 2155 2648 significatio
2180 2605 2309 2637 sommi

1293 2684 1296 2691 .
1323 2659 1452 2692 amoris
1469 2670 1547 2701 erga
1568 2656 1654 2689 iios?
1682 2668 1787 2700 quam
1808 2653 1889 2688 haec
1908 2653 2309 2690 commemoratioChri-
