2409 2915
277 87 352 126 467

285 171 498 214 mediatore,
527 177 561 206 et
586 168 729 217 Spiritu
751 175 881 204 sancto.

287 233 319 260 et
344 238 435 266 sese,
458 231 491 257 et
512 229 629 257 tamen
643 222 725 256 facit
741 220 921 266 aequalem
938 220 1141 264 potentiam.
1195 217 1269 261 Ego

288 287 364 309 sum
381 276 419 308 in
435 280 544 319 patre,
572 280 606 307 et
621 278 718 318 patre
733 271 771 305 in
786 283 843 304 me
857 277 916 305 est.
963 269 1041 314 lpse
1055 269 1138 304 facit
1152 279 1271 313 opera,

289 325 327 359 id
357 332 424 366 est,
456 323 561 358 simul
592 334 799 368 operamur,
831 320 936 356 Pater
960 327 993 354 et
1018 320 1149 361 Filius,
1183 319 1271 352 sicut

289 373 414 411 Iohan.
431 375 466 411 5.
491 374 636 408 dicitur:
665 372 769 408 Pater
785 383 883 406 meus
900 382 1010 416 usque
1025 371 1132 404 modo
1149 380 1271 414 opera-

288 431 367 467 tur,
398 431 433 459 et
462 436 525 469 ego
551 436 689 469 operor.
747 421 794 456 Et
819 419 942 457 Iohan.
961 423 1012 455 1.:
1047 418 1181 454 Omnia
1210 430 1273 464 per

290 476 406 520 ipsum
429 475 519 509 facta
541 481 633 509 sunt.
686 473 843 507 Additur
856 478 889 506 et
907 469 965 504 hic
981 472 1024 505 de
1041 470 1176 516 Spiritu
1193 481 1274 503 san-

292 534 364 560 cto:
402 525 476 569 Ego
507 526 638 569 rogabo
669 530 824 567 patrem,
855 528 889 556 et
919 522 1029 555 alium
1059 521 1274 566 paracletum

293 577 392 610 dabit
412 575 529 616 vobis,
556 581 595 609 ut
619 580 759 608 maneat
782 572 964 607 vobiscum
989 579 1177 618 perpetuo,
1202 570 1275 615 spi-

293 627 400 661 ritum
418 625 583 660 veritatis,

396 682 485 717 Tres
508 683 616 727 igitur
640 693 809 727 personae
833 679 892 716 hic
910 681 1161 721 nominantur,
1189 691 1277 726 qnae

295 734 401 769 simul
427 740 509 767 sunt
528 734 682 767 efficaces
698 732 836 779 aequali
851 733 1005 777 potentia
1017 759 1026 774 ‚
1053 739 1151 777 pater
1167 738 1279 765 aeter-

294 796 382 825 nus,
416 785 477 829 qui
501 784 622 828 genuit
646 783 799 823 Filium,
832 790 866 817 et
889 782 1001 817 Filius
1025 783 1182 826 genitus,
1217 781 1280 826 qui

295 842 348 869 est
370 835 484 878 imago
501 834 627 878 patris,
653 841 686 868 et
701 833 855 877 Spiritus
873 840 1032 874 sanctus,
1058 833 1120 878 qui
1137 839 1188 866 est
1205 832 1280 876 agi-

296 892 389 920 tator
406 892 439 918 et
456 885 649 918 vivificator
664 884 700 916 in
719 883 883 916 cordibus
899 883 1052 926 piorum.

399 941 453 976 Sit
478 941 585 985 igitur
605 939 691 974 baec
713 939 826 973 forma
850 939 1097 972 invocationis.
1150 937 1282 973 Omni-

297 1000 422 1039 potens
456 998 594 1025 aeterne
617 988 733 1030 Deus,
767 995 865 1033 pater
887 987 1034 1023 Domini
1064 990 1178 1023 nostri
1204 989 1283 1024 Iesu

298 1042 449 1082 Christi,
476 1041 638 1075 conditor
662 1039 825 1073 omnium
849 1051 966 1073 rerum
992 1046 1025 1073 et
1047 1047 1284 1082 conservator,

299 1106 379 1128 cum
391 1092 484 1126 Filio
500 1098 561 1125 tuo
578 1097 611 1124 et
626 1090 662 1126 S.
672 1089 727 1131 S.,
754 1090 912 1138 sapiens,
938 1091 1049 1131 bone,
1074 1091 1284 1130 misericors,

298 1145 405 1178 iudex
435 1149 469 1176 et
499 1141 620 1184 sortis,
663 1141 828 1174 miserere
860 1140 949 1182 mei,
992 1147 1136 1185 propter
1170 1140 1284 1175 Iesum

298 1192 482 1229 Christum
500 1191 631 1225 Filium
655 1197 776 1231 tuum,
803 1202 906 1236 quem
932 1191 1075 1225 voluisti
1099 1204 1163 1236 pro
1182 1193 1286 1226 nobis

301 1256 374 1278 esse
399 1243 595 1283 victimam,
621 1241 785 1275 mirando
810 1248 844 1276 et
870 1241 1102 1276 inenarrabili
1125 1243 1286 1282 consilio,

302 1294 477 1328 sanctifica
511 1299 545 1326 et
573 1303 653 1335 rege
682 1303 743 1325 cor
772 1303 889 1325 meum
912 1290 1049 1336 Spiritu
1069 1299 1187 1326 sancto
1212 1299 1286 1333 tuo,

303 1346 399 1378 iuxta
426 1342 710 1387 promissionem:
737 1340 784 1375 Et
807 1342 907 1375 dabit
930 1342 1030 1375 vobis
1056 1342 1165 1374 alium
1187 1354 1288 1386 para-

306 1396 446 1432 cletum,
470 1393 632 1436 spiritum
650 1392 817 1425 veritatis.
854 1390 950 1424 Haec
965 1391 1141 1425 invocatio
1159 1392 1289 1426 discer-

305 1445 361 1479 nit
379 1442 570 1478 Ecclesiam
590 1454 609 1476 a
627 1440 773 1484 Tamis,
798 1439 960 1475 Ethnicis
978 1447 1011 1476 et
1028 1440 1178 1475 ludaeis.

689 1557 739 1582 De
769 1556 913 1583 tertio.

408 1618 461 1653 De
483 1615 633 1651 efficacia
652 1615 888 1650 invocationis
904 1615 1006 1650 dicit:
1035 1614 1214 1661 Quicquid
1232 1628 1292 1660 pe-

309 1669 435 1706 tieritis
466 1669 503 1702 in
535 1668 681 1701 nomine
714 1679 815 1706 meo,
859 1678 922 1710 ego
954 1666 1097 1707 faciam,
1137 1673 1170 1700 et
1202 1667 1292 1701 infra

310 1733 385 1765 cap.
411 1719 482 1754 16.:
520 1717 700 1763 Quicquid
730 1717 900 1765 petieritis
932 1724 1065 1761 patrem
1089 1717 1126 1749 in
1151 1718 1294 1751 nomine

309 1783 409 1810 meo,
436 1770 534 1803 dabit
556 1769 666 1802 vobis.
720 1767 866 1802 Necesse
892 1774 941 1801 est
963 1774 1080 1802 autem
1099 1768 1295 1808 observare,

313 1822 407 1867 quod
426 1820 521 1854 iubet
539 1826 654 1864 petere
671 1830 734 1852 suo
755 1819 899 1851 nomine
912 1845 921 1859 ,
947 1818 1127 1859 videlicet,
1152 1825 1296 1866 propter

313 1874 404 1909 duo,
439 1877 479 1904 ut
510 1869 682 1912 dirigatur
710 1869 822 1902 oratio
851 1869 895 1901 ad
921 1880 1043 1901 verum
1068 1867 1198 1901 Deum:
1234 1870 1294 1902 de-

314 1922 398 1955 inde
421 1927 459 1953 ut
483 1926 643 1953 teneatur
664 1919 838 1952 certitudo
862 1919 956 1963 quod
983 1919 1228 1959 exaudiamur,
1263 1926 1294 1952 et

315 1984 378 2006 cur
402 1969 638 2004 exaudiamur.
702 1967 892 2002 Sciendum
919 1974 969 2001 est
994 1968 1106 2009 enim,
1139 1969 1295 2002 exaudiri

313 2020 507 2057 Ecclesiam
546 2026 690 2064 propter
727 2017 857 2051 Filium
897 2018 1136 2053 mediatorem.
1203 2017 1296 2063 Ergo

316 2072 443 2106 fiducia
462 2070 545 2104 Filii
570 2070 732 2104 iubemur
757 2076 891 2112 petere,
918 2081 989 2101 non
1013 2069 1137 2103 fiducia
1160 2077 1298 2104 nostrae

316 2121 510 2166 dignitatis,
537 2127 596 2154 aut
611 2132 690 2153 cum
709 2119 940 2161 dubitatione,
960 2126 995 2153 ut
1014 2126 1143 2162 gentes,
1168 2119 1299 2159 ludaei,

317 2181 352 2207 et
377 2182 498 2206 omnes
522 2170 721 2214 ignorantes
738 2167 969 2211 Evangelium
997 2177 1118 2213 petunt
1141 2183 1218 2204 cum
1234 2172 1299 2204 du—

318 2222 501 2257 bitatione.
553 2219 686 2266 Estque
704 2221 890 2254 sententia:
922 2219 961 2253 ln
982 2220 1124 2252 nomine
1141 2233 1237 2262 meo,
1264 2222 1298 2254 id

319 2280 390 2312 est,
423 2279 565 2317 propter
589 2283 644 2305 me
668 2271 914 2312 mediatorem,
940 2270 994 2303 vel
1020 2271 1143 2305 fiducia
1169 2272 1299 2305 media-

320 2332 416 2359 toris.

423 2380 570 2424 Quoties
586 2392 666 2422 ergo
687 2380 843 2413 incoahis
860 2386 954 2413 tuam
970 2379 1216 2424 precationem,
1243 2392 1299 2413 co-

319 2433 389 2477 gita
416 2430 507 2465 hanc
532 2431 815 2476 promissionem:
845 2430 1024 2475 Quicquid
1050 2431 1216 2475 petieritis
1241 2442 1302 2474 pa-

321 2492 408 2517 trem
432 2483 467 2515 in
493 2482 636 2515 nomine
656 2493 756 2522 mro,
785 2481 881 2514 dabit
900 2482 1006 2514 vobis.
1052 2480 1149 2515 Alibi
1169 2481 1301 2526 inquit:

320 2533 396 2577 Ego
428 2533 574 2573 faciam,
609 2539 647 2566 ut
678 2533 836 2565 osu-ndat
869 2532 1020 2578 scipsum
1052 2532 1235 2569 exaudire,
1270 2538 1301 2566 et

321 2585 424 2618 simul
442 2584 578 2631 operari
596 2595 674 2616 cum
692 2589 796 2627 patre.
851 2580 1033 2616 Discnmus
1050 2589 1163 2616 autem
1182 2582 1217 2614 iu
1235 2580 1300 2615 Ec-

319 2635 421 2669 clesia
446 2646 562 2668 veram
589 2633 845 2667 invocationem
870 2634 1043 2678 peculiare
1068 2640 1100 2668 et
1118 2633 1301 2678 proprium

865 79 993 125 PHIL.
1017 77 1136 118 MEL.
1160 76 1367 118 SCRIPTA
1392 75 1695 116 EXEGETICAa

937 167 1113 202 Discernit
1134 174 1268 213 patrem
1291 167 1297 176 '

2221 79 2298 118 468

1320 175 1409 210 opus
1425 175 1496 199 esse
1512 165 1621 200 solius
1638 159 1814 198 Ecclesiae
1831 159 1914 198 Dei:
1942 161 2020 197 ideo
2046 159 2226 198 sciendum
2240 170 2304 206 est,

1321 216 1500 261 quomodo
1524 216 1685 249 facienda
1709 215 1774 255 sit,
1800 221 1840 248 ut
1861 220 1954 248 recte
1976 214 2020 247 ad
2037 211 2151 247 Deum
2174 214 2304 258 diriga-

1322 272 1401 306 tur,
1426 272 1460 299 et
1481 266 1524 299 sit
1549 266 1678 299 efficax.
1730 263 1789 299 Ad
1812 261 1880 298 hoc
1903 275 2040 298 necesse
2056 270 2106 297 est
2123 263 2247 297 afferre
2264 264 2304 298 in

1323 315 1548 350 invocatione
1571 316 1695 357 fidem,
1719 327 1808 361 quae
1831 327 1912 349 vere
1932 321 2077 355 statuat,
2105 325 2171 348 nos
2194 313 2304 358 recipi

1323 372 1467 411 propter
1482 363 1663 399 Christum
1675 392 1685 406 ,
1711 372 1744 400 et
1769 366 2026 399 invocationem
2045 376 2117 398 non
2135 375 2208 398 esse
2224 364 2306 397 irri-

1325 423 1414 455 tam,
1449 416 1510 449 sed
1534 416 1609 450 sine
1632 416 1705 449 ulla
1728 416 1948 450 dubitatione
1973 415 2129 460 accipere
2149 414 2309 459 gratiam,'

1326 467 1408 512 quia
1432 466 1641 500 nominatim
1669 463 1753 499 haec
1776 467 1946 510 promissa
1971 473 2032 500 est.
2083 465 2124 500 In
2142 476 2307 509 corpora-

1327 518 1420 551 libus
1442 528 1546 558 νει-ο,
1573 517 1826 560 mitigationem
1850 524 1909 550 aut
1925 517 2190 557 liberationem,
2214 515 2311 549 iuxta

1328 568 1392 602 Dei
1410 567 1595 601 consilium
1608 593 1616 607 ‚
1640 567 1722 612 quia
1739 567 1904 600 debemus
1919 567 2154 600 obedientiam
2173 567 2210 599 in
2229 577 2310 599 cru-

1329 629 1388 659 ce,
1416 625 1449 652 et
1465 616 1560 651 Deus
1584 615 1645 651 has
1671 617 1896 651 liberationes
1918 617 1956 650 in
1978 614 2043 651 hac
2059 617 2130 651 vita
2146 617 2223 652 vult
2238 627 2311 650 esse
2357 638 2365 652 .-

1329 668 1528 704 dissimiles.

1433 742 1506 778 Cur
1535 751 1649 778 autem
1679 744 1778 778 dicit:
1814 743 1952 778 Maiora
1981 741 2037 777 his
2066 743 2190 777 faciet?
2241 740 2314 777 Re-

1332 795 1505 839 spondeo:
1535 794 1702 837 Quotidie
1723 806 1849 828 arcana
1874 806 1978 839 opera
1996 805 2141 838 magna,
2169 804 2315 836 magnae

1334 845 1557 879 liberationes
1574 845 1662 879 fiunt
1678 845 1714 878 in
1732 844 1906 886 Ecclesia,
1932 857 2020 891 quae
2037 856 2108 878 non
2127 845 2316 877 incurrunt

1333 897 1371 929 in
1388 895 1508 929 oculos
1523 901 1678 936 nostros,
1704 897 1762 928 sed
1780 902 1967 929 cernentur
1983 907 2060 929 cum
2071 894 2224 928 Ecclesia
2242 893 2318 936 glo-

1333 946 1538 980 rificabitur.
1571 944 1648 978 Nisi
1665 946 1757 978 enim
1774 953 1985 989 grassantem
2005 945 2187 979 diabolum
2203 936 2328 977 Filius'

1334 997 1399 1032 Dei
1433 995 1643 1029 mirabiliter
1673 996 1898 1039 reprimeret,
1934 994 2126 1029 Ecclesiam
2157 994 2320 1028 funditus

1336 1053 1496 1081 vastaret.
1546 1045 1668 1079 Vincit
1685 1046 1793 1088 igitur
1807 1046 1921 1080 Filius
1929 1045 1994 1079 Dei
2010 1046 2046 1078 in
2062 1043 2135 1086 his,
2163 1045 2224 1090 qui
2240 1055 2320 1078 vere

1337 1099 1453 1131 Deum
1478 1097 1658 1130 invocant.
1718 1094 1859 1129 Rursus
1882 1103 1997 1129 autem
2023 1096 2134 1130 vincit
2158 1094 2320 1130 diabolus

1339 1149 1376 1181 in
1393 1147 1531 1196 impiis,
1555 1153 1615 1180 aut
1630 1146 1877 1180 abiicientibus
1894 1146 2009 1182 fidem.

1538 1278 1605 1318 De
1636 1277 1684 1319 S.
1715 1277 1903 1319 Iohanne
1932 1277 2150 1330 Baptista(

1615 1358 1850 1403 Evangelium
1869 1357 2001 1396 Matth.
2017 1360 2052 1394 8.

1394 1434 1442 1470 In
1476 1433 1602 1469 diebus
1635 1433 1713 1468 illis
1740 1432 1901 1467 seniebat
1926 1431 2118 1468 Iohannes
2140 1433 2330 1483 Baptista,

1443 1483 1665 1533 praedicans
1691 1484 1730 1517 in
1757 1482 1894 1517 deserto
1918 1482 2102 1526 Iudaeae,
2136 1490 2166 1518 et
2192 1485 2330 1520 dicens.-

1445 1534 1712 1570 Poenilenliam
1739 1534 1855 1580 agile,
1898 1535 2208 1582 appropinquavi!
2236 1537 2331 1570 enim

1449 1598 1599 1631 regnum
1632 1584 1822 1619 coelorum.
1879 1584 1952 1618 Hic
1975 1590 2024 1618 est
2051 1585 2164 1627 enim,
2194 1584 2236 1620 de
2260 1599 2332 1634 quo

1449 1635 1584 1669 dictum
1615 1640 1664 1668 cst
1690 1646 1754 1680 per
1777 1633 1940 1667 Esaiam
1963 1632 2187 1682 Prophelam
2211 1635 2332 1671 dicen-

1450 1692 1536 1720 tem:
1583 1683 1670 1719 Vox
1701 1683 1899 1718 clamantis
1931 1685 1969 1718 in
2001 1684 2157 1726 deserto,
2192 1683 2332 1723 Parate

1450 1739 1546 1771 viam
1563 1734 1729 1769 Domino
1740 1760 1748 1774 ,
1776 1740 1891 1769 rectas
1902 1736 2020 1783 facile
2036 1736 2186 1771 semims
2202 1738 2289 1775 eius.

1399 1804 1485 1854 Ipse
1503 1809 1622 1838 aulem
1641 1801 1831 1837 Iohannes
1850 1801 2010 1838 habebat
2028 1806 2272 1841 vestimentum
2290 1808 2333 1843 de
2352 1790 2355 1793 ι

1449 1854 1540 1904 pilis
1566 1853 1802 1890 curticlorum,
1831 1858 1861 1887 e!
1884 1866 2016 1888 zonam
2030 1855 2218 1901 pelliceam
2236 1859 2331 1894 circa

1451 1905 1596 1940 lumbos
1620 1917 1716 1940 suos.
1770 1903 1871 1937 Essa
1893 1910 2012 1939 autem
2035 1907 2110 1940 cius
2132 1913 2209 1941 erat
2234 1908 2332 1944 Iocu-

1452 1961 1530 1990 stae
1564 1961 1594 1989 et
1634 1953 1706 1988 mel
1735 1953 1919 2000 sylvestre.
1990 1953 2095 1991 Tunc
2126 1958 2252 1992 aribo!
2280 1959 2336 1995 ad

1452 2018 1530 2040 eum
1549 2005 1572 2039 I
1574 2004 1778 2050 erosolytrm
1796 2011 1825 2038 e!
1842 2006 1958 2039 omnis
1975 2004 2000 2039 I
2001 2005 2119 2041 udam
2132 2036 2141 2046 ,
2169 2014 2199 2042 e!
2215 2012 2334 2045 omnis

1453 2057 1551 2102 regio
1571 2056 1664 2089 circa
1686 2054 1883 2089 Iordanem
1896 2082 1904 2092 ,
1933 2062 1962 2089 e!
1979 2056 2269 2102 baptizabantur
2285 2061 2334 2096 ab

1456 2119 1494 2141 eo
1511 2108 1547 2140 in
1566 2104 1728 2140 Iordane
1743 2104 1946 2150 confitentes
1960 2114 2106 2155 peccata
2121 2121 2203 2145 sua.

1409 2172 1550 2211 Videris
1572 2178 1692 2207 aulem
1716 2172 1850 2207 multos
1874 2171 2162 2210 Pharisaeorum
2188 2182 2219 2212 e!
2236 2177 2336 2214 Sad-

1457 2223 1674 2258 ducaeorum
1700 2225 1874 2257 venientes
1897 2223 1951 2257 ad
1972 2225 2194 2272 baptismum
2217 2242 2336 2272 suum,

1457 2274 1555 2309 disi!
1572 2275 1637 2309 cis:
1668 2272 1862 2322 Progenies
1879 2276 2094 2321 viperarum.
2118 2292 2128 2310 ι
2145 2279 2201 2312 uis
2218 2285 2338 2316 osten-

1458 2325 1511 2360 dit
1528 2325 1626 2359 robis
1635 2326 1768 2374 sugere
1784 2339 1807 2359 a
1825 2330 1972 2358 ventura
1989 2326 2046 2359 ira
2057 2328 2072 2359 ?
2147 2329 2238 2365 acite
2253 2343 2337 2379 ergo

1450 2379 1599 2425 fructus
1629 2375 1759 2421 dignos
1789 2376 2030 2422 poenite-ntia.
2069 2376 2122 2411 E!
2151 2392 2193 2414 ne
2218 2380 2334 2416 velitis

1458 2426 1572 2461 disere
1605 2426 1703 2459 intra
1738 2438 1797 2459 vos
1830 2426 1944 2471 ipsoss
1982 2425 2128 2463 I'nlrem
2159 2428 2334 2466 habemus

1456 2475 1662 2512 Abraham.
1716 2475 1814 2509 I)icn
1830 2477 1923 2510 mim
1941 2478 2051 2519 vohis,
2079 2480 2252 2527 quoniam
2267 2494 2334 2529 p„-
2373 2474 2389 2515 l

1455 2533 1532 2563 lens
1562 2532 1611 2561 est
1635 2525 1737 2560 Deus
1768 2525 1809 2561 de
1841 2526 2030 2573 lapidibus
2055 2529 2135 2564 istis
2158 2533 2336 2568 suscu'larae
2373 2527 2390 2567 ’ν

1822 2576 1908 2612 Iam
1933 2584 2053 2613 atatem
2075 2585 2106 2614 r!
2128 2583 2261 2617 securis
2284 2582 2340 2618 ad
2372 2578 2406 2622 ll

1452 2577 1554 2622 filios
1579 2575 1763 2613 Abrahae.

2355 884 2384 926 :2
2356 799 2381 875 »εκ
2354 751 2367 789 ·>·
2353 734 2370 742 ·=
2359 699 2365 722 ’ν
2356 666 2363 679 ·

2359 960 2377 971 ⁴

2382 2430 2390 2465 A

1459 2628 1616 2664 radicem
1640 2629 1812 2663 arborum
1838 2630 1958 2664 posita
1981 2635 2041 2665 est.
2094 2628 2228 2669 Omnis
2253 2645 2337 2681 ergo
2372 2631 2405 2671 'tt
