2409 2915
305 87 380 126 575

312 173 447 208 scoenis
471 168 649 203 amoribus
674 167 717 200 de
739 163 888 199 sanitate
920 175 960 197 ac
985 168 1102 196 mente
1130 163 1296 198 deturba-

313 233 366 258 tos
386 221 483 255 esse?

412 270 558 306 Numeri
576 266 638 303 25.
672 266 968 301 Commorabatur
984 264 1094 298 Israe'l
1115 264 1151 297 in
1176 264 1298 301 setim,

313 331 346 358 et
376 322 489 366 coepit
519 319 689 353 fornicari
718 318 870 362 populus
900 328 979 348 cum
1010 315 1149 349 filiabus
1178 314 1300 354 Moab,

315 387 402 420 quae
421 372 593 405 vocabant
611 381 669 403 eos
685 371 726 403 ad
744 367 910 402 sacrificia
927 378 1000 399 sua.
1051 364 1099 400 At
1115 366 1166 399 illi
1184 377 1300 399 come-

315 429 437 458 dentes
455 435 492 456 ac
510 422 671 456 bibentes
688 419 880 453 adorabant
898 417 992 450 idola
1012 429 1150 458 earum,
1178 424 1210 450 et
1229 416 1299 448 ini-

314 477 420 511 tiatus
437 481 504 514 est,
531 484 608 512 seu,
636 469 793 504 adhaesit
812 468 920 501 lsra'e'l
936 467 1021 501 Baal
1041 467 1142 500 Peor.

416 524 474 559 Sic
510 530 626 556 nostra
652 519 821 553 memoria
844 517 1039 563 Episcopus
1064 516 1301 559 Trevirensis,

315 579 480 620 idemque
498 570 658 607 Marchio
676 570 847 604 Badensis
866 569 903 602 in
922 569 998 614 ipso
1016 567 1171 602 thalamo
1190 569 1301 602 inter·
1326 574 1329 577 ’

314 630 423 661 fectus
440 632 490 659 est
506 636 524 657 a
542 630 659 656 sutore
676 623 843 667 quodam.

415 676 500 710 Item
529 673 727 718 Episcopus
749 671 1054 711 W'ormatiensis,
1088 669 1303 712 Dalburgius

316 727 486 762 excellens
510 725 727 764 eruditione,
755 730 787 756 et
812 721 1053 756 Cancellarius
1075 720 1304 763 Edelbergae,

315 783 400 812 dum
421 783 526 810 noctu
545 775 743 819 ingreditur
761 773 861 806 aedes
883 773 1116 810 meretricias,
1146 783 1225 804 casu
1244 772 1303 802 de-

317 831 432 875 lapsus
452 829 489 860 in
508 827 630 859 cellam
649 824 823 858 vinariam
836 851 844 863 ‚
872 823 997 855 misere
1018 823 1131 865 periit.

419 878 450 912 E
473 877 666 911 contrario:
698 886 822 917 magua
847 875 942 913 luce,
976 872 1164 916 sapientia,
1191 873 1305 905 dono-

316 941 466 974 rumque
490 926 701 973 praestantia
719 925 813 958 Deus
838 929 941 956 ornat
965 929 999 956 et
1016 923 1170 956 cumulat
1186 929 1307 962 castos,

316 989 356 1015 ut
379 980 577 1023 exemplum
605 974 744 1020 losephi
767 981 933 1014 testatur,
972 975 1016 1006 de
1040 974 1168 1018 quibus
1193 974 1306 1006 dono-

318 1082 428 1122 ltem‚
463 1081 505 1113 ad
537 1077 692 1112 Ebraeos
721 1077 794 1111 12:
831 1075 1022 1109 Sectamini
1059 1075 1306 1109 sanctificatio-

318 1145 397 1166 nem
411 1159 418 1171 ,
447 1132 521 1164 sine
539 1142 605 1175 qua
622 1128 738 1163 Deum
756 1138 859 1159 nemo
879 1125 1019 1159 videbit.

392 1219 503 1252 Beati
519 1213 687 1262 pacifici,
716 1214 803 1259 quia
818 1210 891 1260 filii
907 1212 981 1247 Dea·
996 1211 1240 1247 vocabuntur.

422 1286 510 1320 Tria
530 1295 655 1328 genera
679 1280 867 1316 hominum
894 1288 976 1315 sunt
999 1282 1036 1314 in
1061 1281 1159 1314 omni
1182 1282 1309 1325 guber-

321 1339 477 1373 natione.

424 1388 585 1421 Primum
611 1395 721 1428 genus
746 1391 797 1417 est
818 1384 1046 1426 ignavorum,
1072 1382 1132 1428 qui
1149 1389 1231 1416 sunt
1248 1395 1308 1416 ne-

323 1441 509 1484 gligentes,
535 1444 566 1470 et
585 1441 720 1470 cessant
737 1434 775 1467 in
793 1435 907 1467 officio
927 1445 1000 1468 suo.
1054 1432 1180 1476 Qualis
1200 1435 1236 1466 in
1255 1446 1310 1467 re-

321 1491 453 1535 gimine
485 1489 629 1533 politico
662 1485 729 1518 suit
759 1485 1035 1528 Sardanapalus:
1071 1485 1109 1517 in
1141 1485 1310 1528 regimine

323 1540 553 1575 ecclesiastico
587 1538 659 1571 Leo
692 1535 805 1579 Papa,
845 1547 918 1568 non
957 1541 1118 1568 curantes
1153 1536 1243 1569 iusta
1279 1543 1312 1569 et

321 1593 472 1629 iniusta,
505 1601 569 1622 nec
599 1587 767 1621 facientes
798 1586 1021 1619 mediocriter
1045 1586 1218 1627 officium,
1252 1588 1309 1619 sed

322 1643 428 1677 ociosi
453 1640 646 1674 helluones.
717 1636 769 1670 De
795 1637 923 1670 talibus
948 1637 1129 1670 clamitant
1153 1635 1312 1681 Prophe-

324 1702 394 1731 tae,
429 1701 465 1725 ut
490 1689 651 1725 Ezechiel
675 1687 752 1722 34.;
788 1687 860 1720 Vae
885 1688 1083 1731 pastoribus
1109 1688 1168 1731 qui
1195 1699 1311 1732 pasce-

323 1747 407 1778 bant
434 1742 656 1785 semetipsos,
684 1740 736 1771 lac
760 1739 994 1771 comedebatis
1018 1745 1049 1771 et
1069 1738 1158 1770 lanis
1175 1738 1312 1782 operie-

324 1795 470 1834 bamini,
497 1804 633 1837 gregem
648 1802 730 1823 vero
747 1802 862 1822 meum
880 1801 951 1821 non
969 1789 1170 1832 pascebatis.
1226 1788 1311 1821 Item

327 1847 492 1880 Ieremias
519 1856 592 1887 cap.
609 1841 686 1876 48.:
717 1840 928 1874 Maledictus
954 1840 1014 1883 qui
1034 1839 1113 1872 sacit
1131 1851 1219 1883 opus
1236 1841 1312 1873 Do-

325 1897 413 1930 mini
438 1895 663 1937 negligenter.
724 1890 809 1923 ltem
835 1888 957 1923 Esaiae
974 1889 1025 1924 5.:
1056 1889 1127 1921 Vae
1149 1890 1207 1935 qui
1236 1903 1313 1923 sur·

326 1948 405 1991 gitis
425 1958 525 1978 mane
545 1945 584 1976 ad
603 1942 805 1975 ebrietatem
824 1941 1042 1980 sectandam,
1069 1946 1101 1972 ‹·t
1120 1942 1312 1983 potandum

327 2010 437 2043 nsque
469 1997 510 2028 ad
544 2005 742 2037 vesperam,
778 1999 814 2024 ut
848 1990 928 2024 vino
953 1991 1135 2031 aestuetis,
1170 1989 1314 2031 cithara,

329 2051 424 2094 lyra,
458 2055 683 2092 tympanum,
719 2043 824 2080 tibia,
860 2049 893 2075 et
924 2042 1046 2075 vinum
1079 2042 1114 2074 in
1142 2043 1315 2075 conviviis

328 2099 469 2137 vestris,
496 2104 528 2131 et
550 2107 638 2139 opus
654 2093 799 2128 Domini
820 2105 890 2125 non
909 2093 1098 2136 respicitis,
1126 2105 1188 2126 nec
1209 2105 1314 2137 opera

328 2161 498 2183 mannum
531 2147 622 2184 eius,
660 2146 693 2178 id
726 2152 793 2184 est,
827 2143 988 2176 ordinem
1012 2144 1173 2177 divinum
1198 2145 1314 2177 consi—

328 2201 469 2235 deratis.
1340 2189 1343 2255 ἱ

433 2250 634 2284 Secundum
658 2258 768 2291 genus
795 2252 842 2279 est
861 2258 932 2278 non
952 2245 1136 2287 ignavum,
1163 2248 1221 2279 sed
1242 2259 1314 2280 ma-

331 2304 506 2342 levolum,
548 2300 715 2336 lividum,
759 2297 976 2341 inquietum,
1012 2308 1168 2340 pugnax,
1204 2310 1317 2331 arma-

332 2365 404 2390 tum
421 2351 636 2396 impudentia
654 2357 685 2383 et
703 2346 902 2393 sophistica,
931 2349 1023 2392 quod
1043 2349 1217 2392 snperbia,
1243 2362 1316 2381 am-

334 2407 486 2440 bitione.
529 2401 742 2440 invidentia,
782 2400 979 2436 rixositatc,
1014 2406 1070 2431 aut
1103 2400 1345 2616 eadwinum,

333 2471 371 2491 ae
390 2457 706 2501 polypragtnosyne.
723 2457 857 2483 tantum
876 2450 1118 2483 contentiones
1136 2457 1164 2482 et
1185 2451 1316 2485 discor-

333 2511 407 2541 dias
433 2506 567 2538 excitat.
626 2503 665 2536 lit
692 2502 775 2534 tales
800 2501 901 2533 multi
927 2501 1061 2534 suntin
1080 2502 1245 2533 omnibus
1265 2515 1317 2535 re-

333 2557 541 2601 giminibus,
576 2561 610 2587 nt
640 2552 773 2587 Pioniae
799 2551 955 2590 Marius,
989 2551 1162 2590 Catilina,
1188 2553 1222 2584 in
1250 2551 1318 2586 Ec-

334 2610 434 2643 clesia
456 2607 578 2642 Arius.
608 2603 750 2641 Eccius,
777 2603 966 2647 (iauysius,
996 2603 1055 2647 qui
1082 2610 1217 2636 tantum
1247 2605 1317 2637 dis·
1341 2625 1344 2653 5

334 2660 442 2696 sidia,
477 2657 722 2690 distractiones
746 2661 776 2687 ct
804 2651 992 2686 horribiles
1015 2654 1185 2688 tumultus
1211 2667 1316 2699 qnae-
1342 2682 1343 2685 ,

905 77 1028 113 PHIL.
1058 74 1175 114 MEL.
1202 75 1413 113 SCRIPTA
1441 76 1739 114 EXEGETICA.

318 1044 396 1065 rum
416 1027 642 1063 incrementis
658 1026 815 1071 loquitur
831 1031 960 1059 textus:
989 1024 1106 1058 Deum
1123 1025 1306 1058 videbunt.

1349 171 1444 198 runt.
1497 164 1551 198 De
1569 165 1698 210 quibus
1716 163 1885 199 Salomon
1900 162 2068 198 proverb.
2085 163 2108 197 6
2130 177 2137 197 ;
2164 162 2257 198 Eum
2275 166 2335 211 qui

1351 214 1436 250 serit
1455 216 1649 249 discordias
1666 216 1759 249 inter
1776 215 1899 248 fratres
1915 212 2337 250 abominaturDominus.

1453 283 1615 317 Tertium
1642 295 1750 327 genus
1773 290 1824 318 est
1846 282 2040 327 pacificum.
2093 281 2256 328 Suntque
2277 295 2340 328 pa-
2384 292 2391 301 ·

1352 334 1460 375 cifici,
1497 334 1684 377 diligenter
1714 335 1880 368 facientes
1908 334 2046 367 labores
2070 333 2282 367 necessarios
2306 340 2340 369 et

1352 385 1514 430 proprios
1552 397 1634 418 suae
1663 385 1876 423 vocationis,
1917 396 1990 418 non
2023 384 2143 428 cupidi
2174 385 2341 423 rixarum,

1352 448 1424 469 non
1457 442 1659 480 appetentes
1688 435 1940 476 certaminum,
1984 447 2048 468 nec
2077 441 2255 479 captantes
2284 435 2341 468 in-

1354 487 1462 520 iustas
1483 486 1695 525 discordias,
1722 483 1908 532 ἐπιεικείᾳ,
1936 493 1968 520 et
1990 486 2134 520 lenitate
2153 486 2343 520 tolerantes

1354 538 1550 571 infirmiora
1576 537 1753 575 membra,
1785 537 1910 570 ordine
1933 543 1967 571 et
1992 544 2083 571 recte
2108 536 2342 570 diiudicantes
2384 524 2392 553 Γ

1355 589 1528 632 dogmata,
1555 588 1690 628 ordine,
1718 587 1843 621 leniter
1859 599 1897 621 ac
1913 587 2064 631 benigne
2081 588 2240 621 diremtis
2257 599 2345 621 con-
2386 598 2389 602 ·

1355 640 1547 680 troversiis‚
1572 639 1786 682 corrigentes
1800 644 1913 671 errata
1929 638 2155 679 sanabilium,
2183 650 2247 672 uec
2263 650 2343 682 per—

1356 691 1455 735 plexe
1478 691 1699 723 involventes
1725 696 1785 723 aut
1804 689 1972 722 insidiose
1988 690 2220 733 depravantes
2237 700 2344 733 nego-

1357 742 1408 774 cia
1439 741 1622 774 sententiis
1654 740 1879 774 calumniosis
1910 740 2023 773 vocati
2050 741 2092 773 ad
2119 740 2345 774 diiudicatio-

1357 804 1451 827 nem.
1504 791 1584 825 Non
1609 792 1747 835 ignavi,
1775 803 1848 824 non
1873 791 2055 831 malevoli,
2082 803 2154 824 uon
2173 802 2346 836 quaeren-

1357 849 1426 884 tes,
1459 854 1532 875 non
1557 843 1767 876 necessarias
1791 842 1902 879 rixas,
1931 853 2003 874 non
2028 841 2346 888 polypragmonici,

1357 906 1431 927 non
1461 893 1553 926 saevi
1583 893 1620 926 in
1652 893 1862 931 imbecilles,
1905 905 1978 926 non
2010 893 2235 937 obiurgantes
2265 904 2345 927 cum

1359 945 1545 978 acerbitate
1569 944 1643 977 sine
1667 945 1808 984 ordine,
1836 955 1910 977 non
1936 950 2133 978 exercentes
2159 943 2346 977 saeviciam

1359 996 1398 1030 in
1423 995 1616 1035 sanabiles,
1643 1006 1706 1028 nec
1731 995 1872 1035 acerbe,
1899 995 2096 1029 scurriliter
2115 1002 2147 1029 et
2163 1001 2347 1028 contume-

1359 1046 1446 1080 liose
1464 1044 1567 1079 dictis
1584 1045 1740 1078 volentes
1755 1045 1907 1086 vincere,
1937 1047 2141 1089 praesertim
2161 1057 2233 1078 non
2250 1044 2348 1089 prius

1360 1104 1517 1131 amanter
1542 1103 1574 1130 et
1597 1096 1723 1129 ordine
1745 1096 1945 1129 admonitos
1971 1108 2032 1130 seu
2051 1097 2245 1141 castigatos

1359 1149 1504 1182 fuerunt
1526 1147 1660 1192 pacifici
1684 1147 1720 1180 in
1743 1147 1998 1190 gubernatione
2016 1147 2157 1190 politica
2176 1146 2296 1191 Scipio
2315 1153 2350 1180 et

1360 1199 1560 1242 Augustus,
1586 1198 1822 1241 intelligentes
1847 1210 1885 1231 ac
1910 1198 2034 1231 sedulo
2055 1198 2275 1242 fideliterque
2298 1198 2349 1231 fa-

1362 1251 1490 1284 cientes
1525 1249 1659 1293 proprii
1694 1249 1850 1281 muneris
1880 1249 1992 1282 officia
2019 1249 2226 1293 praecipua,
2260 1248 2351 1282 iusta

1363 1308 1395 1335 et
1415 1300 1619 1334 necessaria.
1672 1297 1718 1334 Et
1738 1299 1775 1332 in
1793 1298 1949 1333 Ecclesia
1966 1311 2028 1333 seu
2044 1299 2241 1334 ministerio
2257 1297 2351 1333 Pau-

1362 1352 1418 1385 lus
1441 1359 1474 1385 et
1497 1351 1557 1383 alii
1582 1350 1701 1383 fideles
1722 1351 1901 1391 doctores,
1918 1357 1967 1384 -ut
1984 1349 2148 1384 Ieremias
2173 1356 2206 1384 et
2224 1349 2350 1384 caeteri

1362 1399 1570 1447 Prophetae.

1466 1460 1537 1494 Nec
1562 1460 1805 1494 existimentur
1822 1472 1894 1493 esse
1911 1460 2046 1505 pacifici
2063 1456 2269 1504 Sophistae,
2291 1459 2352 1505 qui

1364 1512 1482 1546 verbis
1527 1511 1702 1555 ambiguis
1735 1518 1767 1544 et
1809 1511 2008 1557 flexiloquis
2043 1510 2354 1544 conciliationibus

1363 1562 1541 1596 moderari
1582 1569 1686 1607 atque
1728 1563 1940 1595 concordare
1982 1563 2107 1595 volunt
2141 1561 2353 1605 religionum

1364 1613 1639 1652 controversias,
1667 1619 1705 1646 ut
1724 1612 1805 1646 secit
1821 1611 1988 1658 Synodns
2007 1612 2238 1658 Syrmiensis,
2265 1623 2353 1657 quae

1366 1665 1546 1699 distinctas
1567 1663 1741 1696 Ecclesias
1771 1661 1836 1696 hoc
1870 1664 2018 1697 consilio
2051 1664 2203 1707 speravit
2233 1674 2353 1696 rursus
2380 1669 2386 1673 “

1365 1715 1533 1757 coniungi
1552 1726 1671 1758 posse,
1696 1714 1726 1748 si
1744 1727 1783 1747 ex
1801 1713 1972 1758 Symbolo
1990 1714 2124 1748 Niceno
2145 1715 2355 1747 eximeretur

1366 1777 1432 1798 vox
1462 1763 1664 1808 ὁμοούσιον
1687 1771 1720 1797 et
1746 1764 1907 1805 generale
1932 1765 2078 1798 verbum
2105 1762 2236 1807 ὅμοιον
2260 1764 2354 1797 inse-

1365 1822 1513 1849 reretur.
1568 1814 1657 1847 Nam
1689 1812 1773 1847 haec
1808 1814 1970 1857 ambigna
2002 1815 2172 1854 formula,
2202 1822 2233 1848 et
2259 1814 2354 1848 velut

1366 1867 1508 1911 utrique
1532 1866 1611 1909 pedi
1636 1864 1850 1898 conveniens
1876 1863 2088 1903 cothurnus,
2131 1876 2354 1910 nequaquam

1365 1917 1507 1950 sustulit
1525 1916 1731 1953 dissidium,
1760 1916 1818 1948 sed
1836 1917 1931 1949 auxit
1949 1916 2153 1950 discordias.
2208 1915 2353 1949 Talium

1367 1967 1597 2001 consiliorum
1623 1973 1655 2000 et
1683 1973 1864 1999 evertuum
1885 1979 1956 1999 non
1977 1979 2102 2010 pauca,
2130 1964 2220 2009 proli
2239 1966 2354 2004 dulor,

1367 2025 1460 2052 aetas
1480 2025 1596 2050 nostra
1614 2017 1701 2051 vidit
1718 2017 1893 2060 exempla,
1921 2025 1957 2050 ut
1975 2030 2053 2050 cum
2070 2014 2218 2062 Spbynx
2231 2018 2353 2061 Augu-

1368 2077 1486 2109 stana,
1515 2080 1604 2113 quae
1622 2068 1828 2101 nominatur
1848 2066 2034 2108 ΙΧΤΕΜΜ,
2062 2068 2196 2112 prolata
2212 2075 2271 2101 est.

1470 2136 1629 2170 pacificis
1667 2142 1898 2179 opponuntur
1934 2135 1970 2167 in
2010 2135 2180 2179 regimine
2212 2135 2356 2179 politico

1369 2187 1532 2234 tyranni,
1559 2188 1594 2219 in
1616 2185 1771 2220 Ecclesia
1796 2186 2090 2227 calumniatores,
2117 2186 2272 2226 diaboli,
2299 2197 2356 2232 sy-

1368 2237 1574 2283 cophantae.
1628 2237 1790 2283 Tyranni
1817 2244 1990 2282 quaerunt
2014 2245 2045 2272 et
2069 2237 2246 2272 concitant
2267 2237 2357 2271 bella

1369 2291 1444 2323 sinc
1473 2290 1585 2323 causis
1618 2288 1716 2321 iustis
1748 2295 1780 2322 et
1812 2288 2031 2328 necessariis,
2064 2288 2153 2322 sicut
2185 2285 2251 2322 hoc
2280 2288 2356 2334 ipso

1369 2349 1526 2385 tempore
1550 2339 1733 2374 Romanus
1759 2338 1918 2372 Pontifex
1952 2346 2067 2374 movet
2099 2339 2212 2379 bella,
2243 2345 2276 2374 et
2299 2345 2356 2374 tu—

1370 2393 1502 2426 multus
1521 2391 1643 2424 excitat
1662 2391 1828 2423 adversus
1845 2390 2090 2434 imperatorem
2108 2390 2276 2435 cupidum
2294 2400 2355 2434 pa-
2385 2407 2389 2426 ,ι

2046 2440 2131 2475 Item
2163 2437 2279 2487 'qualis
2306 2447 2357 2474 est
2384 2456 2386 2467 ι

1370 2445 1418 2477 cis
1451 2450 1484 2477 et
1517 2442 1677 2487 publicae.
1712 2440 1990 2486 tranquillitatis.

1370 2494 1543 2529 Turricns
1562 2500 1752 2540 tyrannus,
1779 2499 1840 2525 etc.

1471 2551 1754 2586 calumniatores
1786 2559 1816 2585 et
1843 2548 2078 2596 sycophantae
2103 2558 2275 2596 quaerunt
2302 2551 2355 2584 lo-

1370 2602 1570 2647 gomachias
1596 2614 1656 2635 seu
1680 2602 1922 2636 cavillationes
1942 2609 1973 2635 et
1992 2599 2204 2647 sophismata
2226 2602 2356 2645 plausi-

1371 2657 1455 2689 bilia
1482 2656 1523 2688 ad
1549 2653 1759 2688 eludendam
1784 2653 1963 2688 veritatem
1988 2653 2201 2697 simplicem,
2230 2659 2287 2687 aut
2313 2653 2355 2687 ad
2378 2653 2380 2661 ’

2261 66 2349 118 576

2296 1095 2348 1130 Ita
2392 1095 2397 1100 “
