2409 2915
142 105 192 139 73

191 186 348 222 Ferrum
359 189 468 236 ferro
483 187 644 222 acuitur:
672 189 724 223 sic
739 186 848 223 homo
869 191 968 224 acuit
981 191 1121 239 faciem

244 252 368 274 amm.

243 315 484 359 Agnoscamus
507 313 747 351 infirmitatem
779 322 954 357 nostram,
982 324 1014 351 et
1035 317 1122 350 scia-

139 377 237 407 mus,
262 366 417 408 singulos
434 363 596 399 homines
614 367 723 400 multa
741 366 920 410 ignorare,
949 379 1049 411 saepe
1067 379 1122 400 er-

139 428 216 450 rare
239 423 272 450 et
296 416 387 456 labi,
425 416 514 449 sicut
543 415 714 450 Salomon
748 417 882 462 inquit:
921 417 1120 452 Stultorum

138 466 298 500 infinitus
316 473 367 500 est
385 478 563 502 numerus.
618 466 723 502 Item:
753 466 816 501 Est
837 468 892 501 via
917 481 1005 513 quae
1023 470 1120 501 vide-

136 523 196 551 tur
209 514 347 550 homini
365 524 476 558 recta,
492 524 524 551 et
540 518 730 551 novissima
748 520 882 552 ducunt
898 521 940 552 ad
959 526 1117 553 mortem.

134 565 181 601 Et
197 573 288 601 extat
307 565 392 601 haec
407 569 548 613 querela
573 569 610 601 in
628 569 821 603 multorum
846 570 995 614 scriptis.
1046 569 1121 602 Eu-

133 617 266 661 ripides
285 619 418 664 inquit:
445 618 556 652 Nemo
574 631 666 653 unus
682 620 776 655 videt
794 621 931 661 omnia,
961 618 1010 659 εἷς
1026 618 1120 666 ἀνὴρ

133 665 178 702 οὐ
202 667 325 703 πάντα
355 667 438 715 ὁρᾷ.
510 667 709 714 Theognis:
754 668 875 710 οὐδεὶς
905 667 1121 718 ἀνθρώπων

134 716 234 754 ἐστὶν
251 718 399 755 ἅπαντα
418 717 544 767 σοφός.

234 780 286 812 Ac
303 778 398 813 Deus
416 787 599 824 propterea
616 792 679 813 nos
698 780 740 813 ad
759 780 1116 814 communicationem

131 830 305 864 sermonis
322 831 483 864 condidit
499 831 698 875 praecipue,
725 838 763 864 ut
781 831 842 864 alii
858 832 945 864 alios
962 832 1119 871 doceant,

132 887 166 915 et
188 881 346 914 consiliis
370 889 504 925 regant.
558 881 642 915 Ideo
666 881 798 915 Paulus
822 882 955 926 inquit:
990 881 1119 915 Docete

130 937 165 965 et
186 933 474 965 commonefacite
506 944 566 965 vos
593 939 728 966 mutuo.
789 931 837 966 Et
861 932 1036 966 Siracides
1061 943 1118 964 ca-

130 982 203 1027 pite
219 982 270 1017 6.:
305 982 342 1017 Si
360 983 490 1016 videris
514 983 629 1016 virum
656 983 867 1027 sapientem,
895 995 997 1017 mane
1021 994 1118 1015 acce-

130 1033 205 1066 dito
222 1034 264 1066 ad
285 1045 383 1075 eum,
411 1042 443 1068 et
460 1035 589 1077 gradus
612 1033 736 1067 ianuae
761 1034 835 1067 eius
859 1039 1034 1067 exteratur
1057 1045 1118 1077 pe-

130 1083 237 1117 dibus
257 1084 337 1117 tuis.

231 1142 396 1188 Denique
416 1143 569 1187 plurima
602 1143 692 1176 dicta
724 1149 824 1183 sunt,
858 1154 947 1187 quae
974 1142 1109 1187 praeci-

126 1193 233 1238 piunt
247 1196 370 1227 audire
386 1195 577 1238 peritorum
596 1194 741 1226 consilia
762 1200 794 1226 et
810 1193 952 1232 iudicia,
981 1200 1013 1226 et
1029 1205 1115 1226 con—

126 1245 219 1277 ferre
236 1244 465 1287 cogitationes
480 1256 558 1276 cum
575 1243 664 1278 aliis,
718 1242 764 1277 Et
781 1244 988 1288 quotidiana
1011 1256 1116 1287 expe-

127 1294 254 1327 rientia
278 1294 453 1337 ostendit,
489 1306 593 1339 quam
622 1295 666 1327 sit
690 1294 925 1338 periculosum
949 1292 1115 1339 ἰδιοβου-

127 1341 256 1380 λεύειν.
318 1342 365 1378 Et
387 1345 430 1377 de
453 1345 645 1378 artificibus
676 1342 744 1377 hoc
768 1345 917 1378 dicitur:
953 1344 1114 1389 Quisque

127 1395 194 1429 sibi
209 1395 378 1440 pessimus
387 1396 552 1439 magister
563 1403 623 1430 est.
650 1393 696 1429 Et
705 1395 897 1439 Euripides
910 1395 1114 1428 dulcissime

125 1446 230 1482 dixit:
263 1443 388 1490 ὁμιλία
414 1445 509 1481 ἔτεκε
531 1445 682 1491 τέχνας,
715 1445 948 1480 Conversatio
977 1446 1112 1490 peperit

125 1504 237 1542 artes,
265 1509 344 1531 cum
361 1497 524 1532 videlicet
541 1498 643 1530 multi
668 1509 746 1530 suas
771 1497 1000 1540 cogitationes
1026 1509 1111 1530 con-

122 1549 261 1588 serunt,
288 1554 321 1581 et
334 1548 394 1581 alii
412 1549 564 1582 aliorum
582 1548 722 1582 iudiciis
739 1555 801 1582 aut
823 1548 991 1592 exemplis
1014 1560 1111 1581 com-

122 1600 331 1634 monefiunt.

227 1650 279 1684 Ac
297 1661 351 1682 res
373 1649 447 1694 ipsa
461 1649 632 1687 ostendit,
660 1649 840 1693 corrumpi
865 1649 1044 1682 doctrinas
1067 1649 1111 1681 ab

127 1701 190 1739 iis,
222 1700 284 1745 qui
307 1711 380 1732 non
406 1700 557 1733 andiunt
581 1700 687 1737 alios,
716 1701 776 1732 sed
800 1698 911 1732 abditi
936 1699 1030 1732 velut
1057 1699 1108 1732 lu-

126 1752 278 1793 cifugae,
314 1751 453 1792 fingunt
486 1762 527 1782 ex
564 1761 637 1782 sese
667 1761 778 1782 novas
806 1750 1010 1792 opiniones,
1047 1750 1110 1781 ab-

123 1799 308 1835 horrentes
333 1811 350 1832 a
376 1800 522 1843 probata
555 1800 665 1832 forma
696 1799 951 1833 doctrinarum.
1005 1798 1111 1831 Tales

121 1851 225 1885 multi
252 1862 350 1883 nunc
372 1857 471 1890 sunt,
498 1850 559 1895 qui
583 1850 781 1893 gloriantur
804 1861 839 1881 se
864 1861 936 1882 esse
961 1847 1105 1883 αὐτοδι-

122 1899 303 1944 dotamus,
331 1907 363 1934 et
380 1913 440 1934 sua
459 1901 593 1933 somnia
613 1901 851 1940 admirantur,
880 1912 943 1932 nec
960 1900 1110 1932 audiunt

122 1954 274 1988 aliorum
292 1964 458 1985 sanorum
477 1951 621 1984 iudicia.
667 1951 734 1985 Sed
755 1963 818 1983 nos
836 1950 1027 1994 praeceptis
1045 1951 1109 1983 ob—

121 2014 373 2048 temperemus,
400 2015 490 2048 quae
508 2003 632 2036 iubent
655 2003 779 2035 audire
795 2002 946 2045 peritos,
974 2007 1006 2034 et
1024 2013 1108 2033 con—

120 2057 273 2090 feramus
290 2061 426 2087 nostras
443 2054 672 2097 cogitationes
695 2066 774 2086 cum
798 2053 894 2093 aliis,
920 2060 959 2085 ut
977 2051 1108 2085 Paulus

120 2107 254 2151 inquit:
282 2105 412 2138 Docete
427 2112 462 2139 et
477 2104 765 2138 commonefacite
782 2116 843 2137 vos
859 2109 994 2137 mutuo.

225 2163 276 2197 De
299 2161 364 2197 bac
382 2163 569 2198 collatione
595 2163 808 2196 iudiciorum
830 2169 861 2194 et
877 2160 1106 2193 consiliorum

121 2216 282 2262 loquitur
298 2221 331 2248 et
347 2212 429 2247 haec
446 2215 634 2247 sententia:
665 2213 814 2246 Ferrum
840 2213 934 2244 ferro
959 2211 1108 2250 acuitur,

120 2268 169 2302 sic
192 2266 285 2300 acuit
318 2265 442 2298 artifex
465 2264 645 2297 artificem.
705 2262 800 2295 Haec
829 2262 1009 2304 diligentia
1034 2261 1107 2305 pri-

120 2367 391 2404 considerantis.
432 2365 571 2400 Deinde
588 2364 775 2408 prudentia
796 2371 846 2397 est
869 2364 1024 2397 studium
1051 2363 1106 2395 di-

120 2420 240 2454 scendi
264 2431 353 2464 quae
370 2418 524 2459 ignoras.
575 2415 623 2449 Et
648 2427 752 2459 supra
771 2414 939 2448 Salomon
959 2414 1105 2447 laudans

118 2471 223 2507 fidele
240 2469 426 2503 consilium
443 2467 577 2514 inquit:
610 2466 655 2500 Ut
672 2466 767 2499 cordi
786 2477 908 2499 suaves
932 2472 1014 2498 sunt
1034 2465 1103 2497 fra-

120 2529 260 2568 grantes
279 2521 424 2557 odores,
452 2519 501 2552 sic
527 2518 659 2550 amicus
682 2516 795 2550 dulcis
821 2523 889 2555 est,
916 2517 1004 2549 dans
1019 2527 1103 2548 con-

119 2575 237 2608 silium
259 2572 404 2605 animae.

119 2633 194 2660 tum
218 2635 289 2657 esse
312 2619 481 2655 adhibere
505 2621 654 2653 iudicem
673 2619 888 2663 picturarum
910 2617 1101 2663 Lysippum

121 2675 350 2713 statuarium,
377 2680 412 2706 et
436 2671 588 2705 vicissim
613 2683 630 2703 a
656 2670 811 2714 Lysippo
836 2676 966 2708 statuas
983 2667 1101 2712 Apelli

459 2569 591 2603 Scribit
618 2568 804 2614 Synesius:
835 2566 994 2611 Apellem
1019 2567 1103 2599 soli-
1129 2570 1131 2574 “

566 105 610 139 X.
663 104 964 141 EXPLICATIO
1000 105 1405 144 PROVERBIORUM
1437 110 1737 148 SALOMONIS.
2110 116 2155 151 74

1174 192 1378 227 iudicandas
1409 206 1481 228 esse
1511 205 1732 233 monstratas.
1792 197 1868 231 Imo
1892 199 1995 232 etiam
2027 211 2066 232 ex
2091 198 2156 233 bo-

1173 243 1278 276 stium
1305 245 1472 287 exemplis
1494 247 1602 280 multa
1627 249 1821 283 discuntur.
1886 248 1968 282 Ideo
1993 250 2158 284 laudatur

1173 305 1292 352 versus
1308 292 1513 353 S'ophoclis:
1537 295 1594 331 ἀπ’
1615 297 1764 344 ἐχθρῶν
1780 298 1894 334 πολλὰ
1913 297 2154 345 μανθάνουσι

1173 355 1205 378 οι
1225 355 1348 390 σοῳοι.

1221 423 1324 459 Sicut
1334 425 1458 473 fctcies
1475 426 1513 459 in
1530 427 1656 474 aquis:
1683 428 1736 462 sic
1752 441 1811 462 cor
1827 427 1988 465 hominis
2011 429 2066 465 ad
2085 428 2154 464 ho-

1273 488 1417 512 mtnem.

1272 551 1371 585 Sicut
1386 551 1492 585 facies
1510 552 1545 585 in
1562 552 1662 598 aquis
1680 563 1885 598 apparentes
1902 556 2058 589 lubricae
2075 563 2156 590 sunt

1171 609 1203 635 et
1226 609 1489 636 evanescentes:
1527 603 1574 636 ita
1611 605 1717 637 corda
1744 613 1825 639 sunt
1856 606 2091 640 inconstantia
2124 613 2156 639 et

1170 653 1317 686 fallacia.
1377 652 1511 686 Passim
1544 661 1658 687 antem
1683 654 1814 688 similes
1840 657 2002 700 querelae
2029 663 2157 696 extant,

1169 704 1212 736 de
1230 703 1467 736 inconstantia
1484 700 1630 736 humani
1651 705 1783 746 cordis,
1805 712 1862 739 ut:
1881 705 2063 752 Nusquam
2081 713 2155 741 tuta

1170 754 1265 787 fides.
1317 753 1423 786 Item:

1316 804 1353 832 Et
1376 813 1439 831 cuin
1463 803 1579 832 fortuna
1602 810 1718 842 statque
1741 805 1878 843 caditque
1901 805 1985 835 fides.

1268 853 1358 888 Cum
1375 862 1491 888 autem
1510 863 1646 888 taxatur
1662 857 1898 890 inconstantia
1909 854 2056 890 humani
2075 870 2153 890 cor—

1169 905 1240 946 dis,
1283 917 1472 939 monemur
1505 918 1549 938 ne
1583 907 1683 940 facile
1718 908 1902 940 credamus
1938 905 2154 941 hominibus.

1171 955 1252 989 [deo
1278 954 1362 990 haec
1385 957 1582 990 admonitio
1605 969 1706 1001 saepe
1730 959 1876 1001 repetita
1903 966 1971 997 est,
1998 964 2037 991 ut
2060 960 2153 1001 apud

1167 1006 1392 1041 Ciceronem:
1422 1005 1676 1051 Epicharmion
1702 1009 1790 1041 illud
1814 1016 1951 1050 teneto,
1986 1007 2154 1053 μέμνησο

1167 1056 1354 1096 ἀπιστεῖν,
1397 1070 1524 1091 nervos
1565 1065 1668 1103 atque
1712 1066 1807 1092 artus
1841 1071 1914 1093 esse
1950 1059 2154 1103 sapientiae,

1171 1108 1272 1141 ltem:
1303 1108 1403 1151 Quos
1426 1110 1539 1142 credis
1560 1109 1666 1150 fidos,
1692 1110 1822 1152 effuge,
1850 1117 1946 1143 tutus
1973 1110 2052 1144 eris.
2106 1109 2152 1143 Et

1166 1159 1204 1193 in
1225 1159 1387 1193 Ieremia:
1418 1159 1630 1193 Maledictus
1649 1160 1709 1205 qui
1730 1161 1873 1194 confidit
1891 1161 1927 1193 in
1945 1158 2102 1193 bomine.

1266 1209 1362 1244 IIaec
1383 1211 1475 1243 dicta
1499 1217 1643 1244 monent
1668 1211 1820 1254 primum
1839 1213 1882 1244 de
1899 1211 2079 1249 doctrina,
2109 1223 2152 1242 ne

1165 1261 1326 1304 dogmata
1343 1262 1386 1294 de
1396 1261 1487 1302 Deo,
1515 1262 1586 1294 sola
1609 1260 1761 1295 humana
1779 1262 1966 1295 autoritate
1986 1262 2073 1294 moti
2091 1273 2155 1304 ap-

1164 1312 1373 1355 probemus,
1406 1312 1466 1345 sed
1496 1312 1609 1345 fontes
1642 1324 1850 1357 quaeramus
1881 1313 1918 1345 in
1947 1312 2106 1345 doctrina
2134 1323 2152 1343 a

1163 1361 1239 1394 Deo
1269 1363 1409 1396 tradita.
1462 1361 1599 1395 Deinde
1624 1374 1666 1394 ne
1691 1362 1812 1395 confisi
1837 1361 2002 1395 humanis
2019 1362 2153 1406 praesi-

1164 1413 1232 1446 diis
1263 1423 1466 1446 moveamus
1490 1424 1545 1445 res
1570 1425 1642 1445 non
1673 1413 1902 1451 necessarias,
1939 1412 2020 1457 quia
2053 1423 2154 1455 saepe

1164 1471 1319 1497 mutatur
1335 1461 1520 1497 hominum
1540 1464 1752 1503 voluntates,
1779 1470 1832 1497 ut:
1861 1461 2034 1496 Octavius
2052 1464 2151 1495 dese—

1164 1515 1235 1549 ruit
1252 1514 1470 1548 Ciceronem.
1524 1515 1616 1548 Dion
1643 1514 1819 1548 interfecit
1847 1513 2070 1547 Heraclidem
2097 1525 2153 1546 so-

1163 1566 1266 1599 cium.
1317 1559 1502 1610 'Calippus
1536 1564 1710 1604 Dionem,
1760 1565 1816 1598 cui
1858 1564 2153 1598 familiarissimus

1163 1618 1287 1650 fuerat.

1477 1721 1613 1773 Caput
1643 1720 1850 1761 XXVIII.

1211 1809 1364 1858 Propter
1380 1809 1512 1843 delicta
1529 1815 1642 1843 terrae
1657 1809 1726 1843 cilo
1743 1809 1816 1843 alii
1833 1814 1914 1856 post
1936 1807 2150 1854 aliosfmn!

1261 1861 1453 1908 principes.

1212 1927 1265 1961 Et
1288 1933 1435 1974 propter
1460 1927 1575 1960 virum
1599 1924 1810 1972 prudentem
1836 1931 1866 1960 el
1882 1924 2144 1971 intelligentem

1263 1976 1475 2012 durabilius
1493 1984 1542 2012 est
1560 1978 1761 2026 imperium.

1263 2056 1418 2090 Usitatae
1442 2056 1604 2097 querelae
1620 2060 1720 2094 sunt,
1747 2053 1790 2085 de
1813 2053 2011 2096 principum
2032 2054 2144 2096 negli-

1159 2106 1291 2149 gentia,
1319 2107 1362 2138 de
1378 2105 1670 2149 expilationibus,
1696 2105 1738 2136 de
1756 2104 1973 2146 neglectione
1992 2104 2142 2137 indicin-

1159 2170 1237 2190 rum
1271 2163 1305 2190 et
1340 2156 1555 2190 defensione.
1622 2155 1666 2189 Et
1699 2155 1850 2199 populus
1882 2161 2017 2187 accusat
2050 2155 2141 2198 ipsus

1132 2221 1135 2227 ’
1160 2208 1334 2251 principes
1351 2215 1383 2241 et
1407 2207 1526 2245 aulas,
1555 2207 1648 2239 iuxta
1667 2218 1823 2238 versum:
1854 2205 2031 2249 Quicquid
2055 2207 2143 2237 «lt—li-

1159 2266 1238 2292 rant
1270 2270 1365 2301 reges
1395 2259 1597 2303 plectuntur
1627 2254 1765 2290 Achivi.
1830 2255 1896 2288 Sed
1926 2268 1991 2288 vox
2022 2257 2140 2287 divina

121 2330 218 2352 mum
245 2316 437 2350 modestiae
460 2327 538 2358 pars
564 2321 633 2357 est,
662 2314 841 2357 propriam
866 2313 1104 2345 infirmitatem
1131 2327 1133 2351 J
1157 2316 1324 2354 utrosque
1341 2309 1697 2351 accusat,‘principes
1721 2314 1752 2340 et
1777 2307 1966 2350 populum,
1993 2313 2031 2339 ut
2049 2305 2140 2339 Osca

1156 2360 1188 2395 4.
1207 2361 1352 2394 dicitur:
1382 2359 1506 2403 Qualis
1525 2359 1675 2403 populus
1691 2358 1769 2392 talis
1790 2358 1960 2391 sacerdos.
2007 2357 2045 2390 Et
2065 2369 2139 2389 sae-

1157 2425 1197 2456 pe
1222 2412 1456 2456 praedicitur,
1490 2417 1634 2455 propter
1657 2415 1794 2453 peccata
1821 2408 1939 2451 populi
1966 2418 2037 2439 non
2063 2408 2138 2439 dari

1155 2464 1322 2497 salutares
1346 2462 1538 2506 principes,
1566 2468 1603 2494 ut
1624 2459 1748 2493 Esaiae
1771 2459 1822 2491 3.:
1852 2457 1995 2490 Auferet
2014 2457 2137 2490 Domi-

1129 2517 1130 2535 ³
1156 2526 1222 2548 nus
1238 2514 1443 2546 bellatorem
1462 2519 1494 2545 et
1513 2512 1663 2544 iudicem
1683 2518 1713 2543 et
1731 2506 1954 2552 Proplietain.

1259 2564 1308 2597 lta
1335 2562 1392 2597 hic
1419 2563 1518 2596 dicit:
1544 2559 1695 2608 Propter
1714 2563 1858 2606 peccam
1878 2562 2011 2597 terrae,
2041 2559 2135 2592 scili-

1155 2622 1227 2656 cet,
1255 2615 1455 2659 principum
1474 2621 1507 2647 et
1527 2613 1667 2657 populi,
1695 2608 1804 2642 mulli
1820 2606 1918 2652 sumt
1943 2608 2136 2655 principes,

1155 2667 1191 2700 id
1210 2673 1279 2706 est,
1308 2666 1398 2699 nulli
1419 2665 1479 2698 diu
1498 2670 1661 2705 regnant,
1690 2660 1742 2694 vel
1760 2660 1861 2694 multi
1879 2660 2056 2694 discordes
2082 2673 2135 2693 re-
