2409 2915
290 113 372 150 XII.

271 198 360 233 Item
380 198 415 232 in
434 199 569 232 deserto
587 196 769 240 Principes
786 197 941 231 tribuum
961 210 1036 232 sus—

6 245 14 251 *
53 251 154 295 pensi
184 257 267 284 sunt
299 256 442 294 propter
471 247 730 282 scortationem.
791 247 838 281 Et
862 249 1035 283 interfecti

54 308 138 335 sunt
175 297 354 340 homines,
396 299 519 343 viginti
555 305 706 343 quatuor
737 298 861 332 millia.
930 298 1034 332 Item:

55 351 187 386 Tribus
204 350 392 384 Beniamin
414 350 485 382 sere
510 355 582 382 tota
607 349 718 381 deleta
737 356 785 382 est
804 355 946 392 propter
962 356 1034 383 stu-

54 409 188 447 pratam
203 401 347 434 Levitae
364 400 558 441 coniugem.
613 397 699 432 Item
718 400 835 432 David
853 410 959 443 regno
976 412 1032 433 ex-

53 453 175 497 pulsus
194 458 260 492 est,
286 458 318 484 et
338 450 446 483 multa
465 449 576 482 millia
596 449 777 484 trucidata.

154 501 330 536 Historiae
346 498 517 533 Ethnicae
534 500 737 533 manifestae
752 507 833 534 sunt
851 500 1033 543 plurimae,

53 551 164 586 Troia
189 553 300 585 deleta
325 557 374 584 est
397 557 543 598 propter
567 557 701 594 raptam
721 549 906 586 Helenam.
957 549 1033 585 Ro-

51 615 128 636 mae
165 602 297 645 expulsi
328 612 422 643 reges
453 607 598 644 propter
627 601 790 634 violatam
821 600 1032 634 Lucretiam.

50 651 99 687 Et
121 652 206 686 tales
229 649 396 684 historiae
418 651 529 684 nostri
554 651 722 695 temporis
745 652 875 685 multae
893 652 1030 685 recitari

49 709 208 747 possent,
237 714 324 746 quae
349 703 557 742 ostendunt,
583 701 752 735 adulteria
773 709 807 735 et
826 702 911 735 alias
928 713 1031 744 vagas

48 753 216 786 libidines
236 750 457 786 horribiliter
480 751 610 796 puniri.
661 751 705 785 Et
727 764 798 785 non
817 753 1030 790 dubitemus,

48 803 291 847 unusquisque
309 814 387 836 reus
405 803 441 835 in
460 814 530 835 sese
549 814 677 846 poenas
695 803 901 847 experietur.
953 801 1030 836 Hoc

49 853 279 887 certissimum
307 859 373 893 est,
400 854 460 886 sed
484 852 579 886 Deus
603 853 740 896 mitigat
765 865 895 897 poenas
918 865 1030 899 agen-

47 904 141 938 tibus
160 904 423 946 poenitentiam.

149 952 244 987 Haec
268 954 421 997 primum
447 953 614 993 sciamus,
642 954 735 998 quod
761 953 804 986 sit
823 954 1027 987 mandatum

48 1003 134 1045 Dei,
169 1011 206 1038 ut
237 1004 398 1037 vivamus
427 1011 535 1043 caste,
569 1004 623 1036 vel
656 1004 691 1036 in
722 1004 905 1047 coniugio,
942 1004 1029 1036 sicut

47 1053 143 1089 Deus
165 1054 362 1095 ordinavit,
397 1055 450 1087 vel
477 1062 571 1086 extra
597 1055 812 1096 coniugium.
872 1052 918 1087 Et
941 1055 1028 1087 scia—

47 1117 125 1139 mus
142 1103 361 1139 horribiliter
378 1104 495 1148 p'uniri
515 1112 649 1147 peccata
668 1113 786 1138 contra
806 1105 1009 1139 castitatem.
1053 1130 1056 1151 t

149 1156 312 1189 Secundo
335 1155 483 1188 sciamus
494 1155 623 1193 ctiam,
651 1167 759 1199 quare
777 1154 869 1188 Deus
889 1162 957 1188 tam
975 1167 1028 1188 se-
1052 1180 1055 1194 ,

48 1217 129 1239 vere
160 1207 243 1239 velit
274 1206 403 1238 servari
435 1205 639 1240 castitatem.
697 1204 808 1239 Causa
844 1202 928 1238 baec
961 1212 1027 1239 est:

47 1255 134 1290 Cum
153 1255 247 1289 Deus
270 1256 314 1289 sit
332 1263 444 1288 castus
462 1255 634 1297 Spiritus,
664 1256 739 1289 vult
756 1256 905 1298 intelligi
926 1257 1028 1289 casti·
1052 1270 1055 1300 3

47 1313 151 1340 tatem
178 1307 214 1338 in
239 1317 364 1348 genere
388 1304 563 1345 humano,
590 1312 624 1338 et
651 1306 726 1338 vult
749 1317 785 1338 se
807 1281 960 1338 discoerni
984 1306 1055 1339 ab

46 1356 238 1389 immundis
254 1356 445 1399 Spiritibus
461 1362 492 1388 et
511 1353 1054 1390 110111111ἰ11115.ἰ

145 1405 226 1438 Non
244 1405 337 1438 enim
356 1416 539 1449 possumus
552 1405 663 1438 Deum
681 1402 836 1438 brachiis
853 1405 1028 1448 amplecti,
1052 1347 1054 1431 i

45 1457 103 1490 sed
137 1456 348 1499 cogitatione
375 1456 616 1498 agnoscendus
648 1462 716 1494 est,
751 1456 845 1498 quod
878 1455 923 1488 sit
949 1445 1054 1499 talisss

45 1507 210 1547 essentia,
245 1506 404 1552 sapiens,
437 1517 558 1545 xerax,
594 1505 701 1545 iusta,
728 1506 900 1546 benefica,
926 1512 1028 1546 casta,
1051 1503 1053 1542 ἔ

43 1569 132 1602 quae
153 1568 188 1589 se
214 1556 374 1600 patefecit
399 1556 504 1588 misso
526 1532 610 1590 filio.
673 1555 756 1589 Ideo
781 1556 819 1588 in
845 1557 943 1588 omni
970 1557 1025 1588 in-

44 1607 229 1641 vocatione
246 1606 471 1649 cogitandum
492 1612 560 1646 est,
588 1606 670 1650 quid
690 1606 848 1644 invoces,
877 1612 908 1639 et
923 1618 1024 1651 quem

42 1655 157 1692 Deum
196 1658 354 1695 invoces,
401 1656 637 1698 seiungendus
677 1663 726 1689 est
764 1653 820 1689 bic
854 1655 950 1689 Deus
981 1657 1025 1690 ab

43 1708 207 1741 omnibus
241 1707 374 1740 naturis
404 1707 610 1739 immundis.
678 1704 823 1740 Ethnici
856 1707 1024 1740 adorave-

43 1766 125 1792 runt
145 1757 236 1791 Deos
259 1758 414 1790 faventes
441 1757 534 1799 vagis
561 1756 780 1790 libidinibus.
835 1756 909 1789 lmo
934 1758 1025 1800 ipsas

44 1809 210 1842 libidines
234 1820 296 1852 pro
321 1808 387 1851 piis
412 1807 576 1850 operibus
600 1804 816 1847 babuerunt,
843 1805 907 1840 1105
926 1808 1024 1840 suro-
1047 1815 1051 1853 ᾗ

44 1871 97 1892 res
123 1860 268 1892 damnat
290 1856 384 1891 Deus
418 1855 638 1890 horribiliter
667 1864 700 1890 et
733 1858 808 1891 vult
831 1856 1023 1891 Ecclesiam
1048 1856 1051 1900 Ι

54 116 125 152 921

55 200 220 235 Sodoma.

42 1921 140 1944 suam
159 1921 176 1942 a
194 1910 323 1943 talibus
340 1909 520 1941 furoribus
540 1908 639 1940 valde
656 1905 857 1943 abhorrere.
1047 1904 1052 1981 1

142 1961 243 1995 Hanc
259 1970 395 1992 causam
413 1970 513 2002 saepe
528 1959 719 2001 cogitemus
737 1959 774 2008 ip
792 1959 1025 2000 invocatione,

42 2022 148 2056 quare
163 2010 258 2044 Deus
279 2009 469 2043 castitatem
494 2009 662 2053 postulet,
690 2015 724 2042 et
739 2009 929 2052 cogitemus
945 2022 1022 2042 eum

41 2073 114 2094 esse
143 2069 295 2094 mentem
327 2066 473 2100 castam,
507 2060 579 2092 imo
609 2059 799 2102 cogitantes
825 2061 867 2092 de
894 2060 1024 2093 nostris

42 2111 298 2150 immunditiis,
325 2110 434 2152 magis
455 2110 677 2153 deploremus
695 2117 850 2144 nostram
868 2110 1023 2143 immun-

41 2162 184 2202 ditiem,
219 2168 253 2194 et
283 2172 422 2193 oremus
445 2168 484 2193 ut
508 2172 572 2193 nos
599 2172 738 2204 quoque
762 2161 806 2193 ad
830 2161 1021 2194 castitatem

41 2212 172 2250 flectat,
199 2211 280 2256 quia
298 2211 370 2254 ipse
387 2218 477 2244 amet
494 2211 700 2245 castitatem.

143 2261 237 2295 Haec
258 2261 416 2295 doctrina
443 2261 486 2293 ‹le
510 2261 664 2293 castitate
687 2267 719 2294 et
741 2261 783 2293 de
799 2261 920 2304 poenis
940 2261 1020 2294 libi-

41 2314 185 2351 dinum,
211 2324 311 2356 saepe
330 2319 361 2345 et
379 2311 527 2343 multum
545 2311 728 2353 cogitanda
748 2318 808 2345 est.
1044 2351 1047 2357 1

141 2363 209 2398 llic
233 2363 301 2396 iam
327 2362 488 2395 addenda
511 2368 560 2395 est
583 2362 722 2405 querela
747 2368 867 2394 contra
889 2362 1020 2400 docAri-
1044 2364 1047 2407 f

0 2440 3 2443 <
40 2427 102 2448 nas
123 2414 420 2451 Daemoniorum‚
446 2411 617 2444 Diabolus
641 2423 778 2455 semper
804 2413 938 2445 vexavit
961 2424 1017 2454 ge-
1044 2419 1045 2445 ἕ

38 2477 105 2499 11115
121 2463 337 2503 humanum,
365 2461 582 2496 horribiliter
601 2462 801 2505 impellens,
828 2470 865 2495 ut
884 2463 1018 2506 pollue·
1043 2461 1045 2473 '

39 2523 136 2550 retur
160 2515 264 2548 variis
286 2514 506 2547 libidinibus.
557 2512 599 2546 Et
625 2513 825 2558 ubicunque
850 2513 914 2546 suit
941 2514 1017 2546 ido·
1041 2509 1045 2545 ἶ

40 2566 196 2605 lolatria,
225 2565 273 2598 ibi
296 2565 435 2598 suerunt
459 2571 566 2609 tetrae
592 2564 775 2602 libidines,
804 2569 842 2596 ut
863 2562 968 2598 Rom.
988 2565 1018 2597 l.

39 2617 263 2660 significatur.
318 2614 367 2648 lta
393 2615 428 2647 in
448 2613 580 2658 Papatu
606 2621 688 2647 sunt
713 2614 884 2646 immundi
909 2615 1016 2647 coeli-

39 2667 100 2700 bes
113 2666 284 2702 Canonici
300 2673 333 2700 et
350 2662 537 2706 Monacbi,
562 2672 595 2699 et
612 2665 696 2699 tales
713 2676 852 2709 semper
869 2671 985 2701 erunt.

426 109 818 158 ANNOTAOEJONES
851 110 917 147 ET
951 110 1231 149 CONCIONES
1266 112 1314 147 IN
1350 112 1533 150 EVANG.
1567 112 1846 151 MATTHAEI.

1073 1707 1279 1750 planissime
1301 1709 1399 1742 dicit:
1432 1708 1547 1742 Erunt
1573 1712 1655 1744 duo.

2000 115 2073 150 922

1191 197 1283 242 Papa
1301 199 1491 244 aliquando
1507 199 1602 233 misit
1618 199 1911 243 dispensationem
1928 200 1971 232 de
1987 211 2071 232 con<-

1088 248 1182 290 iugio
1211 251 1429 283 sacerdotum
1456 251 1492 282 in
1515 250 1762 292 Germaniam,
1790 251 1847 284 sed
1873 250 1918 284 ita
1943 257 1980 284 ut
2006 249 2070 284 Sa-

1088 299 1245 331 cerdotes
1269 300 1443 334 retineant
1463 312 1606 342 uxores,
1635 301 1692 333 sed
1718 313 1790 334 non
1815 301 1883 334 sint
1907 301 1942 333 in
1962 301 2068 333 mini-

1089 349 1206 383 sterio.
1260 348 1337 382 Hoc
1358 357 1407 383 est
1426 362 1462 382 re
1481 351 1553 393 ipsa
1576 351 1756 384 restituere
1773 352 2003 391 coelibatum,
2031 357 2070 384 ut

1087 399 1184 442 prius
1215 399 1298 440 fuit,
1333 407 1372 434 ut
1399 401 1469 433 sint
1501 401 1537 432 in
1571 401 1764 435 ministerio
1798 409 2004 435 scortatores
2036 408 2068 434 et

1085 450 1247 484 adulteri.

1187 499 1254 533 Sed
1271 499 1364 545 Papa
1380 512 1514 544 semper
1529 501 1594 534 erit
1609 502 1771 535 defensor
1787 502 2067 546 turpissimarum

1085 549 1295 591 libidinum,
1335 563 1399 584 nec
1427 559 1662 595 exspectemus
1696 553 1839 585 meliora
1872 565 1890 585 a
1921 552 2066 596 Papam,

1085 600 1166 644 quia
1191 607 1240 634 est
1265 613 1410 645 regnum
1435 608 1654 635 excoecaturn
1679 609 1711 635 et
1729 604 1944 637 damnatum.
1997 603 2066 636 Sed

1084 650 1179 684 Deus
1209 663 1330 685 amans
1363 653 1549 692 castitatis,
1591 653 1754 686 desendet
1784 651 1994 692 Ecclesiam,
2030 654 2066 685 in

1084 712 1152 745 qua
1174 708 1224 735 est
1246 713 1327 736 vera
1353 703 1513 736 doctrina
1539 703 1581 735 de
1604 703 1682 736 aliis
1700 704 1873 744 articulis,
1901 704 1994 737 etde
2011 715 2066 736 ca-

1083 751 1210 786 stitate.

1184 801 1279 835 Haec
1300 802 1453 846 primum
1470 802 1566 836 volui
1582 815 1725 836 monere
1741 804 1783 836 de
1798 804 1954 838 castitate
1966 829 1974 842 ‚
1999 804 2067 837 sic—

1083 858 1121 885 ut
1150 863 1250 896 saepe
1282 854 1449 887 debemus
1479 854 1521 886 de
1552 851 1616 886 hac
1649 854 1778 888 virtute
1801 854 1926 888 dicere.
1979 854 2067 888 Pro-

1082 902 1174 937 xime
1191 915 1301 947 pauca
1319 904 1433 937 dicam
1450 904 1493 937 de
1508 904 1673 938 divortio.

1783 951 1795 966 Δ

1419 989 1487 1023 De
1513 988 1729 1024 divortio.

1184 1044 1368 1079 Discamus
1390 1048 1475 1090 quid
1500 1048 1543 1081 sit
1567 1048 1768 1088 coniugium
1789 1049 1882 1092 quod
1901 1048 1992 1082 Deus
2009 1061 2066 1081 or-

1082 1095 1237 1136 dinavit,
1266 1103 1299 1130 et
1325 1097 1473 1131 vitemus
1496 1098 1615 1131 omnia
1642 1110 1730 1142 quae
1755 1110 1833 1131 cum
1860 1110 1898 1132 ea
1923 1099 2065 1132 ordina-

1081 1146 1180 1179 tione
1197 1153 1364 1190 puguant,
1393 1148 1473 1192 quia
1491 1155 1623 1181 certum
1641 1155 1691 1182 est
1707 1146 1925 1183 horribiliter
1941 1150 2063 1195 puniri

1080 1208 1099 1229 a
1118 1197 1195 1230 Deo
1213 1197 1331 1230 omnia
1351 1205 1487 1241 peccata
1507 1199 1698 1242 pugnantia
1717 1211 1794 1232 cum
1814 1197 1877 1232 hac
1895 1212 1955 1233 sua
1976 1201 2058 1241 lege.

1183 1256 1277 1297 Quid
1306 1263 1355 1288 est
1380 1256 1606 1299 coniugium‘.²
1659 1256 1721 1291 Est
1739 1258 1939 1292 coniunctio
1958 1259 2064 1291 unius

1081 1305 1187 1337 maris
1210 1307 1365 1338 etunius
1382 1307 1556 1340 foeminae
1575 1308 1727 1350 legitima
1745 1315 1777 1341 et
1795 1309 2063 1348 indissolubilis,

1080 1355 1241 1388 instituta
1265 1368 1284 1388 a
1307 1355 1381 1389 Deo
1405 1358 1658 1400 procreationis
1682 1370 1802 1399 causa,
1829 1366 1860 1391 ct
1887 1366 1925 1392 ut
1949 1359 2064 1392 viten-

1081 1412 1138 1437 tur
1177 1417 1298 1438 omnes
1333 1407 1420 1439 aliae
1451 1408 1719 1441 commixtiones
1750 1421 1935 1452 corporum
1968 1416 2064 1442 extra

1080 1453 1171 1489 hanc
1199 1456 1396 1489 ordinatam
1427 1457 1724 1492 coniunctionem.
1784 1458 1878 1493 Haec
1903 1460 2061 1493 definitio

1079 1507 1281 1540 continetur
1313 1507 1349 1540 in
1385 1505 1451 1540 boc
1478 1508 1588 1541 dicto:
1623 1507 1737 1542 Erunt
1765 1511 1836 1542 (luo
1862 1510 1897 1542 in
1921 1522 2062 1543 carnem

1079 1568 1202 1595 uuam,
1232 1557 1264 1590 id
1285 1565 1353 1597 est,
1381 1558 1662 1601 inseparabiliter
1680 1560 1799 1593 iuncti.

1180 1606 1298 1640 Prima
1321 1608 1427 1651 igitur
1444 1609 1617 1642 institutio
1637 1607 1799 1652 probibet
1817 1611 2063 1654 polygamham,

1078 1656 1112 1688 id
1132 1663 1201 1697 est,
1228 1655 1355 1691 habere
1372 1659 1500 1692 multas
1517 1660 1679 1701 coniuges
1697 1661 1822 1699 simul,
1849 1661 1930 1705 quia
1949 1668 2061 1694 textus

1708 1709 1753 1743 Et
1774 1708 1934 1744 Christus
1959 1723 2059 1744 revo-

1077 1764 1131 1790 cat
1163 1769 1260 1790 suam
1284 1757 1474 1792 Ecclesiam
1507 1761 1548 1792 ad
1574 1758 1663 1793 banc
1689 1761 1835 1803 primam
1864 1762 2059 1795 institutio-

1077 1819 1168 1842 nem.
1222 1808 1433 1853 Quanquam
1453 1810 1546 1842 enim
1565 1809 1658 1844 Dens
1680 1812 1835 1854 permisit
1854 1812 1956 1845 aliam
1976 1825 2060 1845 con-

1077 1859 1298 1892 suetudinem
1316 1858 1503 1893 litbnicam
1527 1862 1631 1894 etiam
1657 1862 1814 1905 patribus
1833 1862 1868 1895 in
1890 1863 1980 1905 lege,
2008 1869 2060 1896 ta-

1078 1920 1157 1940 men
1189 1920 1227 1941 ca
1260 1912 1476 1943 consuetudo
1502 1911 1570 1945 fuit
1600 1913 1774 1945 contraria
1800 1913 1933 1956 primae
1957 1913 2059 1947 insti-

1076 1959 1218 1992 tutioui.

1179 2007 1222 2042 Et
1257 2022 1429 2055 nusquam
1461 2018 1510 2045 est
1541 2013 1731 2054 approbata
1766 2020 1949 2057 praecepto
1979 2012 2058 2054 Dei,

1076 2060 1133 2091 sed
1159 2065 1293 2093 tautum
1322 2062 1498 2104 permissa.
1553 2062 1654 2096 Nunc
1678 2071 1792 2096 autem
1817 2061 1980 2098 Christus
2003 2076 2058 2097 re-

1077 2117 1175 2142 vocat
1192 2122 1255 2143 nos
1272 2112 1313 2142 ad
1333 2112 1477 2155 primam
1496 2113 1770 2155 institutionem,
1796 2115 1889 2159 quod
1907 2115 2056 2157 diligen-

1075 2160 1207 2193 tissime
1226 2162 1496 2198 consideremus.

1177 2212 1339 2245 Secundo
1362 2211 1523 2256 probibet
1540 2212 1701 2247 Christus
1723 2215 1883 2248 divortia.
1935 2213 1979 2249 Et
1999 2212 2055 2248 hic

1075 2261 1368 2295 considerandum
1393 2272 1460 2301 est,
1488 2272 1616 2309 quanta
1640 2265 1682 2298 sit
1707 2265 1836 2298 malitia
1858 2263 2053 2299 bominum.

1045 2333 1047 2346 2
1074 2309 1209 2345 Omnes
1232 2311 1374 2347 Eihnici
1399 2322 1429 2348 et
1458 2315 1574 2347 ludaei
1600 2316 1748 2358 turpiter
1773 2316 1870 2348 abusi
1894 2323 1972 2348 suut
1999 2317 2054 2348 ‹li-

1074 2363 1207 2395 vortiis.
1259 2364 1357 2397 Sicut
1378 2377 1471 2397 nuuc
1489 2364 1596 2398 'l'urci
1615 2366 1756 2400 faciunt.
1811 2366 2055 2408 Quandocum-

1072 2425 1138 2457 que
1156 2414 1265 2447 voluit
1283 2415 1425 2459 aliquis,
1449 2415 1522 2447 sive
1539 2427 1639 2448 causa
1656 2423 1760 2455 esset,
1789 2417 1860 2449 sive
1877 2429 1946 2449 11011
1966 2424 2053 2451 esset

1071 2475 1192 2502 causa,
1226 2465 1324 2497 eiecit
1358 2477 1512 2499 uxorem.
1579 2466 1689 2509 Saepe
1711 2467 1814 2499 etiam
1839 2467 1980 2506 accidit,
2013 2475 2051 2501 ut

1071 2515 1272 2557 practicaret
1297 2515 1442 2559 aliquis,
1470 2523 1507 2548 ut
1529 2517 1618 2549 alius
1635 2518 1758 2550 faceret
1777 2517 1986 2558 divortium,
2012 2525 2050 2552 ut

1070 2564 1243 2607 potiretur
1264 2566 1408 2599 alterius
1431 2566 1589 2609 coniuge.
1641 2567 1736 2601 Sicut
1756 2566 1964 2601 Hortensius
1990 2581 2048 2612 pe-

1068 2615 1147 2648 tivit
1169 2628 1187 2648 a
1205 2615 1355 2654 Catone,
1382 2622 1419 2649 ut
1443 2628 1521 2648 cum
1542 2616 1668 2651 Martia
1693 2618 1840 2661 coniuge
1856 2619 2048 2652 divortium

1067 2665 1206 2708 faceret,
1233 2673 1270 2700 ut
1286 2678 1360 2699 eam
1377 2667 1449 2711 ipse
1464 2668 1618 2701 duceret.
1652 2667 1697 2702 Et
1712 2669 1812 2703 duxit
1825 2681 1902 2702 eam
1917 2677 2051 2713 postea.
