2409 2915
474 122 869 161 ANNOTATFONES
894 121 961 161 ET
987 121 1266 161 CONCIONES
1293 123 1345 159 IN
1370 125 1548 162 EVANG.
1576 125 1859 165 MATTHAEI.
2026 135 2100 170 882

1218 208 1309 244 Sunt
1349 217 1464 244 autem
1505 212 1595 246 duae
1631 215 1838 258 praecipuae
1878 218 2098 263 tentationes,

80 260 289 295 discrimina
315 262 475 296 ciborum
501 269 561 296 aut
577 262 747 301 vestium,
774 269 834 296 aut
849 262 938 295 ullas
954 262 1064 296 tradi·
1115 260 1224 293 altera
1249 261 1291 293 de
1313 261 1540 305 indignitate,
1566 265 1673 297 altera
1695 266 1737 298 de
1761 267 1941 302 electione.
1997 269 2100 303 Prior

80 312 196 346 tiones
219 310 412 353 humanas,
437 314 496 345 sed
514 318 649 346 tantum
669 324 773 356 opera
792 325 809 346 a
826 312 901 346 Deo
917 314 1063 346 manda-
1089 348 1091 359 Ε
1115 322 1155 344 ex
1175 310 1247 352 lege
1265 311 1388 347 oritur.
1442 312 1586 357 Semper
1606 315 1697 347 enim
1718 316 1870 351 clamitat
1889 319 1942 352 lex
1962 319 1997 352 in
2014 333 2098 354 con-

80 367 136 404 ta,
169 363 263 397 iuxta
295 363 449 407 regulam
475 360 532 395 hic
555 363 738 396 traditam:
776 362 919 397 Frustra
943 364 1064 397 colunt
1088 388 1090 406 ,
1115 361 1269 394 scientiis
1291 363 1439 403 nostris,
1466 361 1579 396 Deum
1607 365 1794 408 respicere,
1818 370 2001 408 exaudire,
2028 373 2097 404 sal-

80 425 137 446 me
159 414 333 447 mandatis
358 411 556 447 hominum.
611 412 699 447 Item
714 412 842 447 Psalm.
863 415 961 449 119.:
990 413 1063 448 Lu-
1087 440 1091 469 Ι
1115 423 1196 444 vare
1222 413 1366 454 dignos,
1394 413 1522 453 iustos,
1550 426 1614 447 nos
1629 428 1710 448 vero
1728 417 1892 459 iniustos,
1919 421 2097 463 indiguos,

83 124 156 160 881
333 124 415 160 XII,

186 208 232 244 II.
286 209 395 253 Item,
421 218 461 246 ut
482 211 630 245 sciamus
653 211 767 245 cultus
782 209 850 245 Dei
873 222 964 252 esse,
990 222 1064 244 non

81 475 184 498 cerna
201 464 348 508 pedibus
366 464 452 497 meis
470 470 533 497 etc.
1087 477 1090 516 Ξ

182 513 344 548 Secundo
366 514 469 548 dicit:
495 512 550 548 Ex
569 514 673 548 corde
698 521 825 549 exeunt
850 527 979 560 pravae
1005 527 1063 549 co-
1088 518 1089 528 ¹

80 565 277 609 gitationes.

180 614 250 648 Hic
273 616 393 656 docet,
420 615 499 661 quis
523 616 567 649 sit
591 615 671 649 fons
696 622 940 660 peccatorum,
966 617 1062 651 scili-
1086 613 1089 669 Ιὶ

79 672 150 704 eet,
176 666 416 700 inobedientia
434 667 471 699 in
489 667 593 700 corde
609 673 729 700 contra
746 665 870 700 Deum.
1086 672 1088 712 l

179 714 227 750 Et
248 717 363 761 primo
387 718 547 751 nominat
570 717 797 761 cogitationes
813 718 939 758 malas,
965 718 1060 762 quod
1086 728 1088 759 ξ

76 765 296 811 intelligatur
319 769 362 801 de
385 769 551 802 omnibus
576 768 786 812 praeceptis,
812 769 999 815 praecipue
1017 769 1060 801 de
1085 763 1087 807 Ι

75 817 212 861 primo,
246 818 378 852 scilicet
408 820 450 852 de
475 818 659 862 Epicureis
691 819 938 863 opinionibus,
975 831 1060 852 con-

75 873 188 901 temtu
206 868 291 907 Dei,
320 876 352 903 et
377 869 562 903 securitate
587 869 738 911 carnali,
765 869 1059 908 dubitationibus,
1084 868 1086 885 ⁵

76 924 111 952 et
127 919 249 953 multis
263 919 360 953 falsis
375 919 616 964 opinionibus,
644 932 732 965 quae
748 920 899 953 subinde
914 920 1059 953 turbant
1084 925 1085 944 ³

74 968 182 1002 fidem
208 976 241 1004 et
261 971 423 1004 timorem
440 977 472 1003 et
488 982 595 1014 spem.
648 970 755 1009 Item,
782 970 999 1014 intelligatur
1016 971 1059 1003 de

75 1020 242 1054 omnibus
268 1021 405 1055 vitiosis
428 1021 633 1055 adfectibus.
686 1019 735 1055 Et
758 1028 903 1055 testatur
927 1018 984 1054 hic
1004 1021 1058 1054 lo—

75 1081 155 1112 cuS,
182 1078 320 1116 peccata
345 1083 417 1105 esse
441 1083 515 1104 non
539 1078 676 1105 tantum
699 1078 839 1106 externa
863 1072 970 1111 facta,
997 1073 1058 1105 sed

73 1121 179 1155 etiam
196 1123 338 1156 morbos
355 1122 553 1156 interiores.
1081 1117 1084 1159 l

177 1171 348 1206 Tenenda
374 1180 423 1207 est
449 1173 608 1206 doctrina
632 1173 674 1205 de
697 1170 754 1206 his
776 1173 928 1214 morbis,
961 1174 1058 1218 quod
1083 1190 1084 1195 ¹

75 1228 238 1265 oporteat
273 1224 433 1258 resistere
469 1224 585 1267 pravis
619 1224 832 1264 adfectibus,
873 1235 918 1256 ne
952 1236 1057 1267 opere

75 1273 337 1317 compleantur,
364 1281 396 1308 et
417 1274 522 1307 simul
541 1281 678 1321 petere,
704 1280 742 1307 ut
761 1280 904 1317 propter
919 1272 1059 1308 Media-

75 1329 187 1356 torem
212 1321 297 1357 haec
321 1325 412 1357 mala
435 1324 540 1357 nobis
557 1326 824 1365 condonentur,
852 1325 942 1358 sicut
958 1326 1059 1359 docet
1083 1366 1084 1369 Ἴ

75 1373 234 1407 doctrina
251 1375 293 1407 ad
309 1373 414 1408 Rom.
432 1373 464 1406 7.
479 1374 528 1407 8.;

1082 1391 1085 1413 5
1110 1371 1292 1414 disputant
1329 1373 1372 1405 de
1411 1373 1687 1416 particularitate
1701 1401 1708 1415 ‚

73 1420 129 1455 El
146 1434 309 1469 egressus
326 1422 410 1458 inde
421 1422 527 1457 Iesus
540 1423 683 1457 secessit
700 1422 737 1457 in
753 1427 876 1471 partes
887 1421 986 1471 Tyri
999 1429 1058 1458 etc.
1083 1456 1085 1460 Α

1115 462 1270 506 pollutos
1294 470 1325 496 et
1349 463 1501 497 abiectos
1524 476 1612 503 csse,
1640 466 1728 499 sicut
1743 479 1855 502 canes.
1909 469 2002 504 Huic
2019 480 2096 506 tcu-

1114 513 1240 546 tationi
1264 514 1367 547 debet
1392 515 1523 558 opponi
1540 514 1772 558 Evangelium
1799 519 1841 550 ‹le
1866 522 2014 561 gratuita
2040 523 2095 555 iu-

1114 563 1338 608 stificatione²
1367 571 1399 598 et
1425 566 1468 597 ‹le
1487 566 1679 607 exclusiva,
1705 569 1829 609 gratis,
1857 577 1890 603 et
1908 572 2023 614 colligi
2043 580 2095 606 te-

1114 614 1297 655 stimonia,
1331 627 1420 659 quae
1449 617 1658 655 ostendunt,
1694 617 1859 661 indignos
1889 627 1920 653 et
1948 622 2095 657 iniustos

1113 664 1233 708 recipi.
1295 664 1415 699 Gratis
1456 667 1683 700 iustificamur
1718 669 1795 704 fide.

1113 727 1263 759 quorum
1288 716 1452 749 remissae
1477 724 1559 751 suut
1585 718 1798 762 iniquitates.

1113 776 1189 798 sum
1217 772 1353 799 tantum
1378 775 1547 810 peccator.

1856 669 1958 705 Item:
1994 672 2096 707 Beati

1869 720 1970 755 Item:
2008 722 2094 757 Tibi

1608 767 1713 807 Item,
1747 767 1814 803 hoc
1841 772 1916 804 loco
1941 775 2095 808 conferri

1084 819 1087 849 :
1113 815 1242 849 debent
1265 824 1443 860 peccatum
1469 825 1502 851 et
1526 819 1654 861 gratia,
1682 819 1770 854 sicut
1788 820 1918 855 Paulus
1944 825 2093 858 confert:

1113 864 1236 900 Gratia
1253 868 1419 902 exuberat
1435 880 1538 912 supra
1555 875 1746 912 peccatum.
1798 870 1914 905 Pluris
1931 874 1987 908 fiat
2002 875 2095 909 filius

1111 916 1176 950 Dei
1197 924 1229 951 et
1253 918 1460 951 sacrificium
1484 919 1546 952 filii
1564 917 1649 958 Dei,
1676 933 1779 965 quam
1797 929 1956 956 nostrum
1975 937 2096 968 pecca-

1111 973 1205 1006 tum,
1240 975 1278 1001 ut
1299 975 1491 1003 statuamus
1515 971 1618 1003 nobis
1640 970 1792 1013 ignosci,
1820 974 1949 1007 remitti
1974 987 2095 1018 pecca-

1110 1024 1205 1056 tum,
1236 1025 1269 1052 et
1290 1019 1502 1063 incipiamus
1523 1021 1666 1054 obedire
1690 1020 1776 1058 Deo.
1830 1022 1905 1056 Hae
1931 1033 2011 1059 sunt
2035 1028 2095 1059 fir-

1082 1066 1085 1088 f
1109 1080 1186 1101 mae
1209 1075 1241 1102 et
1264 1081 1365 1103 verae
1389 1072 1645 1105 consolationes
1667 1079 1788 1106 contra
1805 1075 2033 1109 tentationem
2053 1078 2095 1110 de

1110 1119 1330 1162 indignitate.

1210 1169 1331 1204 Altera
1358 1171 1536 1204 concurrit
1561 1173 1604 1205 de
1627 1173 1807 1206 electione.
1861 1174 1952 1218 Quia
1978 1175 2095 1210 homi-

1110 1231 1191 1261 nes,
1225 1233 1304 1254 cum
1336 1221 1458 1255 vident
1489 1223 1588 1255 reiici
1616 1224 1744 1256 multos
1769 1225 2021 1268 benemeritos,
2056 1236 2096 1262 ut

1109 1270 1273 1311 Saulem,
1303 1272 1522 1315 Augustum,
1548 1272 1774 1316 Ciceronem,
1803 1283 1836 1310 et
1859 1278 1968 1322 recipi
1990 1279 2095 1322 longe

1110 1322 1320 1360 deteriores,
1353 1329 1391 1356 ut
1416 1321 1685 1365 Magdalenam,
1722 1325 1894 1359 latronem
1919 1328 1956 1361 in
1983 1341 2095 1371 cruce,

1755 1376 1936 1418 videlicet,
1979 1377 2095 1412 Deum

1109 1419 1238 1455 habere
1273 1423 1450 1467 quendam
1482 1424 1677 1466 catalogum
1714 1437 1853 1467 eorum,
1889 1440 1976 1472 quos
2011 1431 2096 1464 velit

1082 1479 1085 1497 ⁷
1109 1473 1222 1505 salvos
1246 1473 1377 1513 facere,
1403 1480 1555 1507 caeteros
1581 1487 1663 1508 vero
1689 1476 1840 1520 negligi,
1869 1478 1957 1511 sicut
1982 1492 2096 1516 canes.

430 1523 476 1548 De
501 1522 699 1548 Cananaea.

177 1581 219 1616 In
237 1581 303 1617 hac
318 1581 465 1617 historia
482 1590 551 1617 tres
570 1583 798 1617 continentur
815 1583 1008 1617 doctrinae.

226 1649 253 1684 Ι.
305 1648 358 1683 De
375 1649 565 1683 miraculis.

225 1699 272 1735 II.
323 1699 376 1734 De
409 1699 680 1740 tentationibus,

279 1751 446 1795 precanti.

225 1799 286 1834 III.
338 1800 391 1835 De
407 1802 473 1834 fide
491 1808 523 1835 et
544 1801 732 1845 praecipuo
749 1800 858 1834 cultu.

390 1867 418 1903 I.
470 1868 524 1903 De
548 1868 738 1902 miraculis.

172 1926 332 1960 Primum
350 1923 409 1959 hic
424 1926 596 1969 generalis
613 1927 772 1959 doctrina
791 1927 978 1970 repetenda
997 1934 1057 1968 est,

70 1978 165 2024 quod
196 1977 364 2011 miracula
396 1977 467 2010 sint
497 1978 715 2018 testimonia,
752 1975 847 2010 hunc
877 1979 1056 2011 doctorem

69 2041 151 2062 vere
173 2029 319 2062 missum
346 2039 417 2061 esse
436 2040 454 2061 a
470 2027 558 2063 Deo.
613 2027 718 2068 Item,
746 2029 842 2073 quod
859 2025 917 2061 hic
932 2029 1056 2062 doctor

728 1711 818 1745 quae
849 1699 1058 1744 obstrepunt
1082 1692 1083 1703 ¹

71 2080 115 2113 sit
141 2077 318 2112 Dominus
350 2085 384 2112 et
416 2079 608 2123 promissus
639 2079 813 2118 salvator,
848 2079 988 2123 qualem
1020 2091 1054 2113 se

69 2129 266 2174 praedicat,
305 2129 487 2162 destruens
522 2141 629 2177 opera
660 2128 822 2167 Diaboli,
864 2137 1054 2174 peccatum,

69 2180 294 2226 tyrannidem
311 2177 456 2212 Diaboli
473 2186 506 2213 et
522 2187 682 2214 mortem.

170 2230 364 2264 Peculiaris
386 2230 500 2273 imago
522 2227 579 2263 hic
596 2231 818 2274 proponitur.
870 2230 1051 2275 Nusquam

69 2283 156 2316 adeo
184 2281 321 2315 duriter
346 2281 530 2324 praeterit,
565 2288 624 2315 aut
647 2281 761 2314 reiicit
786 2293 923 2325 preces,
958 2288 1052 2314 ortas

67 2346 108 2367 ex
133 2344 216 2366 vero
238 2339 269 2365 et
296 2343 424 2374 magno
447 2332 588 2372 dolore,
615 2338 654 2365 ut
676 2329 747 2365 hic.
800 2330 848 2366 Et
870 2333 940 2364 duo
960 2332 1051 2364 obii-

67 2385 228 2424 ciuntur,
262 2383 436 2426 primum,
473 2383 567 2426 quod
600 2394 674 2415 non
701 2382 745 2415 sit
767 2395 807 2415 ex
836 2382 962 2423 Israel,
997 2394 1050 2415 se-

68 2435 203 2474 cundo,
231 2435 326 2479 quod
352 2433 396 2466 sit
420 2433 584 2476 indigna,
611 2439 651 2466 ut
668 2433 775 2467 canis.
828 2432 879 2466 Ex
898 2430 952 2466 his
972 2439 1050 2466 ten-

67 2485 262 2520 tationibus
292 2485 365 2528 ipsa
391 2490 508 2517 tamen
536 2483 725 2525 eluctatur,
760 2491 792 2518 et
817 2485 958 2518 tandem
983 2484 1050 2516 fide

66 2537 252 2579 impetrat,
279 2536 372 2580 quod
396 2534 494 2579 petit.
545 2533 613 2567 Hic
631 2535 738 2577 igitur
756 2535 947 2572 discamus,
974 2535 1049 2567 sin-

66 2587 231 2630 gulorum
261 2585 398 2619 animos
423 2585 621 2630 oppugnari
646 2586 822 2619 similibus
846 2585 1049 2619 tentationi-

66 2638 154 2678 bus,
187 2648 252 2670 nec
276 2643 456 2681 propterea
480 2634 585 2670 fidem
614 2636 848 2671 abiiciendam
874 2648 963 2677 esse,
990 2638 1048 2670 sed

67 2688 182 2732 potius
200 2687 401 2731 erigendam
418 2687 510 2720 inter
525 2684 590 2720 bos
606 2687 743 2724 fluctus,

116 2741 291 2773 Maura.
320 2740 422 2773 Ona.
447 2739 530 2772 Vos..
558 2739 652 2777 xlv,

1110 1522 1161 1556 Ita
1184 1524 1346 1557 tribuunt
1361 1523 1436 1558 Deo
1454 1525 1758 1569 inaequalitatem,
1785 1529 1878 1572 quod
1899 1541 1935 1561 re
1953 1530 2025 1574 ipsa
2044 1538 2096 1565 est

1109 1585 1270 1607 accusare
1301 1587 1382 1608 eum
1418 1576 1628 1620 tyrannidis.
1699 1576 1795 1611 Haec
1826 1586 1875 1613 est
1906 1581 2095 1615 durissima

1081 1619 1085 1672 l
1107 1624 1268 1659 tentatio.

1210 1674 1280 1708 Sed
1305 1673 1388 1708 huic
1411 1676 1597 1709 tentationi
1623 1679 1835 1720 opponenda
1854 1687 1904 1722 est
1921 1681 2093 1722 doctrina,

1108 1726 1203 1769 quod
1226 1725 1477 1769 promissiones
1494 1733 1578 1759 suut
1598 1727 1823 1762 universales.
1878 1729 1924 1764 Et
1941 1732 2094 1776 diligen-

1107 1782 1160 1809 ter
1184 1775 1400 1810 universales
1423 1777 1640 1819 colligendae
1665 1785 1764 1819 sunt,
1793 1786 1847 1813 ut:
1876 1778 2005 1815 Omnis
2031 1785 2093 1828 qui

1107 1826 1219 1860 eredit
1236 1826 1273 1859 in
1293 1827 1403 1860 filium
1423 1839 1496 1859 non
1513 1834 1641 1871 pereat.
1696 1827 1801 1862 Item:
1830 1829 1955 1865 Venite
1972 1835 2015 1866 ad
2036 1846 2092 1868 me

1107 1887 1239 1912 ornnes.
1294 1876 1399 1917 Item,
1432 1876 1538 1913 Rom.
1559 1878 1634 1912 10.:
1668 1877 1762 1912 Deus
1785 1887 1834 1914 est
1858 1881 1949 1915 idem
1974 1885 2091 1917 omni-

1106 1927 1188 1968 bus,
1217 1927 1314 1960 dives
1340 1927 1376 1960 in
1404 1939 1525 1960 omnes
1548 1928 1750 1963 invocantes
1767 1942 1813 1966 se.
1867 1931 1945 1966 Huc
1963 1935 2090 1968 adiun-

1105 1984 1207 2021 gatur
1223 1979 1428 2012 mandatum
1446 1979 1685 2020 immutabile,
1713 1987 1744 2014 et
1762 1984 1854 2026 quod
1874 1983 1977 2027 longe
1994 1987 2090 2028 posi-

1104 2035 1178 2063 tum
1197 2035 1259 2067 est,
1283 2041 1387 2073 supra
1404 2041 1526 2062 omnes
1545 2030 1646 2072 leges,
1674 2031 1848 2073 videlicet,
1876 2036 1970 2078 quod
1989 2048 2089 2079 prae-

1078 2087 1081 2098 *
1104 2079 1207 2123 cipit,
1234 2085 1273 2113 ut
1302 2091 1424 2113 omnes
1447 2081 1591 2114 credant
1615 2081 1693 2113 filio-
1711 2080 1795 2123 Dei,
1824 2090 1857 2117 et
1879 2084 1961 2118 huic
1987 2099 2087 2119 man-

1104 2131 1186 2163 dato
1217 2141 1356 2164 necesse
1387 2137 1436 2164 est
1465 2143 1588 2164 omnes
1613 2132 1866 2177 obtemperare.
1926 2135 1997 2169 Nec
2023 2150 2086 2170 nos

1103 2192 1288 2225 quaerere,
1316 2187 1376 2214 aut
1399 2182 1545 2215 scrutari
1571 2182 1787 2216 voluntatem
1816 2183 1881 2216 Dei
1906 2186 2085 2226 debemus,

1102 2231 1252 2274 seposito
1277 2229 1344 2265 hoc
1367 2233 1553 2273 mandato,
1580 2239 1612 2265 et
1629 2233 1764 2266 reiectis
1782 2235 2086 2277 promissionibus.

1101 2281 1145 2316 Et
1169 2293 1247 2315 cum
1271 2279 1435 2316 Christus
1462 2283 1570 2316 dicat:
1599 2281 1675 2325 Ego
1699 2294 1775 2316 sum
1800 2284 1871 2325 via,
1900 2287 2027 2321 veritas
2051 2296 2085 2322 et

1101 2332 1184 2367 vita.
1238 2331 1338 2366 Item:
1368 2332 1440 2375 Qui
1465 2333 1560 2365 videt
1577 2345 1650 2372 me,
1678 2334 1772 2367 videt
1791 2343 1822 2369 et
1842 2343 1990 2378 patrem:
2020 2351 2083 2371 vo..

1100 2384 1216 2417 luntas
1231 2382 1298 2417 Dei
1322 2383 1515 2417 necessario
1541 2385 1739 2428 quaerenda
1765 2392 1813 2418 est
1834 2385 1868 2417 iu
1889 2387 1961 2420 tilio
1980 2390 2083 2422 uubis

1099 2435 1250 2474 donato,
1285 2441 1319 2467 et
1342 2433 1554 2477 Evangelio,
1591 2435 1684 2478 quod
1714 2435 1808 2469 filius
1831 2434 1898 2469 Dei
1931 2449 1970 2470 ex
2001 2439 2082 2473 sinu

1100 2483 1213 2518 Patris
1233 2484 1391 2528 protulit.

1200 2534 1274 2568 Has
1298 2535 1554 2569 consolationes
1579 2535 1859 2577 meminerimus,
1888 2543 1925 2570 ut
1951 2535 2081 2573 habea-

1098 2598 1176 2619 mus
1191 2586 1308 2619 firmas
1324 2585 1553 2619 refutationes
1566 2585 1706 2618 illarum
1718 2587 1964 2629 tentationum,
1992 2602 2081 2634 quae

1099 2637 1332 2681 plurimorum
1357 2636 1495 2669 animos
1520 2643 1698 2674 exercent,
1723 2643 1756 2669 et
1779 2638 1937 2681 quotidie
1963 2639 1998 2672 in
2024 2641 2080 2673 iu-

1100 2688 1282 2721 vocatione
1303 2687 1522 2731 proferamus
1547 2683 1608 2719 lias
1626 2687 1893 2722 consolationes.
1945 2689 2033 2724 Nam
2051 2692 2080 2724 si

1548 2735 1596 2771 56
