2409 2915
338 86 419 124 XII.

28 240 30 242 ’
84 225 144 258 lux
175 224 312 258 mundi.

19 264 22 280 ἑ
84 275 273 309 ostendant
291 285 406 307 veram
427 271 624 306 doctrinam
643 272 686 305 de
705 270 780 306 Deo
801 279 863 307 etc.

160 385 218 419 Ne
229 386 385 429 putate,
415 381 511 428 quod
524 383 691 417 venerim
705 382 846 417 solvere
863 383 995 430 legem.

185 458 253 492 Hic
274 458 399 501 incipit
423 458 629 492 concionem
652 459 695 491 de
717 458 813 502 lege,
840 470 944 504 quam
962 471 1069 504 appa-

83 517 136 545 ret
158 510 202 543 ab
224 521 264 542 eo
289 520 391 553 saepe
408 509 591 553 repetitam
609 520 700 551 esse,
727 510 810 555 quia
827 517 877 544 est
894 510 1067 554 interpre-

83 560 167 595 tatio
184 559 288 603 legi5‚
315 571 420 605 quam
437 560 475 593 in
491 557 647 594 Ecclesia
663 567 784 594 notam
803 572 875 594 esse
892 568 1041 604 oportet.

182 617 344 652 Primum
374 626 489 654 autem
521 616 596 660 hic,
636 625 674 653 ut
703 630 803 663 saepe
833 619 998 659 facimus,
1034 626 1068 653 et

79 680 180 713 saepe
203 669 278 703 fieri
302 681 441 703 necesse
468 677 535 710 est,
561 669 700 704 moneri
721 670 899 704 auditores
918 677 1066 714 oportet,

79 720 176 754 aliud
192 730 265 753 esse
280 720 410 764 legem,
437 728 469 755 et
488 721 584 755 aliud
602 720 846 767 Evangelium.
900 720 977 755 Hoc
993 722 1065 755 dis-

78 769 212 804 crimen
231 771 456 805 notissimum
474 783 546 806 esse
562 778 710 816 oportet.

436 881 523 911 Quid
547 883 601 906 est
623 878 703 906 lex?

188 939 402 984 Respondeo
431 951 494 985 pro
521 940 640 985 pueris
664 941 833 974 breviter:
868 939 931 976 Est
952 939 1064 975 Deca-
1088 980 1089 985 ¹

242 990 305 1025 Est
329 998 444 1026 autem
466 991 626 1025 doctrina
649 1004 667 1025 a
685 989 759 1024 Deo
782 992 907 1025 tradita
928 993 1063 1037 praeci-
1088 1025 1089 1036 ἶ

76 991 189 1037 loguS.

76 1042 177 1086 piens
208 1042 327 1087 quales
357 1054 422 1075 nos
447 1053 518 1075 esse
543 1049 700 1086 oportet,
727 1049 760 1076 et
783 1054 871 1087 quae
895 1043 1006 1076 facere
1031 1049 1064 1076 et
1088 1074 1089 1086 ¹

77 1093 238 1127 omittere
257 1099 413 1137 oportet,
441 1100 472 1126 et
491 1093 670 1137 postulans
689 1093 876 1137 perfectam
893 1094 1063 1127 obedien-
1088 1102 1089 1128 ζ

75 1144 180 1182 tiam,
209 1150 242 1178 et
265 1144 437 1177 damnans
455 1155 596 1182 omnes,
624 1144 685 1189 qui
701 1156 774 1177 non
791 1151 967 1186 praestant
982 1157 1062 1188 per-

74 1194 199 1228 fectam
229 1194 486 1235 obedientiam,
518 1194 680 1227 videlicet
710 1193 897 1227 testificans
928 1195 1062 1228 autori-
1086 1218 1089 1236 ,

75 1251 145 1279 tate
169 1245 310 1285 divina,
338 1246 432 1290 quod
458 1244 542 1278 tales
559 1245 610 1277 rei
626 1245 696 1278 sint
713 1244 784 1277 irae
801 1245 869 1277 Dei
889 1252 920 1278 et
939 1246 1061 1278 mortis
1086 1259 1088 1283 ῑ

75 1303 253 1336 aeternae,
287 1302 318 1329 et
350 1294 592 1339 multipliciter
619 1295 814 1339 puniantur
835 1295 872 1327 in
899 1292 963 1328 hac
989 1296 1061 1330 vita

74 1353 107 1380 et
124 1354 201 1390 post
219 1344 310 1379 hanc
328 1345 449 1380 vitam.

177 1403 273 1438 Haec
288 1404 461 1442 doctrina,
483 1416 570 1449 quae
586 1410 636 1438 est
653 1404 718 1445 lex,
744 1415 818 1437 non
836 1410 885 1437 est
899 1404 1058 1437 doctrina

73 1457 117 1490 de
139 1455 346 1489 remissione
373 1461 606 1499 peccatorum.
658 1453 704 1488 Et
726 1452 888 1489 Christus
910 1466 984 1487 non
1009 1462 1060 1488 est

72 1507 261 1551 legislator.
315 1505 408 1549 Quia
428 1506 482 1539 lex
502 1506 618 1540 statim
634 1506 672 1538 in
690 1506 865 1539 creatione
881 1505 985 1539 nobis
1003 1505 1059 1538 in-

73 1559 138 1592 sita
162 1564 231 1597 est,
258 1564 291 1590 et
311 1564 428 1600 postea
445 1557 597 1590 subinde
615 1563 649 1590 et
665 1568 764 1600 saepe
781 1557 946 1600 repetita,
974 1556 1059 1589 etin
1083 1576 1085 1584 ‹

72 1615 192 1643 monte
225 1607 325 1642 Sinai
361 1607 546 1641 manifesto
585 1607 787 1641 testimonio
826 1608 1058 1650 promulgata.
1083 1609 1085 1638 Ξ
1111 1589 1220 1628 lfflor‘
1248 1601 1310 1622 ⁰¹¹?
1323 1590 1504 1632 praedm&
1522 1590 1658 1633 legem?

72 1659 116 1695 Et
138 1671 269 1704 poenae
285 1656 482 1691 horrendae
499 1658 536 1690 in
555 1658 625 1690 vita
642 1664 832 1698 testantur,
859 1658 968 1701 legem
985 1669 1058 1691 esse

72 1718 204 1749 ratam,
234 1716 267 1742 et
291 1707 405 1742 Deum
433 1719 504 1741 esse
526 1709 707 1741 custodem
733 1708 837 1751 legis,
871 1714 904 1740 et
928 1719 1059 1752 poenas

72 1761 214 1805 exequi,
239 1759 329 1792 sicut
345 1759 478 1801 inquit:
502 1757 597 1790 Deus
614 1765 665 1791 est
680 1758 771 1800 ignis
787 1769 1006 1792 consumenS.

174 1818 219 1852 Et
243 1829 316 1850 non
339 1823 520 1861 putemuS,
550 1817 659 1859 legem
685 1814 752 1848 Dei
776 1816 822 1849 ita
847 1816 925 1849 tolli
949 1828 1060 1859 posse,

73 1871 162 1904 sicut
185 1869 304 1903 tabula
331 1879 350 1901 a
375 1867 507 1911 pariete
527 1873 728 1903 amovetur,
754 1867 809 1899 vel
829 1867 916 1900 sicut
932 1873 1059 1900 statuta

71 1919 227 1955 humana
249 1919 327 1953 tolli
343 1925 506 1961 possunt,
533 1918 606 1953 {Sic
621 1918 669 1952 ein
686 1917 890 1960 ffiietsteuct,
919 1919 993 1952 obet
1009 1918 1059 1952 ein

72 1970 182 2008 &ebot
198 1980 262 2006 von
279 1970 440 2005 stenem.

175 2030 244 2064 Sed
266 2029 322 2062 lex
347 2035 397 2062 est
421 2027 593 2061 sententia
612 2025 680 2061 Dei
698 2025 874 2060 horrenda
893 2028 1059 2060 adversus

73 2087 270 2126 peccatum,
298 2091 401 2124 quam
427 2079 516 2122 ipse,
542 2078 622 2122 quia
645 2085 693 2111 est
709 2078 840 2117 iustus,
866 2077 1059 2123 exequitur.

72 2130 122 2166 Et
144 2138 281 2165 tantum
307 2129 417 2173 parcit
440 2129 724 2172 confugientibus
747 2130 789 2162 ad
815 2128 966 2169 Filium,
999 2129 1059 2161 sed

74 2191 191 2217 tamen
207 2180 299 2214 Filio
324 2179 492 2223 imposuit
514 2191 663 2223 poenas,
690 2187 728 2213 ut
746 2179 904 2213 iusticiae
919 2179 1060 2211 divinae

74 2233 264 2268 satisfieret.

175 2290 271 2324 Haec
297 2289 469 2333 generalia
495 2289 538 2321 de
555 2288 628 2331 lege
645 2299 745 2331 saepe
764 2288 948 2331 cogitanda
965 2295 1059 2327 sunt,

75 2351 109 2378 et
125 2343 206 2377 scir-i
225 2339 310 2375 baec
327 2352 463 2374 necesse
481 2346 540 2373 est.

177 2400 409 2444 Evangelium
427 2411 508 2432 vero
526 2405 575 2432 est
593 2398 806 2442 praedicatio
825 2398 1060 2441 poenitentiae

77 2461 110 2488 et
138 2452 345 2498 promissio,
379 2451 416 2483 in
449 2461 516 2495 qua
543 2456 687 2493 propter
711 2448 841 2482 Filium
867 2448 932 2482 Dei
955 2449 1061 2492 gratis

77 2505 206 2539 dantur
234 2503 339 2536 nobis
368 2509 462 2535 certo
489 2501 648 2534 remissio
672 2507 910 2543 peccatorum,
945 2501 1060 2544 impu-

80 2555 163 2589 tatio
184 2554 361 2593 iusticiae‚
395 2551 548 2596 Spiritus
570 2559 727 2595 sanctus,
756 2558 790 2585 et
816 2551 883 2584 vita
909 2558 1060 2592 aeterna,

81 2617 142 2649 pel·
162 2606 271 2639 solam
295 2605 398 2637 fidem
420 2605 456 2636 in
471 2600 651 2636 Christum
664 2629 672 2641 ‚
700 2615 771 2636 non
790 2609 932 2646 propter
949 2602 1059 2645 legem

81 2662 115 2689 et
131 2667 200 2690 non
216 2662 359 2704 propter
374 2662 489 2688 nostra
509 2653 640 2687 merita.

471 81 864 121 ANNOTATIONES
892 83 959 120 ET
985 81 1269 121 CONCIONES
1296 85 1347 121 IN
1374 85 1554 122 EVANG.
1581 87 1858 126 MATTHAEI.

187 172 330 217 Repetit
363 173 509 206 eandem
543 170 843 204 admonitionem:
886 170 958 205 Vos
991 169 1100 205 estisl

371 222 419 257 Et
442 223 488 256 sit
510 220 576 255 hoc
598 221 752 254 officium
777 222 999 262 docentium,
1032 229 1072 257 ut
1095 253 1098 274 ι
1122 221 1286 262 vulnera,
1321 224 1357 255 id
1390 231 1458 264 est,
1490 225 1752 261 damnationem
1780 235 1812 262 et
1837 241 1986 273 poenas,
2018 243 2106 276 quae

2035 95 2110 130 582

1224 169 1319 205 Haec
1354 174 1539 216 promissio
1571 182 1620 209 est
1651 177 1845 218 medicina,
1889 190 1978 223 quae
2009 189 2108 215 sanat

1094 281 1097 298 ¹
1122 283 1204 305 voce
1219 272 1304 315 legis
1321 274 1424 306 nobis
1441 275 1685 318 imponuntur.

1221 321 1267 356 Et
1296 320 1388 357 hanc
1420 325 1628 359 medicinam
1662 327 1699 360 in
1729 330 1962 372 promissione
1986 333 2102 366 statim

1118 371 1214 406 Deus
1238 374 1428 415 revelavit,
1456 377 1597 420 quando
1621 378 1745 421 recipit
1767 380 1880 413 Adam
1907 388 1940 416 et
1956 380 2103 423 Hemm,

1119 423 1181 469 qui
1211 423 1315 457 etiam
1346 426 1543 460 ceciderant
1567 427 1604 459 iu
1628 428 1888 464 damnationem
1917 439 1949 465 et
1973 445 2102 476 poenas

1118 474 1247 515 iustas,
1274 476 1332 508 sed
1353 475 1465 509 Filius
1480 475 1545 510 Dei
1570 490 1632 522 pro
1657 479 1705 512 eis
1723 480 1926 524 deprecatus
1945 490 2004 517 est,
2058 483 2102 516 Et

1117 524 1166 559 ita
1191 532 1334 570 propter
1353 525 1484 560 Filium
1509 529 1639 572 recepti
1664 537 1764 571 sunt,
1791 537 1824 564 et
1846 532 1939 565 edita
1955 539 2004 566 est
2020 546 2102 577 pro-

1118 575 1255 610 missio:
1296 576 1423 611 Semen
1459 579 1618 612 mulieris
1647 582 1868 616 conculcabit
1898 590 2001 626 caput
2031 595 2101 616 ser-

1090 637 1093 674 g
1116 627 1242 671 pentis.

1217 676 1280 711 Est
1309 689 1390 720 ergo
1414 676 1520 713 huius
1541 681 1785 723 promissionis
1809 682 2036 726 promeritor,
2070 691 2103 717 et

1116 727 1242 770 pignus
1279 735 1311 762 et
1348 730 1585 773 praedicator,
1629 730 1804 765 Dominus
1842 740 1960 766 noster
1995 731 2101 766 Iesus

1088 786 1091 795 ¹
1114 772 1311 821 Christus,
1338 780 1437 812 cuius
1453 781 1621 824 sanguine
1638 782 1824 825 promissio
1838 783 2020 827 obsignata
2040 791 2102 820 est,

1088 810 1092 881 l
1216 828 1305 863 Cum
1329 837 1444 863 autem
1468 832 1658 866 audivisset
1679 833 1847 877 populus,
1874 846 1908 867 se
1926 846 1987 877 per
2003 834 2100 867 Mes-

1088 880 1199 916 ?siam
1233 892 1251 913 a
1284 881 1528 922 damnatione,
1563 895 1651 928 quae
1680 890 1730 917 est
1754 896 1884 928 poena,
1916 897 2021 929 quam
2049 885 2101 918 lex

1088 930 1090 935 ’
1116 930 1285 974 imponit,
1313 931 1516 966 liberandos
1533 945 1623 974 esse,
1649 934 1838 969 audierunt
1856 934 1978 975 etium,
2006 937 2098 979 quod

1088 988 1090 1001 ⁵
1114 981 1192 1014 finis
1210 982 1349 1015 futurus
1368 990 1454 1016 esset
1471 984 1749 1018 ceremoniarum
1760 984 2015 1026 Leviticarum‚
2044 986 2100 1018 in—

1088 1039 1089 1047 *
1115 1032 1318 1076 telligebant
1334 1034 1530 1067 doctrinam
1546 1035 1589 1067 de
1603 1035 1765 1069 libertate
1781 1036 1979 1077 carnaliter,
2002 1037 2100 1081 quasi

1114 1082 1182 1115 iam
1210 1084 1459 1118 concederetur
1484 1084 1623 1118 licentia
1648 1086 1812 1119 omnibus
1837 1087 2100 1130 cupiditatibus,

1088 1145 1089 1148 ¹
1114 1133 1203 1166 sicut
1221 1134 1322 1167 multi
1342 1141 1421 1167 ante
1438 1146 1548 1168 annos
1565 1136 1688 1178 viginti
1706 1136 1823 1170 audita
1840 1137 2100 1181 praedicatione

1088 1183 1285 1217 ‘libertatis
1317 1182 1560 1225 Christianae,
1601 1186 1765 1221 volebant
1802 1199 1874 1220 esse
1910 1188 2014 1221 liberi
2055 1189 2098 1221 ab

1114 1234 1280 1267 omnibus
1298 1235 1450 1277 legibus,
1478 1248 1496 1268 a
1515 1235 1686 1270 reditibus
1703 1244 1735 1270 et
1751 1250 1767 1270 a
1787 1238 1984 1281 disciplina.

1085 1292 1088 1315 ι
1214 1283 1306 1317 Huic
1339 1285 1463 1318 stultae
1489 1286 1652 1330 opinioni
1678 1288 1831 1331 primum
1855 1287 2016 1322 Christus
2042 1286 2099 1321 hic

1112 1335 1259 1376 opponit
1296 1336 1536 1378 gravissimam
1573 1338 1780 1371 sententiam
1808 1339 1850 1371 de
1883 1339 1975 1382 lege:
2021 1338 2098 1372 Non

1112 1385 1192 1417 veni
1215 1385 1349 1418 solvere
1366 1386 1496 1429 legem,
1523 1387 1581 1420 sed
1600 1387 1757 1431 implere.

1518 1487 1695 1513 obiectio.

1213 1537 1280 1572 Sed
1306 1538 1400 1572 dicat
1427 1539 1570 1584 aliquis:
1600 1539 1637 1574 Si
1656 1539 1818 1577 Christus
1836 1553 1908 1576 non
1927 1549 1976 1577 est
1994 1543 2098 1586 legis—

1495 1691 1712 1720 Respondeo.

1215 1738 1344 1772 Verum
1371 1746 1437 1779 est,
1466 1738 1648 1774 Christum
1672 1754 1744 1775 non
1764 1754 1836 1776 esse
1854 1745 2097 1788 legislatorem,

1112 1790 1194 1835 quia
1218 1790 1270 1822 lex
1291 1791 1387 1833 prius
1404 1798 1454 1824 est
1470 1791 1537 1824 lata
1555 1798 1588 1824 et
1606 1798 1706 1833 nota,
1734 1795 1793 1826 sed
1810 1795 1904 1829 venit
1920 1796 2096 1841 principa-

1113 1842 1191 1875 liter
1210 1848 1352 1884 propter
1370 1841 1653 1885 promissionem.

1083 1885 1086 1934 ξ
1215 1891 1282 1924 Sed
1321 1898 1438 1924 tamen
1468 1892 1548 1936 quia
1581 1892 1618 1924 in
1650 1891 1806 1926 Ecclesia
1838 1903 1974 1939 oportet
2004 1898 2097 1939 sciri,

1112 1942 1197 1987 quid
1224 1941 1267 1975 sit
1291 1949 1466 1985 peccatum
1480 1969 1487 1982 ,
1515 1954 1654 1975 necesse
1675 1950 1723 1977 est
1741 1956 1860 1979 vocem
1876 1945 2040 1991 Decalogi
2059 1949 2096 1982 in

1083 2013 1086 2055 μ
1110 1992 1266 2026 Ecclesia
1298 2004 1441 2033 sonare,
1472 2005 1560 2037 quae
1586 1999 1635 2026 est
1661 2001 1800 2028 aeterna
1824 1998 1994 2031 sententia
2019 1998 2096 2041 Dei,

1112 2051 1145 2077 et
1175 2055 1247 2076 non
1271 2043 1381 2085 parcit
1405 2043 1485 2076 ullis
1509 2041 1732 2086 hominibus,
1767 2047 1836 2080 nisi
1861 2049 2094 2093 confugienti-

1083 2117 1085 2135 .
1112 2095 1177 2127 bus
1196 2094 1238 2126 ad
1257 2092 1387 2126 Filium
1405 2092 1493 2137 Dei,
1521 2101 1560 2128 ut
1576 2095 1674 2138 prius
1690 2096 1774 2131 dixi.

1214 2143 1293 2177 Non
1317 2150 1429 2188 potest
1452 2145 1614 2188 cognosci
1636 2147 1827 2187 medicina,
1855 2147 1923 2180 nisi
1948 2149 2044 2192 prius
2062 2157 2096 2184 et

1111 2195 1256 2228 morbus
1281 2202 1518 2238 cognoscatur.
1583 2195 1634 2229 lta
1659 2208 1731 2229 non
1755 2204 1864 2239 potest
1887 2200 2093 2241 magnitudo

1111 2245 1371 2279 misericordiae
1411 2253 1442 2279 et
1482 2246 1641 2280 remissio
1680 2253 1899 2290 peccatorum
1931 2248 2093 2294 intelligi,

1111 2297 1178 2330 nisi
1194 2297 1409 2340 intelligatur
1426 2304 1605 2341 peccatum
1622 2297 1741 2342 aliquo
1758 2299 1873 2332 modo.

1212 2348 1403 2391 Quomodo
1420 2354 1516 2391 potes
1531 2347 1686 2389 obligare
1702 2349 1841 2387 vulnus,
1866 2349 1893 2381 si
1909 2361 1979 2383 non
1996 2351 2093 2392 scias,

1111 2399 1173 2433 ubi
1195 2407 1254 2433 aut
1276 2399 1378 2444 quale
1403 2398 1531 2431 vulnus
1556 2396 1624 2431 sit?
1676 2397 1757 2432 Ideo
1776 2400 1812 2432 in
1831 2397 1985 2433 Ecclesia
2004 2413 2094 2435 sem-

1110 2462 1173 2494 per
1196 2450 1299 2483 etiam
1325 2448 1519 2491 Decalogus
1541 2448 1723 2490 recitatur,
1751 2457 1788 2484 ut
1806 2449 1938 2483 Paulus
1961 2451 2092 2497 inquit:

1110 2500 1178 2535 Per
1195 2501 1304 2543 legem
1322 2499 1474 2543 cognitio
1495 2498 1634 2542 peccati.

1212 2551 1257 2585 Et
1286 2551 1367 2596 quia
1394 2547 1573 2583 Pharisaei
1607 2550 1716 2593 legem
1749 2550 1840 2583 male
1872 2551 2094 2596 interpretati

1111 2603 1263 2643 fuerant,
1293 2608 1325 2635 et
1339 2612 1417 2634 suas
1433 2600 1640 2634 traditiones
1656 2600 1766 2644 pluris
1782 2601 1967 2643 faciebant,
1988 2615 2094 2648 quam

1112 2653 1222 2697 legem
1245 2652 1331 2694 Dei,
1359 2652 1564 2735 εἰὲιέῐὶερυᾱ
1590 2663 1655 2685 nos
1678 2650 1837 2696 Papistae
1863 2659 1895 2686 et
1913 2652 2093 2690 Monachi.
