2409 2915
306 104 375 142 175

510 189 604 230 Die
644 187 814 229 natali
855 185 1082 241 Christi,

575 251 810 295 Evangelium
841 250 964 286 Iohan.
985 255 1016 289 1.

356 321 402 357 In
434 319 618 369 principio
648 323 726 353 era‘t
754 317 933 360 Verbum,
966 324 998 353 et
1026 318 1186 354 Verbum
1211 323 1288 353 erat

405 369 510 419 apud
532 369 673 410 Deum,
702 374 732 403 et
750 368 854 404 Deus
881 374 958 403 erat
982 369 1155 405 Verbum.

405 427 482 457 erat
505 422 544 456 in
568 420 750 469 principio
767 418 872 468 apud
882 419 1016 456 Deum.

405 475 526 519 ipsum
537 471 649 520 sacta
667 476 775 515 sunt,
803 476 832 504 et
850 470 929 505 sine
947 483 986 504 eo
995 471 1145 517 factum
1165 476 1214 505 est
1232 471 1289 504 ni-

405 522 466 558 hil
479 520 580 572 quod
586 522 735 571 factum
754 527 816 557 est.
870 520 920 555 In
939 521 1019 569 ipso
1036 521 1111 556 vita
1133 527 1229 561 erat,
1258 526 1288 555 et

406 575 480 608 vita
513 578 590 608 erat
622 573 691 607 lux
723 569 934 612 hominum,
975 578 1005 607 et
1033 575 1102 609 lua:
1133 572 1172 606 in
1196 578 1289 606 tene-

407 625 484 659 bris
514 622 622 663 lucet,
666 627 696 657 et
728 622 893 657 tenebrae
923 635 1002 657 eam
1044 636 1117 657 non
1160 634 1289 671 appre-

406 672 621 709 henderunt.
683 672 783 708 Erat
817 671 927 708 homo
961 674 1096 708 missus
1134 687 1158 707 a
1193 673 1289 712 Deo,

406 725 465 761 cui
478 736 608 759 nomen
624 722 795 759 Ioannes.
828 725 901 759 Hic
918 726 1010 759 venit
1026 723 1082 758 ad
1094 722 1290 770 testifican-

409 775 514 815 dum,
544 780 581 810 ut
605 780 797 810 testaretur
823 774 864 809 de
890 775 984 818 luce,
1013 781 1050 809 ut
1075 787 1195 810 omnes
1219 787 1290 809 cre-

407 877 543 913 missus
569 882 664 922 erat,
699 883 736 912 ut
761 882 954 911 testaretur
979 875 1020 910 de
1043 876 1132 911 luce.
1191 876 1291 910 Erat

407 928 477 964 lux
500 926 571 962 illa
595 941 697 967 cera,
730 940 822 976 quae
843 927 1034 962 illuminat
1060 939 1198 962 omnem
1223 925 1291 962 lzo-

407 979 540 1013 minem
566 979 759 1013 venientem
785 979 821 1012 in
841 976 1031 1014 mundum.
1086 977 1135 1012 In
1154 976 1292 1012 mundo

407 1035 502 1069 erat,
539 1034 569 1063 et
602 1027 761 1063 mundus
783 1041 847 1077 per
870 1029 988 1076 ipsum
1004 1029 1134 1077 sactus
1158 1034 1226 1071 esi,
1260 1034 1290 1063 et

407 1079 566 1115 mundus
593 1092 671 1114 eum
696 1092 769 1113 non
793 1080 971 1126 cognovit.
1023 1078 1072 1113 In
1094 1093 1163 1114 sua
1187 1079 1290 1119 venit,

409 1137 439 1165 et
457 1132 517 1165 sui
533 1144 610 1165 eum
629 1143 701 1165 non
716 1135 932 1175 receperunt.
965 1128 1153 1178 Quotquot
1170 1136 1289 1165 autem

411 1186 612 1228 receperunt
636 1194 733 1220 eum,
763 1180 861 1215 dedit
885 1181 935 1215 eis
957 1186 1168 1229 potestatem
1180 1180 1290 1227 filios

394 1232 484 1279 pei
502 1230 604 1276 fieri,
634 1230 794 1266 videlicet
813 1230 892 1272 his,
921 1232 987 1280 qui
1003 1231 1150 1266 credunt
1170 1233 1208 1266 in
1225 1245 1291 1266 no-

407 1295 486 1317 rnen
514 1283 650 1330 ipsius,
676 1283 741 1331 qui
769 1295 842 1317 non
867 1295 913 1317 ex
935 1283 1203 1329 sanguinibus,
1230 1296 1291 1317 ne·-

408 1346 474 1382 que
490 1345 536 1368 ex
555 1332 740 1367 voluntate
757 1335 892 1375 carnis,
919 1345 1029 1381 neque
1045 1346 1091 1368 ex
1107 1333 1291 1368 voluntate

410 1385 498 1426 viri,
533 1381 599 1418 sed
620 1395 665 1418 ex
688 1383 771 1418 Deo
794 1385 878 1418 nati
897 1389 992 1419 sunt.
1047 1384 1099 1419 Et
1130 1383 1290 1419 Verbum

409 1447 494 1469 caro
511 1436 660 1484 factum
682 1440 750 1475 est,
779 1440 809 1468 et
837 1433 1022 1469 habitavit
1049 1436 1087 1469 in
1109 1435 1233 1475 nobis,
1261 1441 1291 1469 et

408 1486 662 1533 conspeximus
689 1485 853 1530 gloriam
884 1485 978 1524 eius,
1010 1486 1171 1532 gloriam
1199 1485 1290 1520 velut

409 1536 592 1582 unigeniti
613 1550 636 1570 a
662 1533 791 1579 Patre,
823 1535 973 1584 plenum
995 1538 1124 1583 gratia
1147 1543 1177 1572 et
1202 1538 1291 1572 reri-

402 1593 491 1621 tate.

408 1663 554 1697 Initium
579 1661 763 1707 Evangelii
793 1661 962 1697 lobannis
990 1665 1109 1705 docet,
1144 1665 1223 1709 quis
1248 1666 1289 1699 sit

305 1713 486 1755 Christus,
513 1721 544 1747 et
564 1727 668 1759 quam
688 1715 734 1747 ob
750 1726 887 1748 causam
904 1715 1039 1749 venerit
1056 1715 1091 1748 in
1109 1716 1291 1752 muudum,

307 1766 412 1809 Quod
439 1766 483 1799 sit
505 1765 692 1798 discrimen
720 1765 803 1807 legis
824 1772 854 1799 et
872 1763 1074 1809 Evangelii,
1103 1766 1203 1809 Quae
1222 1767 1287 1800 sint

306 1816 447 1860 propria
466 1813 601 1849 Christi
626 1816 805 1849 beneficia.
860 1814 955 1848 Haec
980 1823 1062 1860 apto
1085 1817 1211 1850 ordine
1233 1830 1291 1850 ex—

307 1873 501 1910 ponuntur.
556 1865 607 1899 Ac
630 1873 669 1899 ut
692 1866 750 1899 alii
769 1864 1012 1908 Evangelistae
1039 1867 1141 1901 initio
1161 1868 1292 1900 descri—

307 1918 395 1950 bunt
426 1916 644 1950 nativitatem
677 1929 716 1949 ex
738 1916 891 1957 virgine,
929 1923 966 1949 ut
991 1924 1162 1951 testentur
1185 1915 1286 1950 Chri-

305 1975 396 2001 stum
421 1978 494 2000 esse
518 1973 640 1999 natum
664 1979 702 1999 ex
725 1967 857 1999 semiue
880 1965 1010 1999 David:
1046 1966 1090 2000 ita
1119 1965 1291 2001 lohannes

305 2018 471 2051 describit
490 2017 592 2050 initio
612 2017 828 2050 nativitatem
849 2024 1044 2056 aeternam,
1072 2018 1174 2055 dicit,
1204 2031 1291 2063 quac

307 2070 349 2103 sit
381 2080 528 2112 persona
555 2067 666 2101 Filius
694 2068 760 2101 Dei
786 2074 866 2101 ante
890 2068 1140 2101 assumtionem
1167 2066 1290 2103 buma-

306 2131 370 2153 nae
389 2126 544 2152 naturae.

410 2169 491 2202 ldeo
516 2175 630 2202 autem
650 2166 824 2201 lohannes
847 2169 889 2201 de
913 2166 979 2201 hoc
1000 2168 1147 2202 articulo
1165 2171 1291 2204 clarius

306 2221 506 2255 concionari
533 2220 659 2259 voluit,
694 2227 729 2252 ut
755 2218 927 2252 Hebionis
953 2226 983 2252 et
1009 2218 1169 2253 Cerintbi
1195 2233 1289 2255 erro-

306 2283 379 2304 rem
413 2271 597 2309 refutaret,
632 2270 691 2315 qui
716 2271 907 2304 docuerant
930 2270 966 2302 in
989 2268 1130 2303 Christo
1155 2279 1289 2305 tautum

305 2333 377 2354 esse
410 2319 599 2353 humanam
623 2328 805 2360 naturam,
837 2321 925 2355 sicut
951 2333 1044 2354 nunc
1069 2334 1209 2367 quoque
1235 2322 1289 2356 lu-

306 2372 381 2405 daei
401 2373 442 2405 de
463 2370 591 2404 Messia
609 2372 800 2405 somniant:
836 2370 951 2405 bosut
977 2372 1141 2406 refutaret
1163 2371 1289 2406 loban-

307 2435 386 2462 nes,
413 2429 560 2456 testatur
587 2422 622 2453 in
640 2420 781 2455 Christo
808 2424 894 2455 duas
915 2434 986 2455 esse
1010 2430 1171 2463 naturas,
1199 2425 1290 2457 divi-

307 2486 386 2506 nam
405 2480 434 2506 ct
456 2471 663 2511 humanam,
692 2484 729 2504 ac
743 2474 785 2504 de
801 2473 920 2506 divina
939 2474 986 2507 sic
1003 2474 1103 2507 dicit:
1135 2474 1172 2507 lu
1192 2476 1288 2519 prin-

306 2525 396 2567 cipio
413 2531 483 2556 crat
501 2524 665 2563 verbum,
693 2532 723 2556 et
744 2524 888 2556 verbum
907 2531 978 2558 erat
995 2526 1086 2569 apud
1100 2523 1232 2567 Deum,
1259 2534 1287 2560 et

304 2572 398 2607 Deus
417 2581 487 2607 crat
507 2575 663 2606 verbum.

409 2625 601 2657 Credamus
621 2624 695 2656 xori
714 2623 866 2668 Spiritus
883 2625 990 2658 sancti
1009 2627 1052 2657 de
1071 2627 1137 2659 Dei
1156 2636 1290 2664 natura.

306 2687 375 2707 nou
403 2672 566 2707 humanis
593 2675 882 2717 cogitationibus,
918 2684 948 2709 et
974 2688 1200 2716 agnoscamus
1226 2680 1289 2712 im-

1209 370 1289 404 Hoc
1314 386 1316 402 2

1069 418 1209 454 Omnia
1226 433 1290 468 per
1314 420 1316 438 ;
1341 405 1396 426 ma
1421 405 1484 437 ΡιὈ
1508 395 1630 435 nobis,
1661 402 1693 428 et
1718 407 1777 428 rex
1801 403 1939 438 noster,
1973 398 2156 439 defensor,
2183 398 2325 433 adiutor

896 101 1022 137 PHtL.
1050 101 1166 140 MEL.
1192 101 1401 139 SCRIPTA
1428 102 1725 143 EXEGETlCA.

2250 111 2324 147 176

1339 202 1495 225 mensam
1515 193 1795 236 magnitudinem
1811 193 1981 228 bonitatis
1996 195 2137 229 divinae
2153 207 2231 240 erga
2247 207 2325 238 nos,

1312 275 1315 283 ,
1341 254 1420 275 cum
1437 241 1665 287 intelligimus
1681 245 1881 278 admirabili
1899 246 2046 279 consilio
2062 247 2194 280 aeterni
2210 246 2325 281 Patris

1312 284 1316 306 l

1313 323 1316 335 Ι

1314 347 1315 355 η

1340 292 1590 335 constitutum,
1623 301 1662 328 ut
1691 292 1750 328 hie
1772 294 1905 336 Filius,
1938 296 1998 341 qui
2021 298 2114 340 apud
2140 297 2254 340 ipsum
2278 299 2324 331 ab

1341 349 1483 376 aeterno
1506 344 1592 385 fuit,
1619 345 1661 377 ad
1687 356 1752 378 nos
1773 346 2014 387 descenderet,
2041 359 2079 381 ac
2103 347 2199 382 fieret
2221 348 2324 382 victi-

1341 450 1374 477 et
1398 444 1559 480 salvator.
1614 445 1694 488 Quo
1718 446 1864 490 pignore
1886 449 1999 491 potuit
2021 448 2116 482 Deus
2140 449 2249 491 magis
2273 456 2324 483 te-

1341 494 1445 535 stari,
1472 498 1566 540 quod
1592 508 1671 529 vere
1694 508 1758 529 nos
1782 505 1879 531 curet
1902 505 1935 532 et
1952 499 2095 543 diligat,
2119 512 2222 544 quam
2242 501 2325 533 dato

1343 545 1454 586 Filio,
1489 547 1543 580 cui
1578 558 1658 579 vere
1690 548 1963 582 communicavit
1992 550 2175 583 essentiam
2202 549 2326 583 suam?

1343 595 1441 629 Sicut
1471 597 1514 630 de
1539 597 1688 630 consilio
1709 596 1822 631 Patris
1852 605 1884 632 et
1906 599 1979 643 ipse
2005 597 2167 634 Christus
2192 601 2323 646 inquit:

1343 645 1400 680 Sic
1423 645 1518 681 Deus
1541 648 1661 682 dilexit
1688 649 1878 688 mundum,
1906 656 1948 683 ut
1964 649 2094 683 Filium
2118 663 2219 683 suum
2243 651 2324 684 uni-

1342 698 1498 740 genitum
1519 699 1615 731 daret
1632 706 1694 733 etc.

1446 748 1542 782 Haec
1560 749 1710 792 cogitare
1729 750 1816 783 utile
1833 757 1901 790 est,
1928 757 1967 784 ut
1982 750 2131 784 sciamus
2148 751 2326 795 postulare

407 825 529 861 derant
551 839 614 874 per
638 826 756 875 ipmm
828 825 909 861 Non
932 831 1009 860 emt
1031 825 1094 860 ille
1119 825 1188 860 lm,
1228 823 1294 859 sed
1314 815 1318 839 j
1344 807 1376 834 et
1394 800 1483 833 velle
1498 799 1630 840 Deum,
1658 801 1751 834 credi
1772 798 1856 834 baec
1872 802 1914 834 de
1929 812 1990 834 sua
2007 801 2204 842 voluntate,
2230 803 2325 847 quod

676 855 682 861 .
760 852 771 862 .
821 855 835 859 -
1160 854 1167 860 .
1196 852 1205 866 ,

1344 859 1487 895 propter
1525 849 1620 884 hunc
1649 851 1780 885 Filium
1822 864 1903 885 vere
1942 863 2006 885 uos
2039 853 2182 896 diligat,
2231 854 2325 898 quod

1344 903 1427 935 velit
1449 902 1605 935 invocari
1630 902 1756 936 fiducia
1780 900 1885 936 buius
1904 901 2006 943 Filii,
2033 906 2127 948 quod
2149 901 2240 936 hanc
2256 910 2327 937 tra-

1343 954 1473 987 diderit
1493 965 1671 994 normam,
1697 965 1785 998 quae
1801 966 1900 987 veros
1916 954 2031 988 cultus
2049 967 2066 987 a
2086 954 2181 988 salsis
2197 954 2328 987 discer-

1344 1006 1408 1039 nit.
1462 1003 1674 1049 Quanquam
1694 1003 1811 1037 ludaei
1828 1011 1860 1038 et
1876 1002 2147 1039 Mahomctistae
2165 1005 2329 1039 invocant

1344 1055 1562 1089 conditorem
1592 1055 1679 1088 coeli
1705 1061 1737 1087 et
1761 1061 1891 1097 terrae,
1925 1062 2041 1088 tamen
2068 1056 2150 1101 quia
2175 1068 2249 1089 nou
2273 1056 2329 1088 in-

1344 1113 1470 1139 vocant
1493 1118 1572 1139 eum
1597 1105 1776 1139 mentione
1794 1112 1826 1138 et
1844 1105 1970 1139 fiducia
1986 1104 2090 1147 Filii,
2115 1107 2277 1151 repudiat
2295 1113 2328 1140 et

1343 1157 1570 1191 abominatur
1604 1168 1725 1189 eorum
1759 1157 1888 1190 cultus:
1930 1156 1978 1189 sic
2011 1158 2087 1191 vult
2111 1157 2268 1190 invocari
2295 1163 2329 1190 et

1344 1208 1430 1247 coli,
1457 1214 1494 1241 ut
1514 1207 1584 1251 ipse
1601 1219 1636 1240 se
1654 1207 1830 1251 patefecit,
1859 1208 2037 1241 mentione
2053 1214 2086 1242 et
2102 1207 2227 1240 fiducia
2245 1206 2328 1240 Filii

1344 1259 1560 1292 mediatoris.
1622 1257 1716 1291 Haec
1736 1258 1772 1290 in
1788 1255 1944 1291 Ecclesia
1959 1259 2094 1291 moneri
2114 1269 2252 1291 necesse
2268 1264 2329 1295 est,

1345 1316 1377 1343 et
1399 1316 1584 1354 propterea
1610 1306 1778 1342 lobannis
1808 1309 2013 1342 concionem
2038 1307 2122 1342 baec
2145 1309 2328 1342 docentem

1344 1361 1575 1399 meditemur,
1604 1367 1636 1393 et
1656 1359 1744 1393 sicut
1762 1357 2060 1404 inquitBasssius,
2086 1359 2330 1404 imprimamus

1344 1411 1509 1444 cordibus
1526 1417 1693 1455 tanquam
1711 1410 1878 1452 sigillum.

1447 1461 1540 1504 Quia
1567 1474 1650 1494 vero
1673 1461 1835 1494 diabolus
1856 1461 1931 1494 odit
1950 1459 2083 1494 Filium
2099 1457 2184 1500 Dei,
2211 1466 2244 1493 et
2265 1459 2332 1492 im-

1345 1513 1436 1557 pulit
1460 1512 1569 1545 multa
1594 1512 1683 1544 levia
1708 1512 1866 1555 ingenia,
1892 1518 1930 1545 ut
1947 1509 2037 1544 banc
2056 1511 2253 1545 doctrinam
2276 1509 2331 1543 lo-

1346 1561 1474 1597 hannis
1492 1563 1738 1606 depravarent,
1766 1562 1969 1606 praesertim
1986 1561 2120 1607 alioqui
2136 1569 2231 1595 extra
2246 1573 2332 1594 con-

1346 1621 1500 1658 spectum
1525 1614 1673 1647 rationis
1698 1613 1862 1657 positam:
1891 1613 1970 1646 ideo
1996 1613 2073 1656 piae
2094 1618 2228 1645 mentes
2246 1611 2330 1644 dili-

1345 1672 1466 1709 genter
1497 1665 1743 1697 admonendae
1769 1669 1870 1703 sunt,
1907 1670 1946 1696 ut
1969 1675 2108 1701 veram,
2141 1669 2271 1696 certam
2298 1667 2331 1695 et

1347 1722 1549 1759 perpetuam
1568 1712 1759 1749 catholicae
1776 1711 1952 1747 Ecclesiae
1964 1712 2030 1746 Dei
2046 1712 2257 1747 sententiam
2275 1724 2331 1745 re-

1346 1767 1500 1805 tineant,
1533 1772 1565 1799 et
1596 1766 1735 1799 tradant
1768 1765 1926 1809 posteris.
1987 1763 2110 1798 Sumta
2141 1770 2191 1797 est
2215 1770 2330 1796 autem

1347 1817 1502 1850 narratio
1534 1828 1572 1849 ex
1602 1815 1693 1850 Gen.
1719 1818 1747 1849 l.
1775 1815 1822 1847 ibi
1848 1814 2058 1848 describitur
2084 1813 2178 1847 Deus
2199 1814 2330 1850 dicens,

1347 1867 1391 1901 ita
1415 1864 1472 1900 hic
1499 1864 1670 1899 lohannes
1695 1865 1761 1904 ait,
1788 1865 1829 1898 In
1853 1865 2027 1910 principio
2055 1865 2159 1898 fuisse
2183 1865 2328 1897 verbum

1345 1918 1437 1961 apud
1458 1917 1586 1950 Deum.

1447 1966 1606 2000 Primum
1640 1977 1722 2009 ergo
1752 1967 1865 1999 discas
1896 1978 1934 1998 ex
1968 1978 2008 1999 eo
2039 1966 2135 2005 loco,
2170 1965 2252 2010 qnid
2285 1964 2330 1997 sit

1345 2015 1461 2053 Deus.
1491 2017 1584 2060 Quia
1601 2018 1693 2050 enim
1713 2018 1808 2056 dicit,
1831 2024 1880 2050 est
1896 2017 2090 2050 substantia
2112 2016 2328 2059 intelligens:

1347 2076 1380 2102 et
1401 2069 1482 2114 quia
1499 2076 1579 2102 ante
1596 2067 1714 2101 omnia
1731 2075 1779 2101 cst
1792 2096 1799 2107 ,
1827 2075 1876 2101 est
1893 2075 2068 2101 aeternus:
2098 2074 2130 2100 ct
2146 2067 2227 2111 quia
2244 2078 2329 2099 con-

1345 2120 1435 2153 didit
1452 2120 1590 2157 omnia,
1619 2127 1667 2153 est
1687 2119 1930 2163 omnipotens,
1958 2126 1989 2151 et
2009 2126 2057 2152 est
2076 2119 2210 2156 bonus,
2236 2118 2328 2150 bona

1346 2171 1466 2204 volens
1485 2178 1516 2203 et
1535 2171 1622 2203 dans
1641 2170 1820 2203 creaturis.

1448 2221 1632 2259 Secundo,
1669 2222 1761 2265 quod
1782 2219 1838 2254 bic
1868 2221 1914 2254 ait
1941 2218 2133 2258 lohannes,
2170 2217 2327 2251 Verbum

1345 2272 1450 2305 fuisse
1475 2273 1510 2304 iu
1537 2272 1730 2316 principio,
1765 2273 1876 2305 discas
1901 2283 1980 2305 eum
2007 2269 2073 2304 boc
2098 2269 2204 2308 velle,
2231 2270 2326 2313 qnod

1346 2323 1450 2356 suerit
1476 2330 1700 2356 coaeternum
1720 2321 1825 2356 Patri.
1877 2322 1976 2360 Erat,
2006 2321 2140 2366 inquit.
2167 2320 2203 2352 in
2229 2319 2328 2364 prin-

1347 2374 1458 2418 cipio,
1486 2375 1582 2418 qnasi
1600 2375 1746 2407 diri-ret:
1787 2373 1864 2407 Non
1883 2382 1931 2407 est
1950 2373 2150 2409 conditum,
2177 2373 2235 2404 sed
2255 2376 2328 2404 ent

1344 2432 1424 2459 ante
1444 2425 1695 2458 coiiditionem.

1449 2475 1568 2518 Quare
1590 2483 1705 2509 autem
1729 2481 1828 2508 vocat
1852 2473 2032 2507 Verbum?
2086 2471 2152 2506 Hic
2171 2472 2328 2506 firmini-

1346 2527 1412 2560 mis
1431 2527 1629 2570 pectoribus
1643 2526 1853 2559 retineamus
1865 2525 2085 2563 sententiam,
2112 2525 2206 2569 quod
2223 2525 2329 2570 λογος

1346 2578 1514 2619 significet
1538 2589 1742 2622 personam,
1769 2585 1806 2610 ut
1833 2585 1950 2620 postea
1973 2584 2085 2610 textus
2102 2576 2194 2609 clare
2209 2582 2328 2608 osteu-

1344 2628 1408 2662 dit.
1462 2627 1535 2661 Cur
1558 2635 1672 2661 autem
1699 2635 1843 2662 vocetur
1868 2625 1992 2674 λόγος.
2018 2627 2078 2661 alii
2097 2626 2200 2659 aliam
2220 2638 2328 2668 expo-

1343 2680 1508 2712 sitionem
1534 2679 1768 2714 tradiderunt.
1825 2677 1999 2713 lohannes
2021 2677 2144 2712 sumsit
2163 2689 2180 2710 ι
2200 2676 2327 2715 Moise,
