2409 2915
27 147 29 166 ζ
65 113 162 151 1025
314 113 390 150 x11.
443 111 835 150 ANNOTATIONES
861 112 928 150 ET
955 112 1233 151 CONCIONES
1262 114 1311 150 IN
1337 113 1521 154 EVANG.
1550 118 1831 160 MATTHAEL
1991 129 2087 164 1026

166 197 242 233 Alii
258 211 380 234 omnes
397 206 479 234 sunt
498 198 661 232 destinati
686 199 791 233 morti
811 206 954 243 propter
971 212 1051 245 pec·
1280 207 1404 243 Hodie
1423 221 1557 246 mecum
1575 213 1644 248 eris
1659 214 1695 249 in
1715 213 1910 254 Paradiso.

0 262 6 284 ι
61 256 150 290 cata,
180 263 269 297 quae
285 257 369 285 sunt
384 251 420 284 in
438 250 551 285 nobis.
586 248 641 282 Ex
657 249 717 282 illa
734 256 804 284 tota
822 251 1050 285 multitudine

10 320 15 326 -
59 301 170 335 totius
194 302 330 344 generis
347 298 494 334 humani
515 306 632 333 tamen
658 300 770 345 aliqui
795 308 1051 336 convertuntur

0 373 5 380 '
61 352 106 385 ad
124 349 325 390 Chtffifflu’
353 351 464 396 ³l¹qu¹
485 361 558 382 ⁰⁰¹¹
580 357 858 389 convermmur’
891 353 949 385 Sed
975 364 1050 385 ma*
1098 375 1168 408 iam
1184 388 1244 409 cor
1260 377 1407 411 latronis
1427 381 1599 416 sentiebat
1619 383 1720 418 initia
1738 387 1833 421 illius
1850 390 1978 431 gaudii.
2010 391 2081 424 lam

58 408 145 434 nent
170 413 206 434 ¹¹¹
233 402 371 441 surore,
399 408 432 434 θῑ
455 412 654 445 ‘lfflmquam
673 407 756 434 sunt
777 413 815 434 ¹¹¹
837 409 969 442 'none'
995 410 1048 436 ω’
1071 453 1073 459 ,
1098 432 1171 459 erat
1187 424 1309 461 haeres
1326 429 1416 462 vitae
1435 437 1612 472 aeternae,
1640 434 1708 468 iam
1732 437 1926 472 laetabatur
1943 440 1979 473 in
1997 440 2083 483 Deo,

56 463 139 484 men
173 452 335 485 derident
360 449 562 491 Christum,
603 451 692 485 sicut
724 451 806 486 facit
841 452 905 486 iste
938 454 1072 488 durus.
1097 476 1105 483 -
1218 477 1226 484 ·
1622 483 1630 490 .
1954 491 1961 497 ,

57 501 160 536 latro·
1069 497 1072 534 Ι
1095 488 1164 509 lam
1190 477 1345 512 discebat
1369 477 1458 513 hanc
1481 488 1706 518 sententiam:
1744 486 1837 521 Haec
1856 496 1905 522 est
1930 498 1999 524 vita
2023 504 2082 525 ae-

1094 533 1211 568 terna,
1236 535 1275 562 ut
1289 537 1479 572 agnoscant
1495 537 1528 564 te
1545 532 1658 567 Deum
1676 548 1815 579 verum,
1841 546 1875 573 et
1894 552 1996 584 quem
2013 542 2080 575 mi—

1093 577 1167 612 sisti
1184 577 1299 612 Iesum
1320 591 1392 613 esse
1408 578 1600 616 Christum.

1091 685 1102 718 l
1194 635 1316 708 Testia
1341 650 1439 683 pars,
1467 640 1616 683 scilicet,
1648 641 1746 677 Nova
1771 645 1860 686 vita,
1895 656 2014 683 eratne
2040 650 2076 684 in

1107 692 1248 720 atrone.

1200 274 1241 308 Id
1258 284 1324 312 est:
1352 277 1433 311 Non
1451 280 1518 312 eris
1540 280 1577 314 in
1593 291 1706 317 morte
1722 293 1873 329 aeterna,
1901 290 1959 322 sed
1978 287 2086 325 hahe-

1098 324 1152 358 bis
1169 327 1296 369 gaudia
1314 340 1394 361 vera
1413 329 1450 362 in
1465 328 1553 366 Deo.
1605 331 1651 366 Et
1674 332 1758 370 haec
1774 338 1911 373 dicente
1928 338 2081 382 Christo,

156 551 232 584 Alii
264 562 365 591 vero,
405 550 467 595 qui
493 557 765 591 convertuntur,
805 558 888 586 sunt
914 552 1044 586 similes

52 601 203 640 latroni,
231 601 292 646 qui
310 599 367 634 hic
390 602 619 635 convertitur.
672 600 718 635 Et
744 599 801 635 hic
819 602 908 636 latro
927 610 976 637 est
993 611 1043 637 te—

53 652 278 692 stimonium,
305 652 400 696 quod
420 663 495 684 non
519 659 661 695 propter
682 658 802 685 nostra
827 654 949 687 merita
975 655 1043 687 sal·
1067 656 1070 682 Ι

52 713 195 742 vemur,
222 702 281 735 sed
300 708 441 746 propter
459 700 554 735 hunc
570 702 778 737 Dominum.
1229 746 1236 753 .
1265 747 1272 754 ι
1301 747 1308 754 .
1479 749 1486 756 .

151 759 244 793 Vide
259 766 394 800 autem,
420 760 533 805 qualis
555 759 616 801 sit,
644 767 679 794 et
701 772 745 793 an
763 761 832 795 Sint
850 761 886 794 in
901 773 941 795 eo
960 773 1040 806 par·
1191 744 1273 779 Dixi
1298 759 1387 788 iam,
1427 761 1509 793 quia
1537 751 1644 784 sensit
1667 753 1703 785 in
1734 756 1837 788 corde
1863 758 2076 792 consolatio-

49 817 101 844 tes
116 821 238 843 omnes
256 811 492 854 poenitentiae
508 822 568 844 seu
585 811 839 846 conversionis.
1088 806 1188 853 nem,
1216 796 1286 830 5³⁸¹
1307 805 1380 832 ‘³¹⁸¹'st
1403 810 1494 833 nova
1513 801 1601 857 ’Vita’
1628 814 1716 846 quae
1739 811 1788 838 est
1809 817 1899 838 ¹¹0V³
1926 808 2071 842 iustitia-

151 869 310 904 Primum
335 877 385 903 est
410 870 447 902 in
473 881 512 903 eo
537 871 715 905 contritio·
777 870 854 915 Ipse
884 871 1039 914 agnoscit
1089 844 1160 879 Uh¹
1186 853 1236 880 est
1261 860 1342 881 vera
1366 849 1468 888 fides,
1511 851 1561 883 ibi
1590 859 1671 885 sunt
1693 853 1798 887 simul
1824 856 1906 889 illae
1929 857 2075 892 virtutes

49 912 180 954 sevesse
205 927 436 964 peccatorem,
473 927 506 954 et
530 921 632 954 dicit:
668 920 740 954 Nos
764 921 854 955 iuste
869 922 1034 965 patimur.
1062 940 1064 967 i
1088 908 1226 952 ⁰.mne⁵’
1257 909 1354 955 spffs'
1376 899 1544 958 .dilec¹i⁰.'
1571 901 1766 944 inmca'io'
1794 905 1927 939 bonum
1945 920 2075 952 propo*

48 969 136 1005 Item
154 983 227 1004 non
243 969 347 1005 habet
364 970 498 1009 merita,
526 977 559 1004 et
576 971 671 1004 nulla
689 972 812 1006 merita
829 972 947 1013 iactat,
977 973 1037 1006 sed
1061 973 1063 991 ‘¹
1087 953 1191 979 snum
1203 974 1211 988 ’
1236 955 1419 993 pauenua’
1445 957 1478 984 Et
1494 952 1600 985 ⁵¹mu¹
1617 962 1834 989 concursum
1852 957 1961 991 muna
1978 958 2072 993 b⁰n³

46 1022 164 1066 potius
186 1021 315 1055 fatetur
331 1033 392 1055 sua
410 1028 558 1065 peccata.
1086 1008 1203 1040 Opera·

149 1077 345 1113 Audivistis
365 1079 433 1111 iam
451 1078 599 1122 primam
618 1086 762 1123 partem,
789 1079 932 1118 scilicet,
951 1092 1036 1113 con-
1188 1055 1264 1099 Ipse
1287 1056 1416 1090 fatetur
1437 1069 1497 1092 ⁵¹¹³
1521 1067 1675 1103 peccata‘
1708 1063 1780 1106 ipse
1810 1064 1950 1099 invocat
1966 1064 2072 1099 Chri·

46 1130 225 1165 trifionem
238 1157 246 1169 ⁵
274 1129 344 1163 imo
364 1135 397 1163 et
413 1129 666 1163 confessionem
684 1142 800 1162 coram
817 1128 902 1167 Deo,
929 1137 962 1163 et
976 1143 1035 1163 co-
1059 1106 1061 1159 ξ
1084 1112 1195 1144 stum,
1225 1113 1257 1139 et
1275 1109 1426 1141 ostendit
1445 1110 1699 1144 confessionem
1725 1124 1822 1146 suam
1835 1141 1843 1154 ‚
1869 1121 1918 1148 est
1934 1117 2070 1159 patiens

47 1191 122 1214 rain
155 1178 296 1214 Christo
328 1180 395 1213 sibi
428 1180 620 1223 pendente,
672 1187 703 1212 et
735 1192 850 1212 coram
880 1179 1034 1213 Ecclesia
1058 1168 1059 1183 ³
1084 1156 1121 1188 in
1138 1153 1204 1188 ¹¹⁰⁰
1221 1157 1406 1200 ⁵¹¹ppllCi⁰‘
1433 1166 1465 1191 et
1483 1160 1716 1195 libenterDeo
1732 1171 1882 1206 praestat
1901 1166 2070 1200 obedien—

46 1237 196 1271 astante,
223 1230 356 1269 Maria,
383 1237 415 1263 et
437 1241 575 1271 sorore,
603 1237 636 1263 et
660 1228 836 1271 Iohanne,
864 1236 896 1263 et
917 1242 1033 1264 coram
1081 1214 1178 1288 ἕρπω
1233 1206 1308 1250 lpse
1321 1208 1491 1267 Pbmrgat.
1510 1222 1656 1267 ”funum
1681 1213 1872 1271 latronqm'
1899 1222 1931 1249 et
1947 1217 2070 1250 defen*

46 1281 142 1314 coelo
160 1287 192 1314 et
210 1287 300 1314 terra
316 1288 348 1314 et
362 1281 507 1324 angelis.
1054 1308 1058 1375 ἶ
1109 1263 1133 1288 't
1150 1264 1386 1290 ¹¹¹¹¹⁰⁰e¹¹²¹³m
1408 1257 1550 1297 Cim-“¹¹⁹
1603 1260 1697 1295 Hffl‘c
1721 1276 1838 1297 omma
1857 1273 1937 1299 sunt
1956 1268 2068 1301 excel-

1080 1307 1187 1339 lentia
1217 1319 1342 1350 opera,
1383 1321 1447 1342 nec
1480 1315 1598 1343 tamen
1622 1313 1846 1355 cogitandum
1869 1322 1938 1356 est,
1972 1319 2067 1362 quod

1082 1364 1224 1399 propter
1256 1355 1340 1390 haec
1370 1371 1475 1401 opera
1506 1361 1676 1402 salvetur,
1719 1366 1776 1397 sed
1802 1365 1864 1398 scit
1896 1377 1931 1399 se
1961 1368 2067 1409 gratis

1053 1401 1056 1454 Ξ
1081 1413 1227 1450 propter
1244 1404 1339 1440 hunc
1358 1407 1525 1442 Messiam
1543 1411 1681 1444 salvari.

261 1390 417 1423 Altera
445 1399 548 1432 pars
576 1394 640 1422 est
667 1387 810 1421 Fides.

93 1462 284 1498 A'lIemento
310 1462 402 1507 me'i,
440 1459 592 1510 quando
618 1461 734 1496 venies
762 1461 801 1495 in
830 1473 980 1508 regnum
1053 1457 1056 1519 1
1180 1463 1275 1498 Haec
1314 1467 1433 1500 omnia
1464 1467 1580 1501 sciatis
1612 1471 1732 1503 eodem
1766 1473 1870 1505 modo
1905 1480 2067 1516 oportere

443 1518 544 1546 tuum
573 1516 630 1546 etc.
1053 1527 1056 1571 Ι
1077 1513 1153 1546 fieri
1176 1515 1214 1547 in
1237 1516 1422 1558 omnibus,
1458 1518 1519 1562 qui
1544 1528 1816 1563 convertuntur,
1843 1529 1876 1556 et
1902 1523 1990 1559 fiunt
2008 1537 2066 1559 eo-

145 1580 234 1616 Ecce
250 1579 306 1616 liic
322 1581 385 1615 scit
405 1581 472 1614 iam
497 1581 582 1620 fide,
616 1581 708 1625 quod
733 1581 797 1614 iste
819 1580 862 1614 sit
879 1579 971 1620 Rex,
999 1587 1031 1614 et
1052 1574 1055 1612 Ι
1077 1565 1156 1597 dem
1174 1566 1292 1598 mOdO·

41 1645 114 1668 non
131 1633 168 1666 in
185 1631 248 1665 hac
265 1633 334 1665 vita
347 1659 356 1672 ‚
383 1632 441 1665 sed
460 1643 538 1664 mox
554 1631 590 1664 in
607 1632 714 1664 altera
733 1632 816 1665 vita.
858 1630 943 1663 Plus
966 1631 1030 1665 scit
1051 1644 1055 1678 g
1178 1622 1261 1657 Ideo
1280 1621 1376 1657 hunc
1393 1624 1571 1659 doetorem
1589 1627 1761 1660 latmnem
1782 1630 1882 1663 ¹⁷0be
1904 1635 2064 1675 ostende*-

41 1686 84 1718 de
101 1695 208 1727 regno
228 1682 393 1722 Messiae,
421 1693 526 1726 quarn
551 1681 741 1714 doctissimi
765 1688 848 1714 tunc
866 1681 1030 1722 sciebant,
1052 1702 1053 1708 η
1076 1680 1109 1707 ‘t
1128 1685 1189 1731 VO}
1207 1672 1395 1731 adhortplj,
1423 1682 1462 1709 ut
1480 1687 1580 1720 saepe
1597 1689 1675 1710 eum
1694 1678 1916 1722 intueamini,
1943 1690 1976 1717 et
1991 1685 2065 1718 eius

40 1735 101 1780 qui
126 1733 349 1767 somniabant
372 1731 559 1775 imperium
585 1732 823 1772 mundanum,
850 1731 914 1764 scit
934 1731 1029 1763 M·-s-
1050 1767 1051 1774 ἵ
1075 1735 1285 1781 ΦῼΠΕΙΟΠΕΠΙ.
1308 1722 1499 1781 ξῖῐῖζὲθῦῑθΐ
1530 1727 1706 1770 cogitetis,
1746 1741 1835 1774 quae
1859 1739 1908 1766 est
1930 1734 2064 1777 plenis—

40 1787 127 1818 siam
155 1782 221 1817 hoc
238 1784 344 1816 modo
369 1783 458 1827 pati,
484 1789 517 1815 et
540 1781 719 1814 victimam
740 1793 829 1822 esse,
856 1788 890 1815 et
912 1787 1027 1814 tamen
1049 1817 1052 1827 ,
1075 1784 1164 1807 Slma
1186 1775 1408 1808 erud¹1¹0n18-

39 1841 266 1878 regnaturum
286 1845 375 1873 esse,
401 1833 464 1866 scit
489 1844 569 1866 eum
596 1843 667 1864 esse
692 1832 803 1866 filium
828 1830 914 1872 Dei,
939 1833 1027 1864 dan-
1048 1832 1052 1864 1

37 1893 106 1920 tem
125 1884 293 1919 iustitiam
310 1891 342 1918 et
361 1884 466 1917 vitam
488 1889 677 1916 aeternam.
1432 1876 1469 1909 D
1481 1887 1500 1910 e
1533 1878 1606 1912 Ma
1618 1880 1705 1914 ria.

139 1943 236 1977 Haec
262 1944 325 1977 iste
349 1943 417 1975 iam
448 1941 625 1986 praedicat
658 1941 815 1985 pendens
848 1939 884 1972 in
912 1951 1025 1980 cruce,
1048 1967 1049 1976 ,
1224 1948 1267 1973 De
1283 1948 1427 1979 personis,
1446 1955 1520 1980 quae
1538 1951 1644 1976 adsunt
1662 1952 1694 1976 in
1711 1953 1910 1985 crucifixione.

35 1995 232 2030 tacentibus
251 1993 450 2038 Apostolis,
478 1992 541 2025 iste
558 1992 647 2025 latro
666 1991 703 2025 fit
719 1990 922 2034 Apostolus.
1046 1983 1049 2009 ¹
1174 1999 1259 2033 Post
1292 2000 1427 2043 lapsum
1459 1999 1559 2035 Adae
1590 2010 1622 2036 et
1653 2003 1789 2046 Heme,
1830 2015 1947 2051 postea
1977 2017 2059 2044 sunt

138 2052 189 2087 Ita
204 2052 299 2086 Deus
322 2063 458 2096 semper
482 2050 615 2094 colligit
632 2048 823 2083 Ecclesiam
848 2049 1023 2081 mirabili·
1044 2069 1051 2074 ·
1072 2061 1208 2094 semper
1233 2050 1269 2082 in
1292 2061 1418 2092 genere
1439 2048 1593 2085 humano
1618 2055 1706 2087 duae
1728 2063 1840 2099 partes
1863 2059 2059 2096 distinctae.

35 2112 105 2144 ter,
145 2104 175 2137 si
204 2115 278 2135 non
304 2103 430 2135 volunt
462 2101 620 2135 confiteri
654 2100 747 2133 docti
775 2107 808 2133 et
839 2100 1023 2143 sapientes,
1045 2101 1047 2126 ἲ
1072 2100 1152 2135 Una
1171 2100 1277 2133 electa
1295 2101 1421 2141 aDeo,
1449 2113 1538 2146 quae
1554 2104 1730 2147 colligitur
1749 2118 1810 2149 per
1826 2109 2058 2151 verbumDei,

35 2163 120 2189 tunc
147 2154 290 2187 venient
311 2150 471 2185 homines
497 2151 558 2184 alii
587 2151 720 2184 indocti
745 2158 777 2184 et
798 2151 924 2194 spreti,
963 2150 1023 2194 qui
1045 2140 1048 2174 i
1071 2163 1133 2194 per
1157 2162 1275 2183 vocem
1301 2149 1504 2194 Evangelii,
1531 2159 1562 2186 et
1587 2160 1636 2187 est
1658 2161 1793 2189 tantum
1820 2158 1856 2190 in
1885 2171 1965 2193 vera
1987 2158 2057 2193 Ec-

35 2213 154 2240 tamen
178 2210 281 2238 erunt
306 2209 408 2236 testes
430 2203 473 2235 de
496 2200 582 2237 Deo.
634 2199 681 2234 Et
703 2202 846 2247 quando
870 2201 1023 2233 moritur
1044 2182 1048 2238 i
1071 2201 1186 2235 clesia.
1247 2199 1292 2235 Et
1319 2200 1402 2235 haec
1428 2214 1506 2245 pars
1530 2215 1610 2235 vere
1634 2207 1788 2247 agnoscit
1811 2207 1947 2250 Deum,
1975 2222 2056 2244 vere

35 2257 101 2290 iste
118 2256 225 2294 latro,
248 2260 281 2287 et
298 2265 370 2287 non
389 2258 500 2296 potest
518 2251 668 2295 amplius
688 2251 802 2295 loqui,
831 2257 946 2293 postea
964 2251 1021 2283 in-
1044 2241 1046 2256 ¹
1070 2251 1229 2291 invocat,
1265 2253 1398 2294 regitur
1422 2253 1529 2285 verbo
1553 2253 1617 2285 Dei
1644 2262 1675 2287 et
1693 2254 1828 2299 Spiritu
1850 2266 1988 2301 sanct0,
2021 2268 2054 2295 et

35 2306 173 2351 cipiunt
212 2304 311 2350 loqui
341 2304 475 2337 coelum
500 2310 533 2336 et
563 2308 670 2342 terra,
712 2300 773 2335 Sol
805 2301 1021 2339 obscuratur,
1044 2298 1045 2318 ¹
1070 2302 1194 2346 incipit
1215 2303 1243 2335 ei
1263 2303 1415 2343 servire,
1445 2309 1477 2335 et
1494 2303 1610 2347 aliqua
1629 2304 1741 2338 facere
1758 2307 1788 2340 ei
1806 2308 1995 2351 placentia,
2020 2318 2055 2345 et

35 2364 128 2391 terra
152 2356 224 2390 edit
246 2355 345 2388 vivos
368 2366 407 2387 ex
423 2359 535 2386 morte
554 2353 757 2392 redeuntes,
786 2351 846 2396 qui
871 2351 939 2384 iam
965 2351 1020 2383 in-
1042 2328 1046 2376 i
1069 2353 1225 2386 salvatur
1241 2361 1384 2397 propter
1400 2352 1522 2387 filiurn.

36 2407 173 2451 cipiunt
190 2404 404 2440 concionari.
457 2403 503 2437 Et
519 2410 602 2437 tunc
617 2403 775 2436 centurio
794 2401 917 2445 incipit
936 2413 1019 2435 con-
1169 2409 1290 2444 Auem
1314 2422 1394 2454 pars
1417 2417 1467 2444 est
1493 2413 1698 2447 contemffix
1722 2412 1806 2456 Dei,
1834 2423 1866 2450 et
1890 2424 1939 2452 est
1961 2424 2050 2454 socia

35 2457 181 2491 cionari.
247 2455 299 2491 Ita
327 2455 422 2489 Deus
447 2465 584 2498 semper
615 2453 739 2487 excitat
767 2459 870 2486 testes
898 2459 1018 2486 contra
1067 2461 1310 2499 diabolorum,
1338 2461 1409 2494 ruit
1429 2461 1463 2493 in
1482 2463 1599 2494 omnia
1624 2464 1751 2498 scelera
1776 2474 1897 2501 contra
1923 2469 2050 2503 volun-

36 2508 230 2542 Diabohlm
249 2513 282 2540 et
300 2513 420 2541 (Omra
437 2505 622 2539 mundum·
1067 2518 1172 2546 tatem
1192 2511 1277 2552 Dei,
1312 2511 1437 2554 polluit
1467 2522 1501 2543 se
1530 2512 1739 2548 libidinibus
1754 2542 1763 2556 ‚
1784 2518 1965 2560 caedibus,
1992 2532 2049 2553 ra-

136 2565 259 2607 Postea
291 2564 448 2610 sequitur
482 2562 678 2602 absolutio,
720 2573 796 2595 cum
828 2561 917 2594 latro
949 2560 1016 2593 iam
1066 2563 1182 2608 pinis,
1210 2561 1418 2600 mendaciis,
1452 2564 1643 2597 coutemnit
1671 2567 1814 2600 verbum
1838 2566 1924 2609 Dei,
1950 2570 2048 2614 fingit

35 2617 227 2651 ostenderit
251 2627 350 2650 suam
370 2614 472 2647 fidem
498 2614 535 2646 in
559 2625 620 2646 sua
643 2612 830 2656 petitione,
857 2609 1018 2645 Christus
1066 2613 1193 2657 impios
1209 2612 1341 2653 cultus,
1367 2618 1424 2645 aut
1443 2612 1589 2646 omnino
1606 2626 1728 2650 omnes
1744 2617 1858 2653 cultus
1875 2619 2049 2656 existimat

0 2670 1 2687 ³
34 2679 191 2711 expressa
209 2665 450 2699 consolatione
465 2676 544 2697 eum
561 2663 730 2697 absolvit:
1067 2662 1330 2697 commenticios
1345 2673 1428 2697 esse.

92 2720 270 2752 Manu-n.
299 2718 403 2750 Orth.
457 2709 540 2747 Vin.
563 2715 659 2748 XIV.
1379 2712 1428 2748 65
