2409 2915
65 122 138 158 877
312 121 392 158 Xll.

167 207 267 241 Talia
289 208 398 242 multa
421 213 503 242 sunt
519 207 679 240 omnium
695 206 904 241 Sanctorum
923 214 1048 246 errata,

63 270 151 304 quae
174 257 270 292 Deus
301 258 468 292 immensa
501 257 658 291 bonitate
686 259 847 290 emendat
876 264 909 291 et
933 264 1046 292 sanat.

62 308 165 342 Hanc
195 308 391 342 doctrinam
422 310 512 342 bene
537 307 726 348 discamus,
759 320 805 341 ne
829 308 1045 341 conficiamus

62 366 202 393 nostrae
215 359 417 403 sapientiae,
444 359 540 396 item,
567 370 611 391 ne
628 356 730 392 aDeo
748 358 950 392 deficiamus
968 367 1046 402 post

61 411 216 454 lapsum,
243 410 300 442 sed
324 409 366 442 ad
385 421 464 443 eum
479 409 683 450 redeamus,
710 417 743 444 et
761 416 917 454 petamus
935 417 967 444 et
986 422 1044 443 ex-

61 462 253 506 spectemus
269 459 528 496 liberationem.

414 573 550 628 Caput
589 574 688 616 XV.

160 657 311 702 Insignis
328 658 486 692 doctrina
505 656 572 692 boc
589 659 666 692 loco
678 658 888 699 continetur,
916 660 958 692 de
970 658 1042 691 dis-

59 708 208 742 crimine
242 721 407 743 verorum
438 716 471 743 et
497 710 666 743 falsorum
697 709 873 749 cultuum,
907 722 967 743 seu
999 710 1042 741 de

58 759 262 793 discrimine
289 760 536 794 mandatorum
557 760 781 800 divinorum,
816 766 848 793 et
871 758 1042 793 humana-

57 821 136 843 rum
161 811 410 851 traditionum,
438 822 527 855 quae
550 811 710 844 doctrina
732 810 832 843 valde
849 809 1041 844 necessaria
1066 812 1069 816 '

57 867 119 895 est.
172 859 264 904 Quia
287 862 514 894 usitatissima
538 861 738 905 superstitio
756 867 807 894 est
822 861 957 903 generis
975 858 1041 894 hu-

57 911 175 952 mani,
200 910 329 944 relictis
350 911 521 945 mandatis
538 911 621 952 Dei,
649 912 820 944 collocare
836 912 1040 955 religionem

57 962 94 994 iu
118 962 368 996 traditionibus
394 960 578 1000 humanis.
606 968 643 995 ut
663 973 784 994 omnes
801 974 899 995 senes
917 961 1042 995 merni-

56 1019 204 1055 nerunt,
230 1011 337 1045 fuisse
360 1010 449 1046 hanc
474 1013 694 1056 opinionem:
723 1012 840 1045 Maius
863 1020 1040 1056 peccatum

57 1073 150 1103 esse,
176 1063 203 1096 si
222 1061 391 1096 Sacerdos
414 1065 555 1096 duceret
582 1074 743 1103 uxorem,
771 1075 875 1107 quam
901 1064 928 1096 si
949 1063 1040 1096 occi-

57 1114 155 1147 deret
183 1111 375 1148 hominem.
437 1113 523 1146 Item
549 1114 662 1146 maius
686 1120 865 1160 peccatum
890 1114 1040 1147 duceba-

56 1171 126 1205 tur,
153 1165 335 1197 comedere
353 1176 471 1197 carnes
490 1164 546 1197 die
562 1171 668 1204 sexta,
697 1176 800 1209 quam
818 1164 1040 1199 adulterium.

156 1222 252 1256 Haec
275 1223 377 1256 stulta
402 1230 433 1257 et
452 1224 558 1267 impia
577 1223 698 1266 opinio
717 1234 817 1266 saepe
833 1223 869 1255 in
885 1221 1039 1255 Ecclesia

55 1280 212 1316 vagatur.

56 1321 260 1364 Christum,
293 1323 500 1367 Apostolos,
533 1330 566 1357 et
589 1323 676 1356 alios
700 1323 777 1367 pios
799 1323 959 1356 doctores
984 1335 1039 1355 re·

52 1375 190 1408 futavit.

157 1423 205 1458 Ut
237 1430 352 1457 autem
383 1421 468 1456 baec
497 1423 657 1456 doctrina
688 1429 780 1456 recte
807 1422 1039 1465 intelligatur,

53 1474 217 1508 volumus
255 1475 380 1507 ordine
418 1475 623 1516 procedere,
665 1481 698 1508 et
727 1473 880 1517 primum
912 1474 1038 1514 dicere,

53 1525 114 1570 qui
145 1525 215 1559 sint
244 1525 316 1558 veri
340 1525 454 1558 cultus
478 1523 562 1564 Dei,
597 1535 684 1569 quos
709 1523 803 1557 Deus
827 1525 981 1567 postulat
1003 1531 1038 1558 et

51 1577 242 1620 approbat,
269 1583 301 1610 et
318 1576 379 1620 qui
397 1582 477 1608 sunt
495 1587 637 1618 prorsus
655 1574 852 1608 necessarii.

155 1632 202 1668 Et
229 1635 392 1667 volumus
421 1633 524 1666 nobis
548 1644 745 1677 proponere
769 1633 900 1666 dictum
924 1631 1037 1674 Pauli,

54 1686 147 1731 quod
182 1696 319 1728 semper
349 1683 482 1717 debetis
514 1683 728 1717 meminisse:
763 1682 880 1716 Milita
907 1684 1035 1716 bonam

52 1736 215 1769 militiam
228 1762 237 1776 ,
262 1735 417 1768 retinens
432 1734 534 1766 fidem
555 1741 586 1766 et
603 1734 731 1766 bonam
749 1734 1007 1767 conscientiam.
1058 1720 1061 1778 J

154 1793 246 1828 Sunt
270 1793 377 1836 igitur
399 1793 513 1825 cultus
536 1792 741 1833 necessarii,
767 1792 920 1835 primum
942 1793 1036 1833 fides,

52 1857 141 1891 qnae
164 1852 213 1878 est
236 1856 315 1877 vera
337 1843 469 1885 agnitio
486 1842 549 1876 Dei
574 1843 666 1876 iuxta
688 1849 798 1876 totum
815 1842 1036 1887 Symbolum,

51 1903 83 1929 et
98 1903 148 1929 est
165 1895 292 1928 fiducia
311 1894 571 1927 misericordiae
584 1920 592 1933 ‚
621 1905 687 1938 qua
705 1893 894 1935 accipimus
913 1894 1035 1927 remis-

49 1947 183 1981 sionem
214 1952 451 1990 peccatorum,
484 1951 517 1978 et
547 1951 751 1987 reputamur
782 1943 885 1986 iusti,
920 1953 953 1980 et
977 1932 1059 1988 ex-l

47 1998 213 2032 audimur
231 2002 375 2040 propter
394 1995 503 2028 filium
523 1994 602 2030 Dei.

151 2055 229 2089 Hoc
249 2056 368 2088 lumen
386 2054 422 2087 in
440 2055 544 2087 corde
562 2061 611 2087 est
628 2055 763 2099 primus
779 2060 810 2088 et
830 2053 1034 2097 principalis

50 2114 83 2140 et
107 2117 265 2139 summus
288 2103 418 2144 cultus,
452 2105 534 2149 quia
555 2112 693 2148 oportet
719 2117 780 2149 per
805 2104 914 2137 lilium
938 2117 1033 2137 acce-

49 2159 132 2191 dere
154 2157 196 2190 ad
220 2155 358 2189 Patrem
383 2155 476 2188 iuxta
501 2155 606 2188 illud:
642 2155 754 2189 Nemo
779 2154 875 2187 venit
898 2156 940 2187 ad
966 2154 1031 2187 Pa-
1056 2175 1057 2179 =

48 2216 157 2245 trem,
185 2206 253 2239 nisi
277 2217 338 2249 per
359 2204 500 2240 Filium.
556 2204 663 2244 ltem,
692 2205 764 2248 Qui
790 2217 862 2239 non
887 2203 1033 2238 bonori-

46 2260 126 2293 ficat
145 2258 296 2295 Filium,
325 2268 397 2288 non
417 2253 623 2288 honorificat
640 2255 791 2289 Patrem.

150 2317 194 2351 Et
217 2314 282 2349 hoc
307 2316 426 2348 lumen
451 2327 587 2357 semper
602 2315 704 2348 debet
721 2315 853 2353 lucere,
880 2314 917 2347 in
934 2315 1031 2347 omui
1055 2317 1057 2359 ]

48 2369 289 2407 invocatione,
316 2373 351 2399 et
375 2366 409 2398 in
432 2366 598 2398 omnibus
621 2365 698 2398 aliis
720 2365 898 2408 operibus.
951 2364 1030 2397 Nou

46 2421 150 2453 debet
165 2417 271 2452 bomo
289 2417 406 2450 vivere
424 2416 459 2449 iu
478 2413 541 2449 hac
560 2416 744 2460 opinione:
773 2415 848 2458 ligo
864 2415 1030 2458 displiceo
1054 2455 1055 2458 Ἴ

44 2469 139 2509 Deo,
166 2480 229 2512 ego
252 2468 375 2501 dubito
400 2479 443 2501 an
468 2467 640 2510 placeam,
668 2466 792 2500 dubito
812 2478 856 2499 an
872 2478 927 2499 me
943 2467 1031 2499 reci·
1054 2462 1056 2493 l

43 2522 137 2566 piat,
163 2519 288 2553 dubito
308 2530 353 2551 an
374 2518 518 2561 recipiat
537 2530 654 2561 preces
673 2529 777 2552 meaS.

149 2579 226 2614 Hae
248 2577 487 2612 dubitationes
509 2577 718 2611 naturaliter
742 2582 823 2609 svnt
848 2576 883 2609 in
903 2577 1029 2611 menti-

44 2633 130 2673 bus,
155 2632 212 2664 sed
233 2628 339 2663 bomo
356 2628 458 2662 debet
475 2639 575 2670 agere
590 2627 856 2672 poenitentiam,
886 2634 917 2661 et
934 2636 1028 2673 post-

46 2693 86 2716 ea
110 2690 277 2723 statuere,
303 2686 397 2714 cetto
420 2690 455 2713 se
476 2678 605 2724 recipi,
630 2686 663 2713 et
680 2679 759 2713 Deo
784 2678 919 2723 placere
943 2680 1028 2714 obe-

446 118 838 158 ANNOTATIONES
866 119 931 156 ET
959 115 1235 156 CONCIONES
1265 118 1314 153 lN
1341 119 1524 159 EVANG.
1554 119 1832 157 MATTHAEI.

263 1273 307 1307 Et
338 1272 432 1306 Deus
460 1286 533 1306 eam
568 1273 718 1306 subinde
748 1284 809 1316 per
836 1271 1040 1316 Prophetas,
1064 1294 1065 1297 =

2007 120 2079 155 878

1097 203 1266 237 dientiam
1280 232 1289 246 ,
1317 213 1458 250 propter
1467 205 1660 240 Dominum
1675 214 1834 242 nostrum
1852 204 2079 240 IesumChri-

1097 260 1209 293 stum,
1236 261 1268 288 et
1292 255 1328 288 in
1351 253 1415 290 hac
1440 258 1565 292 fiducia
1589 259 1691 293 debet
1717 259 1879 292 accedere
1896 258 1938 291 ad
1955 256 2080 294 Deum,

1096 311 1128 338 et
1145 317 1224 338 eum
1243 304 1416 342 invocare.

1197 363 1382 409 Secundo,
1410 367 1524 400 cultus
1547 375 1627 401 suut
1650 368 1851 408 necessarii,
1877 370 1969 402 bona
1995 379 2078 400 cou-

1095 415 1258 455 scientia,
1284 418 1476 449 secundum
1492 420 1654 451 mandata
1664 417 1727 450 Dei
1741 445 1749 457 ‚
1777 419 1810 450 id
1827 426 1893 458 est,
1920 427 1957 452 ut
1973 416 2078 450 bomo

1095 465 1188 498 iuxta
1210 465 1328 498 omnia
1347 468 1510 502 mandata
1529 466 1655 502 babeat
1672 469 1800 501 bonam
1819 469 2078 503 conscientiam.

1094 515 1175 549 Non
1205 515 1250 549 sit
1283 517 1436 558 adulter,
1473 532 1545 552 non
1573 525 1761 559 scortator,
1794 532 1865 552 non
1898 520 1971 559 fur,
2006 532 2076 552 non

1094 567 1261 605 mendax,
1288 579 1361 600 non
1377 565 1563 611 homicida,
1591 581 1663 603 non
1681 576 1775 611 gerat
1794 569 1829 602 in
1847 571 1949 602 corde
1966 570 2078 602 sciens

1095 624 1127 650 et
1151 617 1274 650 volens
1296 617 1470 653 iniustum
1493 622 1613 654 odium
1633 627 1751 653 contra
1771 621 1989 667 proximum,
2016 627 2079 653 etc.

1095 666 1196 700 Talia
1219 680 1324 712 opera
1350 681 1370 702 a
1385 667 1460 704 Deo
1483 674 1666 712 mandata,
1691 677 1771 705 sunt
1791 672 1862 704 veri
1881 671 1994 705 cultus
2011 669 2075 703 Dei

1093 730 1171 751 cum
1188 718 1269 753 fide.

1193 775 1390 812 Ezechielis
1409 780 1489 813 20.:
1519 777 1559 812 In
1578 781 1769 823 praeceptis
1789 788 1926 825 patrum
1945 785 2077 812 vestro-

1066 847 1068 861 ,›
1093 840 1170 861 rum
1196 840 1238 861 ne
1262 830 1467 869 ambuletis,
1493 831 1551 862 sed
1578 831 1615 863 in
1639 831 1829 876 praeceptis
1848 831 1933 863 meis
1953 831 2077 862 ambu-

1066 894 1067 915 ι
1092 879 1171 914 late.
1223 879 1291 913 Hic
1315 891 1472 924 expresse
1495 878 1645 915 retrahit
1668 894 1733 915 nos
1758 883 1800 915 ad
1819 881 1982 914 mandata
1999 880 2078 919 Dei,

1066 938 1067 967 ζ
1093 936 1124 962 et
1140 929 1252 970 iubet,
1279 937 1317 964 ut
1333 931 1499 964 faciamus
1516 942 1553 964 ea
1566 956 1575 970 ‚
1602 944 1690 977 quae
1708 933 1780 977 ipse
1798 931 1982 976 praecepit.
2034 930 2077 962 Et

1092 977 1177 1012 baec
1202 981 1361 1014 doctrina
1386 993 1486 1025 saepe
1510 983 1655 1025 repetita
1677 990 1744 1021 est,
1787 990 1819 1016 et
1843 993 1966 1025 magna
1993 993 2076 1014 con—

1091 1030 1216 1064 solatio
1242 1038 1291 1064 est
1314 1032 1401 1075 piis,
1429 1033 1536 1071 scire,
1566 1035 1660 1077 quod
1686 1034 1799 1067 cultus
1816 1033 1881 1066 Dei
1906 1032 1973 1066 sint
1992 1030 2076 1064 haec

1064 1088 1067 1119 ὲ
1092 1081 1165 1124 ipsa
1183 1093 1285 1124 opera
1303 1083 1483 1116 communi
1502 1083 1594 1116 vitae
1611 1085 1816 1124 necessaria,
1843 1082 1988 1116 honesta
2006 1083 2076 1115 vita

1065 1151 1067 1155 ·
1092 1132 1306 1174 coniugalis,
1335 1130 1480 1167 honesta
1504 1145 1609 1176 opera
1630 1135 1696 1167 alia
1715 1135 1920 1168 vocationis.
1976 1132 2075 1172 Item,

1064 1206 1066 1222 Α
1093 1188 1209 1214 nostra
1244 1183 1410 1228 patientia
1445 1184 1481 1216 in
1514 1196 1635 1223 cruce,
1669 1186 1756 1219 sicut
1788 1185 1871 1218 dicit
1900 1184 2073 1218 Psalmus:

1091 1231 1306 1266 Sacrificium
1324 1231 1400 1267 Deo
1420 1233 1572 1278 Spiritus
1587 1236 1858 1270 contribulatus.

1063 1303 1066 1330 ι
1190 1290 1234 1325 Et
1250 1292 1285 1324 in
1304 1289 1357 1324 his
1374 1293 1539 1326 omnibus
1557 1306 1694 1339 semper
1711 1296 1838 1329 dehent
1859 1295 1972 1326 lucere
1992 1294 2075 1326 fides

1062 1376 1063 1383 ἵ
1089 1349 1121 1375 et
1152 1341 1348 1382 invocatio,
1383 1342 1420 1375 in
1453 1344 1619 1377 omnibus
1649 1346 1813 1387 operibus
1840 1352 1871 1377 et
1898 1345 2075 1388 peiirulis.

1062 1386 1064 1434 l
1091 1390 1218 1425 lnvoca
1241 1398 1275 1424 et
1296 1399 1372 1436 pete
1396 1399 1428 1426 et
1447 1401 1602 1437 exspecta
1620 1395 1790 1428 auxilium
1808 1394 1893 1435 Dei,
1920 1403 1956 1427 ut
1976 1394 2074 1427 Psal-

1089 1454 1165 1475 mus
1196 1441 1298 1476 dicit:
1334 1442 1552 1478 Commenda
1577 1444 1654 1479 Deo
1684 1446 1775 1479 viam
1798 1453 1912 1486 tuam,
1946 1453 1978 1479 et
2003 1446 2075 1489 ipse

1088 1493 1200 1529 faciet.

1436 1597 1605 1621 Secunda
1633 1603 1726 1628 pars.

1060 1671 1061 1685 t
1193 1651 1383 1697 Postquam
1415 1655 1508 1694 dixi,
1542 1656 1602 1699 qui
1635 1657 1702 1689 sint
1736 1658 1918 1690 necessarii
1945 1659 2071 1695 cultus,

1088 1701 1156 1734 iam
1180 1702 1293 1735 dicam
1320 1703 1362 1735 de
1388 1705 1648 1739 traditionibus.
1700 1706 1746 1740 Et
1770 1709 1890 1741 scitote
1915 1710 2072 1756 duplices

1059 1764 1158 1792 ¹esse
1195 1753 1420 1793 traditiones,
1462 1755 1549 1787 aliae
1590 1764 1672 1791 sunt
1704 1765 1824 1791 contra
1858 1758 1989 1800 Deum,
2034 1767 2072 1793 ut.

1085 1814 1210 1835 omnes
1234 1816 1322 1848 quae
1345 1805 1565 1849 praecipiunt
1590 1807 1840 1850 impossibilia,
1875 1811 1928 1842 vel
1954 1811 2072 1854 impia,

1085 1860 1122 1886 ut
1145 1853 1338 1897 probibitio
1357 1856 1522 1898 coniugii.
1575 1857 1662 1891 Item
1683 1860 1922 1893 ordinationes
1941 1861 2071 1894 Mona-

1085 1901 1244 1942 chorum,
1271 1906 1452 1942 etmissae..
1481 1917 1803 1951 quasservavcrunt
1816 1917 1982 1955 tanquam
1994 1913 2071 1945 cul-

1085 1961 1151 1993 tus,
1179 1961 1211 1987 et
1232 1955 1352 1988 merita
1371 1957 1587 1990 remissionis
1606 1968 1838 2002 peccaterum.
1890 1961 1985 1996 Haec
2002 1964 2070 1996 im-

1056 1990 1059 2038 l
1083 2004 1139 2048 pia
1158 2005 1365 2048 simpliciter
1380 2007 1553 2042 abolenda
1570 2017 1665 2044 sunt.

1056 2064 1059 2109 ξ
1186 2063 1237 2097 De
1265 2065 1393 2098 talibus
1423 2067 1673 2102 traditionibus
1699 2067 1755 2103 bic
1780 2069 1940 2105 Christus
1966 2074 2066 2107 dicit:

1087 2113 1206 2156 Quare
1233 2123 1374 2157 propter
1397 2124 1544 2150 vestram
1571 2120 1796 2155 traditionem
1816 2123 1951 2155 violatis
1967 2136 2067 2156 mau-

1083 2166 1202 2197 datum
1215 2163 1306 2198 Dei?
1359 2165 1423 2200 His
1440 2169 1555 2201 verbis
1571 2170 1758 2212 significat,
1785 2175 1988 2206 mandatum
2003 2173 2067 2207 Dei

1082 2217 1348 2249 anteferendum
1376 2229 1448 2251 esse
1472 2221 1646 2253 mandatis
1665 2219 1844 2262 humanis,
1872 2231 1903 2257 et
1924 2226 2065 2268 quaudo

1055 2267 1058 2316 δ’
1082 2267 1244 2300 mandata
1263 2264 1448 2301 hominum
1467 2271 1683 2314 praecipiunt
1701 2272 1833 2316 aliquid
1854 2274 1964 2307 facere
1980 2289 2066 2308 con-

1082 2323 1132 2349 tra
1163 2319 1326 2351 mandata
1351 2317 1436 2359 Dei,
1469 2329 1551 2353 tunc
1582 2323 1770 2356 debeamus
1802 2336 1938 2357 servare
1964 2339 2066 2367 regu-

1083 2367 1166 2400 lam:
1195 2366 1350 2412 Oportet
1367 2368 1441 2402 Deo
1466 2371 1574 2414 magis
1597 2372 1756 2414 obedire,
1786 2387 1889 2419 quam
1910 2374 2065 2408 homiui—

1082 2418 1157 2452 bus.
1212 2418 1306 2452 Ilaec
1331 2420 1446 2462 regula
1471 2428 1520 2454 est
1543 2421 1706 2461 immota,
1735 2431 1769 2457 et
1786 2437 1922 2473 semper
1941 2427 1977 2459 in
1993 2426 2064 2461 Ec-

1080 2468 1182 2502 clesia
1201 2466 1291 2502 lianc
1308 2470 1461 2513 regulam
1480 2472 1696 2506 notissimam
1714 2486 1784 2507 esse
1803 2484 1950 2519 oportet.

1054 2395 1057 2417 Ι

1180 2527 1225 2561 Et
1241 2529 1283 2560 de
1300 2526 1354 2561 his
1371 2529 1621 2564 traditionibus
1638 2534 1858 2567 manifestum
1875 2543 1923 2569 est
1935 2563 1942 2575 ,
1968 2539 2060 2582 quod

1080 2590 1152 2611 non
1171 2579 1239 2611 sint
1259 2579 1372 2612 cultus
1383 2578 1465 2621 Dei,
1493 2582 1551 2613 sed
1571 2589 1608 2615 ut
1624 2581 1754 2617 Paulus
1771 2585 1873 2627 dicit,
1902 2596 1978 2621 sunt
1998 2590 2062 2621 do-

1079 2629 1189 2662 ctrina
1209 2629 1495 2663 Damnonioi-um.
1547 2631 1590 2665 Et
1618 2641 1756 2668 econtra
1781 2637 1893 2671 cultus
1910 2636 1974 2671 Dei
2001 2648 2062 2683 est,

1078 2680 1237 2715 resistere
1257 2680 1385 2714 talibus
1401 2681 1554 2716 cultibus
1570 2689 1603 2717 et
1621 2685 1801 2723 doctrinis,
