2409 2915
274 107 343 140 107

276 194 341 226 suit
358 193 491 226 doctus,
519 195 551 222 et
568 191 726 219 mortuus
743 188 792 215 est
807 181 900 215 exul.
937 179 1012 214 Imo
1030 180 1154 213 dicunt
1171 190 1251 212 eum

279 244 400 277 dolore
419 241 609 274 extinctum
625 246 715 275 esse,
731 233 826 278 quod
844 243 982 266 causam
1005 231 1166 264 invenire
1180 242 1251 262 non

280 294 391 338 potuit
410 293 568 324 fluxuum
586 293 618 319 et
633 285 831 318 refluxuum
847 281 986 326 Euripi.
1038 280 1170 315 Omnia
1189 280 1254 323 igi·
1280 311 1281 315 ,

280 352 337 377 tur
359 345 400 375 ad
426 339 580 381 regulam
605 347 706 380 saepe
731 334 892 367 traditam
923 333 1140 374 referantur,
1175 338 1253 364 uta-

279 405 359 427 mur
373 393 497 429 rebuS,
523 396 562 422 ut
586 393 668 421 sunt
692 386 894 421 ordinatae,
921 383 1113 416 serviamus
1136 383 1172 414 in
1192 393 1253 423 gu-

280 443 486 477 bernatione.
510 438 671 483 politica,
706 445 914 481 quaeramus
939 445 1012 466 rem
1036 433 1257 470 familiarem,

279 496 453 527 discamus
478 488 689 526 necessaria,
722 493 755 519 et
781 483 895 518 Deum
923 495 1168 526 agnoscamus,
1196 481 1256 527 qui
1284 504 1285 525 3

281 543 366 578 haec
389 542 507 576 onmia
530 537 727 576 ordinavit,
759 543 791 568 et
819 535 848 567 ei
871 535 998 578 gratias
1021 545 1162 577 agamus
1194 544 1257 576 pro
1284 544 1286 555 ·

281 595 446 629 omnibus
462 592 535 625 istis
553 589 672 625 donis,
702 593 735 620 et
758 586 787 618 si
807 585 891 630 quid
909 596 1007 618 secus
1025 585 1170 622 accidit,
1199 594 1258 626 pa-

282 646 410 680 tienter
435 643 650 675 voluntatem
676 638 750 670 eius
776 636 984 675 toleremus,
1020 642 1052 669 et
1075 636 1111 667 in
1137 646 1177 666 eo
1203 645 1257 665 ac-

280 697 515 741 quiescamus,
544 696 581 723 ut
605 700 706 732 saepe
730 688 799 720 iam
829 686 962 720 dictum
988 693 1053 720 est:
1091 684 1261 719 Subditus

283 754 354 780 esto
372 744 446 777 Deo
463 749 495 775 et
514 753 574 774 ora
592 751 683 773 eum.

656 846 791 900 Caput
826 847 900 887 111.

385 941 426 974 ln
452 940 555 974 tertio
581 938 712 982 capite,
740 937 808 969 iam
833 947 990 979 expresse
1014 941 1090 979 post
1107 934 1266 979 querelas

281 993 378 1028 addit
405 990 668 1025 conclusionem
693 995 726 1020 et
753 986 1059 1020 asseverationem.
1121 981 1264 1018 Cuncta

275 1044 366 1093 fecit
386 1041 492 1076 Deus
507 1040 603 1074 bona
621 1050 688 1072 suo
706 1042 878 1084 tempore,
895 1037 931 1069 id
952 1044 1018 1074 est,
1037 1048 1153 1068 rerum
1170 1047 1265 1072 usus,

283 1103 321 1129 ut
347 1107 363 1127 a
381 1093 456 1127 Deo
474 1092 658 1125 ordinatus
674 1095 746 1131 est,
775 1095 825 1121 est
849 1089 964 1120 bonus
980 1093 1013 1120 et
1029 1094 1079 1119 est
1102 1086 1184 1119 felix
1201 1097 1264 1119 suo

282 1154 456 1189 tempore,
487 1143 521 1175 id
546 1148 615 1183 est,
650 1151 728 1172 cum
757 1139 892 1172 utimur
914 1139 1018 1171 rebus
1044 1138 1140 1170 iuxta
1169 1137 1263 1170 ordi-

282 1197 462 1229 nationem
486 1192 550 1226 Dei
575 1199 607 1225 et
632 1189 707 1224 Deo
734 1190 893 1229 iuvante,
920 1189 1015 1222 iuxta
1041 1188 1147 1221 illud:
1185 1187 1263 1221 Non

281 1253 393 1291 potest
415 1244 482 1277 sibi
516 1241 621 1275 homo
653 1252 790 1274 sumere
824 1241 1030 1285 quicquam,
1075 1239 1142 1271 nisi
1165 1239 1210 1271 sit
1234 1238 1263 1270 ei

282 1299 401 1331 datum
430 1296 590 1337 desuper.
644 1290 728 1325 Ideo
751 1297 870 1338 postea
897 1291 1042 1333 longum
1068 1289 1264 1332 catalogum

282 1348 394 1381 addit:
435 1340 576 1378 Omnia
605 1346 742 1389 tempus
765 1337 922 1380 habent,
953 1341 990 1373 id
1014 1347 1082 1379 est,
1110 1351 1183 1372 non
1216 1345 1265 1372 est

282 1397 430 1433 humani
447 1394 585 1429 consilii
602 1393 676 1426 sine
694 1392 878 1426 vocatione
898 1397 931 1424 et
946 1391 1021 1424 sine
1046 1390 1178 1424 auxilio
1195 1388 1261 1423 Dei

284 1450 410 1492 eligere
429 1454 586 1489 tempora
599 1443 725 1477 felicia.
780 1442 931 1482 Brutus,
946 1441 1089 1482 Cicero,
1105 1440 1263 1481 Ilircius,

282 1500 396 1534 Pansa
416 1497 569 1541 cogitant
586 1495 722 1528 restitui
742 1505 843 1537 posse
861 1500 1012 1527 veterem
1031 1500 1159 1526 statum
1179 1490 1266 1526 Rei-

283 1550 446 1598 publicae
472 1546 673 1586 Romanae,
703 1552 734 1578 et
759 1544 950 1582 falluntur,
981 1551 1013 1578 et
1039 1554 1177 1587 semper
1199 1540 1265 1575 hoc

284 1602 390 1634 modo
417 1598 521 1632 multi
546 1597 682 1641 decepti
715 1601 813 1636 sunt,
848 1602 881 1628 et
903 1595 1133 1638 decipientur.
1196 1593 1264 1627 Sed

283 1651 478 1696 procedunt
502 1648 642 1690 negocia
667 1658 745 1679 cum
770 1647 1054 1688 obtemperamus
1079 1643 1267 1684 vocationi,

284 1710 315 1736 et
333 1701 475 1747 quidem
494 1699 636 1730 iuvante
648 1697 737 1736 Deo,
755 1702 787 1729 et
806 1702 923 1729 tamen
940 1695 1026 1728 alias
1042 1695 1163 1737 magis,
1181 1694 1266 1726 alias

283 1754 402 1785 minus
426 1748 625 1783 difficulter.
680 1745 759 1780 I‘luc
784 1746 936 1790 pertinet
958 1745 1091 1778 dictum
1117 1743 1265 1777 Psalmi:

284 1801 501 1836 Commenda
520 1798 596 1831 Deo
615 1798 706 1831 viam
723 1805 830 1837 tuam,
849 1798 968 1843 etipse
984 1796 1096 1829 faciet.

336 1893 388 1927 Et
414 1891 512 1926 dedit
538 1889 714 1925 mundum
743 1890 779 1923 in
797 1901 855 1922 cor
872 1901 1006 1924 eorum.
1062 1885 1137 1921 Sed
1158 1883 1266 1919 homo

385 1956 455 1978 non
471 1947 584 1989 polest
604 1941 762 1975 invenire
780 1952 868 1986 opus
895 1937 996 1987 quod
1010 1938 1110 1986 saci!
1128 1936 1265 1971 Domi-

386 2007 453 2028 nus
467 2021 474 2033 ‚
504 2005 564 2027 nec
581 1992 726 2025 initium
743 1988 936 2035 necfinem.

387 2061 424 2095 ld
445 2069 511 2099 est,
543 2061 634 2094 Deus
652 2070 705 2092 res
723 2059 767 2092 ita
786 2057 965 2096 condidit,
992 2062 1032 2089 ut
1057 2056 1161 2088 corda
1185 2066 1265 2087 sua-

288 2115 377 2147 xitm·
399 2113 447 2146 eis
473 2113 540 2145 frui
572 2111 759 2147 deberent,
793 2116 826 2142 et
850 2109 1025 2141 celebrare
1049 2113 1207 2139 autorem
1232 2112 1264 2138 et

286 2164 412 2197 habu-re
437 2162 729 2207 tranquillitatem
756 2161 792 2193 in
817 2158 911 2199 Deo,
937 2158 1034 2191 dedit
1057 2157 1172 2195 cibos,
1201 2169 1262 2189 vo-

287 2216 453 2258 luptates,
481 2213 642 2253 divitias,
670 2219 778 2252 artes,
806 2210 973 2255 imperia,
1000 2209 1179 2245 virtutem,
1205 2208 1262 2240 sed

287 2266 491 2298 lion-inihus
518 2265 553 2297 fit
579 2275 662 2296 usus
688 2262 862 2299 insuavis,
897 2261 977 2306 quia
1003 2257 1134 2293 babent
1162 2270 1264 2302 vagas
1289 2270 1291 2275 ·

287 2317 512 2360 cupiditates,
550 2314 697 2348 miscent
718 2325 827 2346 vanas
852 2311 1094 2346 solicitudines
1121 2317 1265 2354 propter
1289 2327 1291 2335 v

286 2368 538 2402 dissidentiam.
570 2371 737 2409 appetunt
765 2376 854 2398 nova
881 2371 913 2397 et
943 2368 1085 2395 movent
1114 2372 1168 2394 res
1191 2372 1262 2393 non

288 2470 417 2501 tissime
445 2467 621 2500 lei-emias:
651 2466 719 2499 Cor
742 2464 898 2498 bominis
923 2476 1125 2508 perversum
1152 2470 1184 2496 et
1206 2474 1262 2495 ae·

290 2531 507 2552 rumnosuin.
544 2517 722 2551 Antonius
740 2519 885 2560 ade-ptus
910 2524 958 2549 est
978 2515 1262 2548 florentissimam

287 2578 418 2614 partem
445 2569 598 2612 imperii,
627 2569 685 2601 scd
706 2575 830 2601 natura
849 2567 1004 2611 inquieta
1030 2578 1107 2599 cum
1131 2565 1263 2609 appetit
1288 2591 1289 2613 1

1104 2615 1261 2649 Bellero—

287 2629 398 2653 totum
425 2620 610 2661 imperium
635 2619 775 2652 accersit
801 2618 867 2651 sibi
892 2619 1048 2650 exitium.

287 2670 435 2719 'vinoun-s
455 2669 582 2710 Pegaso
606 2668 745 2703 vellitur
774 2669 874 2702 initio
893 2670 934 2702 ad
954 2681 1007 2702 res
1023 2668 1125 2701 utili-s
1140 2680 1263 2709 geren-

870 95 990 130 PHIL.
1018 93 1132 130 MEL.
1161 91 1371 129 SCRIPTA
1398 89 1695 126 EXEGETlCA.

2220 91 2290 126 108

1278 190 1279 194 ¹
1306 179 1385 219 das,
1415 184 1532 221 postea
1556 177 1668 211 factus
1692 177 1833 218 elatior,
1869 189 1947 211 cum
1973 176 2078 210 vellet
2108 177 2213 210 altius
2248 177 2291 210 ad

1306 227 1401 261 Iovis
1427 227 1645 272 colloquium
1667 225 1764 267 vehi,
1792 235 1956 261 narratur
1978 240 1996 260 a
2022 227 2150 270 Pegaso
2171 239 2293 260 excus—

1307 290 1364 312 sus
1389 289 1473 311 esse.
1533 276 1666 311 Contra
1694 275 1778 311 baec
1809 279 1899 312 mala
1924 279 2101 312 debebant
2131 275 2294 311 homines

1307 340 1449 361 manere
1473 327 1510 360 in
1529 327 1732 367 vocatione,
1761 335 1793 361 et
1814 329 1881 362 fide
1906 329 2126 373 acquiescere
2148 328 2184 360 in
2205 327 2292 368 Deo,

1309 387 1342 412 et
1361 376 1426 411 boc
1447 378 1578 417 facere,
1602 378 1719 423 inquit
1744 377 1930 412 Salomon:
1959 378 2031 412 Est
2050 376 2186 412 donum
2206 376 2292 412 Dei.

1310 429 1479 474 Sequitur
1494 440 1577 472 ergo
1597 428 1633 461 in
1652 435 1764 463 textu:

1360 508 1449 545 IVon
1467 515 1516 544 est
1531 508 1661 544 melius
1679 507 1834 550 homini,
1863 523 1974 559 quam
1996 511 2133 546 laetari
2147 517 2177 545 el
2195 511 2296 545 bene-

1406 560 1533 609 facere
1561 561 1654 595 vilae
1681 573 1781 596 suae.
1837 558 1972 596 Omnis
1998 563 2092 596 enim
2109 560 2218 597 homo
2234 561 2300 610 qui

1417 612 1565 646 comedit
1593 617 1622 645 el
1650 611 1760 651 bibit,
1790 617 1820 645 el
1843 610 1936 646 videt
1955 613 2089 647 bonum
2105 612 2146 648 de
2172 612 2297 647 labore

1416 675 1500 707 suo,
1527 659 1594 696 hoc
1613 660 1747 697 donum
1767 661 1846 696 Dei
1861 667 1923 699 est.

1418 735 1513 769 Haec
1536 737 1640 770 verba
1663 749 1734 770 non
1759 737 1928 770 dicuntur
1943 739 2148 781 μιμητικῶς
2164 737 2202 770 in
2220 748 2300 780 per-

1317 797 1402 819 sona
1429 785 1627 828 helluonis,
1653 789 1713 820 sed
1734 795 1815 821 sunt
1831 788 2041 822 asseveratio
2058 795 2149 822 recte
2167 789 2297 821 docen-

1319 838 1362 871 tis
1388 838 1569 881 pertinens
1599 839 1641 871 ad
1668 839 1861 872 institutam
1889 839 2170 879 conclusionem,
2207 849 2298 884 quae

1319 889 1489 932 approbat
1516 900 1632 922 rerum
1656 901 1776 930 usum,
1810 897 1848 923 ut
1873 902 1890 922 a
1920 888 1996 923 Deo
2020 891 2205 923 ordinatus
2237 896 2298 929 est,

1319 936 1414 973 hunc
1433 951 1535 973 usum
1560 940 1608 974 ait
1624 939 1758 973 felicem
1777 947 1809 973 et
1824 952 1965 973 suavem
1982 951 2054 973 esse
2074 940 2146 974 Deo
2170 941 2298 973 iuvan-

1319 996 1370 1031 te,
1399 990 1495 1024 iubet
1511 991 1618 1034 igitur
1634 991 1683 1023 nti
1706 991 1811 1023 rebus
1833 991 1927 1024 iuxta
1946 991 2205 1025 ordinationem
2222 989 2299 1029 Dei,

1320 1049 1352 1074 et
1375 1041 1527 1075 ostendit
1554 1041 1650 1074 unde
1672 1042 1862 1084 petendum
1888 1042 1950 1085 sit,
1978 1050 2017 1076 ut
2042 1042 2086 1075 sit
2103 1053 2186 1075 usus
2204 1041 2300 1080 felix,

1319 1097 1352 1124 et
1369 1092 1430 1125 ubi
1448 1092 1738 1137 acquiescendum
1759 1092 1814 1126 sit.
1858 1090 1962 1126 Fides
1980 1093 2158 1127 intueatur
2174 1091 2301 1130 Deum,

1319 1143 1421 1176 faciat
1446 1143 1556 1176 officia
1586 1143 1800 1183 vocationis,
1836 1149 1929 1185 petat
1957 1150 1990 1176 et
2007 1151 2160 1187 expectet
2182 1155 2200 1176 a
2222 1143 2300 1175 Deo

1319 1194 1489 1226 auxilium
1507 1201 1539 1227 et
1555 1205 1751 1233 successus,
1779 1201 1808 1226 et
1832 1194 1982 1237 perferat
1999 1193 2240 1231 incommoda,
2267 1200 2300 1226 et

1318 1252 1491 1288 quatenus
1515 1245 1615 1277 labor
1637 1251 1687 1277 est
1711 1244 1813 1282 felix,
1843 1244 1927 1277 sciat
1951 1255 2030 1277 eum
2058 1257 2074 1277 a
2093 1243 2166 1277 Deo
2186 1243 2301 1277 iuvari

1319 1302 1351 1328 et
1365 1295 1566 1338 gubernari,
1591 1301 1625 1328 et
1641 1295 1670 1327 ei
1687 1294 1816 1337 gratias
1830 1301 1918 1337 agat.

1421 1360 1516 1394 Haec
1533 1367 1583 1394 est
1598 1360 1769 1394 sententia
1781 1360 1981 1395 verborum.
2037 1359 2110 1403 Qui
2125 1360 2220 1393 videt
2239 1359 2302 1392 bo-

1318 1424 1403 1445 num
1429 1413 1472 1444 de
1500 1411 1620 1444 labore
1646 1422 1726 1452 suo,
1754 1411 1821 1444 Dei
1845 1412 1979 1444 donum
2005 1418 2066 1446 est.
2119 1410 2304 1455 Approbat

1319 1469 1351 1496 et
1377 1463 1529 1507 postulat
1555 1463 1734 1501 tutiorem,
1762 1469 1794 1496 et
1822 1462 1926 1502 dicit,
1953 1462 2096 1495 iuvante
2121 1460 2196 1495 Deo
2224 1461 2304 1494 seli-

1319 1525 1391 1546 cem
1411 1521 1441 1547 et
1459 1520 1595 1557 gratum
1617 1525 1700 1547 esse.
1737 1512 1832 1545 Haec
1849 1513 2022 1546 sententia
2041 1513 2203 1556 congruit
2222 1523 2302 1545 cum

1319 1571 1391 1598 toto
1412 1564 1570 1598 Psalmo:
1601 1563 1676 1597 Nisi
1694 1563 1870 1597 Dominus
1893 1563 2128 1597 aedificaverit
2155 1564 2302 1596 domum

1319 1623 1381 1649 etc.
1416 1615 1515 1649 Sicut
1533 1615 1676 1657 sagittae
1695 1615 1730 1646 in
1750 1626 1857 1647 manu
1876 1615 2048 1658 potentis,
2076 1615 2121 1647 ita
2148 1613 2211 1646 filii
2231 1614 2304 1646 for·

1319 1667 1419 1701 tium.
1452 1665 1550 1698 Talis
1568 1666 1634 1699 suit
1650 1665 1858 1708 gubernatio
1882 1663 2062 1709 losapliat,
2090 1677 2178 1710 quae
2189 1676 2303 1709 quan-

1320 1728 1424 1761 quam
1451 1723 1483 1748 et
1507 1717 1578 1759 ipsa
1608 1716 1821 1749 offensiones
1845 1715 1980 1760 aliquas
2011 1713 2154 1755 babuit,
2185 1722 2302 1748 tamen

1320 1779 1444 1810 magua
1466 1778 1505 1799 ex
1530 1773 1625 1809 parte
1642 1766 1803 1799 salutaris
1821 1772 1854 1798 et
1872 1765 1953 1798 felix
1970 1766 2036 1799 fuit
2058 1767 2200 1798 iuvante
2217 1763 2303 1804 Deo,

1319 1825 1353 1851 et
1386 1817 1559 1861 acquievit
1594 1817 1667 1860 ipse
1702 1817 1737 1848 in
1769 1815 1853 1849 Deo.
1913 1813 2066 1849 Econtra
2092 1816 2301 1858 gubernatio

1319 1866 1435 1901 Achas
1454 1867 1629 1912 inquieta,
1658 1867 1778 1899 infelix
1799 1867 1884 1905 fuit,
1912 1878 1988 1899 cum
2018 1868 2089 1911 ipse
2117 1873 2203 1900 esset
2226 1866 2302 1899 sine

1319 1919 1403 1959 fide,
1431 1925 1463 1951 et
1481 1918 1587 1951 inulta
1607 1915 1759 1950 bumana
1779 1917 1949 1961 sapientia
1968 1925 2062 1951 extra
2082 1918 2300 1951 vocationem

1318 1975 1514 2003 conaretur.

1367 2058 1508 2095 Omnia
1527 2074 1652 2109 opem,
1681 2061 1884 2109 quaestui!
1904 2059 2163 2106 Deus,firma
2179 2067 2277 2097 sunt.

1418 2137 1668 2172 Commoratur
1691 2138 1727 2171 in
1751 2138 1930 2182 superiore
1949 2138 2136 2172 sententia:
2166 2127 2303 2172 Huma-

1319 2202 1361 2223 na
1380 2189 1525 2222 consilia
1544 2189 1619 2221 sine
1640 2187 1715 2222 Deo
1734 2197 1817 2222 suut
1834 2189 2006 2228 infelicia,
2033 2197 2070 2223 ut
2088 2190 2299 2231 gubernatio

1319 2237 1455 2280 Acbaz,
1490 2240 1653 2283 Agesilai.
1708 2238 1862 2274 Econtra
1881 2240 1944 2274 Dei
1961 2253 2066 2284 opera
2087 2241 2184 2273 firma
2206 2249 2301 2277 sunt.

1320 2292 1353 2325 id
1388 2298 1456 2331 est,
1493 2291 1678 2326 salutaria.
1714 2291 1826 2324 felicia
1840 2316 1848 2329 ‚
1886 2291 2127 2335 procedentia,
2165 2291 2301 2324 etiamsi

1318 2342 1480 2377 diabolus
1498 2342 1603 2375 variis
1623 2342 1737 2375 modis
1755 2342 1926 2386 impedire
1942 2348 2107 2379 conatur,
2136 2349 2173 2375 ut
2191 2340 2300 2375 Davi-

288 2417 516 2453 'wwssnfias'
551 2416 639 2449 shut
663 2416 864 2448 brevsssim‘,
894 2414 981 2447 dixit
1006 2420 1037 2446 et
1063 2412 1264 2456 significan·
1288 2411 1290 2443 2
1317 2394 1370 2427 dis
1388 2393 1516 2438 praelia
1535 2393 1647 2426 felicia
1665 2400 1766 2434 sunt,
1794 2393 2000 2436 gubernatio
2021 2390 2183 2437 losapltat
2206 2393 2300 2427 salu-

1288 2473 1289 2478 ,
1318 2446 1400 2478 tat-is
1417 2452 1477 2478 est.

1421 2513 1611 2555 Praecipue
1636 2523 1717 2542 vero
1744 2512 2006 2544 ‹iliserx.·uulutu
2032 2519 2078 2546 est
2105 2510 2300 2556 epiphone—

1318 2577 1388 2596 ma:
1419 2561 1517 2595 Haec
1535 2562 1634 2609 faci!
1653 2559 1776 2597 Deus.
1804 2566 1841 2594 u!
1866 2562 2046 2596 timeatur.
2104 2561 2196 2596 Haec
2221 2576 2299 2607 par-

1316 2615 1420 2649 ticula
1440 2617 1483 2646 ‹ts-
1502 2614 1625 2647 timor«—
1646 2611 1707 2645 l)‹·i
1726 2613 1911 2658 aliquoties
1933 2615 2074 2658 repetita
2102 2614 2136 2646 iu
2165 2612 2230 2647 ltoc
2257 2615 2299 2647 li-

1317 2667 1380 2698 bru
1398 2665 1570 2702 ostendit,
1600 2664 1825 2697 Salomonem
1842 2677 1913 2697 nou
1932 2666 2051 2698 inanes
2071 2666 2231 2710 querelas
2246 2678 2302 2699 re-
