2409 2915
273 114 317 147 31

324 190 496 230 Mullum
516 199 614 223 escae
632 186 669 220 in
687 184 799 219 sulcis
813 195 1026 233 pauperum,
1047 190 1077 220 el
1095 184 1168 220 alii
1180 185 1258 220 sim

377 240 484 277 modo
500 237 700 274 cumulant.

377 309 604 349 Praeceptum
631 301 895 336 oeconomicum
918 308 968 336 est
1001 303 1044 336 de
1069 303 1258 337 mediocri·
1284 331 1285 342 ,

275 370 344 398 tate
363 367 394 392 et
408 354 590 398 diligentia
605 354 726 387 tuendi
746 353 938 386 mediocres
954 353 1144 394 facultates,
1164 355 1258 387 iuxta
1284 359 1286 394 f

276 414 426 447 dictum:
455 406 613 439 Laudato
632 404 787 447 ingentia
811 414 912 443 rura,
939 401 1116 447 Exiguum
1143 405 1260 438 colito.

275 462 409 505 Estque
425 456 616 496 sententia,
642 455 767 487 melius
787 465 859 486 esse
875 453 1051 496 possidere
1069 456 1261 488 mediocres
1286 463 1287 467 ’

278 511 479 549 facultates,
513 513 547 540 et
568 518 624 538 eas
649 512 739 538 recte
766 503 1032 546 administrare,
1060 513 1092 539 et
1115 505 1187 539 frui
1214 505 1262 538 eis

279 575 358 598 cum
377 560 504 605 pietate
527 563 560 590 et
577 555 848 600 tranquillitate,
876 567 981 599 quam
1011 567 1153 599 magnas
1180 567 1263 600 opes
1288 560 1289 571 ¹

279 612 477 648 cumulare,
507 608 601 652 quod
627 606 702 639 sine
723 605 980 638 offensionibus
1005 607 1078 639 fieri
1102 619 1174 640 non
1198 619 1263 650 po-

277 671 356 699 test.
409 659 489 693 Huc
505 657 655 701 pertinet
672 655 805 689 dictum
823 654 939 689 Pauli:
965 655 1037 699 Qui
1055 658 1178 691 volunt
1192 657 1262 690 fieri

280 714 417 750 divites,
445 708 602 742 incident
620 707 657 739 in
673 706 878 750 cupiditates
896 707 1017 740 stultas
1037 715 1068 741 et
1090 708 1265 752 pernicio-

282 776 345 798 sas.
399 759 649 794 Transferatur
673 757 806 790 dictum
825 758 867 789 ad
886 757 968 790 alia:
999 757 1128 792 Melius
1154 765 1205 791 est
1229 759 1265 790 in

282 825 389 861 parva
406 809 661 855 gubernatione
679 819 769 845 esse,
797 813 830 841 et
849 820 921 840 enm
939 821 1080 849 ornare,
1107 821 1211 854 quam
1230 809 1266 841 in
1292 819 1294 837 ¹»

283 875 417 900 summa
436 859 593 902 fastigio,
618 859 679 892 nbi
705 858 985 901 magnitudinem
1008 871 1124 892 rerum
1151 860 1267 891 minus

284 915 457 950 sustinere
475 920 669 955 possumus.
697 906 742 941 Et
763 909 955 942 versiculus
971 915 1075 942 notus
1092 911 1146 952 sit,
1165 921 1267 954 quem

285 963 491 1000 Aristoteles
527 959 559 993 4.
595 959 827 992 politicorum
862 959 945 992 citat
986 972 1025 992 ex
1060 958 1269 1005 phocylide:

284 1013 400 1051 πολλὰ
437 1010 601 1057 μέσοισιν
636 1008 788 1055 ἄριστα,
823 1007 934 1054 μέσος
968 1008 1067 1044 θέλω
1100 1010 1138 1045 ἐν
1171 1006 1268 1044 πόλει

286 1065 390 1101 εἶναι.

645 1204 780 1256 Caput
810 1202 931 1243 XIV.

339 1286 410 1322 Est
428 1287 485 1320 via
505 1290 597 1319 recta
616 1297 737 1318 coram
757 1281 923 1324 homine,
950 1282 1050 1317 cuius
1073 1282 1194 1317 exitus
1216 1288 1271 1316 ta-

391 1350 469 1371 men
487 1341 536 1370 est
557 1335 615 1368 via
633 1334 772 1368 mortis.

392 1411 602 1447 Admonitio
625 1417 674 1444 est
699 1411 741 1443 de
761 1409 910 1452 caligine
933 1415 965 1442 et
984 1408 1188 1442 infirmitate
1207 1405 1273 1442 hu-

289 1465 386 1500 mani
410 1463 550 1503 iudicii,
576 1469 610 1496 et
635 1462 678 1495 de
702 1460 822 1494 multis
840 1460 974 1503 magnis
991 1460 1172 1493 erroribus
1190 1471 1273 1492 con-

291 1517 472 1554 siliorum,
498 1514 587 1546 sicut
610 1512 835 1545 manifestum
858 1517 928 1551 est,
953 1521 1056 1554 saepe
1073 1522 1189 1544 errare
1207 1507 1272 1543 lio-

289 1567 403 1600 mines
428 1565 465 1597 in
489 1563 680 1597 iudicando
704 1569 737 1595 et
762 1562 799 1594 in
816 1561 1145 1595 deliberationibus.
1199 1561 1274 1594 De-

290 1617 472 1661 cipiuntur
505 1621 620 1647 autem
655 1613 710 1646 vel
741 1612 813 1645 suis
845 1612 1179 1654 imaginationibus,
1219 1612 1273 1644 vel

291 1665 461 1710 exemplis
479 1665 652 1699 aliorum,
675 1663 730 1694 vel
754 1662 1008 1695 consuetudine
1026 1669 1090 1695 etc.
1117 1669 1149 1694 et
1175 1663 1273 1695 dece-

289 1718 341 1762 pti
365 1715 474 1758 magis
497 1719 608 1746 ruunt
631 1711 790 1745 fascinati
809 1710 1003 1750 adiabolo,
1026 1711 1115 1743 sicut
1127 1712 1171 1743 de
1188 1711 1272 1744 Inda

291 1767 460 1811 scriptum
489 1772 555 1797 est:
593 1762 741 1795 Intravit
766 1760 912 1794 Satanas
935 1760 972 1793 in
997 1773 1057 1794 cor
1084 1761 1170 1796 eius.
1224 1760 1273 1795 Ita

291 1829 416 1861 magna
433 1814 624 1848 multitudo
643 1812 788 1845 assensit
812 1819 844 1846 et
860 1812 1048 1845 assentitur
1064 1811 1183 1855 impiis
1200 1812 1274 1845 cul-

293 1870 404 1907 tibus,
438 1873 470 1899 et
494 1863 658 1897 haeretici
685 1869 885 1907 portentosa
910 1863 1071 1906 dogmat-”i
1096 1862 1274 1895 mordicus

292 1919 458 1953 retinent.
513 1913 557 1948 Et
577 1914 783 1957 Pompeius,
813 1913 919 1946 {osias
935 1921 1055 1946 errant
1081 1913 1117 1945 in
1141 1913 1272 1946 delibe—

291 1970 427 2003 ratione
454 1968 496 1999 de
522 1965 626 2000 bello.
689 1963 739 1997 De
764 1962 828 1997 bac
854 1964 1044 1997 multorum
1072 1963 1273 1998 infirmitate

291 2019 452 2066 querelae
474 2023 608 2055 extant,
636 2016 728 2048 iuxta
756 2015 862 2048 dicta:
895 2014 1091 2049 Stultorum
1115 2015 1274 2048 infinitus

292 2079 342 2104 est
363 2079 541 2102 numerus,
580 2066 680 2099 lta‘m:
699 2064 828 2098 Omnis
847 2063 951 2098 homo
971 2066 1130 2098 mendax.
1170 2065 1271 2099 ltem:

292 2119 411 2158 οὐδεὶς
438 2115 656 2161 ἀνθρώπων
686 2114 784 2149 ἐστὶν
816 2115 963 2149 ἅπαντα
989 2114 1115 2162 σοφὸς.
1172 2115 1273 2149 ltem:

292 2169 442 2206 πολλάκι
466 2167 533 2213 τὴν
558 2165 710 2212 μορφὴν
728 2166 926 2205 ἐξηπαηῦό
944 2165 1050 2201 ἰδέαι.
1108 2166 1193 2201 ltem
1217 2167 1272 2201 Si-

291 2223 468 2256 monides:
500 2217 539 2253 τὸ
557 2217 680 2253 δοκεῖν
695 2215 861 2262 βιάζεται
876 2215 941 2262 τὴν
961 2217 1153 2262 ἀλήθειαν.
1198 2216 1272 2251 Ad-

291 2284 410 2306 versus
436 2269 519 2303 lianc
545 2271 633 2302 mala
662 2267 726 2301 hoc
752 2268 896 2301 unicum
915 2270 1108 2301 remedium
1127 2276 1194 2308 est,
1219 2269 1273 2312 pie

290 2334 476 2367 agnoscere
502 2321 647 2353 verbum
673 2319 756 2359 Dei,
782 2327 813 2354 et
838 2319 931 2352 iuxta
957 2321 1102 2352 verbum
1132 2318 1197 2353 Dei
1223 2320 1272 2352 fa·
1299 2349 1301 2360 ,

289 2387 365 2407 cere
393 2371 584 2406 necessaria
609 2383 687 2403 cum
716 2370 955 2409 invocatione,
989 2370 1082 2403 iuxta
1110 2368 1194 2403 haec
1218 2371 1273 2403 ‹li-

290 2432 358 2457 rta:
389 2424 546 2457 Lucerna
569 2421 716 2465 pedibus
733 2421 818 2453 meis
836 2421 981 2453 verbum
1001 2428 1113 2456 tuum.

292 2526 363 2569 ipse
382 2525 494 2559 faciet.
552 2523 635 2556 ltem
655 2522 756 2556 Dent.
778 2523 828 2556 4.:
857 2521 949 2556 llaec
969 2523 1139 2568 sapientia
1161 2530 1272 2557 vestra

290 2576 467 2609 ambulare
490 2575 523 2606 in
545 2574 735 2618 praeceptis
757 2573 852 2608 meis.

872 99 996 138 PHlL.
1024 98 1140 136 MEL.
1165 99 1374 138 SCRIPTA
1401 100 1698 141 EXEGETICA.

1169 2420 1272 2454 Item:
1299 2441 1302 2450 ·

290 2475 506 2508 Commenda
524 2473 600 2506 Deo
620 2472 709 2504 viam
730 2479 846 2514 tuam,
883 2478 915 2505 et
938 2483 1034 2515 spera
1062 2471 1097 2504 in
1115 2484 1214 2509 eum.
1242 2479 1272 2505 et
1299 2478 1301 2480 ’

2248 103 2296 139 32

1281 196 1285 229 1
1669 186 1807 242 Caput
1839 187 1939 231 XV.

1282 275 1286 300 ¹
1362 274 1506 311 Mollis
1525 276 1711 323 responsio
1728 277 1878 324 mitigat
1896 277 2006 319 iram,

1362 327 1489 361 μςεΓῙΠΟ
1508 339 1616 375 “Sper
1629 333 1800 375 provocat
1821 328 1928 364 iram.
1999 331 2002 333 ι

1415 402 1508 437 Tota
1533 403 1586 436 lex
1612 402 1677 436 Dei
1702 410 1753 438 est
1776 404 1966 449 descriptio
1984 404 2101 452 qualis
2127 404 2171 437 sit
2194 402 2300 445 Deus,

1313 461 1347 488 et
1370 451 1575 488 hominibus
1602 454 1769 498 patefacta
1795 461 1862 493 est,
1889 461 1929 489 ut
1947 455 2095 489 sciamus
2119 454 2233 501 qualis
2254 455 2302 489 sit

1316 506 1436 548 Deus,
1461 511 1494 538 et
1509 505 1602 550 quod
1620 504 1706 538 velit
1722 516 1786 537 nos
1801 505 1870 538 sibi
1892 506 2090 539 conformes
2115 517 2199 540 esse.
2242 504 2302 540 Si-

1288 585 1289 593 ,
1316 563 1373 590 cut
1387 556 1494 598 igitur
1510 555 1697 600 praecipit:
1726 554 1806 588 Non
1824 556 1972 597 occides,
1987 557 2035 590 ita
2052 557 2126 601 ipse
2141 563 2193 590 est
2207 555 2304 590 Deus

1288 631 1291 640 .
1317 619 1389 640 non
1415 606 1642 649 perditionis,
1677 607 1735 639 sed
1764 606 1986 647 salvationis,
2019 607 2108 641 sicut
2137 614 2169 641 et
2192 606 2301 641 iurat:

1319 657 1410 690 Vivo
1428 668 1500 699 ego,
1517 656 1601 690 dicit
1620 657 1805 697 Dominus,
1833 657 1917 691 nolo
1935 664 2083 691 mortem
2100 657 2306 701 peccatoris,

1319 709 1376 742 sed
1408 714 1446 740 nt
1470 714 1695 742 convertatur
1718 714 1751 741 et
1775 708 1880 742 vivat.
1934 707 2051 741 Multa
2080 715 2163 742 sunt
2194 707 2303 751 igitur

1320 759 1446 793 tradita
1467 765 1645 802 praecepta
1663 759 1706 792 de
1722 770 1822 806 pace,
1841 770 1930 803 quae
1949 758 2126 802 pertinent
2139 759 2182 791 ad
2200 769 2303 791 man-

1321 812 1457 843 datum:
1486 807 1567 841 Non
1586 809 1734 844 occidas.
1789 808 1828 842 ld
1849 809 2001 849 violant,
2029 809 2091 854 qui
2113 810 2188 843 sine
2213 808 2304 842 iusta

1321 872 1422 893 causa
1440 871 1556 903 pacem
1573 860 1728 893 turbant.
1768 859 1857 893 Nota
1873 860 1943 893 sint
1963 860 2070 903 igitur
2085 861 2188 894 dicta:
2204 857 2305 894 Beati

1323 911 1471 954 pacifici,
1507 909 1589 954 quia
1613 910 1695 944 Filii
1719 909 1784 943 Dei
1806 912 2039 945 vocabuntur.
2094 910 2200 945 Rom.
2227 910 2303 945 12:

1294 984 1302 1454 x
1324 960 1506 1004 Quantum
1525 961 1561 992 in
1574 961 1674 993 vobis
1684 968 1746 1001 est,
1762 973 1878 1009 pzpem
1896 960 2021 995 habete
2035 973 2114 995 cum
2128 961 2306 996 omnibus.

1423 1019 1632 1052 Traduntur
1647 1019 1750 1052 etiam
1769 1027 1950 1064 praecepta
1966 1021 2009 1054 de
2028 1021 2132 1054 modo
2149 1020 2307 1054 retinen-

1324 1071 1387 1103 dae
1404 1071 1507 1114 pacis.
1560 1069 1741 1110 Primum,
1768 1081 1872 1104 nemo
1887 1071 1996 1103 alium
2019 1071 2149 1105 iniuria
2164 1071 2304 1105 afficiat.

1325 1120 1462 1154 Deinde
1482 1133 1554 1153 non
1570 1120 1652 1153 satis
1669 1127 1720 1153 est
1738 1133 1813 1154 non
1833 1122 1972 1155 incoare
1996 1121 2125 1155 iniusta
2144 1121 2308 1156 certami-

1326 1184 1388 1210 na,
1416 1172 1476 1203 sed
1495 1171 1598 1205 etiam
1617 1172 1740 1204 modus
1759 1171 1803 1204 sit
1819 1173 1856 1208 in
1873 1171 2075 1215 repellenda
2092 1172 2243 1211 iniuria,
2271 1170 2311 1206 ἐν

1325 1224 1378 1267 τῷ
1404 1219 1637 1265 ἀμύνεσθαι,
1673 1233 1747 1255 non
1772 1222 1816 1256 sit
1835 1222 1994 1266 repulsio
2025 1222 2179 1256 atrocior
2203 1233 2310 1267 quam

1327 1273 1476 1313 iniuria,
1504 1273 1594 1306 sicut
1618 1272 1761 1306 dicitur:
1790 1272 1957 1306 Defensio
1984 1285 2055 1306 non
2079 1273 2124 1306 sit
2147 1272 2310 1308 offensio.

1327 1324 1364 1357 Si
1392 1323 1508 1356 verbis
1539 1323 1784 1362 contenditur,
1819 1331 1852 1357 et
1881 1331 1964 1357 sunt
1986 1323 2117 1357 atrocia
2148 1323 2310 1363 crimina,

1328 1374 1506 1407 moderate
1527 1375 1736 1418 respondeas
1757 1374 1889 1412 verbis,
1924 1375 1952 1407 si
1977 1386 2049 1407 non
2074 1380 2156 1407 sunt
2179 1373 2312 1407 atrocia

1328 1424 1494 1465 crimina,
1522 1437 1622 1468 saepe
1637 1432 1685 1458 est
1704 1425 1832 1464 virtus,
1856 1425 2079 1458 dissimulare
2098 1437 2148 1462 ea,
2175 1430 2210 1458 et
2225 1435 2313 1458 con—

1328 1476 1461 1509 donare
1477 1475 1656 1510 communi
1674 1476 1943 1521 tranquillitati,
1971 1482 2004 1509 et
2022 1475 2174 1509 refutare
2189 1486 2227 1508 ea
2246 1487 2312 1523 po-

1329 1527 1396 1559 tius
1415 1526 1506 1560 vitae
1530 1526 1760 1567 testimoniis,
1787 1538 1892 1572 quam
1910 1526 2194 1566 reeriminando‚
2220 1526 2311 1559 sicut

1328 1576 1450 1610 Cicero
1474 1577 1606 1623 inquit:
1634 1576 1730 1610 Male
1755 1589 1890 1610 mecum
1914 1577 2045 1621 agitur,
2074 1576 2101 1609 si
2123 1588 2178 1609 me
2197 1575 2310 1609 oratio

1329 1628 1446 1670 potius
1471 1640 1575 1673 quam
1600 1628 1670 1661 vita
1696 1640 1771 1661 mea
1799 1635 1936 1671 purgat.
1988 1627 2034 1661 Et
2057 1624 2314 1660 Demosthenes

1329 1678 1464 1721 inquit,
1492 1690 1527 1711 se
1548 1690 1620 1710 non
1638 1689 1889 1721 responsurum
1915 1689 1986 1711 esse
2001 1679 2046 1710 de
2063 1678 2209 1721 privatis
2226 1689 2313 1710 con-

1328 1727 1446 1768 viciis,
1471 1729 1530 1761 sed
1543 1728 1692 1772 opponit
1709 1728 1816 1762 vitam
1833 1734 1972 1761 testem:
1999 1729 2027 1761 si
2044 1728 2150 1762 talem
2168 1739 2224 1760 me
2240 1738 2314 1760 esse

1329 1778 1442 1816 scitis,
1469 1779 1608 1823 qualem
1632 1778 1706 1822 ipse
1727 1777 1913 1817 describit,
1939 1778 2054 1811 statim
2080 1777 2211 1820 surgite
2236 1783 2315 1810 tan-

1328 1840 1432 1872 quam
1456 1840 1511 1861 me
1534 1832 1779 1862 condemnato.
1834 1827 1881 1861 Et
1897 1827 2011 1862 David
2032 1827 2164 1873 inquit:
2186 1825 2314 1862 Detra-

1329 1876 1458 1913 liebant
1477 1876 1561 1911 mihi
1574 1903 1583 1916 ‚
1612 1878 1684 1922 Ego
1704 1885 1820 1912 autem
1837 1878 1994 1912 orabam.

1429 1936 1525 1971 llaec
1560 1937 1754 1971 moderatio
1795 1937 1947 1981 pertinet
1981 1938 2024 1971 ad
2060 1935 2122 1971 has
2157 1938 2317 1978 virtutes,

1327 1989 1651 2027 mansuetudinem,
1693 1989 1917 2032 patientiam,
1957 1989 2120 2032 pietatem
2156 1989 2312 2023 debitam

1326 2038 1500 2072 Ecclesiae
1515 2039 1568 2073 vel
1589 2039 1749 2083 publicae
1768 2039 2031 2084 tranquillitati.

1426 2098 1494 2133 Sed
1513 2106 1664 2132 extrema
1683 2106 1763 2133 sunt
1779 2096 2001 2144 φιλονεικία,
2031 2099 2063 2131 id
2084 2105 2149 2138 est,
2177 2097 2316 2141 cupidi-

1298 2156 1301 2183 l
1329 2156 1379 2183 tas
1401 2150 1649 2190 contentionis,
1673 2156 1705 2183 et
1725 2150 1862 2185 lenitas.
1897 2149 2021 2183 Plures
2038 2156 2153 2182 autem
2173 2154 2318 2193 peccant

1298 2193 1301 2243 i
1327 2198 1551 2246 φιλονεικίᾳ,
1578 2201 1613 2233 id
1631 2201 1760 2234 malum
1781 2208 1831 2235 est
1850 2200 1961 2234 multo
1983 2200 2229 2245 perniciosius.

1299 2247 1302 2337 ι
1427 2258 1490 2294 Est
1507 2267 1622 2293 autem
1641 2258 1865 2306 φιλονεικία,
1890 2272 1950 2293 seu
1975 2260 2010 2294 in
2037 2258 2221 2292 movendis
2241 2269 2316 2292 cer-

1329 2311 1520 2344 taminibus
1537 2312 1589 2344 vel
1610 2312 1755 2345 iniustas
1775 2312 1828 2344 vel
1850 2323 1920 2344 non
1940 2310 2150 2344 necessarias
2167 2316 2316 2343 conten·

1299 2366 1301 2389 ⁴
1328 2362 1440 2395 tiones
1470 2363 1678 2399 accendere.
1715 2373 1771 2396 aut
1802 2361 1985 2406 superbia,
2018 2368 2078 2395 aut
2106 2360 2318 2400 ambitione,

1328 2421 1386 2446 aut
1404 2413 1606 2447 morositate
1626 2421 1788 2451 naturae,
1805 2420 1863 2446 aut
1883 2412 2142 2450 aemulatione.
2170 2418 2230 2445 aut
2247 2411 2319 2445 irn-

1327 2465 1474 2503 cundia,
1510 2471 1568 2498 aut
1600 2464 1866 2508 superstitione,
1908 2475 1966 2496 seu
2000 2463 2034 2496 in
2070 2463 2317 2508 respondendo

1329 2527 1442 2559 neque
1460 2517 1599 2554 redere,
1627 2527 1742 2560 neque
1759 2515 1855 2547 aliud
1883 2514 2016 2553 lenire,
2043 2515 2102 2547 sed
2130 2513 2317 2547 acerbitate

1329 2566 1417 2597 velle
1452 2566 1609 2604 vincere,
1636 2572 1669 2598 et
1699 2566 1857 2611 undique
1889 2577 2027 2599 sumere
2051 2565 2236 2599 materiam
2262 2563 2317 2597 in-

1298 2637 1299 2653 ]
1330 2616 1535 2650 flammi-ndi
1553 2617 1652 2655 odia,
1680 2618 1767 2650 sii-ut
1787 2617 1903 2662 inquit
1924 2615 2105 2650 Lucanus:
2135 2614 2179 2649 Et
2198 2626 2319 2649 causas

1296 2701 1299 2709 Ι
1332 2667 1468 2702 iux-vnit
1486 2668 1603 2701 armis.

1661 2667 1761 2701 ltcm:
1794 2667 1959 2711 ltvagus,
1987 2675 2090 2712 atque
2118 2666 2216 2710 ignes
2240 2666 2317 2699 ani-
