2409 2915
58 110 135 148 897
306 110 403 148 ‘XIL
463 107 856 146 ANNOTATIONES
882 107 950 146 ET
976 108 1256 148 CONCIONES
1285 110 1334 146 IN
1359 110 1541 149 EVANG.
1569 113 1848 153 MATTHAEt.
2021 124 2093 160 898

58 203 177 232 autem
195 193 253 231 hic
271 197 407 231 duriter
419 194 672 242 reprehensus,
697 202 815 230 tamen
842 208 916 231 non
931 196 1049 231 deficit
1072 201 1075 209 '
1099 202 1171 229 stus
1199 208 1239 230 ex
1272 203 1403 237 morte,
1442 205 1476 232 et
1509 201 1689 240 ostendet,
1724 209 1756 236 et
1780 203 1893 239 mittet
1918 204 2091 250 Spiritum

55 258 77 282 a
95 246 268 287 Domino,
297 249 354 282 sed
370 254 486 281 manet
502 247 644 288 docilis,
671 253 705 280 et
730 247 878 291 proficit.
1096 253 1267 281 sanctum.
1319 247 1415 282 Haec
1433 249 1527 282 enim
1544 250 1645 285 initia
1661 260 1744 287 sunt
1761 253 1857 288 illius
1874 258 1957 290 novi
1976 260 2086 303 regni,

157 297 260 332 Nunc
275 298 433 344 sequitur
450 298 609 331 doctrina
627 298 671 331 de
687 310 804 331 cruce.

108 362 154 398 Si
176 364 259 412 quis
284 363 360 398 vult
380 375 434 397 me
458 363 578 411 sequi,
613 363 765 410 abneget
787 376 824 398 se
848 363 987 411 ipsum,
1015 368 1046 397 et

159 414 269 450 tollat
287 426 420 449 crucem
436 426 543 448 suam
555 442 565 457 ‚
593 419 624 449 el
639 420 814 463 sequatur
829 426 894 451 me.

158 483 254 518 Haec
284 489 357 517 erat
385 482 566 526 Apostolis
595 483 751 517 insuavis
783 483 924 523 concio,
963 482 1044 527 quia

55 533 123 579 ipsi
155 534 398 578 exspectabant
428 533 680 576 pulcerrimum
705 545 871 577 regnum,
909 533 946 566 in
973 545 1043 577 quo

55 582 219 619 homines
238 581 481 617 honestissime
500 584 628 617 victuri
649 591 780 624 essent,
807 590 840 617 et
857 583 962 616 simul
980 581 1043 616 ha-

55 635 168 669 bituri
196 645 315 678 pacem
341 640 373 667 et
399 634 516 667 omnia
551 635 754 668 necessaria.
822 632 870 667 Et
896 633 944 667 sic
978 644 1042 666 nos
1065 647 1068 692 ἱ

54 696 177 718 omnes
192 684 389 729 appetimus
404 685 508 718 talem
524 691 672 726 statum,
706 691 738 718 et
762 685 903 729 quando
922 682 1042 717 Evan-
1065 693 1067 721 t

52 734 185 782 gelium
208 735 447 779 praedicatur,
471 747 650 779 speramus
672 736 776 769 talem
802 742 928 768 statum
955 746 1041 767 ven-

52 791 174 819 turum
204 797 295 825 esse,
328 785 411 831 quia
440 786 655 819 somniamus
683 786 854 830 plurimos
881 783 1041 818 homines

52 832 288 879 Evangelium
305 837 527 880 amplexuros
550 847 640 878 esse,
668 844 701 870 et
721 848 836 869 mores
858 835 933 869 sore
957 847 1040 869 con-
1065 862 1067 867 .

52 893 218 930 gruentes
231 884 437 930 Evangelio.
1063 903 1067 964 1

154 943 204 979 Ut
227 951 343 978 autem
362 945 543 989 Apostolis
563 946 629 980 fuit
654 945 860 979 eximendus
883 956 980 977 error
999 944 1041 977 de
1064 965 1065 993 ἦ

53 994 117 1028 illo
136 995 286 1039 imperio
311 996 457 1034 mundi,
485 996 535 1029 sic
559 1008 623 1029 nos
646 1007 784 1029 necesse
806 1003 856 1029 est
884 1006 1041 1028 commo-

33 1045 196 1086 'nefieri‚
231 1052 264 1080 et
287 1046 421 1085 doceri,
446 1047 540 1091 quod
564 1044 797 1090 Evangelium
820 1057 893 1079 non
911 1045 1040 1078 consti·
1063 1060 1065 1084 ι

53 1102 131 1130 tuat
146 1096 215 1129 tale
232 1096 394 1140 pulcrum
411 1103 443 1129 et
467 1097 569 1130 dulce
594 1097 792 1141 imperium.
846 1095 913 1130 Sed
940 1095 1040 1129 colli·
1063 1087 1065 1106 ³

54 1153 112 1190 gat
129 1146 258 1191 passim
283 1147 320 1179 in
347 1147 659 1180 turbulentissimis
680 1147 856 1190 imperiis,
882 1147 1040 1179 membra

53 1196 247 1238 Ecclesiae,
274 1209 363 1242 quae
378 1197 639 1241 amplectuntur
655 1198 871 1236 doctrinam,
899 1203 931 1230 et
949 1203 1040 1229 recte
1062 1226 1064 1242 ;

54 1246 169 1281 Deum
187 1247 370 1286 invocant,
397 1254 429 1281 et
447 1259 482 1280 se
499 1249 716 1291 coniungunt
740 1247 777 1280 in
801 1248 873 1280 suis
896 1258 1041 1290 congre·
1062 1263 1064 1292 i

55 1297 276 1341 gafionibus,
303 1298 452 1331 audiunt
469 1295 719 1341 Evangelium,
748 1304 897 1331 utuntur
925 1308 1040 1329 sacra·
1062 1298 1065 1338 Ι

55 1347 206 1390 mentis,
230 1349 416 1380 emendant
439 1359 520 1381 suos
545 1361 677 1389 mores,
704 1350 741 1382 in
765 1347 982 1380 confessione
1008 1353 1042 1379 et
1063 1343 1065 1362 ³

54 1398 257 1441 patiuntur,
292 1404 324 1431 et
352 1398 456 1430 simul
478 1399 609 1431 multas
641 1408 827 1432 aerumnas
857 1397 1065 1436 sustinent,1

53 1447 135 1493 quia
160 1445 316 1481 Ecclesia
347 1448 458 1491 magis
489 1456 632 1483 onerata
660 1456 728 1491 est,
768 1459 874 1493 quam
905 1447 1065 1493 reliquas

52 1509 134 1542 pars
157 1498 295 1532 mundi.
1064 1501 1067 1558 ἰ

158 1555 282 1589 Talem
301 1567 372 1589 esse
382 1555 573 1590 Ecclesiam
592 1568 656 1590 nos
676 1557 762 1590 scire
780 1563 931 1601 oportet,
945 1556 1042 1601 <quia

56 1618 195 1640 necesse
220 1613 270 1640 est
287 1607 367 1639 sciri
379 1633 387 1646 ,
416 1619 504 1651 quae
521 1607 563 1640 sit
580 1605 733 1640 Ecclesia
752 1608 828 1648 Dei,
856 1614 889 1641 et
906 1618 1043 1639 necesse

56 1664 126 1697 est,
160 1663 198 1690 ut
228 1668 293 1689 nos
317 1657 385 1700 ipsi
408 1664 618 1695 statuamus,
651 1670 716 1696 nos
747 1659 851 1692 etiam
885 1657 1042 1689 membra

57 1719 129 1740 esse
146 1706 321 1740 Ecclesiae
338 1707 414 1747 Dei,
442 1714 474 1741 et
490 1707 722 1751 adiungamus
739 1720 802 1742 nos
819 1709 861 1742 ad
881 1714 1042 1741 nostrum

57 1765 215 1798 coetum,
244 1765 278 1791 et
297 1757 446 1791 velimus
464 1759 500 1790 in
518 1756 673 1791 Ecclesia
693 1771 777 1792 esse.
1065 1761 1068 1817 Ι

160 1815 273 1849 Valde
297 1823 411 1849 autem
436 1824 624 1850 moventur
647 1818 755 1850 animi
773 1815 836 1850 hac
854 1816 967 1861 specie
983 1816 1044 1848 de-
1066 1819 1068 1846 ἴ

55 1867 182 1907 sormi,
216 1867 312 1912 quod
335 1865 490 1900 Ecclesia
518 1879 589 1900 non
616 1866 719 1902 habet
745 1875 878 1901 certum
900 1866 1043 1911 aliquod

55 1929 167 1951 unum
204 1917 410 1960 imperium,
451 1924 483 1950 et
517 1919 611 1962 quod
640 1919 765 1962 passim
793 1919 958 1961 dissipata
984 1924 1045 1957 est,

57 1974 106 2001 est
124 1968 160 2000 in
178 1968 346 2001 servitute
369 1975 401 2002 et
429 1968 464 2000 in
483 1968 560 2001 aliis
577 1970 711 2012 magnis
731 1969 929 2006 aerumnis,
956 1968 1047 2001 sicut

58 2019 124 2052 sub
158 2017 305 2062 Turcis,
348 2018 413 2052 sub
447 2019 605 2062 regibus,
644 2021 711 2054 sub
742 2020 843 2053 malis
874 2018 1070 2073 principi-4

57 2069 124 2103 bus
146 2075 208 2104 etc.
1068 2088 1069 2094 κ

161 2126 231 2161 Sed
262 2133 383 2161 contra
413 2125 504 2161 hanc
544 2129 772 2162 tentationem
807 2128 957 2161 tenenda
997 2129 1070 2172 est;

61 2174 145 2211 haec
176 2178 389 2218 consolatio,
425 2179 519 2222 quod
550 2186 710 2223 oporteat
740 2177 932 2213 Ecclesiam
963 2178 1070 2221 pati.'

61 2226 168 2269 Item,
201 2229 294 2273 quod
320 2226 415 2262 Deus
440 2229 524 2262 velit
555 2241 630 2262 eam
656 2237 772 2274 postea
794 2229 988 2272 glorificare
1008 2228 1046 2260 in

60 2285 132 2312 vita
147 2285 298 2314 aeterna.

113 2343 192 2393 Qui
210 2343 329 2392 perdit
352 2345 518 2378 animam
541 2357 647 2378 suam
666 2349 811 2391 propter
841 2357 914 2383 me,
949 2345 1047 2378 inve-

128 2437 134 2439 *
164 2395 237 2429 nie!
252 2408 342 2430 eam.
398 2395 527 2432 Veniet
541 2393 654 2440 filius
680 2393 856 2431 hominis.

164 2463 233 2497 Hic
252 2464 335 2498 dicit
351 2465 393 2496 de
410 2463 478 2497 alio
502 2475 628 2506 regno,
657 2463 693 2495 in
711 2475 781 2507 quo
798 2463 1049 2505 glorificabitur

64 2513 232 2550 Ecclesia.
300 2514 390 2547 Puto
426 2514 683 2557 simplicissime
714 2515 756 2545 de
795 2514 1049 2547 resurrectione

64 2562 194 2598 Christi
219 2565 384 2608 intelligi,
413 2566 508 2609 quod
533 2565 595 2597 ait:
637 2564 714 2597 Non
740 2564 929 2606 gustabunt
954 2576 1048 2596 mor—

65 2621 156 2655 tem,
196 2617 308 2649 donec
339 2615 494 2648 viderint
526 2615 636 2648 fitium
677 2612 830 2647 hominis
860 2614 979 2646 venire
1012 2615 1047 2646 in

68 2677 176 2709 regno
200 2678 282 2704 suo,
307 2665 436 2698 scilicet
469 2672 574 2705 tunc,
601 2666 741 2709 quando
768 2672 921 2708 resurget
945 2663 1049 2698 Chri-

119 2718 296 2749 Matura.
317 2718 419 2750 Oeta.
447 2714 533 2750 Vox.
551 2717 643 2749 XIV.

1436 364 1570 417 Caput
1606 367 1746 410 XVII.

1143 444 1198 479 El
1212 449 1294 492 post
1315 444 1391 479 dies
1407 458 1474 480 sex
1491 449 1666 482 assumsit
1684 448 1788 485 Iesus
1805 450 1949 489 Petrum
1967 461 1997 490 el
2014 456 2040 491 I
2038 471 2082 491 (1-

1193 495 1317 531 cobum
1338 501 1368 529 el
1384 495 1592 531 Iohannem
1607 499 1770 546 fratrem
1793 503 1886 544 eius,
1915 511 1945 539 el
1972 506 2080 543 duxit

1195 545 1282 580 illos
1302 548 1339 580 in
1357 552 1513 581 montem
1532 549 1723 584 excelsum.

1190 622 1243 659 De
1260 624 1475 658 revelatione
1499 626 1587 660 sacta
1605 627 1642 659 in
1661 635 1796 669 monte,
1822 631 1884 664 ubi
1906 640 2001 676 pater
2017 637 2078 669 de-

1090 674 1140 707 dit
1164 675 1406 708 testimonium
1433 677 1474 708 de
1498 675 1590 718 filio,
1624 685 1657 711 et
1691 681 1897 715 mandatum
1924 685 2076 720 addidit:

1089 723 1194 758 Hunc
1215 725 1343 758 audite.

1191 774 1233 808 In
1250 773 1314 808 hac
1335 773 1481 809 historia
1497 777 1698 812 continetur
1714 781 1927 824 amplissima
1944 786 2074 819 doctri-

1089 837 1155 866 na,
1181 827 1241 859 sed
1261 826 1423 859 volumus
1437 828 1623 871 praecipua
1639 831 1795 864 membra
1812 835 2014 878 complecti,
2041 844 2074 872 et

1088 876 1212 910 faciam
1229 883 1299 909 tres
1316 876 1428 917 locos,
1453 888 1512 910 seu
1533 884 1601 911 tres
1620 880 1796 913 articulos.

1190 926 1349 967 Primus,
1389 939 1496 972 quare
1516 927 1610 962 Deus
1641 930 1790 964 ediderit
1817 934 1967 969 subinde
1998 950 2074 972 rna-

1064 977 1212 1010 ¹nifesta
1244 978 1286 1010 de
1318 989 1353 1010 se
1382 978 1603 1020 testimonia,
1649 992 1712 1023 per
1745 982 1940 1026 singulares
1977 996 2073 1032 pate-

1088 1028 1267 1061 factiones.

1188 1077 1391 1119 Secundus,
1427 1078 1464 1110 in
1496 1076 1561 1112 hac
1583 1080 1812 1123 patefactione
1841 1085 1960 1125 docet,
1996 1089 2074 1133 quis

1087 1129 1130 1162 sit
1157 1126 1213 1161 hic
1241 1128 1352 1168 Iesus,
1386 1141 1490 1173 quem
1512 1130 1675 1173 Apostoli
1702 1133 1824 1168 vident
1855 1135 1923 1168 iam
1948 1138 1985 1171 in
2017 1139 2073 1174 lu-

1087 1179 1181 1212 mine
1205 1179 1357 1214 coelesti.

1189 1229 1332 1263 Tertius
1344 1256 1353 1270 ,
1381 1229 1587 1263 mandatum
1605 1231 1647 1264 de
1663 1233 1840 1269 audiendo
1856 1234 1922 1271 hoc
1937 1239 2022 1277 filio.

1395 1327 1442 1350 De
1467 1326 1576 1357 primo
1602 1328 1771 1355 articulo.

1280 1375 1405 1424 Quare
1430 1378 1638 1413 testimonia
1657 1381 1756 1415 edita
1775 1384 1889 1417 sunt?

1191 1452 1267 1487 Etsi
1287 1461 1356 1487 tota
1374 1461 1532 1488 creatura
1555 1456 1796 1491 testimonium
1821 1467 1890 1502 est,
1919 1466 2011 1508 quod
2031 1467 2074 1501 sit

1088 1504 1200 1545 Deus,
1230 1512 1261 1538 et
1278 1506 1366 1538 ratio
1381 1502 1535 1538 humana
1560 1504 1666 1540 habet
1692 1511 1886 1544 naturalem
1912 1517 2073 1550 notitiam

1090 1556 1265 1600 quandam
1293 1556 1336 1588 de
1361 1554 1456 1589 Deo:
1484 1563 1599 1589 tamen
1626 1555 1710 1591 haec
1737 1567 1872 1594 tantum
1902 1572 1949 1598 est
1972 1565 2074 1610 Legis

1091 1606 1227 1640 notitia.
1282 1605 1405 1638 Voluit
1432 1613 1547 1639 autem
1566 1606 1660 1640 Deus
1679 1610 1781 1642 edere
1806 1614 2072 1654 promissionem

1090 1655 1293 1699 Evangelii,
1336 1667 1424 1700 quae
1455 1657 1520 1690 fuit
1550 1657 1667 1699 ignota
1700 1661 1866 1694 omnibus
1896 1669 2074 1703 creaturis.

1092 1707 1173 1739 ldeo
1214 1705 1280 1739 fuit
1316 1718 1403 1750 opus
1443 1706 1613 1750 singulari
1649 1710 1880 1752 patefactione
1912 1722 1944 1749 et
1978 1719 2074 1752 testi-

1093 1767 1233 1791 monus,

1193 1805 1239 1839 ll.
1289 1805 1470 1839 Praeterea
1503 1808 1590 1840 ratio
1620 1805 1774 1844 humana
1799 1812 1937 1856 ignorat
1962 1817 2072 1852 filium

1091 1857 1177 1898 Dei,
1211 1863 1242 1890 et
1266 1857 1341 1889 sine
1365 1857 1535 1899 singulari
1565 1860 1776 1895 revelatione
1799 1870 1830 1896 et
1856 1867 1958 1899 certis
1978 1870 2075 1902 testi-

1093 1908 1221 1941 moniis
1248 1904 1339 1939 nihil
1369 1908 1412 1939 de
1438 1919 1478 1939 eo
1511 1908 1633 1947 sciret,
1674 1922 1737 1943 nec
1765 1913 1932 1949 fateretur
1961 1916 2074 1952 Deum

1092 1957 1221 1992 habere
1237 1957 1348 1990 filium
1360 1983 1370 1997 ‚
1397 1963 1430 1990 et
1446 1958 1620 1992 aberraret
1637 1972 1654 1992 a
1671 1973 1753 1995 vero
1772 1961 1856 1998 Deo.

1196 2007 1259 2041 ΙΙΙ.
1324 2006 1504 2041 Praeterea
1549 2009 1671 2044 levitas
1713 2014 1859 2047 rationis
1900 2014 2075 2054 humanae

1094 2060 1192 2093 finxit
1217 2058 1283 2091 sibi
1304 2057 1398 2090 Deos
1425 2059 1509 2091 alibi
1535 2060 1631 2093 alios.

1197 2108 1280 2141 Ideo
1308 2107 1402 2141 Deus
1434 2109 1604 2143 immensa
1638 2112 1874 2149 misericordia
1906 2129 1942 2150 se
1974 2120 2075 2154 toties

1094 2159 1271 2204 patefecit,
1298 2165 1331 2192 et
1349 2160 1485 2194 addidit
1508 2167 1598 2193 certa
1619 2163 1836 2205 testimonia,
1864 2174 1900 2200 ut
1917 2169 2073 2204 eductio-

1095 2222 1173 2243 nem
1197 2222 1236 2243 ex
1261 2209 1439 2255 Aegypto,
1475 2212 1754 2247 resuscitationes
1779 2224 2017 2261 mortuorum,
2043 2228 2075 2255 ct

1095 2261 1160 2294 alia
1190 2260 1376 2300 miracula,
1414 2267 1447 2294 et
1468 2262 1541 2294 vult
1569 2265 1706 2305 agnosci
1731 2277 1851 2299 verum
1879 2269 2014 2311 Deum,
2041 2279 2075 2306 et

1070 2343 1071 2348 ,
1096 2311 1268 2344 vulteum
1294 2311 1444 2344 discerni
1468 2312 1511 2344 ab
1539 2313 1703 2347 omnibus
1730 2315 1808 2348 aliis
1839 2318 1973 2353 ficticiis
1996 2322 2074 2358 diis.

1070 2388 1071 2395 ,
1098 2361 1184 2396 Vult
1206 2361 1308 2394 etiam
1338 2362 1477 2404 agnosci
1503 2361 1632 2395 Filium
1657 2371 1688 2397 et
1711 2364 1881 2409 Spiritum
1906 2378 2076 2414 sanctum,

1096 2413 1171 2446 vult
1188 2412 1268 2445 sciri
1287 2412 1563 2455 promissionem.

1198 2462 1293 2495 Haec
1323 2473 1422 2505 saepe
1446 2462 1628 2505 cogitanda
1657 2472 1738 2499 sunt
1775 2466 1810 2499 in
1835 2468 1906 2510 ipsa
1934 2471 2076 2506 invoca-

1098 2513 1203 2548 tione.
1263 2511 1309 2546 Et
1339 2512 1474 2556 quoties
1504 2513 1661 2552 invocas,
1695 2517 1806 2558 cogita
1839 2531 1942 2563 quem
1964 2520 2076 2557 Deum

1098 2564 1258 2603 invoces,
1285 2562 1363 2608 quis
1388 2563 1448 2603 sit,
1476 2570 1507 2595 et
1532 2566 1726 2606 quomodo,
1754 2574 1783 2600 et
1812 2570 1872 2602 ubi
1894 2582 1929 2603 se
1950 2575 2077 2614 patefe-

1100 2615 1203 2655 cerit,
1230 2622 1261 2646 et
1290 2614 1468 2657 quomodo
1493 2613 1574 2647 velit
1600 2614 1775 2657 invocari,
1800 2619 1835 2651 in
1853 2621 2030 2664 agnitione
2046 2631 2078 2658 et

1073 2694 1077 2703 ,
1101 2664 1226 2698 fiducia
1249 2664 1322 2697 filii.

1527 2711 1577 2747 57
