2409 2915
247 104 321 141 755

253 191 352 225 culae
382 187 533 227 Christi,
576 199 656 221 vasa
685 186 968 229 misericordiae,
1010 193 1044 222 et
1074 185 1243 222 haeredes

253 249 413 275 aeternae
432 239 574 280 salutis,
601 238 730 274 Amen.

356 304 502 340 Intrate
522 317 586 353 per
606 309 753 353 portam
779 310 999 351 angustam,
1039 305 1129 354 quia
1162 303 1242 339 lata

255 361 305 392 es!
321 362 451 404 porta,
475 369 568 405 quae
593 355 691 391 ducit
715 354 770 390 ad
785 354 1045 403 perditionem,
1079 361 1109 390 et
1136 354 1246 390 mulli

255 413 340 442 sunt
354 408 419 456 qui
434 405 694 454 ingrediuntur
705 419 770 455 per
786 419 882 449 eam,
909 412 970 444 etc.

357 475 411 510 De
429 476 595 510 scandalo
613 477 706 521 quod
725 475 839 509 oritur
856 475 893 508 in
914 475 1091 510 mentibus
1114 475 1245 508 multo-

257 539 335 561 rum
361 524 568 565 hominum,
611 532 796 571 propterea
823 527 916 571 quod
946 527 1095 560 maxima
1122 525 1246 559 multi-

258 579 344 612 tudo
360 585 410 612 est
425 577 638 622 impiorum,
673 583 707 610 et
729 578 824 622 quod
850 577 887 610 in
912 578 1045 611 mundo
1069 584 1101 611 et
1124 577 1161 609 in
1178 574 1246 609 Ec-

258 629 360 662 clesia
379 640 524 671 magnae
542 634 624 662 sunt
641 627 852 672 opinionum
870 628 1066 663 varietates.

360 687 455 721 Haec
470 689 540 721 duo
558 698 693 721 summa
711 687 873 720 scandala
892 687 929 720 in
946 699 1072 730 genere
1088 685 1246 721 humano

260 739 435 782 ingentem
455 738 595 771 ruinam
615 735 781 778 trabunt,
807 744 839 771 et
853 738 1063 772 confirmant
1086 738 1248 781 impieta-

259 797 328 823 tem
343 801 403 822 seu
421 788 704 822 incredulitatem
723 794 828 833 atque
844 788 1057 833 Epicureum
1074 787 1139 822 Dei
1162 801 1247 821 con-

259 846 407 874 temtum
423 839 459 872 in
478 839 642 883 plurimis
657 836 871 872 hominibus.
927 840 1088 872 Alterum
1107 840 1248 880 scilicet,

261 891 356 936 quod
376 896 470 924 tanta
489 890 702 930 multitudo,
735 896 786 924 tot
808 889 906 923 mille
929 890 1105 935 myriades
1128 890 1246 935 profa-

261 953 389 975 norum
410 938 595 974 hominum
619 940 733 984 palam
756 940 880 973 vivunt
904 947 938 974 et
963 948 1187 984 perseverant
1210 941 1247 974 in

259 992 445 1025 manifesto
463 997 494 1024 et
504 990 691 1036 Cyclopico
703 989 769 1024 Dei
785 997 980 1032 contemtu,
1007 1003 1158 1036 quorum
1174 1004 1246 1025 non

260 1043 361 1086 pauci
381 1042 522 1075 interim
542 1041 658 1075 omnis
673 1041 810 1084 generis
826 1042 1068 1085 voluptatibus
1084 1042 1249 1082 affluunt,

261 1094 388 1127 florent
404 1092 637 1133 successibus,
664 1091 840 1135 potentia,
867 1092 1022 1131 divitiis,
1051 1090 1249 1126 honoribus

261 1144 298 1176 in
318 1151 420 1179 terra.
473 1142 634 1178 Alterum
653 1154 737 1176 vero
760 1154 834 1176 non
855 1143 974 1177 minus
999 1144 1250 1187 perniciosum,

261 1195 355 1240 quod
377 1201 426 1228 tot
452 1201 484 1228 et
506 1201 624 1228 tantae
641 1193 963 1235 dissimilitudines,
986 1195 1188 1236 varietates,
1217 1202 1249 1228 et

260 1245 503 1279 distractiones
526 1244 736 1289 opinionum
770 1256 808 1278 ac
843 1245 1056 1279 iudiciorum
1085 1246 1250 1287 existunt,

261 1303 366 1341 atque
387 1296 655 1339 conspiciuntur
679 1295 716 1328 in
738 1292 804 1329 hoc
821 1295 896 1340 ipso
916 1303 1036 1337 coetu,
1063 1297 1123 1342 qui
1146 1309 1250 1330 usur—

260 1354 320 1391 pat
336 1347 478 1380 titulum
497 1347 619 1391 populi
639 1345 704 1379 Dei
721 1358 781 1379 seu
799 1343 986 1380 Ecclesiae.

362 1404 468 1439 Scitis
484 1405 519 1437 in
538 1411 612 1439 toto
629 1405 714 1438 orbe
730 1411 914 1445 terrarum,
939 1412 970 1439 et
988 1405 1136 1438 maxima
1153 1413 1251 1450 parte

262 1456 399 1500 generis
416 1453 582 1496 humani,
611 1455 783 1499 plurimos
803 1453 966 1489 homines
987 1456 1150 1499 amplecti
1170 1455 1250 1488 Ma-

261 1505 527 1541 hometistarum
545 1506 668 1539 deliria
686 1506 764 1549 plus
786 1518 891 1550 quam
917 1505 1079 1540 fanatica.
1118 1505 1159 1538 In
1178 1512 1250 1539 tota

262 1557 382 1591 Africa
413 1569 556 1600 prorsus
588 1557 722 1589 deletae
753 1563 835 1589 sunt
865 1554 1058 1588 Ecclesiae:
1101 1555 1138 1588 in
1166 1554 1250 1589 Asia

261 1608 468 1652 perexiguae
485 1614 565 1641 sunt
583 1606 770 1651 reliquiae:
795 1613 927 1639 caetera
944 1606 1147 1644 multitudo,
1172 1607 1251 1639 lon-

261 1671 301 1702 ge
326 1658 566 1697 numerosior,
599 1664 630 1690 et
655 1657 798 1699 opibus,
827 1657 1003 1700 imperiis,
1031 1657 1252 1697 exercitibus,

262 1710 368 1743 armis
384 1709 578 1743 terribilior
596 1707 855 1742 estTurcorum
874 1707 1165 1747 essartarorum,
1190 1709 1249 1754 qui

261 1761 376 1803 palam
401 1761 562 1794 derident
587 1767 617 1792 et
645 1759 867 1793 contumeliis
891 1759 1108 1793 insectantur
1138 1760 1250 1793 filium

260 1810 326 1845 Dei
342 1810 537 1844 Dominum
564 1817 724 1844 nostrum
749 1810 860 1843 lesum
880 1808 1073 1845 Christum.
1127 1810 1250 1844 Postea

261 1863 298 1895 in
331 1860 397 1895 1100
428 1863 502 1905 ipso
535 1870 652 1901 coetu,
693 1861 753 1905 qui
786 1861 994 1894 nominatur
1015 1859 1252 1902 Christianus,

262 1925 381 1946 nonne
399 1913 520 1946 multis
537 1913 694 1955 partibus
716 1912 832 1954 plures
856 1912 979 1945 vivunt
1004 1912 1039 1944 in
1065 1913 1251 1946 manifesto

263 1971 295 1997 ct
310 1963 513 2009 Cycloplico
531 1963 592 1997 Dei
612 1962 815 1995 contemtu?

263 2021 371 2058 gnant
394 2022 425 2048 et
451 2020 710 2059 persequuntur
734 2013 940 2047 veritatem?
992 2011 1049 2047 An
1075 2026 1148 2047 non
1171 2015 1251 2047 ubi-

262 2078 329 2111 que
347 2065 540 2110 plurimum
560 2072 610 2098 est
630 2064 867 2103 temulentiae,
894 2065 1171 2108 superstitionis,
1195 2077 1251 2098 so-
1276 2086 1277 2094 1

263 2115 447 2160 11111511005,
492 2116 715 2155 ambitionis,
758 2113 1042 2149 Pliarisaicorum
1072 2117 1252 2158 odiorum,

264 2167 614 2201 venenatissimorum
640 2166 916 2205 calumniarum,

263 2219 416 2260 signium
438 2218 631 2252 vitiorum?
683 2216 784 2250 lianc
803 2218 1036 2261 promiscuam
1062 2220 1249 2252 colluviem

266 2322 449 2355 intuentur
481 2321 603 2353 anxiae
636 2327 788 2357 mentes,
831 2320 914 2365 quid
948 2321 1042 2352 aliud
1076 2323 1252 2363 rogitent?

265 2385 368 2418 quain
396 2385 465 2404 11011
493 2385 563 2404 esse
589 2379 882 2411 consentaneum,
925 2378 962 2404 ut
989 2379 1035 2404 tot
1064 2369 1248 2406 111111111111111

263 2424 387 2461 millia,
415 2431 497 2468 quot
518 2424 560 2455 ab
581 2423 682 2455 initio
699 2423 823 2455 mundi
841 2434 950 2469 usque
967 2424 1008 2455 ad
1028 2431 1247 2456 mortuorum

264 2475 564 2509 resuscitationem
596 2474 754 2509 suerunt.
791 2481 895 2516 sunt,
931 2481 964 2507 et
998 2482 1100 2507 erunt
1133 2475 1250 2518 impia,

263 2533 366 2571 atque
393 2526 548 2567 neglecto
573 2523 636 2558 Dei
664 2526 769 2558 verbo
798 2525 1022 2564 laxaverunt,
1057 2525 1189 2563 laxant,
1218 2534 1247 2560 et

264 2578 427 2609 laxalnint
465 2578 581 2609 11011115
612 2576 865 2620 cupiditatibus
893 2577 1162 2621 quibuscunque
1194 2578 1247 2610 su-

264 2635 338 2660 tura
358 2629 424 2660 sint
446 2636 520 2670 post
540 2626 629 2661 lianc
648 2628 754 2660 vitam
779 2628 814 2660 in
840 2628 1060 2670 sempiternis
1085 2629 1247 2660 eruciati-
1273 2635 1275 2658 J

262 2679 337 2711 bns.
412 2678 530 2724 ltaque
555 2686 668 2712 tantos
701 2677 765 2711 1100.
794 2679 1020 2719 cogitationes
1056 2679 1089 2711 in
1121 2680 1248 2712 animis

843 98 969 139 PHIL.
996 98 1113 137 MEL.
1137 98 1347 138 SCRIPTA
1375 97 1676 138 EXEGETICA.

868 1961 995 1995 Nonne
1012 1963 1114 1995 multi
1139 1976 1250 2007 oppu-
1276 1956 1277 1987 3

960 2174 991 2200 et
1018 2167 1170 2201 aliorum
1197 2169 1252 2201 in-
1276 2170 1277 2182 ¹

2206 101 2281 139 ⁷56

1291 187 1485 222 multorum
1510 188 1684 222 tumultus
1706 187 1819 228 cient,
1852 194 1892 222 ut
1913 187 2042 233 dilapsi
2065 200 2083 222 a
2110 200 2192 223 vera
2212 190 2280 224 do-

1293 238 1404 271 ctrina
1422 239 1465 272 ad
1482 239 1638 283 exempla
1655 238 1914 280 multitudinis,
1942 239 1989 273 ita
2007 239 2281 274 ratiocinemur:

1292 286 1383 322 Eece
1408 289 1493 334 quid
1515 289 1639 323 attinet
1655 296 1838 334 tantopere
1856 289 2060 323 discruciari
2078 291 2121 323 de
2138 289 2210 324 vita
2227 301 2282 324 se-

1294 345 1418 373 cutura
1447 346 1526 383 post
1554 347 1702 374 mortem
1732 341 1946 384 corporum?
1998 339 2056 374 An
2086 351 2281 374 recusarem

1295 401 1520 423 communem
1544 395 1595 424 tot
1612 391 1740 424 millies
1758 392 1856 425 mille
1871 389 2058 425 hominnm
2076 390 2282 424 fortunam?

1295 452 1334 474 ac
1355 441 1579 485 praecipuam
1603 441 1757 486 aliquam
1776 442 2026 487 propriamque
2044 441 2283 486 postularem?

1297 490 1372 524 Imo
1404 490 1572 537 quicquid
1601 491 1645 524 de
1670 498 1721 525 tot
1745 493 1843 526 mille
1867 493 2086 539 myriadibus
2114 498 2165 526 est
2186 492 2284 526 iutu-

1296 554 1394 583 rum,
1421 542 1514 576 idem
1538 553 1582 575 ne
1604 539 1692 574 mihi
1709 543 1860 584 accidat,
1886 556 1955 589 qua
1969 544 2086 578 fronte
2103 542 2284 588 deprecari

1297 593 1435 626 ausim?
1486 592 1575 626 Nam
1600 592 1630 626 si
1653 593 1732 626 Deo
1756 605 1858 627 curae
1879 594 1997 629 forent
2020 606 2074 628 res
2100 592 2286 634 humanae,

1297 655 1518 689 nequaquam
1551 643 1682 677 sineret
1710 650 1843 677 tantam
1871 641 2058 679 hominum
2082 644 2285 679 multitudi-

1297 706 1378 727 nem
1401 701 1471 728 tam
1497 691 1719 728 horribiliter
1743 694 1834 735 labi,
1862 701 1896 728 et
1919 696 2099 730 erroribus
2117 696 2203 729 adeo
2220 695 2285 728 tri·

1297 744 1410 779 stibus
1434 745 1634 789 implicari?
1687 744 1803 788 Quid,
1828 746 1922 791 quod
1949 746 2114 780 citissime
2139 752 2286 779 manant

1298 795 1456 839 contagia
1490 807 1594 839 prava
1618 796 1850 841 opinionum,
1886 809 2026 830 morum
2052 803 2086 831 et
2108 796 2288 840 exemplo-

1299 846 1401 879 rum'?
1435 846 1638 890 praesertim
1664 847 1757 880 inter
1781 859 1859 886 eos,
1887 859 2042 893 quorum
2062 854 2113 882 est
2137 846 2288 880 interior

1298 897 1518 931 familiaritas
1535 903 1569 930 et
1586 897 1724 931 assidua
1742 899 1973 932 conversatio.

1402 964 1713 1008 Quemadmodum
1740 973 1875 1001 constat
1898 977 2186 1012 unumquemque
2210 965 2288 1009 opi-

1299 1016 1470 1049 nionibus
1499 1022 1533 1049 et
1563 1017 1722 1050 moribus
1752 1017 1946 1059 eiusmodi,
1981 1018 2055 1051 sive
2085 1017 2189 1050 honis
2215 1017 2289 1049 sive

1299 1067 1422 1107 malis,
1446 1066 1543 1100 velut
1566 1066 1680 1101 imbui
1697 1079 1736 1101 ac
1754 1068 1986 1110 conformari,
2011 1069 2131 1114 quales
2147 1067 2289 1111 conspi-

1300 1117 1444 1151 ciuntur
1465 1124 1497 1150 et
1520 1117 1678 1151 eminent
1702 1118 1739 1151 in
1765 1118 1830 1159 iis,
1858 1131 2010 1164 quorum
2033 1118 2289 1153 consuetudine

1300 1168 1510 1202 delectatur:
1539 1168 1588 1202 sic
1609 1169 1747 1202 facilius
1773 1176 1806 1203 et
1829 1169 1916 1204 vitia
1944 1170 2144 1210 imitamur,
2171 1177 2204 1203 et
2222 1169 2290 1202 sal-

1301 1230 1354 1253 sas
1379 1218 1567 1262 opiniones
1591 1219 1856 1262 amplectimur,
1884 1233 1963 1253 cum
1984 1227 2128 1264 propter
2143 1227 2291 1254 nami-ae

1301 1270 1608 1314 depravationem,
1633 1276 1706 1303 tum
1726 1269 1808 1315 quia
1824 1271 1935 1304 teneri
1953 1277 1985 1304 et
2002 1270 2194 1304 imbecilles
2213 1269 2290 1303 ani-

1302 1320 1352 1354 mi
1374 1332 1547 1353 consensu
1572 1332 1610 1353 ac
1634 1321 1891 1354 consuetudine
1907 1321 2148 1355 multitudinis
2165 1321 2295 1365 impiae

1302 1370 1405 1405 citius
1421 1377 1609 1404 moventur
1623 1382 1662 1404 ac
1678 1369 1919 1405 attrahuntur.

1404 1427 1457 1462 De
1489 1435 1558 1462 tam
1591 1429 1698 1462 variis
1718 1429 1995 1471 offensionibus,
2028 1429 2222 1468 scandalis,
2257 1435 2292 1463 et

1303 1479 1473 1523 contagiis
1493 1479 1700 1524 perniciosis
1724 1480 1839 1525 inquit
1863 1480 2033 1515 Salomon
2052 1479 2222 1516 Proverb.
2237 1480 2290 1516 5.:

1303 1529 1419 1563 Paene
1443 1530 1492 1563 sui
1525 1531 1561 1562 in
1587 1531 1683 1563 omni
1709 1531 1857 1564 maloin
1874 1533 1991 1565 medio
2009 1531 2292 1574 congregationis

1304 1591 1363 1613 seu
1397 1581 1657 1622 multitudinis,
1698 1581 1759 1615 ubi
1790 1582 1886 1615 varia
1917 1594 2044 1625 genera
2073 1582 2290 1626 corruptela-

1303 1642 1400 1671 rum,
1428 1631 1464 1664 in
1481 1631 1627 1674 ritibus,
1657 1638 1690 1666 et
1708 1632 1884 1673 moribus,
1911 1645 1971 1667 seu
1988 1632 2144 1676 exempla
2161 1644 2292 1666 nocen-

1303 1681 1370 1722 tia,
1398 1689 1429 1716 et
1447 1683 1549 1715 salsas
1568 1683 1755 1727 opiniones
1772 1684 1936 1728 conspexi
1955 1697 1994 1718 ac
2010 1684 2130 1717 didici.

1405 1748 1511 1784 Scitis
1534 1749 1809 1783 innumerabiles
1833 1763 1872 1783 ex
1891 1752 2092 1791 iuventute,
2121 1752 2293 1786 1101115111-

1303 1800 1415 1843 geniis
1437 1801 1631 1845 praeditos,
1661 1808 1693 1834 et
1718 1802 1760 1834 ad
1785 1801 1951 1836 virtutem
1975 1803 2140 1841 idoneos,
2166 1804 2292 1847 depra-

1304 1852 1377 1884 vari
1401 1859 1433 1885 et
1457 1852 1573 1884 seduci
1601 1852 1702 1885 malis
1724 1853 1914 1892 sodalitiis,
1940 1866 2028 1899 quae
2052 1853 2220 1896 exemplis
2235 1854 2292 1886 in-

1276 1906 1278 1909 ’
1305 1902 1415 1936 vitant
1441 1903 1575 1947 alioqui
1600 1903 1713 1937 bonos
1737 1904 1778 1936 ad
1799 1903 2021 1945 societatem,
2049 1904 2103 1937 vet
2122 1903 2290 1939 imitatio-

1304 1966 1383 1987 nem
1400 1954 1582 1987 scelerum.

1406 2013 1586 2045 Adversus
1603 2019 1651 2046 tot
1669 2013 1829 2046 scandala
1846 2019 1878 2047 et
1896 2012 2055 2055 contagia
2071 2015 2158 2048 adeo
2170 2016 2291 2050 multi-

1303 2063 1425 2107 plicia,
1454 2064 1576 2096 0101110
1600 2075 1872 2107 praemonemur
1895 2071 1925 2097 et
1954 2066 2222 2107 praemunimur
2238 2079 2292 2100 se-

1304 2115 1393 2147 veris
1413 2115 1584 2148 mandatis
1603 2122 1706 2158 atque
1725 2115 2061 2149 comminationibus
2078 2116 2225 2151 divinis:
2253 2125 2292 2153 ut

1302 2163 1415 2199 Exodi
1435 2166 1496 2201 23.
1530 2165 1612 2199 dicit
1639 2165 1734 2199 Deus
1762 2167 1946 2209 expresse}
1978 2165 2207 2212 Nequaquam
2236 2180 2292 2202 se-

1276 2258 1277 2264 *
1303 2217 1422 2261 quaris
1454 2218 1592 2250 turbam
1624 2229 1684 2250 seu
1716 2218 1981 2251 multitudinem
2014 2219 2055 2250 ad
2090 2219 2288 2252 faciendum

263 2270 435 2303 maximae
450 2269 691 2302 multitudinis
709 2270 743 2301 in
762 2280 886 2312 genere
906 2267 1079 2307 humano,
1109 2272 1250 2315 quaudo
1276 2269 1277 2278 ¹

1303 2269 1452 2306 1110111111,
1486 2280 1547 2301 1100
1579 2270 1789 2312 respondeas
1819 2270 1854 2302 in
1889 2268 2018 2301 iudicio
2040 2268 2222 2303 declinans
2245 2271 2289 2304 ad

1303 2320 1567 2353 multitudinem
1592 2320 1837 2353 declinantem.
1891 2320 1943 2353 Sit
1963 2319 2081 2361 regula
2101 2320 2192 2354 vitae
2211 2333 2290 2355 ver-

1303 2371 1385 2403 bum
1412 2369 1493 2409 Dei,
1528 2383 1597 2415 111111
1627 2378 1792 2417 tanquam
1819 2383 1940 2404 norma
1966 2370 2139 2404 divinitus
2162 2372 2289 2407 tradita

1303 2429 1468 2465 regantur
1493 2422 1680 2464 opiniones
1702 2429 1734 2455 01
1753 2433 1887 2460 mores,
1916 2433 1987 2454 nou
2007 2421 2173 2466 exemplis
2190 2429 2221 2457 et
2240 2424 2288 2456 ri-

1274 2503 1275 2506 ,
1302 2474 1394 2506 tibus
1412 2474 1672 2506 disce-dentibus
1690 2486 1707 2505 a
1727 2473 1897 2515 scriptura
1917 2469 2124 2515 111-0111101100
2142 2480 2173 2507 01
2191 2471 2288 2518 Apo-

1302 2525 1434 2559 51111100.
1499 2524 1712 2557 Meministis
1743 2524 1836 2556 0111111
1865 2521 1930 2556 11110
1956 2530 2177 2568 praeceptum
2200 2525 2286 2558 sub-

1303 2576 1384 2608 inde
1409 2576 1443 2608 in
1463 2576 1568 2609 sacris
1586 2575 1695 2607 literis
1715 2575 1882 2608 inculcari
1901 2582 1931 2609 et
1950 2574 2077 2618 repeti.
2102 2581 2139 2607 ut
2158 2573 2287 2612 Maub.

1305 2626 1376 2661 17.:
1413 2626 1480 2660 1110
1508 2633 1557 2659 est
1589 2626 1681 2658 tilius
1704 2638 1800 2658 meus
1825 2626 1993 2668 dilectus,
2028 2636 2098 2669 quo
2122 2625 2287 2668 60100101,

1302 2676 1394 2711 1111110
1427 2678 1564 2717 audite,
1603 2677 1718 2710 (ialat.
1741 2678 1787 2711 l.:
1832 2678 1869 2711 Si
1900 2677 1978 2721 quis
2002 2675 2097 2709 aliud
2123 2673 2285 2721 Evange-
