2409 2915
3 1751 5 1787 -„„
3 1641 7 1713 .„„„⁴
0 1514 9 1583 -.4
0 1394 1 1397 „

73 111 149 147 217
603 105 684 143 XII.

71 201 155 229 sunt
172 193 381 235 inefficacia,
406 199 465 227 aut
482 191 600 232 irrita,
627 192 686 223 sed
704 191 840 229 valent,
879 190 959 236 quia
983 191 1051 223 mi-

70 245 253 279 nisterium
287 257 359 278 non
388 249 439 277 est
467 242 611 275 istarum
637 252 885 286 personnarum,
921 242 978 274 sed
1002 248 1050 275 est

70 294 257 330 Ecclesiae.

403 375 459 398 De
494 375 726 399 secundo.

172 428 266 462 Haec
281 427 446 471 parabola
464 426 500 459 in
519 438 645 470 genere
663 434 714 460 est
737 424 966 459 comminatio
989 427 1051 459 ad-

71 491 189 513 versus
211 489 332 510 omnes
356 477 511 520 ingratos
541 477 701 511 omnium
734 483 952 520 temporum,
987 477 1047 521 qui

71 531 217 564 miscent
231 526 404 561 humanos
423 527 566 561 affectus
584 528 779 561 ministerio
796 525 999 569 Evangelii,
1018 534 1051 561 et

70 579 215 625 privatis
233 578 484 622 cupiditatibus
502 586 709 622 praetexunt
725 590 854 610 nomen
873 578 960 618 Dei,
986 590 1050 610 no-

70 642 151 663 men
167 627 370 672 Evangelii,
397 640 526 661 nomen
545 627 731 663 Ecclesiae.
774 627 841 661 Sed
860 636 974 661 tamen
995 626 1050 661 hic

70 681 267 724 plerunque
291 680 421 713 dicitur
445 680 487 712 de
510 680 691 713 vocatione
713 679 890 722 gentium,
918 680 961 711 de
983 690 1049 723 qua

70 731 206 776 quoties
222 729 371 770 dicitur,
397 730 658 774 complectenda
682 737 730 763 est
755 730 914 762 doctrina
931 727 1050 762 Evan-

70 781 152 825 getii
183 781 226 814 de
256 781 405 824 gratuita
438 781 644 813 remissione
675 787 905 825 peccatorum.
966 778 1050 813 Ideo

71 832 165 865 enim
189 831 227 864 fit
250 831 452 876 exaequatio
476 832 631 874 gentium
659 839 691 865 et
708 832 937 868 Iudaeorum,
970 829 1050 874 quia

70 882 125 915 lex
155 893 229 914 non
262 889 416 915 meretur
449 882 689 914 remissionem
719 888 956 923 peccatorum:
993 880 1051 912 sed

71 933 225 966 donatur
247 932 486 965 reconciliatio
513 939 656 976 propter
679 931 809 982 Filio-m
836 931 905 964 Dei
927 930 1052 973 gratis:

69 989 103 1016 et
123 980 207 1015 haec
233 982 426 1016 consolatio
445 990 593 1027 utraque
612 995 718 1015 manu
743 983 892 1016 tenenda
915 988 980 1020 est,
1015 987 1053 1013 ut

71 1033 139 1066 fide
173 1033 347 1076 possimus
379 1034 542 1066 invocare
565 1032 679 1066 Deum
706 1033 743 1065 in
768 1044 848 1065 vera
875 1031 1053 1075 agnitione

71 1081 215 1117 Christi.

424 1149 481 1172 De
517 1148 693 1173 tertio.

175 1200 242 1233 Hic
274 1201 311 1233 fit
341 1201 473 1234 mentio
504 1201 640 1233 denarii
676 1207 709 1233 et
748 1199 934 1240 mercedis,
974 1200 1053 1232 ideo

72 1250 168 1285 hunc
193 1251 310 1284 locum
333 1251 523 1284 adversarii
549 1252 649 1283 valde
673 1250 847 1284 iactitant:
886 1251 945 1282 sed
971 1252 1053 1283 dum

71 1303 229 1336 rixamur
245 1301 288 1333 de
307 1301 460 1341 meritis,
488 1308 521 1334 et
537 1301 628 1333 rixas
645 1306 840 1344 sequuntur
859 1301 967 1333 multa
988 1298 1054 1333 hu-

70 1363 173 1385 mana
191 1351 293 1391 vitia,
328 1351 470 1390 odium,
505 1351 659 1384 studium
685 1351 875 1395 quaerendi
900 1348 1052 1383 humana

72 1402 263 1446 praesidia,
299 1401 479 1445 superbia,
514 1401 682 1441 iniuriae,
717 1401 754 1434 fit
783 1407 820 1433 ut
845 1401 949 1444 primi
970 1400 1053 1433 fiant

71 1452 278 1492 novissimi,
305 1459 337 1485 et
355 1453 447 1485 bona
465 1464 565 1485 causa
587 1452 676 1484 male
693 1452 827 1494 agendo
849 1463 1052 1494 corrumpa-

72 1511 146 1538 tur:
181 1502 260 1535 ideo
290 1503 443 1546 primum
466 1502 734 1536 commonefacti
763 1500 825 1534 hac
852 1502 1052 1544 gravissima

72 1553 364 1593 comminatione,
390 1560 589 1586 reverenter
611 1553 793 1586 audiamus
810 1550 1053 1594 Evangelium,

73 1605 182 1638 simus
215 1604 333 1637 fideles
362 1603 399 1636 in
426 1604 640 1643 ministerio,
674 1604 782 1636 simus
808 1603 994 1645 patientes,
1021 1610 1053 1636 et

73 1654 186 1688 luceat
202 1654 287 1686 fides
308 1661 426 1687 nostra
455 1654 491 1686 in
518 1654 733 1697 professione
753 1654 846 1686 fidei.
907 1653 974 1687 Sed
1002 1660 1052 1686 ta-

72 1717 153 1738 men
171 1705 362 1737 resutemus
378 1705 534 1738 modeste
551 1704 756 1736 immodicas
782 1704 902 1735 laudes
924 1704 1054 1745 meriti,

74 1767 161 1801 quas
178 1766 250 1788 non
270 1761 362 1787 recte
380 1766 419 1787 ex
435 1753 501 1787 hoc
519 1761 612 1788 textu
630 1761 830 1797 excerpunt.

176 1804 229 1839 Ac
262 1805 346 1838 satis
380 1812 522 1848 apparet
546 1805 648 1837 etiam
672 1811 753 1837 ante
778 1802 861 1837 haec
887 1811 1055 1848 tempora,

73 1856 142 1901 piis
155 1856 365 1889 vocabulum
383 1855 497 1888 meriti
526 1855 653 1888 multos
679 1855 862 1898 scrupulos
886 1855 1055 1895 iniecisse,

75 1908 155 1940 ideo
182 1906 335 1950 erumpit
357 1905 559 1938 Bernartius
583 1906 617 1937 in
645 1903 735 1938 hanc
757 1917 895 1945 vocem,
928 1906 1054 1939 sufficit

75 1959 118 1991 ad
152 1957 316 1990 meritum
350 1957 457 1995 scire,
491 1957 584 2001 quod
611 1968 682 1989 non
709 1956 856 1989 sufficiat
880 1956 1055 1995 meritum,

75 2006 142 2041 hoc
157 2008 240 2052 quid
263 2007 357 2040 aliud
384 2014 454 2046 est,
487 2019 590 2052 quam
616 2008 708 2052 quod
734 2013 894 2050 oporteat
916 2008 1055 2039 credere

74 2066 218 2103 propter
233 2056 411 2091 Christum
428 2059 535 2101 arcipi
550 2059 656 2091 vitam
674 2065 863 2096 aeternam,
882 2069 952 2089 non
974 2069 1056 2100 pro-

77 2117 153 2153 pter
169 2115 285 2141 nostra
303 2108 449 2141 merita?
477 2108 575 2141 Sicut
591 2108 676 2140 alias
695 2109 767 2151 ipse
783 2108 911 2141 clarius
929 2108 1024 2142 dicit.

177 2159 219 2192 In
252 2159 556 2191 accommodandis
579 2159 755 2202 parabolis
783 2159 972 2191 videndum
998 2165 1058 2199 est,

78 2221 166 2255 quae
182 2210 225 2242 sit
243 2208 447 2251 principalis
467 2208 678 2252 propositio,
713 2216 744 2242 et
760 2209 859 2242 cuius
884 2209 932 2241 rei
960 2209 1057 2241 simi-

77 2261 191 2294 litudo
208 2260 382 2303 pingatur.

77 2312 139 2345 bra
158 2316 375 2353 congruunt,
412 2316 448 2341 ut
468 2307 524 2342 hic
547 2320 656 2351 genus
679 2310 860 2343 convenit:
895 2311 1058 2343 beneme-

77 2361 135 2395 riti
155 2369 269 2405 postea
292 2360 497 2397 insolentes,
534 2367 566 2393 et
585 2359 711 2402 ingrati
733 2360 938 2398 efficiuntur,
968 2361 1059 2394 reci—

77 2412 226 2457 piuntur
261 2412 490 2451 obsequentes
526 2418 556 2444 et
595 2410 695 2452 grati.
770 2409 885 2443 Huius
920 2411 1058 2453 regulae

79 2462 249 2506 generalis
267 2462 380 2504 imago
400 2461 567 2505 pingitur,
587 2473 648 2493 nec
666 2472 802 2493 neccsse
819 2467 865 2493 est
878 2461 1058 2503 ipsaprae-

78 2513 148 2546 mia
182 2512 345 2545 similiter
374 2523 409 2544 se
431 2509 579 2552 habere,
613 2513 701 2544 sicut
727 2509 783 2543 liic
808 2511 1057 2545 dissimilitudo

81 2571 149 2604 est,
182 2563 263 2608 quia
290 2562 454 2595 denarius
483 2564 585 2595 datus
610 2569 659 2595 est
685 2563 786 2595 etiam
810 2563 964 2603 ingratis.
1012 2564 1059 2597 At

81 2614 152 2648 vita
167 2621 306 2648 aeterna
323 2625 394 2645 non
415 2614 516 2646 datur
533 2611 606 2653 his,
643 2613 701 2657 qui
729 2611 785 2645 lu'c
814 2613 1059 2656 intelliguntur

81 2665 190 2699 reiici.
244 2663 324 2697 Non
344 2664 449 2707 igitur
467 2664 689 2709 quadraliunt
712 2664 887 2701 membra,
925 2665 952 2697 si
979 2665 1058 2698 ubi-

737 103 1129 140 ANNOTATIONES
1168 104 1216 138 IN
1250 104 1547 143 EVANGELIA.

437 2258 516 2291 'Non
533 2259 626 2291 enim
645 2270 780 2303 semper
797 2259 931 2302 singula
949 2272 1057 2291 mem-
1082 2275 1083 2279 ¹

1082 2550 1084 2557 ⁴
1110 2514 1324 2552 mercedem,
1359 2513 1438 2557 quia
1462 2520 1661 2556 compensat
1687 2518 1776 2544 recte
1806 2512 1904 2543 facta.

2010 109 2082 144 218

1103 201 1171 235 que
1199 191 1382 224 denarium
1406 192 1448 224 de
1473 193 1542 226 vita
1565 199 1702 226 aeterna
1731 191 1985 237 interpreteris:
2031 201 2081 227 est

1103 252 1172 285 que
1187 242 1370 285 praecipua
1391 242 1531 275 collatio
1564 255 1636 276 non
1659 244 1694 276 in
1720 244 1953 278 similitudine
1981 256 2081 288 prae—

1102 290 1272 331 miorum,
1299 291 1410 324 sedin
1435 291 1666 326 similitudine
1691 295 1965 336 ingratitudinis.
2021 293 2081 327 Iu—

1101 341 1178 373 daei
1203 353 1282 373 cum
1309 343 1432 375 fierent
1456 341 1581 385 ingrati
1605 344 1831 385 reiiciuntur,
1864 345 1956 378 nacti
1980 351 2080 378 antea

1102 391 1277 435 praemia,
1303 404 1392 437 quae
1410 392 1488 425 data
1506 393 1644 426 fuerant
1661 400 1734 426 tum
1760 396 1972 437 praesentia,
2006 402 2079 429 tum

1103 449 1280 486 perpetua.
1345 442 1448 476 Nunc
1484 443 1542 475 alii
1572 444 1808 487 recipiuntur,
1847 452 1886 478 ut
1919 445 2005 489 grati
2038 446 2080 478 iis

1103 493 1264 536 praemiis
1279 493 1461 534 fruantur,
1489 505 1576 538 quae
1592 495 1781 529 dabuntur.
1831 493 1926 528 Haec
1944 507 2079 528 accom—

1102 543 1256 576 modatio
1279 544 1415 585 generis
1440 551 1489 577 est
1511 544 1628 578 nativa
1658 544 1829 579 sententia
1854 551 1985 583 textus,
2020 557 2079 577 ur-

1101 604 1178 636 gere
1194 593 1231 626 in
1250 594 1396 637 singulis
1411 595 1575 628 membris
1589 595 1868 636 similitudinem,
1885 595 2080 629 calumnio-

1102 655 1178 677 sum
1195 651 1257 678 est.

1201 693 1384 728 Caeterum
1403 701 1434 728 et
1451 693 1516 728 hoc
1531 696 1637 729 modo
1655 697 1792 730 contexi
1808 696 1944 740 singula
1971 708 2080 729 mem-

1102 745 1163 777 bra
1181 752 1341 788 possunt:
1379 744 1426 779 Ut
1447 747 1695 789 paterfamilias
1717 748 1775 780 dat
1797 748 2001 788 denarium,
2033 747 2080 780 ita

1101 794 1197 828 Deus
1219 796 1279 829 dat
1305 794 1538 839 Evangelium
1562 797 1741 840 patribus,
1778 795 1982 841 Prophetis,
2017 809 2081 841 po-

1103 845 1205 889 pulo,
1233 853 1347 880 tamen
1368 847 1518 890 populus
1535 847 1570 880 fit
1587 847 1762 890 ingratus,
1789 860 1896 892 quare
1914 848 2082 888 reficitur,

1103 903 1135 930 et
1153 898 1292 929 tandem
1309 897 1436 930 retinet
1452 898 1658 938 denarium,
1695 900 1752 932 sed
1779 910 1850 931 non
1877 898 2006 931 fruitur
2029 909 2082 936 eo,

1103 946 1183 991 quia
1200 947 1386 994 promissio
1402 959 1473 980 non
1492 955 1541 981 est
1560 947 1657 981 irrita
1670 975 1680 989 ,
1707 961 1796 993 quae
1820 950 1862 981 ad
1880 949 2026 981 ludaeos
2049 954 2082 981 et

1104 1003 1222 1040 gentes
1244 997 1415 1041 pertinet,
1458 1005 1489 1031 et
1510 1000 1690 1042 prodesset
1717 999 1875 1039 Iudaeis,
1910 999 1937 1032 si
1962 999 2081 1031 crede-

1105 1054 1201 1088 rent,
1225 1054 1263 1082 ut
1280 1047 1385 1082 Rom.
1407 1049 1465 1082 11.
1483 1049 1700 1092 disputatur:
1723 1049 2002 1083 communicatur
2020 1060 2082 1082 au-

1107 1106 1172 1131 tem
1197 1099 1358 1141 gentibus
1372 1097 1624 1142 Evangelium,
1652 1112 1741 1145 quae
1763 1101 1851 1134 fiunt
1869 1099 2023 1133 Ecclesia
2048 1106 2083 1133 et

1107 1150 1256 1192 populus
1275 1147 1360 1189 Dei,
1402 1150 1430 1181 si
1464 1151 1657 1184 manserint
1686 1151 1786 1193 grati.
1848 1150 1936 1183 Nam
1962 1151 2082 1182 eadem

1108 1200 1270 1242 parabola
1287 1200 1532 1233 universaliter
1551 1200 1708 1234 minatur
1730 1208 1763 1235 et
1782 1200 1919 1234 Iudaeis
1941 1208 1973 1233 et
1998 1211 2082 1243 gen-

1106 1250 1218 1287 tibus,
1260 1250 1288 1282 si
1310 1257 1485 1283 accersant
1510 1251 1776 1294 negligentiam,
1811 1258 1843 1285 et
1866 1257 2080 1284 contemtum

1105 1300 1188 1343 Dei,
1226 1306 1259 1333 et
1282 1299 1413 1332 similes
1434 1301 1586 1342 surore8‚
1623 1302 1711 1335 sicut
1736 1309 1820 1335 tunc
1847 1301 1965 1335 Iudaei
1992 1301 2083 1334 sece-

1106 1357 1200 1384 runt.
1253 1349 1349 1383 Haec
1366 1352 1640 1385 accommodatio
1658 1353 1739 1385 satis
1755 1352 1928 1385 concinna
1949 1358 2008 1385 est.

1208 1400 1245 1434 Si
1262 1400 1340 1446 quis
1355 1407 1469 1434 autem
1484 1414 1555 1434 non
1572 1403 1700 1436 desinit
1714 1414 1836 1446 urgere
1852 1408 1984 1446 partem
2010 1401 2083 1434 col-

1105 1451 1261 1492 lationis,
1289 1451 1369 1496 quia
1388 1449 1444 1484 hic
1467 1459 1601 1486 tantum
1626 1453 1756 1487 dicitur
1777 1453 1853 1486 dari
1878 1463 2007 1485 merces
2030 1452 2085 1492 iis,

1105 1503 1164 1548 qui
1183 1510 1263 1536 sunt
1284 1502 1391 1545 grati,
1419 1504 1623 1547 responderi
1648 1510 1762 1548 potest
1786 1516 1826 1537 ex
1849 1501 1914 1536 hae
1940 1503 2014 1547 ipsa
2037 1502 2084 1535 si-

1105 1553 1319 1586 militudine.
1370 1552 1540 1588 Primum.

1207 1603 1274 1636 Hic
1292 1603 1366 1636 dari
1389 1604 1621 1648 inaequaliter
1635 1603 1786 1637 meritis:
1819 1614 1900 1647 ergo
1919 1615 1991 1636 non
2008 1609 2085 1637 tan-

1106 1662 1177 1688 tum
1195 1651 1346 1687 habetur
1360 1654 1449 1687 ratio
1473 1654 1699 1694 meritorum,
1737 1654 1795 1686 sed
1812 1654 2006 1696 significare
2022 1665 2085 1685 vo-

1105 1705 1171 1738 luit
1188 1702 1371 1741 Christus,
1406 1704 1523 1747 potius
1544 1704 1767 1747 spectandam
1791 1715 1862 1736 esse
1885 1703 2084 1736 misericor-

1105 1755 1198 1788 diam
1217 1752 1313 1795 Dei,
1343 1766 1448 1799 quam
1475 1762 1593 1787 nostra
1617 1754 1752 1789 merita.
1802 1752 1876 1787 Hoc
1900 1753 1998 1786 fateri
2022 1754 2084 1786 ad-

1106 1806 1275 1838 versarios
1292 1816 1430 1838 necesse
1453 1811 1512 1837 est.
1568 1804 1653 1837 Mox
1678 1811 1792 1837 autem
1819 1802 1904 1838 haec
1928 1804 2084 1849 quaestio

1105 1856 1280 1901 sequitur,
1297 1854 1386 1888 Cum
1406 1855 1644 1888 misericordia
1665 1855 1850 1898 spectanda
1869 1855 1922 1894 sit,
1939 1867 1982 1886 an
1993 1855 2084 1887 fidu-

1106 1907 1156 1938 cia
1172 1906 1430 1939 misericordiae
1456 1906 1561 1948 possit
1587 1917 1625 1938 ex
1651 1905 1855 1938 conditione
1877 1905 2083 1938 meritorum

1107 1957 1267 2000 pendere,
1329 1955 1476 1990 Constat
1508 1962 1622 1989 autem
1655 1955 1853 1989 labefactari
1878 1953 1968 1988 hanc
1994 1956 2084 1988 fidu-

1106 2008 1214 2047 ciam,
1241 2007 1268 2040 si
1289 2008 1438 2040 addatur
1453 2006 1610 2039 conditio
1633 2013 1772 2039 nostrae
1796 2006 1985 2049 dignitatis.
2039 2004 2084 2039 Et

1080 2094 1081 2098 Ἰ
1106 2065 1188 2091 nota
1206 2065 1255 2090 est
1274 2057 1372 2090 Pauli
1398 2057 1588 2090 sententia:
1625 2058 1707 2090 Ideo
1731 2069 1771 2090 ex
1796 2057 1861 2090 side
1885 2056 2012 2100 gratis,
2046 2063 2082 2089 ut

1107 2115 1197 2142 certa
1217 2116 1249 2141 et
1269 2109 1366 2141 firma
1387 2108 1430 2141 sit
1450 2108 1648 2152 promissio,

1209 2159 1370 2204 Denique
1401 2160 1572 2199 concedo,
1614 2159 1776 2193 usitatam
1811 2156 1964 2201 phrasim
2000 2156 2085 2199 legis

1108 2221 1180 2243 esse
1199 2211 1241 2242 de
1258 2218 1396 2243 aeterna
1416 2210 1507 2249 vita,
1540 2216 1577 2242 nt
1605 2211 1646 2241 de
1672 2209 1830 2242 mercede
1854 2207 1968 2253 loqui,
2003 2207 2083 2251 quia

1110 2261 1159 2293 lex
1177 2261 1281 2293 etiam
1301 2262 1343 2293 dc
1362 2261 1447 2300 fide,
1478 2267 1644 2304 tanquam
1663 2261 1706 2292 de
1728 2266 1844 2292 nostra
1870 2258 2005 2291 iusticia
2032 2258 2083 2289 lo-

1109 2311 1246 2356 quitur,
1274 2318 1440 2344 ettamen
1459 2311 1585 2343 scimus
1602 2311 1704 2343 fidem
1732 2322 1803 2342 non
1828 2321 1899 2342 esse
1922 2309 2084 2341 fiduciam

1109 2370 1246 2396 nostrae
1263 2362 1462 2403 dignitatis,
1479 2362 1536 2393 sed
1556 2361 1718 2393 fiduciam
1737 2360 1994 2392 misericordiae
2009 2357 2084 2392 Dei.

1208 2412 1389 2445 Postremo
1407 2419 1438 2445 et
1457 2409 1522 2443 hoc
1539 2423 1658 2444 verum
1676 2418 1746 2449 est,
1775 2411 1879 2443 vitam
1900 2416 2086 2447 aeternam,

1108 2463 1169 2496 etsi
1202 2464 1305 2496 datur
1334 2469 1477 2506 propter
1497 2459 1696 2501 Christum,
1738 2468 1852 2493 tamen
1887 2459 1988 2491 simul
2014 2470 2085 2491 esse

1964 2509 2087 2542 Minus

1109 2571 1195 2598 esset
1213 2564 1491 2608 disputationum
1508 2565 1550 2595 de
1568 2561 1631 2595 hoc
1650 2561 1839 2594 vocabulo.
1867 2561 1893 2593 si
1913 2572 1983 2592 non
2004 2561 2086 2592 inde

1109 2615 1214 2648 nimis
1243 2616 1392 2647 absurda
1420 2613 1648 2647 extruxissent
1674 2609 1848 2644 monachi.
1910 2610 1997 2644 Nam
2025 2623 2086 2644 au—

1108 2666 1179 2699 dita
1200 2664 1262 2699 hac
1282 2678 1364 2699 voce
1383 2664 1568 2703 mercedis,
1596 2670 1712 2707 postea
1734 2675 1875 2707 prorsus
1895 2669 1931 2696 ut
1957 2662 1993 2694 in
2019 2659 2085 2694 liu—
