2409 2915
303 87 372 123 5‘71

306 174 435 206 bulatoi
492 166 629 202 Deinde
645 163 682 198 hi
700 174 842 209 quoque
860 161 1021 195 esuriunt
1040 167 1073 195 et
1096 160 1222 194 sitiunt
1243 159 1296 192 iu-

309 223 441 257 sticiam
454 246 462 260 ,
489 218 550 264 qui
569 228 651 250 vero
670 215 794 248 dolore
811 220 841 247 et
860 213 933 246 zelo
953 211 1199 246 excruciantur
1215 222 1298 254 pro-

308 281 385 318 pter
411 269 654 304 confusionem
680 265 862 299 doctrinae
888 263 1046 297 coelestis
1068 262 1106 296 in
1130 260 1298 300 Ecclesia,

308 330 450 369 propter
478 318 635 353 veritatis
667 315 971 350 labefactationem
1003 321 1036 348 et
1067 314 1194 358 impias
1222 322 1299 344 cor-

309 373 479 419 ruptelas,
516 370 598 416 quia
629 368 751 401 vident
779 366 951 409 plurimos
975 376 1138 409 perverse
1163 364 1301 401 docere,

311 425 518 459 confirmare
546 427 580 454 et
607 419 764 453 stabilire
795 417 907 456 idola,
942 415 1160 450 comminisci
1190 423 1300 445 novos

311 486 447 510 errores
472 480 536 506 etc.
562 483 601 504 ac
627 475 802 513 gementes
829 473 950 508 orant,
977 473 1016 501 ut
1039 465 1134 500 Dens
1159 464 1302 499 adiuvet

311 524 603 570 propagationem
630 532 712 553 suae
743 518 921 558 veritatis,
964 524 998 552 et
1028 524 1124 551 sanet
1155 515 1301 549 vulnera

311 575 489 612 Ecclesiae
507 572 691 607 extricatae
709 582 749 602 ex
766 569 954 604 erroribus.

897 75 1024 112 PHlL.
1051 73 1168 110 MEL.
1193 71 1401 110 SCRIPTA
1427 70 1731 108 EXEGETICA.

2260 73 2338 110 572

1324 164 1326 169 ’
1351 156 1532 201 deceptive
1557 163 1658 196 sunt,
1688 168 1727 190 ac
1755 162 1897 200 propter
1922 155 2143 200 probabilem
2163 156 2336 192 rationem

1351 207 1482 242 talibus
1496 207 1609 241 lenire
1628 207 1785 241 miserias
1799 207 1925 240 studet.

1452 257 1512 292 Sic
1527 257 1624 291 Deus
1640 265 1691 292 est
1709 258 1908 291 misericors
1925 257 1961 290 in
1985 255 2197 300 recipiendis
2218 257 2337 300 primis

1351 308 1560 353 parentibus
1574 306 1712 342 Adamo
1728 316 1761 343 et
1776 308 1867 347 Eva,
1895 319 2047 353 quorum
2065 307 2181 350 lapsus
2197 308 2260 340 etsi
2277 308 2340 340 tri-
2391 319 2400 325 “

1353 359 1526 393 stissimus
1542 358 1628 397 fuit,
1657 366 1773 392 tamen
1798 359 1865 404 ipsi
1884 371 1957 392 non
1984 358 2135 403 superbo
2161 363 2341 392 contemtu

1352 409 1419 444 Dei
1444 409 1591 443 scientes
1612 416 1647 443 et
1669 407 1866 453 blasphemi
1891 410 2097 443 offuderunt
2119 408 2198 441 aliis
2218 409 2340 442 salsam

1354 460 1631 505 persuasionem,
1648 467 1686 494 ut
1702 460 1912 504 impulsores
1928 459 2062 493 diaboli
2078 460 2238 493 ardentes
2255 457 2341 493 hor-

1354 511 1454 545 ribili
1470 511 1552 545 odio
1571 509 1650 546 Dei.
1704 510 1891 555 Propterea
1909 510 2004 545 Deus
2028 508 2092 543 hac
2115 510 2343 544 distinctione

1355 562 1522 596 discernit
1539 559 1700 595 homines
1723 562 1838 605 lapsos
1855 568 1889 596 et
1908 562 2087 602 diabolos,
2115 562 2210 606 quod
2230 562 2344 606 rigide

411 625 471 660 Sic
491 621 666 657 Iohannes
676 619 902 664 Evangelista
921 626 1004 653 tunc
1022 616 1189 652 sustinuit
1209 626 1303 649 acres
1327 613 1330 651 ἲ
1355 613 1431 646 sine
1446 613 1518 646 ulla
1537 613 1756 657 mitigatione
1775 624 1930 646 severam
1953 613 2128 646 iusticiam
2153 619 2286 647 exercet
2310 618 2344 646 et
2378 607 2399 669 ἰ

312 678 473 716 dolores,
510 686 587 707 cum
613 671 755 705 Hebion
787 677 820 704 et
846 668 1064 705 Cherintbns
1096 667 1246 711 impium
1273 673 1304 699 et
1329 663 1331 705 ]
1355 663 1540 709 exequitur
1561 665 1727 697 adversus
1751 661 1975 708 blasphemos
1992 663 2164 698 diabolos.
2217 663 2265 698 At
2288 664 2345 697 iu-
2396 685 2400 691 .

312 725 558 771 blasphemum
575 725 703 767 dogma
721 729 934 766 sparserunt,
959 718 1182 754 detrahentes
1199 716 1304 752 Chri·
1329 707 1331 755 1,

313 787 365 814 sto
385 777 544 811 divinam
561 782 737 808 naturam.

416 828 464 861 At
491 827 534 860 de
569 825 766 870 Polycarpo
796 822 918 855 scribit
946 820 1128 859 Irenaeus,
1162 819 1303 852 solitum

1329 759 1332 783 1

1330 843 1333 870 l

314 891 415 924 saepe
432 878 524 911 veris
539 876 727 920 gemitibus
747 874 932 917 deplorare
945 898 954 911 ,
982 871 1077 916 quod
1102 882 1174 902 non
1193 869 1306 903 multo
1331 890 1334 925 ἱ

314 939 412 969 ante,
440 940 545 974 quam
563 925 760 959 horrendas
778 920 1015 967 blasphemias
1030 919 1226 955 Marcionis
1243 931 1306 953 au-

316 982 477 1017 divisset,
505 991 522 1011 a
541 976 616 1011 Deo
635 988 674 1009 ex
697 973 804 1007 huius
827 974 918 1007 vitae
942 972 1118 1006 curriculo
1144 978 1307 1005 evocatus

316 1039 412 1067 esset.
455 1029 668 1072 Quicunque
686 1026 794 1069 igitur
809 1036 890 1057 vero
909 1030 1007 1057 motu
1024 1022 1138 1056 cordis
1155 1022 1308 1055 clamant

316 1085 357 1117 ad
375 1082 507 1120 Deum,
533 1083 707 1122 gementes
723 1088 762 1109 ac
775 1081 991 1112 moerentes,
1017 1086 1061 1107 ne
1079 1074 1308 1106 labefactetur

316 1142 347 1168 et
366 1131 588 1176 opprimatur
607 1129 753 1166 veritas,
782 1126 926 1159 illorum
946 1136 1062 1168 preces
1079 1135 1306 1170 nequaqnam

316 1191 398 1218 sunt
421 1182 553 1215 irritae.

419 1233 468 1267 Ita
493 1230 621 1265 Daniel
646 1229 779 1272 ingenti
811 1234 910 1261 motu
945 1233 1108 1271 precatur
1133 1226 1177 1259 de
1207 1225 1308 1258 resti-

316 1285 448 1321 tuenda
473 1281 628 1316 Ecclesia
652 1286 686 1314 et
709 1279 966 1313 instauratione
991 1277 1114 1322 templi
1134 1276 1308 1321 lerosoly-

317 1336 453 1370 mitani.
506 1331 554 1366 Et
570 1329 746 1364 Ezechiel.
762 1329 797 1364 9.
815 1336 906 1363 vetat
920 1328 1015 1362 Deus
1038 1329 1084 1361 ab
1108 1328 1231 1370 angelo
1250 1339 1308 1359 oc-

319 1388 387 1421 cidi
405 1397 480 1424 eos,
507 1383 568 1428 qui
588 1388 731 1425 gemunt
749 1387 893 1424 propter
909 1379 1003 1412 idola
1021 1386 1051 1413 et
1071 1377 1309 1411 abominatio-

320 1450 379 1471 nes
403 1437 438 1469 in
458 1435 556 1469 luda.
581 1453 586 1457 -
613 1432 696 1465 ltem
715 1432 749 1465 3.
773 1430 860 1474 Reg.
879 1429 936 1464 19.
960 1430 1172 1474 proponitur
1194 1440 1310 1462 exem—

319 1490 416 1533 plum
445 1483 698 1531 pulcerrimum
730 1481 806 1514 veri
837 1489 869 1515 et
893 1481 1049 1514 ardentis
1074 1480 1138 1513 zeli
1164 1480 1202 1512 in
1230 1477 1309 1512 Elia

319 1539 495 1572 esuriente
524 1542 556 1568 et
591 1534 731 1567 sitiente
765 1532 957 1572 iusticiam,
998 1532 1141 1576 quando
1170 1540 1310 1573 gemens

319 1586 554 1624 acerbissimis
581 1584 733 1629 querelis
762 1583 935 1616 clamitat:
971 1581 1055 1614 Zeto
1081 1581 1210 1614 zelatus
1233 1592 1309 1613 sum
1335 1602 1336 1605 =

319 1653 382 1685 pro
401 1638 560 1673 Domino
577 1634 653 1668 Deo
676 1634 911 1673 exercituum,
938 1633 1020 1677 quia
1046 1632 1312 1677 dereliquerunt
1336 1629 1337 1678 J

320 1699 459 1736 pactum
476 1696 575 1722 tuum
592 1687 655 1719 filii
672 1685 800 1724 Israel,
830 1684 953 1717 altaria
971 1690 1029 1716 tua
1047 1684 1312 1722 destruxerunt,

321 1750 354 1776 et
379 1737 572 1784 Prophetas
598 1745 676 1771 tuos
697 1736 901 1768 occiderunt
922 1734 1056 1777 gladiO,
1083 1740 1114 1765 et
1138 1733 1233 1765 solus
1256 1744 1308 1765 re-

321 1794 423 1826 lictus
446 1802 522 1824 sum
546 1801 628 1835 ego,
657 1787 756 1821 cuius
779 1786 933 1819 animam
958 1791 1132 1829 quaerunt
1153 1790 1190 1817 ut
1214 1784 1310 1816 ause·
1336 1799 1338 1826 g

1336 1866 1339 1877 .
1366 1829 1585 1873 impunitatis
1611 1842 1670 1874 spe
1698 1832 1922 1875 pergentibus
1955 1833 2098 1865 turbare
2129 1846 2353 1869 communem

1337 1880 1339 1915 ῗ
1365 1881 1578 1915 societatem.
1622 1881 1713 1915 lluic
1733 1889 1931 1926 opponatur
1947 1883 2081 1917 fulmen
2101 1885 2195 1918 vocis
2213 1886 2353 1920 divinae

321 1851 411 1877 rant.

341 1929 454 1962 Beati
480 1921 760 1963 misericordes,
788 1923 876 1965 quia
898 1918 1193 1954 misericordiam
1215 1930 1299 1953 con-

713 1976 923 2017 sequentur.

426 2043 523 2085 Quid
544 2042 662 2074 diss'ert
681 2039 922 2072 misericordia
943 2050 960 2071 a
981 2038 1142 2071 iusticia?
1171 2037 1313 2071 Insticia

323 2095 449 2130 iudicis
471 2099 521 2126 est
544 2093 637 2125 iuxta
661 2091 751 2133 leges
777 2090 900 2133 punire
924 2101 1044 2121 omnes
1067 2089 1128 2134 qui
1154 2089 1312 2134 delique-

322 2154 425 2183 runt,
460 2152 492 2178 et
517 2143 659 2190 quidem
693 2141 912 2183 singulorum
946 2140 1154 2173 delictorum
1181 2151 1313 2187 poenas

323 2197 445 2242 exequi
480 2196 574 2228 iuxta
607 2204 768 2226 normam
803 2191 937 2234 legibus
969 2191 1206 2225 constitutam.
1263 2190 1313 2225 lta

325 2250 417 2284 Deus
448 2246 637 2290 asperrime
668 2244 743 2276 sine
769 2243 839 2275 ulla
867 2241 1086 2283 mitigatione
1111 2243 1211 2285 punit
1237 2243 1312 2275 dia-

325 2300 425 2333 bolos
451 2298 544 2330 iuxta
568 2295 660 2329 hunc
685 2295 868 2327 immotum
895 2293 1057 2326 ordinem
1088 2305 1225 2326 severae
1258 2295 1312 2327 iu-

326 2351 456 2385 sticiae.

428 2397 671 2433 Misericordia
706 2408 787 2429 vero
814 2395 925 2428 virtus
950 2400 1016 2434 est,
1051 2406 1139 2438 qnae
1164 2394 1314 2427 afficitur

326 2453 448 2485 dolore
476 2451 510 2483 in
530 2450 643 2482 aliena
668 2447 863 2480 calamitate
886 2445 1036 2485 iniusta,
1064 2451 1095 2478 et
1119 2445 1314 2488 opitulatur

328 2504 455 2536 initiae
478 2500 672 2545 oppressis,
701 2504 872 2543 quantum
902 2503 1028 2541 potest:
1066 2503 1123 2529 ant
1149 2497 1251 2528 etiam
1279 2497 1313 2528 in

327 2554 519 2587 calamitate
541 2552 629 2585 iusta
649 2550 742 2583 dolet
763 2549 871 2582 vicem
892 2560 1033 2588 eorum,
1061 2547 1121 2592 qni
1143 2548 1204 2580 etsi
1232 2559 1314 2591 poe-

329 2616 389 2637 nas
410 2603 523 2636 meriti
549 2609 647 2643 snut,
678 2609 792 2633 tamen
820 2612 891 2632 non
914 2601 1057 2632 suerunt
1079 2599 1184 2631 duces
1204 2605 1234 2631 ct
1253 2611 1315 2631 an-

329 2665 419 2688 tores
437 2654 627 2689 scelerum,
656 2653 714 2685 sed
738 2663 855 2684 errore
881 2657 939 2684 aut
964 2650 1203 2684 imbecillitate
1230 2650 1314 2693 lapsi

1331 1003 1336 1017 l

1358 714 1548 747 enarrabili
1569 721 1844 759 temperamento
1870 715 2100 759 mirandaque
2124 714 2346 758 copulatione

1330 792 1331 797 ,
1357 765 1515 799 iusticiae
1531 771 1564 799 et
1580 766 1842 799 misericordiae
1861 765 1910 799 sic
1928 765 2037 810 parcit
2056 763 2279 807 hominibus,
2306 772 2346 800 ut

1330 816 1332 823 '
1358 823 1391 850 et
1413 816 1501 849 iram
1519 816 1671 850 declaret
1694 817 1729 849 in
1748 817 1891 860 poenis,
1921 823 1953 850 et
1970 816 2190 860 mitigatione
2214 829 2346 867 poena-

1359 879 1438 900 rum
1458 867 1733 901 misericordiam
1754 874 1921 902 exerceat.

1459 916 1560 951 Hanc
1576 918 1741 952 virtutem
1758 919 1907 952 sciamus
1922 918 2026 952 nobis
2043 930 2182 964 quoque
2199 920 2346 953 manda-

1360 975 1430 1002 tam
1449 974 1482 1002 et
1499 975 1716 1013 praeceptam
1732 981 1819 1003 esse:
1847 969 1969 1004 Estote
1986 970 2241 1010 misericordes,
2258 970 2347 1004 sicut
2382 978 2383 981 ’

1360 1027 1393 1053 et
1411 1018 1515 1052 Pater
1532 1026 1644 1053 vester
1662 1020 1860 1053 misericors
1877 1027 1937 1054 est.

1460 1069 1622 1104 Primum
1644 1071 1812 1104 debemus
1835 1071 1925 1105 affici
1944 1082 2047 1104 sensu
2067 1071 2273 1105 calamitatis
2291 1072 2347 1105 in-

1360 1127 1568 1161 nocentum,
1595 1121 1684 1154 sicut
1703 1119 1768 1156 hoc
1788 1123 1863 1166 ipso
1881 1129 2036 1164 tempore
2062 1123 2205 1165 plurimi
2231 1120 2347 1157 homi-

1360 1183 1421 1205 nes
1440 1171 1644 1205 innocentes
1666 1184 1704 1205 ac
1721 1173 1768 1217 pii
1788 1185 1867 1206 cnm
1893 1173 2028 1206 miseris
2053 1173 2195 1206 familiis
2219 1185 2349 1218 vagan-

1361 1229 1420 1255 tur
1439 1222 1538 1255 eiecti
1557 1234 1596 1255 ex
1613 1223 1684 1255 suis
1703 1224 1856 1264 nidulis,
1885 1224 2013 1268 quibus
2029 1236 2130 1268 opem
2149 1225 2260 1265 serre,
2288 1227 2349 1260 be-

1362 1274 1521 1306 nefacere
1539 1284 1578 1306 ac
1594 1274 1749 1308 miserias
1770 1275 1880 1307 lenire
1896 1275 2024 1318 singuli
2045 1287 2107 1319 pro
2126 1275 2349 1311 facultatibus

1362 1330 1394 1356 et
1413 1323 1595 1356 vocatione
1614 1325 1791 1359 debemus.

1463 1374 1645 1415 Secundo,
1673 1376 1833 1409 sontibus
1852 1376 1954 1409 etiam
1974 1376 2143 1409 debemus
2160 1377 2349 1420 ignoscere,

1362 1423 1410 1457 sic
1432 1431 1471 1457 ut
1494 1425 1713 1459 remittamus
1737 1426 1870 1471 aliquid
1895 1427 1937 1459 de
1957 1439 2094 1460 summo
2112 1427 2206 1469 iure,
2233 1436 2264 1463 et
2282 1429 2350 1461 mi-

1362 1475 1511 1517 tigemus
1528 1476 1654 1509 iustam
1671 1477 1916 1515 calamitatem,
1943 1478 2144 1523 ubicunque
2163 1479 2252 1513 ratio
2271 1491 2350 1513 mu-

1363 1526 1458 1559 neris
1487 1533 1520 1560 et
1543 1527 1648 1560 officii
1675 1528 1809 1571 publici
1836 1540 1908 1561 non
1941 1529 2037 1563 iubet
2071 1541 2188 1562 severe
2220 1541 2351 1574 poenas

1364 1577 1499 1621 exequi.
1567 1576 1657 1610 Nam
1692 1579 1931 1622 indulgentiae
1966 1579 2095 1613 nimiae
2129 1581 2351 1615 confirmanti

1363 1627 1494 1661 atrocia
1518 1635 1654 1671 peccata
1679 1641 1898 1674 nequaqnam
1919 1630 2179 1664 misericordiae
2197 1631 2353 1676 appella-

1364 1678 1413 1712 tio
1431 1679 1618 1712 tribuenda
1635 1686 1703 1721 est,
1732 1688 1769 1713 ut
1785 1681 1812 1713 si
1838 1681 1942 1715 iudex
1963 1688 2023 1715 aut
2047 1683 2268 1726 magistratus
2287 1683 2353 1716 ali-

1364 1729 1443 1773 quis
1464 1729 1548 1762 velit
1571 1731 1759 1763 connivere
1783 1733 1824 1763 ad
1855 1732 2012 1763 enormia
2040 1733 2184 1772 delicta,
2212 1745 2352 1777 parcere

1365 1776 1563 1818 homicidis,
1590 1780 1739 1817 furibus,
1766 1787 1799 1814 et
1816 1781 1894 1813 aliis
1911 1781 1944 1813 id
1962 1793 2071 1824 genus
2087 1784 2353 1825 grassatoribus,

1366 1943 1405 1963 ex
1424 1931 1719 1965 Deuteronomio:
1748 1933 1827 1966 Non
1846 1945 1964 1977 parces
1984 1934 2025 1966 ei.

1468 1982 1712 2016 Misericordia
1744 1996 1826 2017 vero
1860 1985 2060 2027 probabiles
2098 1983 2201 2020 liabet
2232 1999 2350 2022 causas

1365 2032 1571 2067 clementiae
1607 2041 1639 2068 et
1675 2035 1906 2077 mitigationis
1935 2048 2084 2079 poenae,
2121 2038 2268 2081 ignoscit
2298 2039 2352 2079 iis,

1367 2083 1426 2129 qni
1453 2085 1587 2129 decepti
1613 2097 1672 2119 seu
1701 2087 1831 2120 seducti
1865 2093 1962 2125 sunt.
1997 2094 2028 2120 et
2054 2088 2097 2120 de
2123 2089 2252 2133 quibus
2280 2102 2352 2124 non

1367 2147 1456 2168 vana
1473 2147 1550 2179 spes
1568 2143 1616 2170 est
1634 2137 1899 2171 emendationis.

1469 2187 1536 2221 Sed
1557 2188 1776 2231 indulgentia
1793 2200 1851 2221 sen
1879 2189 2001 2222 lenitas
2018 2190 2212 2223 connivens
2229 2192 2271 2224 ad
2292 2193 2353 2225 de*

1368 2238 1464 2277 lieta,
1493 2247 1542 2273 est
1566 2240 1785 2273 confirmatio
1809 2240 2000 2280 scelerum,
2028 2241 2185 2274 caedium
2210 2249 2241 2275 et
2266 2243 2352 2276 alia-

1367 2301 1443 2322 rum
1466 2291 1740 2335 turpitudinum.

1471 2340 1580 2375 Porro
1599 2340 1680 2374 hnic
1697 2341 1972 2380 misericordiae,
2001 2355 2088 2387 quae
2111 2344 2282 2378 tribuitur
2299 2344 2351 2377 vel

1368 2392 1529 2426 sontibus
1546 2394 1599 2426 vel
1627 2393 1894 2432 innocentibus,
1922 2395 2221 2438 quemadmodum
2247 2395 2350 2440 paulo

1368 2451 1446 2477 ante
1464 2445 1596 2478 dictum
1615 2451 1683 2483 est,
1711 2443 1885 2477 Dominus
1901 2445 2036 2479 addidit
2053 2446 2302 2491 amplissimam
2319 2452 2351 2479 et
2386 2491 2387 2495 Ἰ

1367 2495 1605 2529 dulcissimam
1642 2495 1928 2539 promissionem:
1972 2495 2069 2530 Beati
2105 2496 2355 2538 misericordes,
2384 2502 2409 2538 ji

1368 2547 1450 2592 quia
1482 2546 1756 2580 misericordiam
1783 2554 2052 2592 consequentur.
2107 2547 2201 2581 ldem
2225 2548 2352 2581 confir-
2384 2566 2388 2593 5

1370 2605 1467 2632 mant
1490 2598 1644 2646 plurima
1669 2598 1779 2637 dicta,
1807 2605 1843 2632 nt
1865 2598 1992 2634 Psalm.
2010 2600 2085 2632 41.:
2139 2597 2267 2633 Beatus
2292 2599 2354 2644 qui
2383 2597 2387 2632 ἱ

1371 2649 1536 2693 intelligit
1559 2661 1664 2694 super
1680 2661 1827 2693 egenum
1845 2657 1876 2684 et
1899 2661 2104 2697 pauperem,
2133 2651 2169 2683 in
2188 2651 2244 2683 die
2263 2650 2355 2684 mula
2380 2650 2385 2685 l
