2409 2915
73 102 148 140 513

71 188 115 222 ad
148 187 301 221 dandam
332 186 505 220 iusticiam
532 191 565 218 et
584 184 691 217 vitam
717 190 905 219 aeternam.
973 184 1057 218 Ideo

70 235 129 273 hic
146 238 247 271 dicit:
277 235 458 271 Exaltatus
475 248 493 269 a
511 234 606 276 Deo,
632 232 770 268 Effudit
787 234 958 279 Spiritum
977 247 1057 268 san-

70 295 177 323 ctum.
231 288 318 322 Tale
341 298 486 330 regnum
503 285 588 324 erit,
613 285 744 319 scilicet
760 285 922 319 liberatio
939 298 957 319 a
977 298 1056 330 pec-

70 346 145 373 cato
175 346 208 373 et
232 345 344 372 morte
368 343 527 377 aeterna,
559 336 704 370 donatio
728 336 886 370 iusticiae
910 343 943 370 et
965 337 1056 370 vitae

69 397 243 424 aeternae.

171 448 291 482 Tertia
321 457 402 491 pars
430 452 497 485 est,
530 445 574 478 de
605 445 855 490 applicatione,
888 448 948 480 sed
975 453 1055 481 ante

69 498 338 544 applicationem
362 503 412 530 est
435 496 597 530 doctrina
619 497 662 530 de
681 503 840 541 peccato,
867 504 899 531 et
917 498 1054 541 praedi-

68 550 158 584 catio
179 547 426 593 poenitentiae.
480 546 572 580 Vide
595 554 730 589 autem,
755 549 850 592 quod
874 556 1053 592 peccatum

67 606 221 640 accuset,
249 598 398 637 scilicet,
425 599 521 643 quod
546 610 619 632 non
642 599 808 633 noverint
825 598 956 633 Filium
974 598 1052 640 Dei,

65 650 135 684 imo
154 649 391 684 crucifixerint
406 649 533 693 ipsum.

167 715 321 749 Peccata.
384 715 542 759 Populus
575 716 759 749 contemsit
791 716 889 761 signa
921 715 986 749 Dei
1019 723 1053 751 et

63 766 246 800 manifesta
278 766 467 806 miracula,
501 777 575 799 non
606 767 754 800 credidit
778 764 963 810 Prophetis
993 774 1052 801 aut

63 818 180 851 verbis
208 814 362 856 Christi,
397 817 572 851 interfecit
596 815 789 852 Christum.
849 816 944 850 Haec
971 830 1051 862 pec—

63 875 136 902 cata
168 880 242 901 non
276 868 408 900 iudicat
439 868 550 908 ratio,
585 875 617 901 et
641 874 758 901 tamen
784 879 906 901 omnes
931 880 1051 902 sumus

62 918 125 951 rei.
180 917 252 951 lam
278 916 345 951 hoc
370 926 527 962 tempore
549 930 652 962 quam
673 916 893 952 horribiliter
912 927 1050 953 contra-

63 968 194 1002 dicitur
209 970 316 1002 verbo
327 968 392 1001 Dei
403 969 419 1001 Ῥ
470 968 736 1003 lnterficiuntur
752 970 870 1010 sancti,
899 977 932 1003 et
947 970 1050 1003 multi

63 1019 307 1060 consentiunt,
352 1020 416 1052 etsi
449 1031 558 1052 manu
599 1032 672 1053 non
707 1021 934 1054 interficiunt.
1001 1019 1049 1053 Hi

62 1081 184 1103 omnes
208 1070 319 1104 sciant
342 1081 377 1102 se
399 1070 447 1102 sic
465 1081 541 1102 reos
560 1082 648 1110 esse,
676 1071 762 1103 sicut
780 1068 838 1103 hic
856 1070 978 1104 Petrus
993 1072 1049 1104 di-

61 1120 121 1154 cit:
147 1120 217 1155 Sed
234 1122 432 1154 liberantur
448 1132 510 1164 per
527 1132 658 1153 nomen
677 1120 754 1154 lesu
776 1122 965 1154 credentes.

164 1188 293 1222 Psalm.
314 1188 386 1222 16.:
414 1186 591 1221 Conserva
617 1200 672 1220 me
690 1186 795 1222 Deus.
850 1186 1049 1232 Argumen-

62 1245 136 1272 tum
152 1238 281 1271 Psalmi
307 1239 409 1272 initio
436 1239 618 1278 recitetur,
644 1237 824 1271 Psalmum
843 1239 1049 1282 principali-

61 1297 114 1323 ter
138 1301 209 1322 esse
233 1289 437 1323 vaticinium
465 1289 507 1320 de
525 1285 665 1321 Christo
687 1301 830 1332 passuro
849 1296 880 1321 et
899 1290 1048 1322 resusci—

61 1341 189 1379 tando,
219 1346 250 1372 et
274 1346 323 1372 est
346 1340 515 1370 insertum
534 1338 721 1369 discrimen
742 1348 843 1369 verae
860 1337 1048 1377 Ecclesiae,

60 1396 93 1423 et
121 1400 315 1434 synagogae
347 1386 586 1432 persequentis
609 1384 808 1428 Christum,
850 1386 953 1421 titulo
980 1385 1046 1422 Ec-

58 1439 181 1473 clesiae
202 1438 280 1473 Dei.

161 1498 231 1532 Sed
260 1499 352 1530 dicat
377 1497 524 1542 aliquis,
558 1508 665 1541 quare
691 1497 849 1541 loquitur
871 1498 909 1530 in
934 1498 1046 1540 prima

59 1560 224 1592 persona,
258 1549 437 1581 Conserva
468 1559 542 1588 me,
574 1547 673 1591 quasi
705 1548 747 1580 de
773 1560 807 1581 se
832 1548 906 1592 ipso
931 1547 1044 1582 David

57 1599 286 1644 loqueretur?
324 1597 558 1642 Respondeo.
586 1598 810 1641 peculiariter
827 1599 988 1646 loquitur
1004 1601 1047 1632 de

59 1648 220 1690 Christo,
263 1656 295 1682 et
326 1650 432 1682 verba
467 1649 515 1681 sic
547 1648 775 1691 intelligenda
807 1657 912 1690 sunt,
951 1651 1046 1694 quod

58 1698 219 1735 Christus
249 1701 321 1744 ipse
348 1700 531 1743 loquatur,
557 1699 647 1731 sicut
671 1706 705 1732 et
733 1699 822 1732 Psal.
842 1703 892 1735 22
917 1714 922 1732 :
951 1699 1046 1733 Deus

58 1751 152 1786 Deus
171 1763 288 1792 meus,
316 1761 422 1795 quare
440 1761 495 1782 me
512 1749 756 1793 dereliquisti?
798 1749 842 1784 Et
861 1751 948 1786 Psal.
969 1749 1045 1786 50..-

58 1800 255 1846 Expectans
288 1801 464 1845 expectavi
487 1807 550 1834 etc.
610 1799 657 1833 Et
687 1807 804 1833 tamen
836 1802 872 1834 in
904 1799 1044 1836 (fibi-isto

58 1853 161 1886 etiam
182 1860 298 1896 postea
317 1852 471 1885 membra
489 1851 750 1893 complectitur,
778 1865 865 1897 quae
884 1853 946 1886 scit
963 1865 1044 1896 pro-

59 1911 136 1947 pter
148 1901 328 1937 Christum
346 1902 588 1936 resuscitanda
606 1913 699 1941 esse,
727 1904 786 1947 qui
807 1904 955 1946 resurgit
973 1904 1044 1947 pri—

59 1966 154 1993 mus,
183 1961 222 1988 ut
244 1955 287 1988 sit
311 1960 414 1987 autor
436 1952 701 1985 resurrectionis
724 1960 756 1986 et
780 1954 870 1987 vitae
886 1961 1044 1987 aeternae

58 2006 192 2038 omnib.
219 2005 396 2038 membris.
464 2002 584 2046 Quare
607 2003 695 2036 sicut
723 2005 765 2037 de
788 2003 930 2038 Christo
955 2005 1043 2037 dici-

48 2063 133 2094 ·tur‚
161 2067 239 2088 eum
267 2067 339 2088 non
365 2066 570 2087 mansurum
596 2054 632 2086 in
653 2062 783 2094 morte,
811 2056 867 2088 sed
888 2067 1043 2088 resurre-

58 2113 195 2138 cturum
227 2118 296 2138 esse
326 2105 446 2137 divina
476 2105 648 2148 potentia,
682 2105 728 2137 ita
763 2106 979 2148 significatur
1000 2107 1042 2139 de

59 2156 224 2189 omnibus
247 2155 433 2194 membris,
459 2156 551 2199 quod
574 2167 694 2188 corum
722 2168 867 2200 corpora
891 2157 961 2190 sint
987 2169 1041 2189 re-

59 2208 206 2240 victura.
268 2205 316 2239 lta
340 2205 374 2237 in
398 2205 476 2237 aliis
496 2204 664 2246 Psalmis,
697 2219 775 2239 cum
801 2207 1042 2250 principaliter

59 2257 269 2291 vaticinetur
301 2257 343 2289 de
370 2253 531 2296 Christo,
564 2262 678 2289 tamen
703 2264 846 2301 propter
869 2258 1041 2299 effectum,

59 2308 119 2353 qui
141 2310 183 2342 ad
211 2307 368 2341 membra
396 2306 565 2350 pertinet,
591 2305 722 2339 Psalmi
748 2307 851 2341 etiam
871 2309 912 2341 ad
931 2320 1040 2341 mem-

58 2359 121 2393 bra
147 2359 476 2394 accommodantur,
511 2358 568 2390 sed
603 2363 716 2390 tamen
743 2359 934 2399 prudenter
956 2371 1040 2391 con-

57 2410 282 2444 siderandum
315 2416 383 2449 est,
415 2419 502 2453 quae
535 2408 676 2451 proprie
705 2405 847 2442 Christo
878 2410 942 2442 soli
976 2410 1039 2443 tri-

57 2461 230 2502 buantur,
256 2468 295 2494 ut
321 2460 357 2492 in
382 2457 449 2492 boc
465 2457 604 2492 Psalmo
628 2459 670 2491 de
692 2460 816 2492 merito
835 2467 865 2493 et
885 2461 1040 2504 appella-

33 2512 35 2514 ’
59 2511 153 2546 tione
174 2511 345 2555 passionis
364 2510 445 2544 Filii
462 2510 552 2549 Dei,
579 2510 671 2554 quod
696 2509 740 2543 sit
764 2510 903 2543 victima
928 2519 960 2545 et
985 2523 1038 2545 sa-

60 2563 226 2596 crificium
254 2574 317 2606 pro
341 2562 437 2601 aliis,
471 2561 564 2605 quod
589 2562 631 2593 de
654 2567 852 2594 sanctorum
877 2562 1038 2595 asssictio-
1063 2577 1065 2587 ⁴

61 2611 163 2646 nibus
186 2625 258 2646 non
284 2612 432 2652 dicitur,
457 2623 544 2656 quae
567 2611 628 2644 etsi
653 2612 741 2644 fiunt
766 2613 931 2645 sacrificia
958 2625 1038 2656 pro-

60 2669 135 2705 pter
158 2658 347 2696 Christum
378 2663 463 2700 fide,
501 2662 534 2694 id
560 2669 628 2701 est,
663 2663 777 2696 cultus
800 2663 872 2697 Deo
896 2665 1037 2708 accepti,

110 2714 284 2747 lilinum.
305 2717 406 2747 Orza.
436 2715 520 2747 Von.
539 2711 632 2746 XIV.

617 99 698 135 Xll.
751 97 1144 135 ANNOTATIONES
1174 99 1222 134 lN
1249 100 1550 142 EVANGELIA.

2016 114 2091 148 514

1083 193 1086 235 j
1110 191 1228 218 tamen
1259 199 1333 221 non
1360 197 1539 224 merentur
1560 192 1642 236 ipsis
1666 202 1724 228 aut
1749 197 1827 230 aliis
1851 198 2091 231 remissionem

1110 243 1342 279 peccatorum.
1402 239 1489 273 Item
1522 243 1564 275 de
1596 241 1737 280 Christo
1769 249 1843 282 solo
1873 248 1975 282 etiam
2008 247 2092 283 haec

1109 286 1214 319 verba
1238 287 1421 322 dicuntur:
1450 289 1530 323 Non
1554 293 1653 327 dabis
1677 305 1834 331 sanctum
1856 305 1955 332 tuum
1973 300 2092 333 videre

1109 337 1391 381 corruptionem,
1425 347 1466 374 ut
1489 338 1546 374 hic
1568 342 1692 378 Petrus
1717 350 1874 392 exponit:
1902 348 1993 383 Caro
2018 352 2092 384 eius

1108 399 1181 420 non
1206 388 1295 422 vidit
1319 391 1602 437 corruptionem,
1628 401 1667 428 ut
1691 395 1825 440 David,
1851 400 1950 433 cuius
1975 402 2091 445 sepul-

1108 449 1204 472 crum
1223 437 1338 473 adhuc
1355 442 1447 484 apud
1467 453 1531 475 nos
1549 450 1610 478 est.

1208 505 1323 540 Habet
1340 506 1501 543 Psalmus
1521 511 1742 546 utilissimam
1768 515 1974 551 doctrinam.
2028 517 2092 553 Est

1106 556 1346 590 testimouium
1375 559 1418 592 de
1442 563 1712 604 resurrectione,
1746 572 1779 599 et
1802 578 1867 601 nos
1892 567 1984 611 ipsos
2007 581 2091 602 con-

1106 607 1244 640 firmare
1271 608 1394 650 debet,
1427 610 1464 642 in
1491 613 1659 655 petitione
1684 622 1716 649 et
1741 617 1978 659 expectatione
2001 620 2092 653 vitae

1107 665 1277 692 aeternae.
1333 658 1417 692 Item
1441 661 1628 696 discrimen
1653 663 1828 700 Ecclesiae
1852 669 1972 709 docet,
2003 682 2092 714 quae

1106 709 1150 742 sit
1167 721 1248 742 vera
1264 707 1439 752 Ecclesia,
1467 719 1500 746 et
1516 714 1699 749 coufirmat
1715 728 1797 757 nos,
1827 730 1871 751 ne
1886 732 2092 753 moveamur

1105 759 1218 803 specie
1244 766 1277 793 et
1299 761 1484 795 autoritate
1502 764 1607 797 falsae
1623 763 1811 802 Ecclesiae.
1865 768 1975 803 Docet
1995 771 2090 810 item,

1104 816 1144 843 ut
1161 822 1322 844 curemus
1337 823 1409 845 esse
1425 814 1581 847 membra
1599 827 1700 849 verae
1708 814 1884 852 Ecclesiae
1895 847 1903 860 ,
1930 827 1963 853 et
1979 821 2091 864 fugia-

1104 872 1182 893 mus
1200 861 1321 894 falsam
1338 860 1550 906 Ecclesiam,
1577 877 1649 898 non
1668 868 1836 902 faciamus
1853 882 1931 903 cum
1950 883 1987 903 ea
2007 883 2090 904 con-

1104 911 1318 954 ciliationes,
1347 925 1436 956 quae
1453 926 1575 947 eorum
1592 917 1721 950 abusus
1739 920 1958 955 confirmant.
2011 921 2092 954 Non

1104 962 1288 1005 recipiam,
1324 962 1459 1007 inquit,
1488 965 1675 1000 libationes
1701 980 1841 1010 eorum,
1867 983 1930 1004 nec
1957 982 2091 1004 sumam

1104 1013 1248 1045 nomina
1267 1024 1387 1046 eorum
1405 1014 1440 1046 in
1460 1015 1562 1049 labiis
1578 1018 1675 1053 meis.
1725 1018 1964 1055 HicChristus
1980 1023 2092 1056 reiicit

1104 1075 1226 1096 omnes
1236 1063 1363 1097 Missas
1378 1064 1581 1111 impiorum,
1610 1074 1643 1101 et
1658 1081 1780 1103 omnes
1797 1072 1922 1112 cultus,
1949 1073 2093 1107 damnat

1104 1125 1225 1147 eorum
1250 1112 1462 1160 Ecclesiam,
1497 1117 1584 1152 dicit
1610 1129 1645 1151 se
1674 1120 1770 1153 nolle
1795 1133 1868 1154 eam
1895 1123 2090 1163 nominare,

1104 1164 1138 1197 id
1167 1171 1238 1205 est,
1265 1165 1361 1198 nolle
1390 1178 1514 1200 vocare
1534 1181 1608 1203 eam
1633 1167 1825 1204 Ecclesiam
1852 1184 1968 1213 suam,
1996 1175 2092 1208 nolle

1103 1227 1166 1258 pro
1190 1227 1228 1248 ea
1255 1228 1367 1250 orare.
1424 1216 1523 1251 Nihil
1549 1227 1661 1263 potest
1685 1221 1818 1255 tristius
1835 1229 1866 1255 et
1884 1221 2091 1258 horribilius

1102 1265 1184 1298 dici.
1247 1265 1330 1299 Ideo
1359 1267 1468 1301 simus
1499 1270 1609 1311 cauti,
1645 1283 1689 1303 ne
1720 1273 1937 1307 stabiliamus
1969 1288 2091 1309 eorum

1102 1316 1308 1359 impietateS.
1375 1316 1577 1360 Postremo,
1617 1328 1708 1354 totus
1739 1321 1899 1356 Psalmus
1929 1333 1977 1358 est
2012 1333 2091 1359 tan-

1102 1375 1207 1408 quam
1232 1367 1438 1408 promissio,
1466 1371 1560 1414 quod
1579 1370 1675 1404 Deus
1695 1372 1780 1405 velit
1795 1375 1951 1408 membra
1969 1375 2091 1409 Eccle-

1101 1414 1172 1447 siae
1205 1426 1287 1448 suae
1320 1419 1485 1452 exaudire
1515 1427 1549 1453 et
1579 1421 1729 1454 liberare
1760 1434 1777 1454 a
1804 1431 1917 1457 morte
1940 1433 2091 1462 aeterna.

1104 1463 1153 1497 lta
1179 1477 1243 1499 nos
1266 1479 1408 1512 quoque
1430 1469 1614 1504 recitemus
1640 1469 1733 1505 hunc
1750 1472 1947 1514 Psalmum,
1977 1484 2008 1510 et
2028 1479 2089 1509 ad-

1101 1516 1314 1558 glutinemus
1347 1529 1410 1551 nos
1434 1525 1601 1565 tanquam
1626 1525 1782 1556 membra
1808 1526 1913 1568 capiti
1937 1524 2088 1569 Christo,

1102 1567 1161 1610 qui
1197 1574 1247 1600 est
1277 1569 1534 1614 primogenitus
1566 1583 1605 1604 ex
1637 1574 1796 1607 mortuis.
1859 1574 1950 1609 Sunt
1973 1585 2088 1611 autem

1102 1624 1254 1661 quatuor
1271 1620 1426 1652 membra
1439 1619 1579 1656 Psalmi.
1626 1623 1656 1657 1,
1677 1622 1803 1657 Potitio
1814 1623 1947 1659 Christi
1963 1634 2001 1660 ut
2017 1640 2089 1662 ser-

1101 1674 1220 1708 vetur,
1248 1681 1325 1701 cum
1347 1671 1564 1714 expositione
1578 1670 1767 1707 Passionis.
1820 1676 1855 1710 2.
1884 1674 2087 1720 Applicatio

1100 1719 1289 1761 passionis,
1325 1726 1357 1753 et
1387 1722 1585 1764 repudiatio
1609 1723 1776 1758 falsorum
1801 1726 1960 1760 cultuum
1987 1729 2088 1773 impii

1099 1775 1227 1804 coetus.
1288 1770 1320 1803 3.
1347 1769 1511 1805 Narratio
1536 1773 1579 1806 de
1603 1776 1870 1811 resurrectione.
1925 1777 1959 1813 4.
1986 1777 2087 1813 Finis

1099 1821 1380 1861 resurrectionis,
1408 1829 1447 1856 ut
1462 1821 1617 1857 Ecclesia
1635 1825 1797 1868 collecta,
1826 1840 1906 1861 vere
1924 1837 2088 1872 agnoscat

1098 1869 1210 1904 Deum
1222 1898 1231 1912 ‚
1257 1879 1289 1905 et
1307 1872 1457 1906 celebret
1473 1873 1510 1906 in
1529 1875 1601 1908 vita
1618 1883 1771 1912 aeterna.

1199 1937 1341 1972 Primus
1369 1953 1489 1974 versus
1519 1949 1586 1982 est,
1621 1943 1797 1978 invocatio
1829 1953 1860 1979 et
1892 1948 2085 1991 propositio

1099 1995 1217 2031 petens
1234 1989 1492 2032 liberationem,
1519 1999 1551 2025 et
1571 1993 1669 2027 addit
1688 2007 1845 2028 causam:
1875 1996 1967 2038 Quia
1983 2009 2083 2042 spero

1098 2039 1133 2071 in
1154 2046 1203 2079 te,
1231 2047 1264 2073 et
1280 2047 1312 2072 te
1330 2039 1443 2073 Deum
1462 2054 1578 2075 meum
1595 2044 1732 2080 invoco,
1785 2045 1874 2079 Nam
1891 2045 1957 2081 hoc
1976 2049 2084 2091 signi-

1097 2090 1190 2127 ficat,
1219 2091 1312 2134 quod
1337 2091 1401 2124 ait:
1429 2091 1511 2125 Dixi
1535 2092 1708 2134 Domino,
1734 2094 1829 2130 Deus
1853 2111 1949 2131 meus
1976 2111 2009 2131 es
2033 2107 2083 2140 tu,

1098 2141 1131 2172 id
1158 2147 1224 2181 est,
1257 2147 1290 2174 te
1318 2154 1427 2175 unum
1452 2143 1598 2185 invoco,
1626 2152 1658 2178 et
1683 2153 1794 2181 statuo
1821 2160 1892 2181 esse
1916 2149 2083 2193 omnipo-

1097 2198 1246 2232 tentem,
1274 2191 1497 2227 liberatorem
1522 2207 1560 2227 ex
1586 2203 1714 2236 morte,
1740 2205 1772 2230 et
1796 2199 1936 2242 quidem
1961 2201 2081 2243 propi-

1096 2242 1186 2273 cium
1212 2240 1318 2284 mihi,
1347 2244 1522 2278 volentem
1548 2247 1728 2287 exaudire,
1757 2255 1787 2280 et
1806 2248 1940 2281 salvare
1956 2251 2081 2284 consu-

1095 2292 1226 2335 gientes
1243 2294 1285 2326 ad
1304 2300 1355 2333 te,
1381 2293 1486 2328 Hunc
1500 2296 1564 2328 tilii
1584 2294 1752 2329 bonorem
1770 2299 1877 2332 tribui
1896 2300 1957 2340 vis,
1985 2303 2078 2346 quod

1095 2344 1180 2376 velis
1195 2344 1346 2385 salvare,
1374 2346 1466 2379 iuxta
1485 2352 1559 2379 tuas
1576 2348 1844 2391 promissiones,
1873 2352 2079 2394 confugien-

1094 2401 1143 2428 tes
1161 2396 1202 2428 ad
1221 2403 1264 2429 te.

1195 2462 1347 2506 Querela
1364 2471 1396 2497 et
1415 2464 1569 2497 narratio
1586 2465 1774 2508 passionis,
1803 2465 1941 2500 Bonum
1959 2481 2074 2503 meum

1093 2525 1166 2546 non
1184 2521 1327 2558 propter
1344 2521 1390 2554 te,
1418 2525 1487 2554 seu,
1508 2527 1578 2547 non
1599 2524 1645 2549 est
1665 2514 1751 2548 mihi
1771 2517 1856 2548 lwne
1873 2526 2014 2561 propter
2031 2529 2075 2558 te,

1092 2564 1126 2597 id
1153 2572 1221 2605 est,
1248 2578 1323 2599 sum
1347 2565 1382 2597 in
1402 2565 1670 2606 afflictionibus,
1698 2574 1726 2599 et
1748 2567 1868 2600 videor
1883 2570 1985 2602 etiam
2004 2585 2020 2603 a
2042 2579 2074 2605 te

1091 2615 1267 2657 desertus,
1301 2616 1387 2648 sicut
1417 2616 1570 2649 clamitat
1603 2618 1639 2649 in
1672 2616 1828 2651 Psalmo:
1862 2618 1957 2653 Deus
1980 2620 2074 2656 Deus

1090 2678 1206 2708 meus,
1243 2678 1350 2712 quare
1382 2678 1436 2699 me
1469 2667 1713 2712 dereliquisti?
1765 2667 1832 2702 Sed
1868 2671 1995 2706 clarius
2025 2681 2074 2707 est

1515 2717 1562 2750 33
