2409 2915
98 97 194 135 1149
378 96 460 134 XII.
521 93 914 132 ANNOTATIONES
940 91 1007 130 ET
1033 89 1314 129 CONCIONES
1341 90 1390 127 IN
1417 88 1598 128 EVANG.
1628 89 1838 128 IOANNIS.
2025 93 2122 129 1150

96 185 184 219 desit
218 184 320 226 fides;
365 182 549 216 maledieta
583 187 683 220 sunt,
726 181 820 216 iuxta
852 181 940 214 illud
964 180 1080 214 Lucae
1104 179 1108 221 J
1134 189 1273 211 crucem
1293 184 1324 212 et
1339 178 1546 212 afflictiones
1561 175 1618 210 hic
1636 189 1654 210 a
1671 175 1812 212 Christo
1831 178 1985 220 laudari,
2014 179 2120 213 immo

96 235 212 271 Xlll.:
240 233 533 268 Manducavimus
551 243 667 266 coram
684 238 717 266 te
733 239 814 274 etc.‚
851 232 943 266 dicet
964 231 1079 265 vobis:
1132 228 1238 262 fidem
1254 236 1450 263 exerentem
1470 241 1504 262 se
1524 229 1561 261 in
1580 240 1692 265 cruce.

95 286 220 320 Nescio
238 297 310 321 vos.
363 283 542 329 Quicquid
559 283 651 326 agis,
677 283 726 316 sic
751 283 856 317 sentit
881 295 940 317 cor
963 289 1078 316 tuum:

96 336 224 370 Nescio
249 343 367 369 utrum
400 332 488 368 mihi
519 334 608 367 bene
636 334 720 368 velit
740 332 853 373 Deus,
889 346 934 367 an
959 340 1080 367 contra

95 387 241 421 fortasse
258 386 330 431 ipse
347 393 380 420 te
395 397 467 418 non
484 383 637 428 respicit.
691 383 759 418 Hic
776 382 978 430 hypocritae
995 395 1080 417 con-
1234 381 1494 415 Testimonium
1533 380 1720 425 perhibent
1746 379 1906 423 Christo,
1955 383 2050 427 quod
2077 382 2122 416 sit

96 438 255 471 solantur
272 448 306 470 se
321 436 504 481 operibus,
531 442 564 469 et
583 442 756 480 quaerunt
774 436 931 478 ingredi,
958 442 989 468 et
1007 446 1079 467 non
1132 432 1224 466 filius
1239 430 1352 465 David
1372 439 1406 465 et
1423 444 1481 465 rex
1500 433 1692 476 promissus
1713 432 1750 465 in
1767 433 1950 476 scripturis
1969 429 2025 474 hi,
2059 432 2120 478 qui

95 488 284 521 inveniunt
314 487 417 522 viam.
483 484 556 519 Alii
581 497 644 532 per
669 487 945 530 desperationem
971 492 1081 519 ruunt
1132 483 1440 517 acclamationibus
1456 483 1657 526 praedicant
1683 495 1773 518 enm.
1825 483 1944 525 Quare
1966 489 1997 516 et
2016 495 2122 528 opor—

94 539 133 572 in
152 539 270 572 omnia
289 549 414 581 genera
431 536 610 571 vitiorum.
640 536 760 571 Sancti
775 544 942 581 concepto
959 535 1081 570 Evan-
1132 535 1199 569 tuit
1228 546 1308 567 eum
1340 533 1375 565 in
1402 534 1523 566 urbem
1557 531 1636 566 vehi
1671 533 1820 577 publice.
1881 533 1939 566 Sic
1970 534 2062 566 enim
2089 541 2121 567 et

93 589 186 633 gelio
208 595 238 622 et
264 587 496 631 promissione
526 588 648 621 salutis
676 588 877 631 eriguntur,
915 595 947 622 et
972 587 1080 620 confi·
1132 585 1349 629 praedictum
1383 591 1457 617 erat
1488 596 1548 627 per
1572 582 1784 627 Prophetam
1810 581 2015 616 Zachariam
2048 597 2121 629 cap.

1208 311 1260 347 Et
1289 311 1520 347 clamabant:
1564 310 1725 347 Osanna
1754 310 1958 347 benedictus
1985 318 2045 347 etc.

93 641 185 673 dunt
201 639 478 679 misericordiae,
504 645 538 672 et
553 639 729 679 sentiunt,
756 650 791 672 se
814 639 939 682 respici
958 637 1081 676 aDeo,
1133 635 1195 669 IX.
1248 634 1352 678 Quod
1387 635 1602 668 clamabant:
1648 634 1836 674 Hosanna,
1864 634 1886 666 i.
1904 646 1931 669 e.
1958 635 2124 676 salvifica,

95 697 130 724 et
147 690 214 734 ipsi
231 689 382 722 vicissim
399 690 554 733 gaudent
570 690 680 725 corde,
696 689 807 722 facere
826 691 944 722 omnia
956 716 965 730 ‚
992 699 1081 734 quae

95 741 272 785 praecepit
290 739 403 778 Deus,
431 740 566 779 vivere,
593 740 695 772 mori.
746 737 799 773 Ex
823 737 888 773 hoc
912 740 1013 773 facile
1031 745 1081 773 est

93 791 305 834 intelligere,
332 790 417 835 quid
443 790 487 823 sit
510 790 614 829 fides,
648 802 691 823 ne
717 802 820 835 quam
844 791 948 823 fidem
972 790 1081 834 possis

1133 687 1267 720 addunt
1285 685 1413 730 reliqui
1432 683 1694 728 Evangelistae:
1724 684 1891 718 Hosanna
1910 685 1982 718 filio
1994 684 2122 725 David,

1133 738 1155 771 i.
1172 749 1201 773 e.
1225 737 1372 770 salutem
1395 736 1448 768 fac
1471 735 1542 768 filio
1562 734 1695 775 David,
1740 736 1833 768 salva
1860 736 1968 768 filium
1996 735 2122 769 David.

1134 788 1264 828 Porro,
1298 786 1383 833 quid
1406 793 1455 820 est
1482 787 1575 831 quod
1609 797 1672 819 nos
1708 786 1760 818 illi
1792 787 1938 819 salutem
1969 799 2122 825 oramus,

1133 850 1211 872 cum
1229 839 1272 871 ab
1292 838 1366 882 ipso
1387 837 1503 881 potius
1521 837 1624 869 nobis
1644 837 1736 870 salus
1754 837 1908 881 paranda
1931 837 1997 871 sit‘?
2050 835 2123 871 Re-

1134 890 1311 934 spondeo,
1342 888 1436 921 orari
1462 886 1528 921 hoc
1551 887 1711 928 Psalmo,
1751 894 1789 921 ut
1806 885 1968 920 Christus
1991 894 2123 930 regnet,

1134 947 1172 975 ut
1188 940 1254 984 ipsi
1268 939 1438 972 foeliciter
1461 939 1624 982 procedat
1650 949 1721 978 res,
1747 945 1785 971 ut
1810 938 1882 982 ipse
1900 938 2122 980 glorificetur.

1132 990 1365 1034 Evangelium
1388 989 1564 1033 praedicat
1583 1001 1654 1021 non
1681 994 1835 1022 nostram
1859 989 2026 1031 gloriam,
2063 990 2123 1022 sed

1134 1040 1287 1079 Christi,
1315 1053 1388 1074 non
1415 1047 1574 1074 nostrum
1602 1050 1772 1082 regnum,
1803 1041 1862 1072 sed
1878 1037 2022 1072 Christi.
2076 1036 2123 1072 Et

1132 1090 1265 1127 Christi
1282 1092 1372 1125 salus
1391 1098 1460 1132 est,
1485 1102 1629 1134 regnare
1644 1102 1722 1123 cum
1742 1090 1896 1134 potentia
1906 1088 1972 1123 Dei
1991 1089 2028 1121 in
2044 1100 2121 1122 cor-

1133 1145 1238 1178 dibus
1268 1149 1479 1176 sanctorum.
1538 1141 1693 1175 Proinde
1723 1141 1879 1181 canitur,
1919 1147 1957 1174 ut
1981 1137 2122 1175 Christo

1133 1207 1187 1229 res
1219 1205 1385 1238 prospere
1414 1193 1592 1230 succedat,
1630 1199 1668 1225 ut
1703 1192 1776 1236 ipse
1804 1197 1942 1234 regnet,
1980 1191 2124 1231 scilicet,

1133 1246 1228 1292 quod
1250 1244 1482 1278 conscientiae
1498 1249 1709 1286 agnoscant,
1739 1249 1832 1276 extra
1852 1254 2000 1286 regnum
2015 1239 2122 1275 Chri-

1134 1297 1177 1330 sti
1209 1296 1329 1329 omnia
1357 1307 1463 1339 opera
1489 1302 1607 1327 nostra
1631 1300 1769 1338 peccata
1794 1304 1877 1326 esse.
1928 1291 2122 1333 Hosianna,

1133 1348 1155 1381 i.
1175 1358 1201 1379 e.
1217 1346 1382 1381 salvifica.
1435 1344 1648 1377 Benedictus
1673 1351 1776 1388 atque
1791 1345 1877 1377 adeo
1899 1343 2124 1384 benedicens,

1134 1397 1188 1430 vel
1207 1396 1322 1440 potius
1340 1396 1546 1428 benedictus
1563 1392 1724 1427 Christus
1743 1406 1821 1427 cum
1838 1401 1911 1427 toto
1931 1405 2050 1436 regno.
2080 1393 2122 1426 ln

1132 1447 1277 1481 nomine
1302 1445 1457 1487 domini,
1486 1457 1558 1478 non
1584 1445 1620 1477 in
1646 1444 1800 1488 potentia
1828 1451 2028 1484 creaturae,
2062 1445 2123 1477 sed

1132 1499 1169 1531 in
1192 1497 1345 1542 potentia
1362 1497 1445 1531 Dei.
1496 1495 1573 1529 Rex
1598 1494 1724 1534 Israel,
1760 1495 1952 1538 promissus
1977 1494 2013 1527 in
2037 1495 2123 1528 scri-

1133 1548 1261 1593 pturis,
1289 1548 1326 1579 in
1337 1544 1490 1580 Michea.
1523 1545 1604 1579 Noli
1624 1546 1764 1586 timere,
1793 1545 1873 1590 quia
1892 1542 1958 1578 hoc
1975 1556 2121 1588 regnum

1134 1610 1282 1642 regnum
1308 1598 1438 1640 gratiae
1459 1603 1519 1630 est.
1574 1595 1663 1629 Filia
1679 1596 1786 1636 Sion,
1820 1603 1857 1629 tu
1876 1595 1981 1635 Sion,
2009 1603 2122 1630 totum

1132 1661 1278 1693 regnum
1295 1648 1464 1683 fidelium.
1518 1646 1625 1680 Venit
1650 1647 1731 1687 tibi,
1757 1647 1816 1680 sed
1842 1653 2009 1691 tanquam
2036 1658 2122 1679 con-

1132 1702 1264 1735 solator
1288 1698 1595 1734 conscientiarum.
1656 1696 1752 1730 Haec
1777 1709 1850 1730 non
1878 1704 2120 1741 cognoverunt

1131 1751 1314 1795 discipuli,
1342 1752 1435 1796 quod
1453 1756 1629 1793 oporteret
1648 1760 1726 1781 eum
1754 1749 1946 1782 secundum
1971 1748 2121 1792 scriptu-

1131 1815 1185 1836 ras
1207 1800 1287 1835 vehi
1311 1802 1348 1834 in
1371 1801 1504 1835 urbem.
1563 1799 1753 1835 Recordati
1778 1806 1859 1833 sunt
1884 1806 2023 1844 accepto
2040 1798 2122 1842 Spi-

1131 1855 1200 1888 ritu
1218 1859 1348 1887 sancto.

94 842 249 876 sterilem
278 848 339 874 aut
363 840 520 874 fictitiam
546 840 743 884 imaginari.
800 840 916 874 Maria
941 853 1081 885 reprae-

93 899 206 926 sentat
221 891 410 925 Ecclesiam
424 918 433 932 ‚
467 892 601 924 nardus
626 892 788 932 verbum3
818 892 922 934 pedes
937 889 1082 932 Christi,

92 943 221 989 quibus
237 942 426 976 nunciatur
442 943 608 983 verbum3
635 941 738 975 Iudas
754 941 1012 990 praedicatores
1029 943 1080 975 le-

94 994 164 1038 gis,
191 993 253 1039 qui
270 994 439 1027 damnant
456 1004 562 1037 opera
579 992 671 1027 fidei.

183 1075 304 1111 Sinite
330 1088 409 1111 eam
439 1081 519 1116 etc„
551 1081 588 1110 ut
618 1077 657 1110 in
687 1075 745 1110 die
770 1076 991 1124 sepulturae.

199 1144 289 1179 Nam
309 1144 346 1178 in
370 1145 427 1178 die
451 1145 652 1189 sepulturae
676 1146 828 1188 inungar
846 1147 889 1179 ad
909 1145 1078 1190 sepelien-

92 1199 197 1236 dum,
225 1197 249 1230 i.
269 1208 298 1230 e.
322 1196 445 1237 sinite,
481 1203 520 1230 ut
546 1194 707 1231 exhibeat
729 1194 816 1229 mihi
841 1196 1079 1231 testimonium

92 1248 173 1282 fidei
189 1259 289 1287 suae,
317 1247 387 1280 iam
401 1246 593 1289 morituro,
621 1249 714 1293 quod
735 1248 872 1288 credat,
898 1246 1079 1281 Christum

92 1311 164 1333 esse
181 1310 235 1331 me
253 1298 325 1331 sive
343 1298 458 1331 vivam
471 1324 480 1338 ‚
507 1297 580 1332 sive
604 1299 755 1339 moriar,
783 1310 984 1344 quanquam
1001 1310 1080 1342 per-

92 1356 258 1395 sequatur
273 1349 427 1382 mundus
446 1355 508 1383 etc.

292 1429 476 1479 Pauperes
503 1441 641 1476 semper
668 1427 865 1466 habebitis.

192 1500 258 1534 His
275 1500 391 1532 verbis
408 1499 641 1543 amplificatur
659 1497 688 1543 ¹)
710 1499 793 1532 fides
810 1499 956 1535 Mariae.
986 1498 1080 1533 Crux

92 1565 165 1586 non
181 1558 231 1585 est
247 1551 285 1583 in
306 1562 474 1594 pauperes
489 1549 622 1594 aliquid
642 1550 814 1590 conferre3
844 1562 928 1583 crux
946 1557 1012 1589 est,
1042 1551 1079 1583 in

91 1613 278 1648 personam
301 1598 435 1634 Christi
465 1600 599 1644 aliquid
639 1600 816 1643 conferre,
858 1602 952 1645 quod
984 1598 1079 1634 hunc

91 1656 161 1688 iam
183 1654 407 1686 damnassent
439 1650 614 1693 principes
640 1648 869 1691 ludaeorum,
905 1652 1078 1685 destinas-

91 1711 236 1749 sentque
255 1702 372 1737 morti.
424 1701 536 1734 Porro
553 1701 638 1733 fides
661 1700 858 1734 evidentius
882 1702 1080 1736 declaratur

92 1757 129 1789 in
152 1765 253 1788 cruce
277 1764 381 1798 quam
406 1752 443 1784 in
468 1751 634 1795 operibus
663 1759 975 1797 quantumcunque
1002 1764 1079 1797 spe-

91 1805 194 1840 ciosis
210 1812 304 1838 extra
320 1815 468 1836 crucem.
523 1801 600 1835 Hoc
624 1808 674 1835 est
699 1803 792 1846 quod
812 1800 974 1837 Christus
992 1816 1079 1847 pro—

91 1859 151 1891 bat
178 1855 331 1889 officium
350 1853 504 1893 Mariae,
531 1853 711 1897 inquiens:
746 1852 920 1896 Pauperes
944 1866 1079 1899 semper

91 1905 268 1941 habebitis
279 1912 352 1943 etc„
369 1904 429 1939 Le.
445 1904 525 1936 volo
545 1915 738 1947 pauperum
757 1904 927 1937 rationem
946 1902 1078 1946 haberi,

91 1958 151 1992 sed
168 1963 200 1990 et
218 1954 283 1989 hoc
302 1955 402 1995 volo,
436 1961 475 1988 ut
501 1954 537 1986 in
562 1966 663 1987 cruce
688 1954 918 1987 testificemini
943 1957 986 1988 de
1011 1957 1078 1989 fule

91 2015 215 2042 vestra.
267 2003 313 2038 Et
338 2005 474 2038 Mariae
497 2016 603 2048 opus,
639 2005 719 2050 quia
743 2005 946 2039 testificatur
964 2008 1006 2040 de
1023 2019 1078 2040 me

91 2060 128 2092 in
147 2069 266 2097 cruce,
292 2056 425 2099 probo,
451 2055 531 2099 quia
549 2062 665 2089 tantae
682 2055 761 2088 fidei
786 2068 873 2099 opus
895 2065 954 2090 est.
1008 2056 1078 2091 lta-

91 2121 158 2155 que
183 2120 222 2141 ex
246 2107 288 2139 iis
312 2105 497 2147 intelligis,
524 2105 698 2148 primum,
731 2117 845 2149 neque
869 2107 1077 2142 afflictiones

89 2171 204 2205 neque
223 2169 328 2202 opera
345 2154 523 2188 charitatis
541 2155 594 2188 vel
618 2156 897 2189 ceremoniarum
916 2158 1038 2201 respici
1059 2171 1078 2192 a

89 2209 231 2246 Christo
264 2208 338 2241 sine
362 2207 448 2246 fide,
483 2206 577 2240 iuxta
600 2205 688 2239 illud
715 2205 806 2241 Psal.
826 2206 957 2243 XVII.:
994 2205 1077 2243 Cla·
1131 2209 1313 2252 fiduciam,
1341 2221 1444 2254 quam
1468 2208 1600 2240 faciunt
1625 2218 1728 2249 opera
1755 2217 1878 2238 vanam
1906 2216 1996 2244 esse,
2024 2204 2116 2237 iuxta

89 2265 292 2297 maverunt,
335 2269 448 2302 neque
474 2264 563 2297 erat,
603 2256 663 2301 qui
692 2256 806 2290 salvos
839 2257 982 2299 faceret,
1017 2261 1075 2294 sed
1131 2259 1217 2292 illud
1232 2256 1549 2293 Esaiaexxvltl.:
1580 2256 1765 2290 Posuimus
1780 2256 2000 2288 mendacium
2022 2265 2115 2297 spem

89 2313 193 2346 fidem
209 2308 355 2353 respici,
382 2319 471 2353 quae
486 2313 613 2352 aequat
636 2307 755 2340 omnia
773 2319 876 2351 opera
894 2316 925 2342 et
944 2310 1076 2353 passio·
1130 2317 1295 2344 nostram.
1349 2309 1443 2342 Haec
1467 2320 1544 2341 cnm
1573 2308 1660 2340 ratio
1688 2304 1881 2350 pharisaica
1901 2317 1970 2337 non
1989 2311 2117 2344 cernat,

89 2374 162 2397 nes.
223 2360 406 2399 Secundo,
445 2358 613 2402 praeferri
655 2358 864 2391 afflictiones
901 2361 1077 2404 operibus,
1129 2361 1184 2402 fit,
1212 2368 1250 2395 ut
1267 2362 1408 2394 damnet
1426 2357 1670 2401 Evangelium.

91 2413 186 2459 quod
214 2412 250 2445 in
280 2409 532 2444 afflictionibus
561 2409 644 2442 fides
672 2421 707 2442 se
731 2409 928 2443 evidentius
950 2418 1076 2446 exerat.

88 2463 184 2508 Ergo
211 2461 272 2507 qui
303 2459 400 2495 hunc
434 2461 550 2494 locum
577 2472 639 2504 pro
672 2460 879 2493 ceremoniis
910 2462 1075 2507 allegant,

88 2527 171 2560 prae
189 2512 316 2558 quibus
332 2511 560 2555 negliguntur
577 2522 761 2556 pauperes,
789 2511 812 2544 ii
833 2514 1075 2558 consyderent,
1229 2509 1408 2545 Pharisaei
1447 2515 1721 2553 persequuntur,
1781 2514 1897 2551 gentes
1938 2506 2116 2550 excipiunt

1128 2560 1373 2605 Evangelium.
1428 2559 1470 2594 Et
1499 2561 1579 2604 quia
1598 2557 1758 2591 Christus
1784 2571 1852 2590 non
1877 2564 1924 2590 est
1955 2557 2019 2588 nisi
2046 2558 2113 2590 cir-

1129 2613 1353 2646 cumcisionis
1378 2611 1557 2647 minister,
1594 2611 1670 2642 ideo
1690 2609 1850 2653 Apostoli
1875 2608 1916 2641 ad
1935 2605 2113 2642 Christum

125 2683 153 2711 ι)
175 2683 269 2706 secer.
289 2677 522 2709 amplificabitur.
1128 2671 1246 2708 gentes
1263 2663 1453 2697 adducunt.
1508 2660 1594 2695 Nam
1618 2673 1678 2706 per
1696 2660 1884 2697 Apostolos
1905 2666 1975 2692 erat
1993 2655 2112 2691 Evan-

1294 1934 1498 1971 lerisaei
1525 1947 1609 1981 ergo
1638 1933 1811 1969 dia-erunt
1838 1933 1893 1968 ad
1915 1946 1962 1968 se.

1234 2003 1413 2038 Pharisaei
1446 2011 1720 2049 persequuntur,
1754 2003 1833 2048 quia
1860 2000 1993 2036 Christi
2021 2013 2119 2045 prae-

1131 2057 1262 2090 dicatio
1280 2068 1351 2089 non
1369 2062 1482 2100 potest
1508 2055 1555 2088 eis
1581 2068 1651 2088 non
1679 2066 1750 2096 esse
1777 2053 1954 2086 scandalo.
2009 2051 2119 2086 Docet

1132 2107 1223 2140 enim
1243 2105 1492 2150 Evangelium,
1523 2106 1676 2138 iusticias
1698 2102 1870 2137 humanas
1886 2114 1957 2136 esse
1973 2102 2118 2136 simula-

1131 2159 1280 2199 tionem,
1329 2157 1567 2201 insipientiam
1600 2163 1631 2189 et
1663 2154 1917 2198 ignorationem
1954 2153 2044 2192 Dei,
2086 2161 2117 2187 et

1218 2444 1343 2478 Erant
1372 2448 1491 2476 aulem
1521 2440 1664 2490 quidem
1693 2440 1846 2488 gentiles
1874 2452 1918 2473 ex
1947 2437 2018 2474 his.
