2409 2915
27 0 32 132 1

617 86 699 122 ΧΠ.

178 174 275 209 Haec
299 175 419 209 multis
440 173 670 209 concionibus
696 171 827 208 Christi
855 179 888 207 et
911 171 1064 217 Aposto-
1087 175 1091 202 l

82 227 199 260 lorum
216 227 492 270 amplificantur,
511 236 600 269 quae
619 231 702 258 sunt
719 224 968 268 promissiones
985 224 1065 257 infi-

79 277 366 320 gendaeanimis:
384 275 464 309 Non
475 275 671 320 relinquam
683 286 743 308 vos
753 272 942 318 orphanos.
970 274 1066 308 Con-
1088 262 1092 295 l

81 327 346 362 statEcclesiam
367 327 404 359 in
423 326 574 366 mundo,
590 326 674 359 velit
691 323 885 369 orphanam
903 336 974 358 esse
991 325 1066 358 sine
1088 325 1091 351 ἶ

81 378 263 422 praesidiis
289 375 470 415 humanis,
505 376 694 410 subiectam
721 376 832 416 cruci,
870 376 1066 420 oppugnari
1088 402 1091 407 .

81 441 100 462 a
120 428 279 468 diabolo,
308 427 472 460 moliente
496 433 623 466 sectas,
657 427 930 471 disputationes,
965 438 1066 459 scan-
1088 415 1091 445 l

82 479 177 519 dala,
206 479 343 518 caedes,
369 477 667 522 persecutionem,
702 484 735 511 et
753 477 796 511 ab
821 477 963 520 organis
988 477 1064 510 dia-

80 529 174 567 boli,
203 528 361 574 tyrannis
379 535 410 562 et
427 528 515 562 aliis.
571 527 638 562 Sed
659 525 823 562 Christus
839 527 974 572 inquit,
1003 527 1065 561 ad-

81 579 238 613 diturum
260 591 294 612 se
313 579 414 612 nobis
439 579 668 623 paracletum,
704 579 765 624 qui
788 579 935 612 consilio
959 584 1065 622 regat,

80 635 114 663 et
130 630 311 663 confirmet
329 636 483 668 mentes,
510 631 570 675 qui
595 630 741 663 retineat
766 636 899 662 mentes
923 629 959 662 in
983 640 1064 662 vera

80 680 270 720 sententia,
297 687 328 713 et
344 680 495 714 illustret
513 687 551 714 ut
570 678 802 723 Evangelium
821 687 912 713 recte
932 679 1064 713 intelli—

80 737 180 774 gant,
210 738 242 764 et
259 731 458 763 discernant
478 743 494 763 a
515 731 683 775 sapientia
702 731 844 770 mundi,
863 727 1064 764 sicutChri-

79 787 153 815 stus
168 781 301 826 inquit:
333 781 432 814 Dabo
449 781 550 814 vobis
564 782 725 825 spiritum
749 782 923 821 veritatis,
952 781 986 814 id
1003 786 1065 820 est,

78 831 140 877 qui
159 830 261 866 efficit
281 843 418 866 veraces
433 832 470 866 in
486 832 645 866 doctrina
661 839 692 865 et
711 832 746 864 in
762 832 996 866 invocatione.

445 939 573 979 Quibus
596 940 704 970 detur.

180 1017 327 1051 Publica
359 1016 530 1052 exhibitio
558 1018 711 1062 Spiritus
736 1017 844 1051 sancti
869 1018 937 1051 fuit
966 1017 1061 1051 testi-

79 1069 259 1108 monium,
295 1070 388 1113 quod
422 1081 502 1101 vere.
535 1071 637 1102 detur
659 1068 812 1113 Spiritus
834 1075 974 1101 sanctus
997 1068 1060 1101 toti

77 1117 267 1153 Ecclesiae.
324 1118 405 1152 ltleo
425 1120 459 1151 in
481 1118 546 1152 boc
563 1119 763 1153 testimonio
783 1119 1062 1163 contemplemur

78 1169 312 1203 universalem
332 1170 612 1213 promissionem.
667 1168 713 1203 Ut
726 1170 891 1203 omnibus
916 1169 1062 1202 offertur

77 1220 236 1252 remissio
265 1227 507 1261 peccatorum,
543 1228 574 1254 et
598 1221 762 1253 omnibus
787 1220 999 1263 praecipitur
1023 1227 1062 1253 u't

77 1269 240 1307 credant,
269 1267 315 1300 ita
332 1268 484 1311 Spiritus
503 1277 642 1302 sanctus
660 1271 852 1311 promissus
873 1276 922 1300 est
944 1271 1061 1300 omni-
1085 1266 1087 1293 ἴ

77 1319 160 1357 bus,
194 1324 227 1351 et
260 1318 363 1350 datur
394 1318 561 1350 omnibus
584 1318 767 1362 agentibus
794 1318 1060 1361 poenitentiam,
1085 1335 1087 1349 l

77 1376 111 1402 et
127 1369 193 1401 fide
211 1379 246 1400 se
265 1369 562 1412 sustentantibus,
594 1370 683 1402 sicut
710 1369 894 1402 manifeste
916 1376 1062 1403 testatur
1085 1373 1087 1414 ξ

73 1418 206 1452 Paulus
230 1417 346 1453 Galat.
366 1419 401 1452 3.
432 1418 478 1453 Ut
507 1419 775 1463 promissionem
802 1420 945 1463 spiritus
971 1420 1061 1453 acci-

74 1470 214 1514 piamus
232 1480 293 1512 per
309 1469 423 1504 fidem.
477 1468 522 1503 Et
537 1468 698 1504 Christus
721 1471 855 1516 iuquit,
882 1471 957 1503 dari
981 1483 1059 1504 eum

76 1520 285 1565 petentibus.
340 1520 455 1553 Lucae
468 1522 545 1555 11.:
575 1520 718 1564 Quanto
738 1522 847 1564 magis
867 1528 967 1565 pater
982 1533 1061 1554 coe·
1085 1536 1087 1550 ‹

75 1571 172 1604 lestis
189 1570 286 1603 dabit
302 1569 474 1614 Spiritum
493 1578 652 1605 sanctum
672 1573 883 1616 petentibus.
937 1571 987 1605 Ac
1006 1573 1060 1605 di-
1086 1585 1087 1617 3

76 1622 226 1665 ligenter
242 1621 461 1654 observanda
480 1629 529 1655 est
549 1623 718 1666 particula
747 1623 964 1666 petentibus,
992 1635 1060 1667 qua

77 1670 241 1705 Christus
271 1672 439 1715 requirit,
476 1680 508 1706 et
541 1673 695 1717 postulat
725 1673 930 1716 petitionem
955 1671 1061 1705 huius

75 1722 243 1755 muneris.
298 1721 402 1761 Quod
421 1723 563 1764 quidem
584 1724 619 1752 in
640 1723 756 1754 verbis
775 1724 845 1754 illis
868 1721 1062 1755 liber-'iliter
1086 1719 1087 1750 l

74 1770 263 1817 promittit.
1086 1772 1088 1781 ⁸

178 1837 298 1880 Quare
314 1849 456 1881 agamus
480 1839 754 1882 poenitentiam,
781 1846 813 1873 et
841 1851 1060 1874 exerceamus
1085 1874 1087 1877 ,

75 1890 179 1923 fidem
201 1889 239 1921 in
266 1889 505 1929 invocatione,
543 1897 574 1924 et
596 1897 755 1934 petamus
779 1890 951 1934 Spiritum
978 1903 1059 1924 san·
1085 1908 1087 1910 v

75 1947 188 1980 ctum,
228 1947 267 1974 ut
298 1952 426 1973 novam
458 1941 569 1973 lucem
597 1947 630 1974 et
661 1953 788 1974 novam
821 1942 1059 1976 obedientiam
1084 1934 1087 1968 Ῐ

75 1991 112 2024 ἰη
130 1990 232 2024 nobis
248 1991 382 2033 inruet,
418 1990 506 2024 sicut
524 1994 558 2026 2.
579 1989 742 2026 Corinth.
760 1992 793 2027 3.
812 1992 959 2026 dicitur:
986 1992 1059 2026 Nos
1084 1984 1087 2038 ζ

76 2053 198 2074 omnes
215 2041 364 2075 revelata
383 2041 468 2074 facie
494 2042 641 2085 gloriam
659 2041 805 2076 Domini
830 2044 1059 2087 speculantes,
1084 2044 1086 2081 ξ

77 2092 114 2124 in
133 2092 277 2124 eandem
296 2092 482 2135 imaginem
504 2094 817 2134 transformamur,
844 2107 861 2127 a
887 2094 996 2137 gloria
1021 2094 1058 2126 in
1083 2087 1086 2135 l

75 2142 242 2185 gloriam,
271 2148 436 2186 tanquam
461 2142 641 2177 aDomini
665 2144 810 2188 spiritu,
838 2145 873 2177 id
899 2151 967 2185 est,
994 2156 1058 2178 nos
1083 2142 1085 2177 ι’

75 2192 196 2226 audito
214 2190 424 2235 Evangelio,
452 2200 485 2226 et
509 2201 645 2238 accepta
671 2195 876 2228 remissione
901 2202 1057 2238 peccato-
1083 2195 1085 2234 Ξ

76 2255 172 2283 rum,
199 2243 344 2286 gloriam
370 2242 439 2276 Dei
462 2244 700 2287 speculamur,
728 2246 761 2278 i‹l
786 2252 855 2286 est,
889 2247 1058 2279 audemus
1082 2242 1085 2269 Ι

77 2294 238 2327 accedere
256 2295 298 2326 ad
320 2292 449 2334 Deum,
487 2301 518 2327 et
544 2295 701 2329 videmus
727 2296 801 2329 eius
824 2296 989 2338 gloriam,
1023 2297 1055 2329 id
1083 2334 1085 2339 Ι

78 2351 146 2385 est,
187 2345 357 2387 fulgorem
385 2344 527 2385 iudicii,
568 2357 605 2378 ac
632 2346 668 2378 iu
693 2345 753 2378 illo
778 2346 934 2389 iudicio,
976 2359 1058 2380 voce
1083 2364 1085 2374 ·

76 2392 280 2437 Evangelii,
307 2395 584 2429 consolationem
605 2394 791 2437 habemus,
817 2408 855 2429 ac
874 2397 1058 2430 induimur
1083 2410 1085 2413 ·

77 2444 153 2479 luce
169 2446 268 2485 fidei,
303 2453 341 2479 ut
365 2446 472 2489 magis
494 2447 672 2492 magisque
697 2447 784 2480 iram
808 2447 871 2481 Dei
902 2454 933 2480 et
954 2448 1058 2480 mise·
1082 2478 1085 2509 f

78 2494 264 2529 ricordiam
298 2507 542 2539 agnoscamus,
573 2505 607 2531 et
638 2510 727 2531 nova
761 2499 853 2535 luce,
888 2510 976 2542 quae
1008 2506 1084 2543 est.

79 2545 192 2589 imago
212 2545 297 2585 Dei,
325 2559 511 2587 ornemur,
538 2548 572 2580 id
597 2555 666 2588 est,
700 2549 827 2582 noticia
848 2547 932 2589 Dei,
967 2549 1056 2582 fidu-

80 2595 133 2630 cia
148 2602 363 2641 praesentiae
379 2595 462 2639 Dei,
488 2598 695 2639 dilectione,
722 2607 755 2633 et
779 2600 921 2633 caeteris
946 2600 1054 2633 virtu·

80 2645 192 2686 tibus,
225 2654 257 2680 et
278 2647 394 2685 addit,
430 2653 595 2692 tanquam
618 2661 636 2682 a
661 2649 808 2683 Domini
841 2650 987 2695 spiritu,
1018 2657 1056 2685 ut
1079 2641 1084 2691 l

132 2697 305 2730 Marma.
336 2700 438 2731 Oeen.
468 2699 549 2730 Vox..
570 2701 664 2735 XIV.

1081 2545 1084 2619 ἒ

752 83 1147 121 ANNOTATIONES
1175 84 1225 120 IN
1250 83 1550 121 EVANGELIA.

2021 89 2095 123 290

1115 172 1264 206 sciamus
1294 170 1384 206 hanc
1417 171 1680 205 renovationem
1707 183 1797 214 esse,
1831 184 1918 217 opus
1942 173 2094 218 Spiritus

1114 223 1222 257 sancti
1242 223 1278 255 in
1295 223 1408 256 nobis.

1216 272 1308 306 Illud
1335 273 1437 306 etiam
1465 273 1633 312 sciamus,
1675 274 1785 307 excuti
1813 275 1984 319 Spiritum
2015 288 2094 308 san-

1114 330 1208 357 ctum
1240 324 1413 368 lapsibus,
1447 330 1566 356 contra
1593 323 1861 369 conscientiam,
1896 333 1934 359 ut
1956 325 2035 361 Gal.
2061 325 2095 360 5.

1115 375 1259 408 dicitnr:
1304 373 1438 418 Spiritu
1467 374 1661 409 ambulate,
1714 380 1745 405 et
1776 377 2093 419 concupiscentiam

1115 425 1226 458 carnis
1246 437 1316 457 non
1336 424 1539 467 perficietis,
1568 431 1599 457 et
1619 423 1762 456 deinde:
1801 424 1987 460 Manifesta
2013 435 2095 460 sunt

1114 487 1217 519 opera
1244 476 1377 515 carnis,
1419 474 1652 511 adulterium,
1695 475 1878 514 scortatio,
1922 477 2019 517 odia,
2053 480 2095 511 (lc,

1114 526 1242 571 quibus
1260 526 1353 568 dixi,
1382 525 1463 559 talia
1480 525 1665 565 facientes,
1681 536 1825 567 regnum
1842 525 1905 558 Dei
1925 539 1995 560 non
2013 540 2096 561 cou-

1114 584 1292 610 secuturos
1315 588 1397 611 esse.
1451 574 1497 609 Et
1524 576 1566 607 (le
1588 574 1642 609 his
1662 573 1838 608 Iohannes
1863 577 1994 621 inquit:
2024 579 2094 620 Qui

1112 628 1196 662 facit
1210 634 1410 672 peccatum,
1438 639 1477 659 ex
1499 626 1641 659 diabolo
1667 633 1736 665 est,
1764 633 1796 659 et
1814 625 1941 661 Ebrae.
1962 629 2017 663 10.
2037 628 2096 661 Fi-

1114 678 1200 710 lium
1228 678 1293 712 Dei
1323 677 1553 716 conculcans,
1596 683 1628 709 et
1656 677 1861 719 sanguinem
1899 681 2095 712 testamenti

1113 729 1286 772 polluens,
1314 735 1347 761 et
1363 727 1525 771 spiritum
1543 727 1674 769 gratiae
1691 728 1905 761 contumelia
1929 730 2096 764 afficiens.

1112 778 1207 813 Haec
1225 779 1383 813 doctrina
1401 779 1592 811 necessaria
1609 785 1659 811 est
1676 775 1908 819 Christianis,
1931 787 1969 813 ut
1986 781 2098 814 sciant

1113 831 1280 864 omnibus
1313 829 1533 874 promissiam
1565 840 1636 861 esse
1657 828 1828 872 Spiritum
1857 838 2033 871 sanctum,
2065 838 2098 865 et

1113 881 1220 926 accipi
1239 882 1282 914 ab
1300 881 1465 914 omnibus
1481 879 1548 911 fide
1567 879 1601 911 in
1622 891 1702 912 vera
1725 880 1959 922 poenitentia,
1988 888 2017 913 et
2044 894 2098 914 rc·

1115 932 1237 970 lineri,
1272 933 1356 964 dum
1380 941 1562 963 manemus
1588 930 1624 962 iu
1648 931 1821 964 exercitiis
1847 943 1948 964 verae
1974 933 2097 975 poeni-

1114 984 1241 1016 tentiae
1259 990 1290 1016 et
1310 980 1551 1014 invocationis.

1348 1086 1489 1128 Feria²
1502 1089 1551 1130 ll.
1576 1088 1866 1131 pentecostes.

1493 1161 1661 1195 Actorum
1680 1162 1716 1196 2.

1164 1226 1217 1261 Et
1243 1240 1320 1262 cum
1349 1227 1610 1275 complerentur
1636 1226 1711 1261 dies
1729 1226 1968 1269 Pentecostw,
1994 1235 2097 1263 erant

1216 1291 1336 1313 omnes
1369 1279 1593 1312 unanimiter
1626 1278 1751 1312 simul.
1810 1277 1863 1311 Et
1891 1280 2018 1325 sactus
2049 1286 2098 1314 est

1217 1333 1353 1375 repente
1371 1327 1413 1361 de
1430 1328 1524 1361 coelo
1541 1341 1654 1362 sonus
1672 1333 1850 1375 tanquam
1872 1327 2098 1365 advenientis

1203 1379 1325 1427 flatus
1351 1376 1577 1413 vehementis.
1645 1378 1697 1412 Et
1724 1378 1869 1425 replevit
1896 1384 2009 1413 totam
2035 1385 2099 1415 clo-

1214 1443 1312 1463 mum
1333 1430 1515 1463 abierant
1529 1428 1699 1464 sedentes.
1726 1428 1779 1463 L't
1800 1436 2097 1477 conspectuesunt

1214 1479 1294 1514 illis
1326 1479 1538 1528 dispertitae
1572 1481 1742 1527 linguae,
1783 1486 1961 1529 tanquam
1989 1482 2099 1528 ignis,

1214 1529 1377 1579 seditque
1394 1545 1507 1579 supra
1527 1531 1698 1578 singulos
1715 1544 1850 1567 eorum.
1899 1531 1953 1566 Et
1974 1533 2101 1580 repleti

1213 1587 1298 1616 sunt
1318 1595 1439 1616 omnes
1457 1582 1601 1629 Spiritu
1618 1588 1764 1624 sancto,
1792 1588 1822 1616 et
1839 1589 2024 1629 coeperunt
2043 1584 2098 1619 lo-

1215 1632 1385 1680 quialiis
1405 1633 1564 1677 linguis,
1596 1638 1704 1677 prout
1727 1631 1882 1678 spiritus
1907 1632 2022 1667 dabat
2048 1635 2097 1669 eis

1215 1681 1345 1729 eloqui.

1166 1731 1290 1766 Erant
1309 1736 1427 1766 autem
1447 1732 1486 1765 in
1507 1730 1710 1766 Ierusalem
1728 1730 1940 1768 habitantes
1950 1733 2097 1778 Iudaei,

1218 1783 1288 1817 ciri
1308 1782 1474 1829 religiosi
1490 1794 1535 1816 ex
1554 1784 1992 1832 omninationequaesub
2003 1787 2098 1821 coelo

1217 1839 1277 1869 est.
1333 1832 1455 1868 Facta
1474 1838 1593 1867 autem
1612 1832 1682 1868 hac
1699 1847 1794 1876 voce,
1822 1836 1983 1869 convenit
2001 1837 2095 1870 mul-

1214 1885 1350 1923 titudo,
1386 1890 1415 1918 et
1436 1884 1592 1932 confusa
1618 1890 1686 1924 est,
1722 1886 1897 1933 quoniam
1921 1885 2096 1921 audiebat

1215 1935 1462 1983 unusquisque
1491 1936 1624 1981 lingua
1661 1949 1729 1969 sua
1773 1935 1859 1971 illos
1903 1936 2096 1986 loquentes.

1214 1986 1417 2034 Stupebant
1435 1991 1553 2020 autem
1571 1999 1710 2027 omnes,
1736 1992 1766 2020 et
1783 1987 2020 2022 mirabantur
2038 1989 2096 2023 di-

1217 2043 1330 2071 centes
1349 2037 1442 2071 inter
1456 2049 1547 2070 sese:
1581 2036 1716 2072 IVonne
1731 2050 1801 2072 ecce
1819 2051 1938 2074 omnes
1954 2041 2019 2073 isti
2033 2042 2098 2088 qui

1214 2088 1432 2136 loquuntur,
1452 2085 1752 2122 Galilaeisunl?
1768 2088 1821 2122 Et
1839 2089 2016 2137 quomodo
2030 2104 2095 2125 nos

1214 2137 1387 2173 audimus
1417 2139 1664 2187 unusquisque
1696 2141 1886 2187 propriam
1925 2141 2093 2185 linguam

1214 2195 1398 2232 nostram,
1427 2191 1464 2223 in
1489 2204 1561 2238 qua
1589 2191 1672 2224 nati
1695 2191 1847 2224 εωηιιε.Ἰ
1881 2190 2036 2233 Parthi,
2065 2198 2094 2226 et

1212 2239 1340 2281 illedi,
1377 2247 1406 2275 et
1425 2240 1638 2282 Elamitae,
1667 2247 1698 2274 rt
1725 2241 1790 2288 qui
1810 2239 1985 2275 habitant
2011 2242 2094 2277 ..Ua-

1211 2293 1476 2339 sopotamiam⁷
1506 2298 1535 2325 rt
1557 2290 1736 2325 Iudaeam
1757 2297 1787 2325 et
1803 2289 2092 2339 Cappadom'am,

1211 2340 1369 2377 Pontum
1397 2349 1426 2376 et
1449 2344 1600 2382 Asiam,
1629 2348 1658 2376 et
1675 2341 1903 2389 Phrygiam,
1934 2354 1964 2378 et
1981 2342 2092 2377 Pam-

1209 2392 1401 2442 phyliam,
1417 2397 1622 2441 Aegyptum
1637 2399 1666 2426 el
1681 2399 1805 2440 partes
1822 2392 1983 2440 Libyae,
2001 2409 2093 2442 quae

1214 2451 1263 2478 est
1295 2446 1390 2479 circa
1419 2442 1603 2490 Cyrenen,
1643 2449 1673 2476 et
1704 2446 1889 2491 peregrini
1914 2444 2091 2486 Romani,

1213 2494 1394 2529 Iudaeiet
1410 2494 1609 2541 proselyti,
1644 2490 1765 2528 Cretes
1790 2501 1819 2528 et
1837 2496 1995 2537 Arabes,
2023 2511 2091 2531 au-

1208 2545 1329 2580 dimus
1346 2559 1402 2580 eos
1419 2545 1603 2593 loquentes
1621 2546 1754 2578 nostris
1779 2545 1919 2591 linguis
1943 2548 2090 2594 mugni-

1201 2596 1279 2643 fica
1296 2597 1382 2631 Dei.
1435 2596 1638 2642 Stupebant
1654 2601 1773 2629 antem
1791 2609 1913 2631 munes
1927 2627 1934 2639 ‚
1963 2603 1992 2631 ct
2009 2612 2090 2633 con-

1210 2648 1472 2683 sternabantur
1500 2645 1554 2680 ad
1582 2646 1728 2680 invicem
1762 2646 1932 2682 dicentes:
1974 2648 2093 2696 Quid-

1354 2699 1398 2733 19
