2409 2915
124 117 198 154 695
367 116 451 152 XII.
505 112 901 152 ANNOTATIONES
928 113 994 151 ET
1022 113 1306 153 CONCIONES
1334 117 1384 153 IN
1410 118 1595 159 EVANG.
1623 123 1904 163 MATTHAEI.
2075 132 2149 168 694

119 202 417 248 promissionum,
445 213 556 236 unum
580 206 824 242 aeternarum,
857 201 1006 236 alterum
1026 202 1113 237 'cor-
1160 214 1222 236 vos
1247 204 1445 245 maledicti,
1482 207 1518 239 in
1543 215 1725 244 aeternum
1749 211 1885 255 ignem,
1922 216 1983 261 qui
2005 225 2146 262 paratus

119 253 316 298 poralium,
349 260 382 288 et
400 254 492 298 quod
513 263 574 285 cor
591 251 688 295 prius
704 258 880 286 aeternam
908 255 1112 297 promissio·
1159 260 1211 288 est
1229 254 1375 288 diabolo
1395 262 1426 289 et
1443 258 1576 299 angelis
1595 260 1682 294 eius.

120 316 202 338 nem
216 331 225 346 ‚
253 305 296 338 de
311 304 517 338 remissione
534 308 773 347 peccatorum,
810 310 843 337 et
867 304 1018 347 gratuita
1044 305 1112 338 mi-
1260 304 1312 338 De
1329 308 1582 349 temporalibus
1600 323 1681 343 vero
1699 314 1820 355 poenis
1837 314 1872 348 in
1888 313 1952 350 hac
1970 318 2039 351 vita
2057 320 2141 352 dicit

121 355 309 389 sericordia
319 353 384 389 Dei
401 360 542 398 propter
557 350 737 387 Christum
749 379 757 394 ,
781 352 882 388 firma
900 355 967 389 fide.
985 356 1110 390 debeat
1134 365 1137 401 Ι
1157 353 1327 389 Salomon
1339 355 1539 392 Ecclesiast.
1551 359 1600 395 8.:
1627 359 1731 395 Certo
1747 367 1894 407 cognovi
1912 375 1944 400 et
1959 369 2030 402 scio
2046 373 2139 415 quod

120 407 281 450 amplecti
299 405 513 444 etrefinere,
539 416 604 437 nee
629 415 786 449 unquam
811 417 829 438 a
854 407 1024 450 promissa
1054 419 1108 441 re-
1133 406 1245 442 [bene
1269 405 1333 440 erit
1355 407 1565 443 timentibus
1587 408 1719 452 Deum,
1745 421 1776 448 et
1801 418 1893 459 quod
1918 430 2139 465 nequaquam

120 457 367 490 conciliatione.
385 454 533 489 deficere
554 462 613 488 aut
629 455 925 499 trepidationibus
948 464 977 490 et
1002 459 1107 491 dubi·
1133 446 1135 465 s
1155 456 1244 490 bene
1268 458 1334 491 erit
1357 458 1485 503 impio,
1513 471 1577 494 nee
1602 461 1771 496 dimum-²¹
1790 466 1862 499 elus
1883 468 1951 501 “51³
1967 471 2051 511 θΓῖῐ,
2079 474 2136 504 ⁵¹¹s¹

119 508 310 542 tastonam-5
334 506 506 550 opprimi,
536 506 609 539 sive
628 513 795 540 maneant
819 508 892 540 sive
911 508 1107 552 eripiantur
1130 546 1132 556 y
1153 507 1242 541 sicut
1273 509 1398 542 umbra
1429 519 1626 551 evanescet,
1664 525 1702 546 ac
1734 514 1807 557 ipse
1838 518 2015 559 punietur.
2087 522 2138 556 Ac

119 558 299 592 commoda
324 557 415 590 vitae
442 557 617 600 corporali
644 558 845 590 necessaria.
916 558 1003 591 Nam
1032 560 1104 604 pri·
1152 559 1254 602 plena
1280 566 1328 592 est
1353 560 1523 605 scriptura
1544 563 1981 605 taliumtestimoniorum.
2033 571 2138 606 Prae—

118 619 195 643 mus
219 609 346 652 gradus
370 615 418 642 est
443 620 611 652 quaerere
643 615 783 641 aeterna
814 610 923 649 bona,
962 610 1033 643 imo
1058 612 1101 644 ad
1151 615 1242 642 terea
1260 609 1389 653 singuli
1408 614 1682 647 commonefiunt
1700 616 1792 649 mole
1810 630 2022 665 poenarum,
2052 635 2137 667 quas

115 657 182 692 hoc
204 659 329 692 missus
355 665 404 692 est
428 659 522 692 filius
545 657 630 699 Dei,
670 666 709 692 ut
733 659 867 703 placata
892 661 942 693 ira
969 663 1100 695 aeterni

113 707 248 750 Patris,
295 710 493 744 restitueret
521 710 678 743 liberatis
701 722 718 743 a
744 717 882 754 peccato
906 718 938 744 et
962 719 1099 746 aeterna

113 767 244 802 morte,
276 761 447 795 iustitiam
471 767 503 794 et
528 761 674 795 salutem
697 761 956 805 sempiternam.
1010 762 1099 796 Cum

111 817 226 845 autem
244 812 338 846 Deus
355 809 451 846 hunc
469 813 716 845 admirandum
737 813 898 845 ordinem
918 813 1098 847 inenarra-

111 862 175 895 bili
192 863 347 897 bonitate
364 863 536 907 sanxerit,
565 864 656 897 utin
676 861 739 896 hac
764 864 904 896 mortali
929 865 997 898 vita
1026 865 1099 898 col·
1123 889 1124 893 ,

1122 930 1123 937 1
1145 915 1322 948 actionum
1347 916 1531 951 universae
1553 919 1643 952 vitae
1665 918 1858 963 humanae,
1885 925 2033 967 seilicet,
2060 930 2131 968 pri-

110 913 214 947 lectio
231 914 290 948 fiat
302 912 479 948 Ecclesiae
497 921 528 947 et
546 914 796 947 salvandorum
808 942 815 954 ‚
844 915 993 959 ideoque
1009 916 1098 948 serio

109 965 194 998 velit
211 965 248 998 in
270 963 374 999 buius
390 965 522 1009 fugacis
544 965 633 998 vitae
651 966 906 998 consuetudine
925 966 1024 1000 initia
1045 967 1098 999 vi-

110 1023 164 1050 tae
190 1023 222 1050 et
246 1016 399 1050 iustitiae
426 1023 588 1050 aeternae
612 1013 791 1054 inchoari,
817 1017 966 1059 largitur
993 1017 1096 1051 etiam
1120 1019 1122 1054 ξ

107 1067 201 1101 bona
221 1068 397 1112 corporis,
425 1075 464 1101 ut
488 1067 629 1100 interim
653 1067 787 1100 tamdiu
811 1067 927 1106 cibos,
962 1074 1095 1111 potum,

107 1115 280 1163 hospitia,
322 1124 433 1152 vestes
466 1124 527 1152 etc.
558 1115 686 1150 habeat
717 1116 890 1161 Ecclesia,
925 1120 1095 1163 quamdiu
1119 1111 1336 1154 Christum.

106 1169 239 1203 fruitur
262 1181 368 1204 usura
393 1166 500 1201 huius
528 1174 691 1201 externae
721 1175 753 1201 et
784 1169 958 1202 desiturae
990 1170 1093 1205 vitae.
1118 1195 1119 1198 η

106 1220 158 1253 Ac
180 1221 299 1253 eadem
319 1219 477 1264 proxime
500 1220 542 1252 de
566 1219 792 1252 distinctione
817 1220 1091 1263 promissionum
1116 1226 1120 1255 ’.

1116 1270 1118 1300 J
1143 1265 1226 1302 haec
1264 1271 1382 1303 omnia
1421 1272 1635 1307 adiicientur
1674 1275 1795 1317 vobis,
1838 1280 2008 1322 promissa
2048 1292 2128 1318 sum

106 1271 291 1305 audivistis
309 1271 497 1310 declarari,
520 1271 581 1302 sed
605 1277 688 1303 tunc
716 1270 775 1301 illa
798 1282 939 1314 quoque
965 1271 1092 1303 adiun-

103 1322 250 1364 gebatur
273 1321 582 1358 commonefactio,
623 1321 716 1364 quod
744 1327 878 1353 constet
904 1318 995 1353 banc
1020 1333 1092 1353 esse
1116 1343 1117 1346 =

100 1370 168 1405 Dei
188 1372 422 1411 voluntatem,
450 1377 488 1403 ut
507 1371 590 1403 fides
606 1377 640 1403 et
662 1370 839 1402 invocatio
865 1370 969 1403 simul
993 1383 1090 1404 exer-

102 1430 248 1457 ceantur
265 1422 301 1455 in
317 1428 468 1466 utroque
483 1432 609 1464 genere
625 1420 915 1468 promissionum,

203 1494 445 1539 Quamobrem
463 1494 596 1527 debetis
619 1501 651 1527 et
674 1501 813 1527 aeterna
839 1502 869 1528 et
894 1496 1090 1539 corporalia
1114 1479 1115 1498 ἶ

101 1548 194 1581 bona
219 1553 355 1591 petere,
383 1546 439 1578 sed
467 1543 533 1578 hoc
556 1545 681 1578 ordine
706 1552 866 1589 servam,
892 1558 994 1590 quem
1016 1546 1087 1579 Do-

99 1599 218 1631 minus
244 1598 279 1630 in
305 1595 361 1630 his
385 1595 500 1629 verbis
517 1596 760 1640 praescripsit:
804 1595 963 1629 Primum
983 1610 1088 1641 quae·
1112 1618 1113 1621 =

99 1649 166 1682 rite
183 1660 330 1691 regnum
346 1647 414 1681 Dei
435 1654 468 1680 et
487 1647 656 1680 iustitiam
676 1647 767 1684 eius,
793 1654 824 1680 et
842 1654 975 1680 caetera
994 1649 1086 1681 bona

98 1701 218 1734 omnia
236 1699 445 1733 adlicientur
464 1697 574 1732 vobis.

200 1774 300 1818 Quae
329 1774 471 1819 quidem
497 1774 600 1806 verba
627 1775 923 1818 quemadmodum
952 1776 1085 1819 perspi-

98 1839 161 1861 cua
179 1832 260 1860 sunt
277 1832 310 1859 et
330 1825 497 1865 illustria,
528 1825 574 1857 ita
592 1832 795 1868 proponunt
817 1833 848 1858 et
867 1827 1021 1869 regulam
1042 1827 1084 1859 de
1110 1871 1111 1874 Ἴ

96 1877 285 1922 praecipuo
302 1876 436 1914 officio,
465 1876 558 1920 quod
576 1875 723 1918 requirit
744 1875 837 1909 Deus
850 1903 858 1915 ,
894 1884 924 1909 et
943 1878 1084 1910 uberri-

95 1941 188 1961 mam
206 1927 514 1971 dulcissimamque
533 1926 821 1962 consolationem.
871 1926 1005 1969 Regula
1024 1936 1083 1967 est,

96 1979 351 2012 exordiendum
379 1988 451 2010 esse
469 1977 512 2009 ab
529 1977 679 2009 aeternis
700 1977 821 2017 bonis,
858 1978 1082 2023 primumque
1107 1988 1109 2012 ὲ

97 2031 242 2073 gradum
261 2040 332 2061 esse
349 2040 515 2073 quaerere
535 2039 680 2069 regnum
700 2026 763 2060 Dei
783 2035 813 2060 et
835 2028 1004 2061 iustitiam
1027 2029 1081 2061 di-

96 2081 234 2117 vinam,
271 2079 305 2111 id
341 2086 410 2117 est,
443 2086 534 2112 recte
568 2078 700 2111 discere
728 2079 888 2123 serioque
918 2080 1080 2123 amplecti
1107 2079 1109 2119 j

95 2131 242 2164 verbum
263 2126 347 2169 Dei,
382 2130 429 2161 sic
453 2136 490 2162 ut
515 2129 681 2161 omnibus
706 2130 862 2172 corporis
887 2131 1081 2163 commodis
1106 2151 1107 2163 ;

1106 2206 1107 2210 ,
1132 2181 1344 2223 spectatione
1362 2183 1463 2215 fidem
1484 2187 1650 2219 exerceri:
1679 2196 1708 2221 et
1723 2190 1825 2223 simul
1841 2192 2114 2231 vultEcclesinn,

1105 2255 1107 2260 .
1132 2231 1321 2264 subiectam
1345 2244 1417 2266 esse
1441 2236 1552 2273 cruci.
1581 2238 1638 2270 sed
1665 2235 1726 2271 bac
1749 2243 1972 2286 conditione,
2001 2255 2037 2280 ut
2061 2250 2113 2282 in-

95 2194 133 2215 ac
149 2182 240 2214 vitae
259 2186 408 2217 nostrae,
436 2179 470 2211 id
492 2179 605 2222 ipsum
627 2180 870 2218 anteferamus,
895 2188 926 2213 et
944 2181 979 2212 in
999 2193 1078 2213 vera

95 2231 325 2267 conversione
353 2231 394 2262 ad
423 2230 558 2269 Deum,
600 2230 725 2268 inseri,
766 2231 909 2271 adiungi
941 2242 979 2263 ac
1004 2231 1077 2264 sieri

94 2283 292 2317 membrum
319 2281 446 2313 electae
471 2278 658 2313 Ecclesiae.
719 2279 788 2312 Nec
811 2281 903 2313 enim
928 2282 1079 2325 promis-

94 2335 209 2368 siones
237 2332 411 2377 pertinent
444 2332 485 2364 ad
517 2331 644 2374 impios
669 2339 928 2373 perseverantes
951 2332 987 2363 in
1014 2331 1078 2365 Dei

1150 660 1241 693 collo
1267 667 1299 694 et
1326 662 1520 696 cervicibus
1546 664 1618 697 suis
1643 666 1836 709 sustinent,
1870 670 1931 704 etsi
1958 675 2136 706 conversis

1148 712 1190 744 ad
1216 710 1330 744 Deum
1355 724 1414 746 seu
1440 715 1694 757 poenitentiam
1720 719 1904 761 agentibus
1930 722 2136 767 mitigantur

1148 773 1348 798 aerumnae.

1250 812 1345 847 Haec
1368 814 1477 858 igitur
1499 817 1686 862 praecipua
1708 819 1752 853 sit
1777 827 1809 854 et
1833 821 1995 866 inprimis
2016 837 2134 861 neces-

1147 863 1234 896 saria
1266 865 1402 908 regula,
1435 868 1561 901 rectrix
1593 870 1752 903 omnium
1780 872 2077 909 deliberationum
2102 886 2133 910 et

1145 977 1241 997 mum
1260 967 1394 999 discere
1411 969 1554 1001 verbum
1570 968 1657 1009 Dei,
1686 974 1842 1007 converti
1861 976 1902 1008 ad
1915 974 2046 1018 Deum,
2074 991 2130 1012 seu

1145 1027 1245 1058 agere
1272 1018 1544 1061 poenitentiam,
1573 1027 1604 1053 et
1628 1021 1695 1054 fide
1712 1022 1975 1067 apprehendere
1994 1030 2130 1062 redem-

1144 1072 1254 1099 torem
1291 1080 1329 1101 ac
1363 1069 1569 1102 salvatorem
1594 1071 1788 1106 Dominum
1821 1083 1980 1110 nostrum
2016 1078 2129 1113 lesum

1391 1118 1466 1152 Hac
1483 1121 1548 1153 fide
1565 1123 1788 1165 praelucente
1805 1134 1921 1168 postea
1942 1129 2130 1164 excitemur

1143 1169 1184 1200 ad
1215 1170 1425 1213 petendum,
1453 1173 1666 1214 sperandum
1690 1181 1721 1207 et
1741 1179 2008 1219 exspectandum
2026 1182 2128 1215 etiam

1143 1220 1324 1262 corporale
1355 1221 1535 1254 auxilium.
1604 1222 1692 1257 Nam
1725 1222 1779 1258 liis
1808 1227 1891 1271 ipsis
1925 1231 2054 1265 verbis:
2084 1232 2129 1267 Et

1141 1319 1260 1352 omnia
1276 1321 1366 1354 bona
1387 1321 1478 1354 vitae
1495 1325 1686 1358 necessaria
1707 1326 1743 1359 in
1761 1329 1952 1363 vocatione.

1509 1409 1575 1443 De
1610 1421 1759 1446 cruce.

1243 1472 1290 1507 At
1314 1474 1487 1508 obiiciunt
1505 1473 1681 1511 humanae
1700 1487 1847 1514 mentes:
1878 1480 1995 1518 Audio
2013 1487 2127 1520 incul-

1139 1523 1211 1580 cari
1244 1526 1493 1568 promissiones
1522 1528 1696 1562 bonorum
1721 1533 1879 1576 corporis
1902 1534 2127 1579 largissimas,

1139 1574 1266 1631 quibus
1293 1575 1319 1608 si
1343 1578 1598 1620 responderent
1622 1587 1786 1623 eventus,
1814 1596 2034 1630 nequaquam
2061 1591 2126 1622 du-

1138 1636 1212 1657 rius
1245 1633 1463 1669 premeretur
1493 1640 1531 1661 ac
1556 1638 1780 1674 quassaretur
1805 1631 1983 1680 Ecclesia,
2021 1651 2122 1683 quam

1137 1675 1271 1720 reliqua
1303 1688 1383 1720 pars
1413 1679 1549 1720 generis
1584 1677 1747 1722 humani,
1783 1684 1842 1716 illa
1879 1698 1960 1719 vero
1985 1691 2124 1733 quantis

1110 1736 1112 1739 ·
1138 1733 1316 1759 exercetur
1344 1729 1550 1761 aerumnis?
1583 1739 1669 1774 quot
1700 1735 1862 1775 procellis
1895 1743 1926 1770 et
1960 1738 2124 1774 fluctibus

1137 1778 1420 1820 persecutionum
1448 1781 1672 1814 concutitur?
1725 1782 1836 1825 Abel,
1866 1785 2003 1828 Esaias,
2031 1790 2123 1824 Iere-

1135 1827 1242 1866 tuias,
1271 1826 1447 1862 Iohannes
1469 1829 1646 1874 Baptista,
1672 1831 1851 1874 Christus,
1881 1835 2061 1882 Apostoli,
2091 1852 2119 1877 et

1135 1878 1244 1911 multa
1278 1880 1387 1913 millia
1416 1879 1627 1914 Sanctorum
1664 1883 1924 1920 interficiuntur
1957 1893 2121 1927 omnibus

1133 1929 1370 1973 temporibus,
1395 1942 1434 1963 ac
1451 1939 1702 1975 oppugnantur
1721 1936 1970 1975 crudelissime.

1521 2034 1733 2065 Responsio.

1236 2078 1391 2124 Utraque
1411 2084 1603 2125 propositio
1621 2098 1699 2119 vera
1714 2094 1778 2121 est:
1804 2097 1834 2123 et
1847 2092 2023 2127 vultDsus
2037 2108 2116 2141 sup-

1131 2130 1287 2173 peditare
1313 2131 1405 2164 hona
1431 2136 1605 2176 corporis,
1632 2138 1824 2184 auxiliique
1849 2145 2039 2186 corporalis
2060 2160 2117 2180 ex-

1133 2288 1224 2314 terea
1243 2282 1420 2317 verissime
1436 2294 1546 2319 servet
1565 2288 1729 2322 omnibus
1747 2294 1961 2336 temporibus
1978 2306 2113 2332 coetum

1105 2354 1107 2357 f
1132 2332 1284 2377 aliquem
1307 2346 1345 2367 ac
1369 2335 1490 2368 florem
1509 2349 1566 2370 seu
1585 2350 1710 2380 corpus
1730 2339 1905 2378 Ecclesiae
1923 2358 2113 2389 agnoscen-

95 2391 291 2424 contemtu‚
318 2383 376 2416 sed
398 2380 433 2416 hi
454 2382 696 2426 praesentibus
724 2394 762 2413 ac
783 2385 933 2414 aeternis
956 2383 1079 2425 poenis
1104 2391 1107 2422 ς
1131 2383 1193 2424 tis,
1220 2384 1415 2418 invocantis
1439 2393 1541 2431 atque
1559 2389 1767 2424 celebrantis
1786 2393 1918 2436 ipsum,
1945 2410 2006 2432 noc
2023 2400 2112 2435 ψῃ(

93 2435 249 2481 oppressi
280 2434 546 2472 contabescent,
588 2433 681 2466 iuxta
713 2432 814 2465 toties
848 2433 1012 2475 repetitas
1041 2433 1077 2466 in
1104 2428 1106 2469 ἶ
1130 2431 1321 2467 Ecclesiam
1354 2436 1493 2479 penitus
1524 2439 1631 2471 deleri
1659 2453 1695 2474 ac
1719 2442 1881 2478 ‹lex-oran·
1908 2459 1925 2479 ἃ
1950 2449 2100 2484 diabolis

94 2487 263 2530 scriptura
280 2484 572 2518 comminationes
588 2481 787 2523 horribiles,
815 2489 852 2516 ut
863 2482 1078 2519 Psatm.12.:
1104 2477 1106 2502 Ῑ
1131 2485 1357 2519 molientibus
1381 2487 1524 2519 exitium
1549 2491 1665 2532 generi
1687 2489 1860 2535 humano³
1888 2504 1925 2530 m
1943 2481 2111 2543 scriptun}

94 2535 283 2582 Disperdet
298 2534 473 2569 Dominus
496 2534 667 2577 superbos
692 2533 834 2566 divinae
858 2534 928 2566 irae
954 2546 991 2567 ac
1014 2536 1078 2567 do-
1104 2557 1107 2576 ,
1131 2541 1181 2568 est
1203 2536 1245 2568 de
1272 2537 1500 2580 perpetuitate
1516 2539 1690 2574 Ecclesiae
1707 2550 1736 2575 et
1757 2547 1972 2588 repressione
1989 2551 2111 2586 diabo-

96 2588 226 2622 ctrinae
246 2593 491 2621 contemtores.
531 2582 778 2618 lmoChristus
798 2585 870 2628 ipse
881 2582 1079 2621 Matth.25.
1104 2587 1107 2618 ἱ
1132 2586 1267 2626 lorum,
1293 2585 1518 2622 Mauh.16.:
1547 2589 1671 2625 Portae
1698 2593 1890 2631 inferorum
1915 2611 1987 2633 non
2012 2615 2110 2646 prae-

96 2638 293 2682 protnulgat
324 2639 360 2670 in
395 2644 548 2670 extremo
585 2635 717 2669 iudicio
747 2635 955 2669 sententiam
995 2647 1075 2669 con-
1131 2637 1298 2671 valebunt
1327 2639 1493 2672 adversus
1524 2652 1618 2684 eam,
1651 2653 1880 2680 veruntamen
1913 2647 1978 2683 hoc
2005 2657 2110 2688 modo

97 2689 349 2723 demnatoriam
377 2687 585 2722 tristissimis
613 2686 744 2719 verbis:
780 2685 956 2720 Discedite
981 2698 998 2720 a
1024 2699 1079 2721 me
1132 2694 1244 2721 servat
1279 2701 1316 2722 ac
1343 2690 1424 2732 tegit
1450 2689 1640 2724 Ecclesiam
1665 2695 1818 2730 salvator
1841 2698 1933 2734 filius
1956 2700 2040 2743 Dei,
2074 2714 2109 2740 m

1519 2741 1600 2775 44·
