2409 2915
291 92 363 126 339

295 185 344 210 est
363 185 519 210 nostruin
541 173 775 219 praescribere
792 171 867 205 Deo
892 173 1037 205 modum
1064 171 1277 214 opitulandi,

295 229 354 261 ssd
373 239 434 259 nos
451 227 492 258 ad
510 224 748 258 obedientiam
767 223 911 266 obligati
923 234 1055 265 sumus,
1072 222 1160 256 sicut
1170 219 1276 256 Chri-

294 287 366 311 stus
385 278 514 321 inquit:
543 275 622 310 Tua
646 275 810 308 voluntas
836 274 893 307 fiat
916 281 979 308 etr.
1034 273 1103 307 Sed
1128 273 1276 306 maxima

261 342 267 352 ’
297 341 374 372 pars
406 325 610 367 hominurn,
651 326 733 371 quia
768 337 839 357 non
874 325 969 356 videt
993 324 1109 357 subito
1133 331 1277 357 eventus

297 378 523 422 precationis,
552 377 705 410 somniat
721 375 978 408 invocationem
994 374 1099 407 inane
1115 386 1278 407 murmur
1302 378 1305 388 '

296 442 377 462 esse.
439 428 532 462 Huic
562 429 690 472 impiae
712 425 952 469 imaginationi
979 425 1147 459 acerrime
1172 437 1278 468 repu-

295 481 473 523 gnandum
492 486 561 518 est,
586 486 620 512 et
638 478 820 522 pellendae
837 483 918 509 sunt
934 474 1000 509 hae
1015 477 1180 509 tenebrae
1206 476 1278 508 col-

299 532 393 564 lectis
412 530 719 575 promissionibus:
755 527 881 560 Invoca
906 539 960 559 me
987 527 1024 559 in
1049 527 1105 560 die
1129 526 1278 560 tribula-

298 583 420 624 tionis,
450 589 482 614 et
506 582 651 624 eripiam
679 586 722 614 te.
782 577 885 610 ltem:
909 576 1045 617 Petite,
1074 585 1106 611 et
1129 576 1279 620 accipie-

298 644 340 667 tis
359 640 420 667 etc.

398 700 534 734 Deinde
565 698 714 731 sciamus
745 708 881 740 semper
910 697 980 729 duo
1006 697 1140 730 obiecta
1164 695 1280 727 inclu-

296 752 409 784 denda
426 761 497 783 esse
517 749 551 781 in
570 749 774 793 petitionem
792 747 1049 791 corporalium,
1078 747 1279 779 nniversam

298 801 508 840 Ecclesiam,
536 807 566 833 et
586 800 757 843 privatam
775 799 1024 832 necessitatem.
1076 797 1205 830 Petitio
1231 796 1279 839 pii

297 865 433 896 semper
452 852 613 895 impetrat
635 850 819 883 universae
843 847 1037 892 Ecclesiae,
1068 854 1099 881 et
1124 847 1170 880 ita
1196 848 1279 879 fides

297 910 424 937 statuat
441 909 551 935 ratam
570 913 641 934 esse
659 898 748 932 hanc
768 899 994 942 petitionem,
1023 905 1055 931 et
1078 910 1152 931 non
1174 898 1279 930 dubi-

296 962 344 988 tet
361 953 467 996 recipi
488 952 691 996 petitionem
707 962 724 983 a
743 952 818 984 Deo
843 961 906 993 pro
931 949 1094 982 universa
1112 947 1279 983 Ecclesia.

299 1005 348 1039 lta
366 1004 478 1037 David
500 1013 604 1035 orans
629 1013 690 1045 pro
714 1001 887 1039 exercitu,
916 1001 1069 1044 primum
1097 1000 1182 1043 petit
1206 1011 1279 1031 non

298 1068 360 1098 pro
380 1067 414 1087 se
434 1053 614 1096 privatim,
631 1052 689 1084 sed
713 1063 774 1094 pro
794 1057 913 1089 coetu,
929 1051 1011 1095 quia
1027 1051 1154 1083 scimus
1165 1051 1279 1084 Deum

297 1109 378 1139 dare
397 1107 488 1137 bona
506 1102 720 1146 corporalia,
749 1101 839 1135 utin
860 1099 923 1134 hac
939 1102 1008 1134 vita
1028 1099 1181 1134 Ecclesia
1208 1113 1281 1134 ser-

297 1164 407 1190 vetur.

398 1222 567 1256 Privatim
586 1233 668 1253 vero
685 1233 747 1264 pro
765 1220 865 1252 nobis
879 1227 995 1263 petere
1006 1220 1183 1259 debemus,
1202 1232 1280 1252 cum

299 1274 361 1307 hm
380 1273 602 1315 conditione,
630 1278 668 1304 ut
686 1283 750 1304 nos
765 1272 807 1303 ad
826 1272 1062 1304 obedientiam
1082 1270 1282 1313 offeramus,

298 1327 383 1358 sicut
416 1338 450 1358 se
485 1324 588 1357 offert
609 1320 784 1355 Christus.
839 1321 890 1355 Ita
914 1321 1025 1355 David
1052 1328 1083 1353 et
1112 1321 1215 1364 petit,
1249 1329 1281 1354 et

298 1383 438 1420 paratus
454 1382 503 1407 est
522 1375 564 1407 ad
586 1373 834 1407 obedientiam.
887 1371 980 1414 Quia
1003 1372 1066 1404 scit
1089 1371 1125 1403 in
1152 1371 1280 1404 talibus

299 1427 462 1471 periculis
484 1424 598 1457 Deum
632 1424 720 1458 velle
747 1423 884 1468 aliquos
905 1422 1068 1462 obedire,
1108 1430 1140 1456 et
1163 1430 1279 1455 tamen

298 1478 379 1522 quia
409 1483 568 1509 servatur
597 1474 786 1514 exercitus,
822 1474 929 1507 multa
964 1474 1121 1506 membra
1149 1473 1278 1506 servari

299 1539 436 1561 necesse
455 1534 522 1565 est,
551 1533 583 1559 et
602 1525 744 1558 caeteris
764 1525 946 1568 mitigatur
962 1524 1106 1558 malum.

399 1595 456 1627 §ic
476 1593 642 1626 lereiniae
669 1592 822 1635 precatio
848 1593 1012 1635 proderat
1038 1591 1192 1634 primum
1218 1604 1280 1635 po-

300 1647 400 1689 pulo,
429 1645 491 1678 etsi
510 1657 581 1676 non
599 1643 727 1676 sciebat
749 1655 837 1687 quos
863 1650 895 1675 et
920 1643 1099 1687 quomodo
1123 1650 1280 1675 servatii·-

299 1708 356 1729 rus
376 1703 463 1728 esset
482 1695 593 1733 Deus,
622 1695 748 1731 deinde
766 1701 798 1727 et
818 1693 882 1737 ipsi
900 1694 1084 1737 proderat,
1113 1700 1146 1726 et
1163 1700 1279 1725 tamen

300 1749 370 1791 ipse
388 1748 430 1779 ad
449 1745 686 1779 obedientiam
707 1752 846 1788 paratus
865 1751 956 1783 erat,
974 1750 1007 1777 et
1025 1743 1155 1777 sciebat
1165 1742 1279 1776 Deum

299 1811 435 1831 servare
453 1808 533 1829 suos
559 1797 756 1833 ministros,
791 1797 903 1827 donec
926 1795 1139 1827 curriculum
1166 1795 1281 1827 absol-

301 1856 377 1880 vant
392 1875 398 1887 ,
426 1855 454 1880 et
473 1849 556 1879 dare
574 1848 650 1879 aliis
668 1847 763 1879 aliud
785 1845 1012 1879 curriculum.

300 1910 348 1931 tvi·
370 1913 381 1929 x
394 1899 492 1941 iginii
510 1911 621 1930 annos
641 1897 771 1930 dot-uit.
814 1895 974 1929 Elisaeus
992 1895 1130 1928 circiter
1146 1904 1283 1939 septua-

300 1952 408 1990 ginta.
464 1950 585 1982 Esaias
606 1948 742 1980 (irritor
767 1947 954 1987 octaginta.
1011 1945 1174 1978 {eremias
1197 1959 1284 1991 qua-

301 2002 459 2040 draginta
497 1999 598 2031 anuis
636 1999 809 2042 usquead
838 1997 1011 2029 excidium
1043 1996 1284 2042 lerosolymae,

301 2063 327 2083 rt
350 2060 465 2095 postea
489 2050 694 2095 aliquandiu
721 2051 754 2080 in
776 2048 932 2093 Aegypto
959 2047 1118 2092 reliquiis
1139 2060 1283 2081 suorum

303 2103 450 2144 pinu-fuit
466 2129 473 2141 ,
501 2103 612 2133 donec
633 2102 675 2132 ali
694 2098 810 2144 Apryt·
833 2107 981 2144 tyranno
1003 2099 1204 2131 interfectus
1223 2107 1284 2134 est.

305 2154 425 2186 t›.=1..'‹-t
446 2153 564 2185 docuit
581 2151 732 2194 amplius
750 2150 969 2194 septuaginta
985 2150 1098 2183 suuiis.
1154 2147 1283 2182 lolian-

1195 2200 1283 2233 l‘au-

898 2249 1070 2284 lohannes
1096 2252 1285 2294 ,xponotus

304 2219 360 2236 ua>
388 2204 541 2246 thguista
570 2202 725 2236 biennio.
785 2198 947 2233 (Iliristus
974 2201 1136 2233 triennio.

303 2260 354 2287 lu:⁵
381 2256 521 2294 triginta
546 2254 703 2298 quinque
728 2253 841 2285 annis.

303 2308 476 2345 ·,t·>t..gii·t;·
511 2313 588 2337 octo
625 2305 737 2343 antiis,
803 2303 947 2336 lacobus
976 2304 1080 2335 frater
1120 2300 1285 2335 lobannis

303 2358 455 2389 triennio
481 2364 552 2399 post
579 2356 817 2387 ascensionem
845 2352 987 2388 (lbristi.
1050 2352 1194 2385 lacobus
1221 2355 1282 2385 uii-

302 2421 364 2439 noi·
383 2409 483 2439 annis
503 2407 665 2449 triginta,
695 2406 896 2438 interfectus
913 2405 1095 2449 aliquanto
1118 2412 1197 2436 ant«-
1223 2406 1285 2436 ob-

300 2460 472 2490 sulioumu
501 2458 744 2502 ierosolymae.
809 2454 1019 2489 'l'iniotlteus
1057 2457 1121 2488 sul»
1148 2455 1286 2487 mmm·

303 2526 346 2541 ιω
379 2509 660 2541 11·‹tus‹licitur.
718 2507 790 2539 't'iti
809 2516 967 2540 senectus
983 2507 1167 2544 recitatur,
1198 2514 1285 2539 tem-

302 2580 363 2603 ,st
392 2560 663 2603 [==..‹·1lin:.=tioiiis
690 2571 759 2591 uon
788 2566 881 2590 certo
910 2559 1058 2598 scitur„
1077 2560 1133 2591 sed
1164 2557 1282 2589 dicunt

301 2626 369 2643 ιιιιιι
383 2620 480 2643 tuum
499 2625 570 2643 essc-
585 2624 677 2643 anuo
690 2610 900 2643 aetatissuau·
914 2609 1285 2652 noti->mesiamquarto.

302 2663 395 2707 l'¹=lj·⁴
412 2676 440 2693 ..ι
454 2675 514 2705 pus
538 2662 739 2695 interfectus
758 2669 802 2694 est
823 2673 915 2693 anno
934 2661 1054 2694 aetatis
1070 2666 1150 2693 susse
1167 2666 1285 2692 ortua-

889 85 1010 120 PHIL.
1039 84 1154 121 MEL.
1181 82 1392 122 SCRIPTA
1419 82 1718 121 EXEGETICA.

1067 1843 1164 1878 Elias
1181 1846 1282 1878 circi-
1321 1874 1325 1878 .

2238 87 2315 124 340

1330 168 1460 211 gesimo
1495 178 1611 214 sexto,
1645 171 1706 217 qui
1731 171 1933 205 adolescens
1947 172 2069 207 fuerat
2090 172 2231 207 auditor
2256 172 2315 208 Io-
2341 190 2344 194 ¹

1331 217 1459 253 hannis
1475 219 1733 265 Evangelistae.
1775 221 1931 257 Auditor
1946 222 2133 268 Polycarpi
2148 223 2314 258 Irenaeus

1331 270 1396 303 sub
1412 269 1632 305 Maximiano
1655 273 1858 306 interfectus
1881 280 1933 307 est
1952 272 2103 319 Syrmii‚
2135 274 2224 308 vixit.
2248 273 2315 318 igi-

1331 327 1390 353 tur
1405 333 1518 355 annos
1535 322 1676 356 interim
1695 323 1833 357 circiter
1848 325 2036 367 octoginta.
2088 323 2185 357 Haec
2209 324 2313 358 dissi-

1332 371 1496 406 militudo
1523 373 1740 406 observanda
1766 381 1835 418 est,
1873 381 1912 408 ut
1936 373 2224 416 sciamusDeum
2246 374 2314 409 alia

1332 424 1540 464 certamina,
1574 431 1607 457 et
1629 424 1700 457 alia
1723 425 1837 469 spacia
1858 425 1936 458 aliis
1962 426 2246 470 praescripsisse,
2281 433 2334 463 et,

1333 479 1450 506 tamen
1481 475 1743 508 consideremus
1772 475 1950 520 aliquibus
1985 484 2207 520 prorogatam
2243 487 2317 510 esse

1332 522 1459 581 vitam,
1487 531 1524 558 ut
1542 526 1593 569 pii
1611 532 1712 559 testes
1729 532 1761 559 et
1781 533 2028 571 propagatores
2052 528 2234 561 doctrinae
2257 538 2317 562 su—

1333 581 1492 617 perstites
1509 584 1633 611 essent.

1434 641 1547 676 David
1573 651 1695 688 petens
1718 644 1959 678 defensionem
1983 645 2184 679 dulcissima
2208 643 2318 688 figura

1333 693 1460 727 utitur:
1489 692 1678 728 Absconde
1697 708 1749 727 me
1766 695 1801 727 in
1829 696 2054 729 tabernaculo
2079 703 2160 739 tuo,
2195 696 2231 729 id
2256 702 2318 737 est,

1334 744 1372 776 in
1388 742 1542 777 Ecclesia
1568 753 1638 780 tua.
1691 744 1760 779 Hic
1782 747 1886 779 simul
1908 747 2151 791 complectitur
2174 746 2318 791 petitio-

1335 807 1414 827 nem
1433 807 1496 838 pro
1514 795 1611 836 aliis,
1647 803 1679 830 et
1703 808 1860 836 causam,
1895 796 2054 830 Defende
2074 809 2130 831 me
2151 809 2231 831 cum
2246 795 2319 831 Ec-

1333 845 1438 879 clesia
1455 852 1533 885 tua,
1561 853 1593 879 et
1612 855 1753 890 propter
1768 847 1973 883 Ecclesiam.
2026 847 2117 882 Nam
2135 848 2216 882 ideo
2238 855 2318 882 tan-

1334 905 1407 929 tum
1433 897 1629 940 corporalia
1655 897 1746 930 bona
1772 899 1940 942 promissa
1963 906 2066 940 sunt,
2102 906 2140 934 ut
2163 899 2320 932 serviant

1334 945 1529 987 Ecclesiae,
1563 947 1640 980 ideo
1663 949 1820 981 defensio
1846 949 1995 993 petitur,
2034 957 2071 983 ut
2098 949 2229 983 servire
2249 947 2320 983 Ec-
2365 985 2370 992 ,

1333 997 1458 1030 clesiae
1486 1004 1519 1031 et
1535 998 1664 1031 nostris
1680 999 1801 1032 liberis
1825 1000 2008 1042 possimus.
2055 998 2102 1034 Et
2125 1000 2208 1046 quia
2223 1001 2322 1035 Deus

1336 1061 1398 1091 pro
1418 1055 1491 1081 toto
1513 1061 1659 1092 corpore
1678 1050 1751 1083 vult
1771 1051 1861 1097 peti,
1897 1052 2045 1084 sciamus
2064 1063 2202 1096 semper
2228 1049 2320 1085 hanc

1337 1099 1540 1142 petitionem
1559 1106 1668 1133 ratam
1689 1111 1760 1133 esse
1773 1128 1780 1140 ,
1798 1108 1830 1134 et
1846 1102 1907 1135 toti
1927 1103 2064 1146 corpori
2082 1102 2216 1147 aliquid
2235 1101 2320 1135 boni

1338 1150 1534 1192 impetrare.
1600 1149 1676 1183 Etsi
1705 1159 1821 1184 autem
1853 1153 1983 1195 singuli
2011 1154 2051 1185 ad
2080 1151 2319 1186 obedientiam

1338 1201 1445 1243 parati
1465 1213 1536 1233 esse
1554 1201 1740 1241 debemus,
1767 1209 1882 1235 tamen
1902 1211 1933 1235 et
1957 1203 2105 1245 singulis
2129 1214 2230 1247 saepe
2253 1203 2321 1235 im-

1338 1258 1493 1295 petratur
1512 1252 1671 1284 liberatio
1685 1279 1693 1292 ,
1721 1260 1751 1285 et
1769 1265 1847 1284 cum
1865 1260 1983 1286 coetus
2001 1253 2128 1299 aliquis
2151 1259 2321 1291 servatur,

1336 1302 1465 1334 multos
1481 1302 1612 1334 servari
1632 1314 1770 1335 necesse
1787 1310 1846 1337 est.

1434 1366 1637 1401 Excitemus
1653 1380 1734 1411 ergo
1752 1381 1816 1401 nos
1834 1371 1875 1402 ad
1905 1370 2052 1413 petenda
2076 1370 2168 1403 bona
2195 1383 2320 1415 corpo-

1336 1419 1422 1451 ralia
1439 1419 1594 1457 collectis
1615 1420 1744 1458 causis,
1779 1421 1860 1464 quia
1880 1419 1974 1453 Deus
1998 1422 2166 1465 praecipit
2189 1433 2226 1454 ea
2249 1421 2320 1465 peti

1337 1482 1399 1513 pro
1426 1471 1528 1503 nobis
1552 1477 1584 1503 et
1611 1482 1674 1513 pro
1700 1471 1797 1510 aliis,
1833 1471 1908 1505 vult
1934 1471 2082 1515 intelligi
2105 1472 2263 1516 publicas
2285 1479 2318 1506 et

1337 1521 1488 1564 privatas
1506 1520 1718 1554 calamitates
1734 1533 1862 1564 poenas
1879 1534 1951 1554 esse
1970 1529 2189 1566 peccatorum
2214 1535 2319 1556 mun-

1337 1571 1391 1604 di:
1428 1572 1506 1604 ideo
1535 1572 1610 1604 vult
1635 1583 1697 1604 nos
1725 1573 1863 1604 veniam
1893 1580 2025 1616 petere,
2069 1580 2103 1606 et
2125 1573 2215 1606 affici
2237 1585 2321 1607 cura

1338 1629 1475 1654 nostrae
1491 1629 1520 1654 et
1541 1622 1737 1654 communis
1753 1623 1894 1661 salutis,
1924 1624 1998 1656 vult
2016 1635 2167 1657 crescere
2184 1621 2238 1657 bis
2261 1636 2320 1658 ex-

1335 1673 1484 1713 ercitiis,
1511 1673 1633 1712 fidem,
1661 1673 1842 1714 timorem,
1869 1682 1903 1708 et
1921 1674 2160 1709 dilectionem.

1706 1764 1729 1788 D
1748 1771 1763 1788 e
1797 1772 1811 1789 ει
1829 1772 1843 1789 e
1862 1773 1878 1789 x
1900 1768 1910 1790 t
1929 1771 1954 1789 o.

1537 1813 1741 1854 Applc'cativ
1765 1813 1926 1843 historiae
1949 1814 2064 1845 Marci
2083 1816 2115 1846 S.

1437 1876 1544 1919 Quod
1562 1872 1723 1908 Christus
1742 1875 1850 1918 pascit
1864 1875 2041 1909 auditores
2066 1889 2168 1916 suos,
2202 1887 2320 1914 osten-

1336 1927 1433 1960 ditur
1458 1926 1656 1969 exemplum
1683 1926 1944 1969 promissionis:
1983 1927 2139 1960 Primum
2161 1931 2319 1974 quaerite

1337 1990 1481 2019 regnum
1506 1975 1591 2015 Dei,
1625 1983 1658 2009 et
1683 1984 1812 2009 caetera
1840 1977 2052 2011 adiicieutur
2077 1979 2187 2015 vobis.
2246 1981 2321 2016 Hac

1337 2028 1404 2062 fide
1422 2040 1612 2073 sequamur
1627 2025 1808 2060 Christum
1823 2055 1830 2066 ,
1867 2028 1976 2061 simus
2000 2029 2119 2062 fideles
2143 2031 2179 2063 in
2202 2034 2321 2067 studio

1338 2087 1369 2113 et
1389 2079 1640 2123 propagatione
1656 2076 1859 2121 Evangelii„
1894 2086 1925 2112 et
1950 2088 2168 2123 expectemus
2190 2095 2209 2116 a
2228 2073 2320 2117 Fitio

1336 2129 1401 2164 Dei
1427 2129 1618 2166 auxilium,
1654 2127 1805 2169 vietum,
1838 2137 1869 2163 et
1900 2131 2152 2167 defensionem.
2213 2133 2320 2177 Quod

1338 2188 1420 2214 vero
1438 2181 1533 2215 iubet
1551 2179 1742 2224 Apostolos
1764 2193 1980 2225 proponere,
2016 2189 2048 2215 et
2075 2183 2241 2227 colligere
2266 2198 2319 2219 re·

1339 2233 1485 2277 liquias‚
1517 2238 1662 2264 monent
1686 2232 1938 2274 gubernatores
1960 2230 2156 2274 Ecclesiae,
2196 2243 2233 2270 ut
2257 2249 2320 2270 ru..

1338 2291 1414 2317 rent
1431 2284 1670 2328 eleemosynas
1686 2283 1783 2322 dari,
1817 2290 1847 2316 et
1865 2283 1975 2317 sciant
1998 2295 2069 2316 non
2094 2285 2225 2325 minui,
2259 2289 2320 2321 sed

1337 2335 1454 2376 augeri
1484 2334 1665 2367 facultates
1692 2333 1933 2380 eleemosynis.
1991 2333 2098 2367 'secte
2125 2342 2156 2368 et
2189 2338 2322 2372 doctri-

1338 2399 1416 2418 nam
1437 2385 1626 2427 significat,
1657 2383 1746 2418 lianc
1764 2391 1962 2429 proponant
1982 2385 2162 2426 doctores,
2191 2395 2223 2422 et
2247 2389 2320 2423 cnl-

1339 2437 1447 2479 ligant
1473 2436 1658 2481 reliquias,
1694 2443 1816 2469 curent
1842 2435 2026 2479 propagari
2056 2449 2152 2470 veras
2177 2437 2320 2474 enasta-

1337 2489 1468 2527 tiones,
1496 2500 1539 2520 ue
1556 2487 1735 2520 doctrinae
1759 2486 1816 2519 lux
1843 2487 2067 2529 extinguatur
2087 2488 2128 2521 ad
2156 2497 2322 2532 posterm,

1337 2546 1369 2573 ct
1388 2536 1454 2572 lioc
1470 2538 1588 2572 studio
1608 2538 1671 2581 ipsi
1692 2538 1851 2570 doctores
1867 2538 1957 2572 fiunt
1974 2538 2194 2575 eruditiores.

1440 2605 1588 2650 Sportae
1608 2617 1689 2637 vero
1708 2605 1904 2645 significant
1921 2605 2038 2639 literas
2055 2612 2087 2639 et
2102 2603 2255 2648 scholas,
2284 2609 2320 2642 in

1339 2658 1466 2703 quibus
1489 2656 1684 2689 doctrinam
1703 2656 1869 2690 custodiri
1891 2668 2027 2689 necesse
2042 2663 2103 2692 est.
