2409 2915
131 115 204 153 609
381 113 463 152 XII.

234 199 337 234 Tales
361 200 608 245 promissiones
637 199 681 231 de
703 197 807 231 rebus
837 197 1112 241 impossibilibus

132 250 186 284 vel
213 248 419 294 prohibitis,
459 263 532 283 non
553 255 633 283 sunt
655 248 871 287 iuramenta,
913 254 944 281 et
968 254 1110 291 peccant

132 301 182 335 sic
215 302 386 341 iurantes,
426 308 457 334 et
490 308 606 343 postea
641 300 776 332 addunt
803 297 936 331 maiora
966 305 1112 342 peccata,

130 352 273 397 quando
298 351 429 384 faciunt
450 350 531 383 talia
557 349 725 394 promissa
749 354 870 382 contra
900 348 1009 392 legem
1033 347 1110 387 Dei,

131 401 214 447 quia
236 401 416 435 manifeste
433 400 565 434 dictum
583 406 651 434 est:
685 398 767 433 Non
785 398 908 432 volens
923 398 1017 433 Deus
1040 399 1106 432 im-

128 452 291 497 pietatem
312 457 349 484 tu
365 461 412 486 es,

229 508 329 543 Hanc
353 507 508 552 regulam
536 514 655 542 tenere
676 514 832 552 oportet,
872 508 956 553 quia
981 519 1105 551 magna

127 566 264 606 peccata
288 559 557 599 confirmantur,
598 559 743 604 quando
767 558 976 602 negligitur,
1018 559 1105 592 sicut

125 609 276 653 neglexit
293 621 366 642 eam
383 608 559 650 Herodes,
577 609 650 654 qui,
668 609 749 654 quia
766 609 961 648 iuraverat,
989 616 1105 654 postea

126 659 304 694 simulavit
326 671 361 693 se
379 666 540 704 oportere
563 659 756 694 Iohannem
784 660 998 701 interficere,
1025 660 1105 705 quia

124 710 322 745 iuramento
339 711 514 754 obligatus
533 717 631 744 esset.

224 767 293 802 Sed
312 766 396 802 haec
411 767 608 815 hypocrisis
624 769 691 803 fuit
706 769 822 803 irrisio
834 768 920 811 Dei,
947 776 980 803 et
996 768 1105 802 multa

122 830 247 863 magna
263 826 402 865 peccata
418 820 587 854 continet.

226 876 326 911 Talis
344 884 393 912 est
411 875 606 924 hypocrisis
622 876 877 912 monachorum
901 884 935 912 ct
959 876 1105 924 papisti-

124 937 244 962 corum
258 927 499 970 Sacerdotum,
527 930 621 974 quod
642 930 808 963 simulant
826 941 860 962 se
876 941 1013 962 servare
1029 928 1107 960 ido·

122 978 301 1020 lolatrias,
334 986 364 1013 et
381 980 557 1024 impurum
577 980 806 1021 coelibatum,
833 979 914 1025 quia
932 979 999 1012 sint
1013 978 1106 1011 obli—

122 1029 194 1073 gati
222 1029 432 1065 iuramento.
484 1029 552 1063 Sed
576 1029 670 1064 Deus
693 1031 794 1075 punit
819 1037 852 1064 et
876 1030 999 1073 puniet
1022 1026 1106 1061 haec

121 1087 279 1124 peccata,
305 1087 339 1114 et
357 1080 480 1124 puniet
498 1078 564 1114 hoc
581 1082 804 1114 mendacium
832 1088 864 1114 et
888 1079 976 1113 hauc
994 1077 1107 1124 hypo-

123 1129 249 1171 crisin,
277 1133 371 1176 quod
394 1131 516 1164 dicunt
541 1142 576 1165 se
600 1139 744 1176 propter
768 1131 1006 1165 iuramentum
1033 1142 1106 1162 ma-

122 1192 206 1214 nere
223 1181 260 1214 in
277 1181 337 1215 tali
354 1181 543 1226 impietate.

473 1288 595 1314 Tertia
619 1289 756 1321 regula.

225 1356 380 1391 Tantum
400 1369 462 1401 per
477 1369 608 1390 nomen
626 1357 693 1390 Dei
712 1357 901 1390 iurandum
920 1363 982 1391 est.
1025 1354 1106 1389 Non

121 1417 185 1451 per
205 1414 398 1449 creaturas,
422 1420 496 1441 non
520 1419 582 1451 per
605 1408 760 1446 coelum,
787 1419 861 1441 non
883 1419 945 1452 per
966 1413 1106 1443 terram,

121 1468 195 1490 non
218 1469 281 1501 per
304 1465 441 1492 sanctos
464 1456 646 1499 hominess
681 1458 837 1492 viventes
861 1458 916 1491 vel
936 1464 1106 1499 mortuos,

122 1508 204 1552 quia
214 1507 317 1543 Deut.
328 1509 362 1545 6.
376 1509 521 1542 dicitur:
548 1507 743 1543 Dominum
754 1507 867 1543 Deum
886 1515 986 1542 tuum
1004 1508 1107 1542 time-

120 1557 194 1600 bis,
221 1565 254 1593 et
270 1559 324 1592 illi
341 1559 407 1593 soli
424 1559 570 1600 servies,
597 1567 629 1594 et
645 1571 708 1608 per
725 1571 855 1594 nomen
874 1559 948 1593 eius
963 1558 1108 1593 iurabis.

223 1616 319 1652 Haec
353 1618 472 1661 regula
507 1619 597 1652 bene
631 1618 887 1652 consideranda
915 1625 984 1658 est,
1025 1617 1107 1662 quia

119 1667 213 1701 mala
231 1670 446 1702 consuetudo
466 1669 533 1702 fuit
561 1675 595 1702 et
618 1675 687 1710 est,
723 1670 818 1714 quod
843 1669 881 1701 in
903 1668 1109 1702 iuramentis

120 1718 278 1752 additur:
307 1718 389 1752 Iuro
406 1731 468 1763 per
484 1719 599 1752 Deum
617 1726 649 1753 et
667 1730 729 1763 per
744 1719 904 1754 sanctos.

218 1773 266 1810 Et
279 1776 533 1810 consideranda
551 1784 600 1810 est
617 1788 738 1818 causa,
765 1789 873 1822 quare
894 1777 972 1810 talis
995 1777 1107 1810 forma

119 1826 163 1860 sit
180 1823 481 1871 reprehendenda.

221 1884 340 1919 Iurare
357 1893 407 1921 est
422 1885 556 1931 aliquid
575 1885 688 1920 dicere
700 1898 778 1919 cum
796 1886 1019 1920 invocatione
1030 1885 1105 1920 Dei.

116 1933 262 1970 Constat
284 1943 418 1975 autem,
453 1937 545 1982 quod
572 1936 692 1971 Sancti
715 1949 788 1970 non
811 1937 882 1970 sint
905 1936 1104 1971 invocandi.

121 1985 209 2020 Item
227 1988 369 2032 quando
386 1987 464 2021 iuro
481 1999 542 2032 per
555 1985 687 2029 Deum,
715 1988 901 2029 confiteor,
928 1988 1022 2033 quod
1040 1988 1103 2020 ad-

122 2036 166 2070 sit
182 2037 277 2070 testis
293 2044 325 2071 et
342 2038 480 2071 vindex.

223 2094 318 2129 Haec
338 2097 553 2131 conveniunt
575 2104 712 2131 tantum
737 2097 972 2141 omnipotenti
998 2103 1101 2130 natu-

122 2157 191 2178 rae.
246 2144 329 2179 Ideo
349 2158 421 2180 non
439 2148 596 2181 facienda
612 2155 662 2181 est
684 2149 814 2182 mentio
831 2147 1040 2183 Sanctorum
1062 2147 1099 2179 in

121 2197 320 2230 iuramento
334 2223 343 2237 ,
370 2197 429 2242 qui
450 2209 522 2231 non
539 2205 619 2232 sunt
636 2198 914 2243 omnipotente5‚
941 2210 1004 2230 nec
1020 2204 1101 2231 sunt

123 2247 336 2291 inspectores
354 2248 532 2288 cordium,
559 2259 623 2281 nec
639 2255 720 2282 sunt
737 2256 935 2283 executores
956 2259 1100 2292 poenae,

124 2296 189 2333 &ie
208 2297 274 2341 sint)
293 2297 375 2343 nicht
394 2299 442 2333 bie
456 2299 648 2344 gemaltigen
666 2298 826 2342 &ruffum

225 2355 320 2390 Haec
335 2357 454 2400 regula
472 2357 575 2391 etiam
593 2354 650 2390 hic
669 2357 795 2391 tradita
814 2363 879 2390 est:
907 2355 987 2389 Non
1006 2356 1100 2389 iura—

122 2407 205 2441 bitis
222 2419 284 2451 per
301 2408 456 2452 coelum,
484 2419 546 2452 per
563 2414 709 2446 terram,
737 2419 798 2451 per
815 2413 919 2451 caput
934 2413 1101 2439 vestrum.

123 2456 290 2492 Creverat
314 2459 419 2492 etiam
451 2458 542 2491 mala
579 2459 797 2493 consuetudo
832 2458 925 2503 apud
955 2455 1101 2491 Iudaeos
1125 2459 1127 2466 ⁸

121 2508 281 2543 mutandi
296 2508 444 2542 formam
460 2509 661 2544 iuramenti.

224 2565 278 2601 De
301 2565 366 2601 hac
388 2567 479 2601 mala
506 2567 760 2601 consuetudine
791 2564 848 2600 hic
873 2565 969 2600 dicit.
1018 2564 1100 2599 Non

127 2614 288 2659 prohibet
303 2629 446 2663 prorsus
465 2618 718 2658 iuramentum,
745 2618 838 2663 quod
857 2624 948 2650 recte
970 2623 1002 2650 et
1020 2628 1098 2650 cum

127 2668 318 2703 reverentia
332 2666 398 2703 Dei
413 2669 468 2708 fit,
495 2669 585 2703 sicut
600 2675 718 2713 postea
736 2669 840 2704 latius
856 2668 1002 2703 dicetur.

174 2716 345 2752 ΜιιΑιι-η.
375 2721 477 2754 Oen.
507 2721 588 2752 Vor..
609 2721 704 2753 xlv.

516 109 911 150 ANNOTATIONES
936 110 1002 147 ET
1029 107 1309 147 CONCIONES
1338 108 1387 144 IN
1413 108 1596 146 EVANG.
1625 111 1904 152 MATTHAEI.

2078 123 2151 159 610

1269 193 1373 228 Nunc
1389 195 1472 230 satis
1489 196 1531 230 sit
1548 193 1632 230 haec
1651 199 1837 244 praecipua
1854 203 1957 238 scire:

1323 247 1356 281 1,
1409 245 1506 288 Quid
1524 246 1568 280 sit
1587 248 1834 285 iuramentum.

1317 298 1353 331 2.
1406 295 1505 338 Quae
1522 308 1655 339 poenae
1672 309 1865 344 sequantur
1880 305 2085 347 periurium.

1316 348 1350 381 3,
1388 345 1510 403 'Quod
1529 348 1779 390 promissiones
1797 355 1841 385 de
1857 355 1960 388 rebus
1985 356 2146 401 prohibi—

1371 402 1415 430 tis
1443 408 1515 429 non
1544 397 1614 431 sint
1639 398 1847 435 iuramenta.

1313 447 1349 482 4.
1403 445 1509 489 Quod
1528 454 1663 482 tantum
1682 448 1776 484 Deus
1799 452 2014 490 invocandus
2040 458 2084 492 sit
2108 459 2145 492 in

1368 497 1610 534 iureiurando,

1362 582 1422 616 De
1449 584 1679 619 iuramentis
1704 587 1742 619 υἱ
1767 590 1938 623 extortis.

1258 648 1312 683 De
1334 649 1550 688 iuramento,
1577 652 1672 696 quod
1704 652 1738 685 vi
1759 664 1819 687 seu
1840 662 1935 690 metu
1959 658 2067 691 coacti
2092 659 2142 692 fa-

1156 711 1279 735 cimus.

1260 749 1314 783 De
1339 749 1565 790 iuramentis,
1608 764 1697 797 quae
1719 759 1852 788 terrore
1877 756 1986 790 coacti
2009 758 2141 793 faciunt

1159 798 1320 834 homines
1341 801 1469 843 egressi
1493 813 1606 835 annos
1629 803 1816 846 pueritiae,
1864 817 1902 838 ea
1928 806 1996 838 iam
2020 814 2142 851 aetate,

1158 862 1247 896 quae
1262 851 1553 885 deliberationem
1577 859 1609 887 et
1625 853 1776 887 liberum
1793 866 2002 889 consensum
2021 854 2138 899 habet,

1158 901 1204 935 ita
1222 902 1444 935 sentiendum
1461 908 1527 936 est:

1260 951 1299 986 Si
1318 952 1396 997 quis
1414 952 1506 986 iurat
1522 949 1632 994 hosti,
1665 954 1720 987 vel
1741 954 1844 988 etiam
1867 955 1997 990 latroni
2022 957 2059 990 in
2084 957 2139 991 via

1158 1002 1318 1046 publica,
1346 1009 1385 1036 ut
1405 1002 1512 1036 vitam
1531 1003 1698 1045 redimat,
1725 1016 1760 1038 se
1783 1006 1949 1040 daturum
1973 1017 2045 1041 esse
2062 1006 2140 1042 Ioa-

1160 1050 1329 1086 chimicos
1346 1059 1505 1093 centum,
1533 1060 1566 1087 et
1587 1051 1653 1088 hac
1674 1055 1836 1099 pactione
1860 1067 2022 1101 praesens
2045 1059 2141 1102 peri-

1158 1104 1276 1137 culum
1302 1103 1441 1146 effugit,
1467 1103 1516 1144 is,
1543 1103 1625 1148 quia
1643 1116 1716 1138 rem
1741 1105 1871 1140 licitam
1897 1107 2008 1141 sciens
2033 1109 2141 1153 eligit,

1158 1154 1352 1187 necessario
1378 1155 1481 1187 fidem
1501 1161 1676 1197 praestare
1696 1156 1818 1195 debet,
1845 1169 1924 1190 cum
1947 1158 2025 1191 talis
2050 1160 2140 1193 actio

1159 1204 1203 1238 sit
1220 1204 1332 1248 reipsa
1352 1205 1604 1239 iuramentum.
1646 1203 1781 1251 Estque
1797 1207 1941 1241 violatio
1959 1209 2014 1241 vel
2031 1209 2140 1244 elusio

1157 1252 1263 1287 huius
1279 1255 1468 1289 iuramenti
1483 1266 1563 1287 vere
1579 1255 1785 1299 periurium,
1806 1258 2017 1292 contumelia
2028 1259 2140 1294 Deum

1157 1304 1322 1337 afficiens.

1260 1352 1306 1388 Et
1325 1354 1493 1399 quoniam
1511 1365 1612 1399 saepe
1626 1367 1692 1389 usu
1709 1357 1806 1391 venit
1823 1356 1920 1404 (nam
1938 1365 1970 1393 et
1986 1371 2050 1393 nos
2068 1372 2142 1396 cre-

1158 1404 1220 1438 bra
1238 1405 1394 1449 exempla
1411 1405 1638 1439 meminimus
1654 1407 1766 1440 nostri
1781 1408 1982 1452 temporis),
2007 1417 2064 1451 ut,
2085 1411 2142 1445 in-

1158 1455 1325 1499 terposita
1351 1456 1418 1489 fide
1440 1467 1501 1489 seu
1524 1456 1696 1499 religione
1720 1457 1968 1500 iurisiurandi,
2011 1461 2064 1493 vel
2099 1463 2142 1495 de

1158 1506 1273 1539 reditu
1293 1506 1348 1539 vel
1374 1507 1416 1539 de
1440 1507 1552 1550 pretio
1576 1519 1640 1551 pro
1657 1508 1766 1551 capite
1790 1516 1908 1553 pacto,
1936 1510 2064 1554 captivi
2088 1512 2143 1545 di-

1158 1557 1343 1590 mittantur
1365 1557 1578 1598 incolumes,
1601 1558 1771 1591 monendi
1794 1566 1875 1593 sunt
1900 1560 2144 1604 imperitiores,

1157 1604 1363 1640 huiusmodi
1380 1608 1576 1641 iuramenta
1593 1608 1748 1651 privatae
1771 1609 2022 1644 incolumitatis
2041 1624 2142 1646 causa

1158 1654 1250 1690 hosti
1270 1658 1324 1690 vel
1343 1658 1474 1691 latroni
1491 1658 1569 1691 data
1597 1659 1792 1692 necessario
1809 1660 1939 1692 servari
1956 1661 2085 1694 deberi.

1262 1706 1357 1741 Haec
1381 1714 1419 1741 ut
1445 1707 1572 1741 rectius
1594 1707 1851 1751 intelligantur,
1878 1710 1970 1743 addo
1986 1711 2143 1745 declara-

1160 1757 1291 1792 tionem
1310 1757 1479 1791 memoria
1497 1763 1529 1791 et
1545 1758 1826 1792 consideratione
1841 1759 1995 1802 dignam.

1262 1805 1339 1842 Etsi
1365 1809 1434 1841 tale
1456 1808 1701 1841 iusiurandum
1725 1815 1857 1842 terrore
1881 1817 2054 1844 extortum
2079 1819 2143 1854 est,

1158 1865 1276 1892 tamen
1304 1858 1407 1892 etiam
1438 1864 1534 1891 metu
1563 1859 1651 1891 sacta
1678 1870 1797 1892 revera
1828 1866 1909 1893 sunt
1932 1861 2142 1898 voluntaria.

1157 1907 1204 1942 Et
1220 1908 1301 1953 quia
1319 1908 1356 1941 in
1372 1908 1600 1941 iureiurando
1618 1920 1760 1951 prorsus
1776 1910 1895 1943 abesse
1913 1911 2014 1945 debet
2032 1913 2142 1946 simu-

1156 1959 1261 1997 latio,
1297 1958 1483 2003 promissio
1499 1959 1536 1991 in
1555 1958 1684 1992 talibus
1700 1960 1836 1993 casibus
1852 1966 1901 1994 est
1918 1961 2029 2005 reipsa
2047 1963 2141 1997 iura-

1155 2015 1328 2045 mentum.

1259 2058 1396 2092 Viatori
1413 2058 1528 2098 enim,
1555 2065 1739 2104 postquam
1763 2059 1800 2093 in
1827 2061 2022 2105 periculum
2050 2063 2139 2096 inci-

1155 2110 1227 2152 dit,
1263 2109 1452 2153 propositis
1475 2109 1531 2142 vel
1555 2110 1599 2143 ab
1623 2107 1723 2144 hoste
1747 2111 1801 2143 vel
1822 2122 1841 2144 a
1867 2111 2002 2145 latrone
2023 2113 2138 2154 minis,

1154 2161 1250 2204 optio
1273 2161 1396 2201 datur,
1439 2166 1658 2204 potestasque
1682 2160 1915 2204 permittitur,
1959 2169 1997 2196 ut
2023 2163 2137 2206 eligat,

1152 2218 1272 2244 utrum
1299 2211 1383 2244 velit
1409 2210 1517 2244 vitam
1543 2211 1720 2250 amittere,
1763 2222 1808 2244 an
1836 2212 2020 2258 pecuniam
2054 2225 2137 2257 pro-

1152 2261 1300 2296 mittere.

1255 2311 1358 2345 Facta
1376 2322 1457 2354 ergo
1478 2317 1648 2355 potestate
1673 2310 1818 2352 viatori,
1845 2318 1884 2345 ut
1905 2311 2054 2345 alterum
2080 2314 2134 2347 in-

1125 2389 1127 2402 ,
1152 2368 1206 2396 ter
1222 2362 1312 2395 mala
1336 2362 1457 2405 eligat,
1485 2361 1712 2395 manifestum
1737 2367 1786 2395 est
1812 2362 1849 2394 in
1875 2374 1913 2396 ea
1936 2363 2133 2404 collatione,

1125 2417 1127 2453 ξ
1152 2412 1226 2446 fieri
1249 2413 1485 2446 electionema
1502 2412 1681 2445 voluntate
1696 2413 1923 2455 assentiente,
1949 2421 1988 2447 ut
2003 2414 2133 2447 iactura

1152 2463 1321 2507 pecuniae
1337 2463 1431 2496 salus
1447 2461 1604 2506 corporis
1622 2462 1828 2497 redimatur.

1254 2513 1373 2556 Quare
1404 2525 1482 2546 cum
1517 2511 1647 2546 iudicio
1678 2524 1751 2546 non
1775 2512 1943 2556 impedito
1970 2514 2133 2549 voluntas

1151 2571 1234 2599 tunc
1251 2571 1394 2609 propter
1409 2563 1514 2597 talem
1532 2563 1698 2607 temporis
1714 2563 1919 2604 articulum,
1953 2563 2048 2608 eligit
2065 2565 2132 2598 mi-

1151 2627 1217 2649 nus
1241 2617 1430 2655 damnum,
1473 2613 1637 2647 videlicet
1660 2613 1828 2647 iacturam
1854 2615 2040 2658 pecuniae,
2093 2623 2131 2650 ut

1150 2666 1257 2701 vitam
1281 2666 1448 2704 retineat,
1495 2663 1595 2698 fateri
1620 2673 1757 2697 necesse
1784 2670 1852 2706 est,
1901 2665 2131 2706 voluntatem,

1389 2714 1437 2748 39
