2409 2915
248 89 319 123 811

255 180 390 211 matur,
418 178 537 202 vocem
548 163 734 207 Evangelii
750 160 918 196 horribili
935 160 1149 195 contumelia
1167 160 1242 194 affi-

257 235 351 262 cere,
378 233 416 254 ac
433 228 576 264 prorsus
590 216 718 249 delere.

358 296 493 330 Docent
512 291 690 327 Pontificii
714 290 818 325 etiam
835 287 997 322 homines
1015 295 1172 322 mortuos
1189 288 1245 320 in-

258 349 435 383 vocandos
459 357 551 384 esse,
586 344 746 382 Annam,
779 339 973 383 Georgium
998 346 1031 373 et
1053 339 1152 374 alios.
1204 337 1244 371 ld

258 401 387 434 directe
420 402 551 441 pugnat
585 406 663 428 cum
693 393 809 437 primo
843 397 1026 435 praecepto
1059 388 1244 432 Decalogi:

257 449 453 485 Dominum
473 446 587 481 Deum
614 452 712 479 tuum
737 441 918 482 adorabis,
946 447 979 474 et
1004 441 1055 474 illi
1082 440 1146 473 soli
1174 451 1246 472 ser-

257 503 342 536 vies.
394 496 591 533 Prohibent
602 494 777 529 Pontificii
792 499 825 526 et
837 492 998 535 coniugia
1014 493 1245 525 sacerdotum.

258 552 297 586 ld
318 563 396 585 cum
413 556 508 583 sexto
524 552 707 592 praecepto
726 550 857 588 pugnat
874 542 1140 587 expressissime.
1178 540 1246 574 Po-

259 611 310 638 tes
331 602 440 646 igitur
457 612 497 633 ex
515 599 575 632 tali
596 596 801 630 recitatione
818 594 975 628 iudicare
991 601 1025 627 et
1043 599 1136 627 certo
1154 603 1247 626 asse-

259 665 401 693 verare,
436 658 556 685 utrum
587 659 668 681 vera
692 645 849 680 Ecclesia
874 645 928 678 vel
951 645 1037 678 falsa
1064 644 1152 686 sint,
1185 643 1248 688 qui

258 705 340 739 talia
361 704 505 742 docent,
529 712 567 733 ac
585 697 812 747 pertinaciter
828 696 1036 730 defendunt.

360 778 466 813 Scitis
481 777 589 820 igitur
603 775 809 808 mandatum
819 772 886 805 Dei
902 783 974 804 esse
985 798 993 812 ‚
1020 777 1058 804 ut
1072 771 1115 803 ad
1131 781 1247 802 veram

260 830 452 864 Ecclesiam
479 835 513 862 te
536 827 723 868 adiungas,
749 831 779 857 et
801 823 886 857 civis
903 823 978 855 eius
995 833 1066 854 esse
1083 821 1188 859 velis,
1217 827 1249 853 et

260 882 350 915 veris
370 880 523 913 cultibus
538 877 613 912 Deo
632 876 780 915 servias,
808 875 844 906 in
862 884 943 905 vera
961 872 1190 905 conversione
1206 872 1246 903 ad

258 933 372 967 Deum
384 959 392 971 ‚
420 931 456 963 in
470 930 556 969 fide,
584 926 818 965 invocatione,
843 930 875 957 et
892 923 1017 956 militia
1033 923 1148 956 bonae
1162 935 1249 955 con—

259 983 445 1021 scientiae,
473 981 561 1014 sicnt
587 978 682 1010 vides
699 974 800 1009 ‘hunc
824 974 1066 1008 centurionem
1090 986 1161 1006 non
1187 973 1250 1006 ad-

262 1036 407 1075 iungere
425 1045 460 1065 se
477 1032 518 1064 ad
535 1028 727 1063 Ecclesiam
745 1025 1014 1059 Pharisaeorum
1034 1031 1090 1058 aut
1109 1024 1249 1057 Saddu-

260 1096 443 1122 caeorum,
478 1082 535 1114 sed
571 1079 685 1113 cernis
719 1089 798 1111 eum
830 1076 940 1110 civem
971 1087 1043 1109 esse
1074 1073 1250 1109 Ecclesiae

260 1134 394 1170 Christi
418 1140 447 1167 et
472 1133 546 1166 eius
570 1131 772 1164 auditorum
793 1134 825 1161 et
844 1127 1058 1167 amicorum,
1086 1126 1144 1170 qui
1165 1137 1250 1159 voce

260 1183 518 1229 Prophetarum
542 1183 656 1226 ipsum
682 1179 909 1219 erudierunt,
937 1185 969 1211 et
990 1178 1031 1211 ad
1057 1173 1249 1211 Christum

261 1237 367 1281 primi
395 1236 627 1268 deduxerunt.
686 1231 748 1264 Est
771 1230 807 1262 in
836 1242 876 1262 eo
904 1229 1111 1262 admiranda
1138 1236 1168 1261 et
1194 1240 1252 1261 ar-

260 1290 345 1321 dens
376 1288 434 1319 lux
466 1285 568 1325 fidei,
602 1293 793 1327 agnoscens
821 1279 1027 1320 Christum,
1061 1287 1094 1312 et
1123 1279 1249 1312 fiducia

260 1350 385 1381 magna
405 1338 440 1369 in
459 1337 535 1380 ipso
553 1334 787 1380 acquiescens,
839 1331 1008 1373 lntelligit
1025 1327 1119 1363 bunc
1137 1324 1252 1363 Chri-

261 1394 356 1423 stum
384 1388 666 1430 omnipotentem
691 1395 783 1423 esse,
810 1389 841 1416 et
863 1393 942 1415 curn
970 1381 1078 1413 verbo
1095 1391 1158 1413 suo
1175 1381 1250 1413 esli—

262 1452 377 1474 cacem
412 1449 504 1477 csse,
538 1437 625 1469 sicut
657 1435 801 1467 fatetur:
839 1432 997 1466 Tantum
1026 1431 1082 1463 dic
1104 1431 1250 1464 verbum

261 1503 394 1528 nnurn,
421 1496 453 1522 et
479 1488 661 1521 sanabitur
685 1497 772 1530 puer
791 1495 897 1516 mens.
954 1481 1115 1515 Profecto
1131 1482 1252 1525 singu-

265 1543 346 1575 laris
371 1548 403 1574 et
428 1540 552 1581 ingens
575 1539 633 1571 lux
659 1536 740 1569 fidei
759 1542 826 1575 est,
852 1533 1025 1567 lucensio
1044 1530 1110 1565 hoc
1131 1533 1252 1569 milite,

263 1604 352 1637 quae
385 1590 502 1623 erudit
533 1589 668 1632 ipsum,
711 1593 748 1620 ut
780 1584 952 1627 intelligat
983 1582 1149 1616 Messiain
1181 1594 1254 1615 esse

263 1643 377 1677 Deum
395 1648 425 1675 et
444 1638 625 1673 hominem
637 1663 646 1677 ‚
675 1645 707 1671 et
724 1648 796 1670 esse
813 1631 925 1682 λόγον
943 1640 1124 1667 aeternum
1141 1640 1253 1667 aeter-

265 1695 299 1727 ni
312 1693 437 1731 Patris,
465 1703 526 1735 per
541 1702 644 1736 quem
662 1688 801 1722 condita
818 1693 897 1720 sunt
914 1684 1046 1723 omnia,
1074 1697 1136 1729 per
1149 1696 1252 1730 quem

264 1757 357 1778 nunc
388 1755 529 1788 quoque
554 1746 797 1775 sustentantur
822 1745 854 1771 et
877 1737 1100 1769 vivificantur
1123 1735 1253 1770 omnia.

263 1798 361 1829 Sicut
381 1795 491 1839 inquit
510 1790 657 1826 lohann.
700 1790 740 1824 ln
758 1790 834 1833 ipso
851 1789 920 1821 vita
938 1794 1021 1825 erat,
1046 1794 1075 1820 et
1095 1787 1163 1820 vita
1181 1793 1255 1820 erat
1279 1793 1283 1847 ἱ

266 1848 322 1879 lux
341 1844 539 1879 hominum.
585 1844 672 1877 (Jnm
686 1842 746 1875 tali
759 1841 826 1873 fide
839 1850 977 1872 necesse
989 1844 1036 1871 est
1050 1838 1254 1871 coniunctas

266 1910 336 1929 esse
351 1897 477 1929 multas
489 1895 574 1927 alias
586 1895 744 1927 virtutes.

268 1948 419 1988 dicitnr,
446 1946 612 1978 Seniores
638 1942 758 1987 oppidi
786 1941 921 1973 solicite
946 1952 1008 1984 pro
1034 1939 1108 1983 ipso
1129 1938 1254 1971 Domi-

269 2010 352 2031 num
381 2009 514 2035 orasse,
541 2008 578 2028 ac
605 2002 706 2029 testes
727 1993 832 2026 fuisse
857 1991 966 2035 ipsius
990 1990 1198 2033 integritatis
1224 1997 1256 2023 et

269 2048 519 2082 beneficentiae
547 2041 582 2079 iri
615 2044 882 2089 gubernatione.
945 2041 1115 2086 lnqniunt
1142 2041 1254 2074 enim:

268 2100 403 2141 Dignus
428 2105 478 2132 est
503 2104 540 2131 ut
566 2095 631 2130 boc
659 2096 709 2129 illi
732 2101 902 2139 praestes,
930 2093 1010 2137 quia
1035 2092 1151 2135 diligit
1172 2104 1255 2135 gen-

266 2161 334 2183 tem
362 2157 536 2192 nostram,
572 2156 600 2180 et
627 2147 848 2192 Synagogam
874 2145 946 2187 ipse
969 2143 1162 2176 aedificavit
1191 2156 1256 2175 no—

269 2204 332 2236 bis.
388 2200 481 2233 llaec
508 2199 626 2231 ‹nnnia
653 2199 735 2231 satis
762 2202 953 2231 testantur.
989 2192 1082 2227 bunc
1108 2194 1255 2227 militem

269 2255 372 2286 luisse·
400 2251 613 2295 discipulum
640 2249 735 2282 vocis
760 2245 1038 2291 Prophetarum,
1067 2251 1095 2277 et
1125 2245 1257 2278 doctri-

271 2318 350 2337 nam
378 2315 498 2334 eorum
526 2301 722 2344 amplexum
750 2311 833 2332 esse.
889 2297 1004 2340 Atque
1031 2296 1074 2328 ita
1099 2304 1145 2329 est
1173 2297 1258 2328 cix-is

271 2364 298 2387 et
329 2354 526 2386 membrum
545 2364 646 2384 verae
665 2349 859 2386 Ecclesiae,
887 2347 968 2392 quia
989 2359 1049 2390 per
1066 2347 1167 2378 fidem
1186 2347 1257 2379 Do-

272 2407 369 2438 mino
398 2412 517 2437 nostro
537 2402 609 2435 lesu
627 2400 768 2435 Christo
797 2400 922 2433 insitus
941 2405 1010 2437 est,
1039 2397 1201 2439 intelligit
1221 2411 1259 2431 ac

271 2457 378 2490 eredit
406 2455 656 2499 promissiones
678 2455 719 2485 de
739 2451 867 2485 Messia
886 2461 983 2483 veras
1000 2461 1088 2487 esse,
1118 2457 1146 2482 et
1170 2450 1260 2482 xeris

271 2508 424 2541 cultibus
455 2504 567 2539 Deum
600 2505 768 2537 celebrat:
809 2510 838 2535 et
872 2513 1072 2546 quanquam
1108 2513 1178 2531 non
1211 2508 1257 2533 est

848 75 962 110 PHIL
1000 72 1118 110 MEL.
1144 72 1354 110 SCRIPTA
1383 72 1682 110 EXEGETICA.

785 1890 828 1923 lit
840 1890 927 1923 Luc.
939 1889 987 1921 7.:
1011 1886 1131 1921 deboc
1144 1889 1255 1921 nuilite
1281 1902 1283 1910 ·

2205 75 2279 110 812

1294 166 1535 203 peccatorum,
1570 161 1760 200 iustitiam,
1787 171 1826 194 ac
1848 159 1954 194 vitam
1980 165 2180 201 aeternam,
2205 171 2279 193 non

1295 222 1358 254 per
1381 218 1440 245 aut
1463 219 1605 256 propter
1629 211 1892 245 observationes
1914 209 1999 254 legis
2019 210 2195 244 Mosaicae
2219 217 2280 244 aut

1297 273 1357 294 sua
1382 262 1499 307 aliqua
1526 274 1629 306 opera
1649 263 1754 297 bona.
1806 260 1858 295 Ac
1875 262 2144 306 promissionem
2161 260 2279 295 datam

1295 309 1462 345 Abrahae
1486 319 1577 346 recte
1602 313 1783 357 intelligit,
1810 320 1843 346 et
1865 313 2008 357 quidem
2035 310 2130 346 hunc
2148 311 2186 344 in
2205 323 2282 345 mo-

1297 364 1400 402 dum,
1427 364 1522 408 quod
1549 369 1583 396 et
1605 371 1723 406 gentes
1741 370 1836 397 extra
1855 363 2014 407 politiam
2033 362 2155 407 populi
2173 360 2282 396 lsrae'l

1298 425 1360 457 per
1389 411 1456 446 hoc
1486 425 1603 446 semen
1633 411 1798 447 Abrahae
1831 414 2041 458 promissum
2072 413 2182 448 futuri
2214 413 2285 446 sint

1299 463 1466 498 haeredes
1487 464 1580 497 vinae
1605 470 1638 498 et
1662 465 1783 498 salutis
1806 472 1977 498 aeternae.
2038 462 2084 498 Et
2106 461 2148 498 τὸ
2170 461 2280 509 ῥητὸν

1299 515 1543 559 promissionis
1566 515 1710 548 retinet:
1740 514 1780 548 In
1804 516 1936 548 semine
1954 523 2014 549 tuo
2031 515 2286 548 benedicentur

1299 578 1422 599 omnes
1439 574 1568 610 gentes.
1621 564 1716 599 Haec
1733 567 1837 600 verba
1857 567 1984 600 rectius
2002 566 2168 609 intelligit
2184 566 2284 599 miles

1300 629 1405 662 quam
1437 617 1539 650 multi
1571 617 1606 649 in
1640 617 1773 661 populo
1804 615 1929 657 lsrael,
1963 617 2144 655 videlicet.
2179 617 2284 651 etiam

1300 675 1421 710 gentes
1449 674 1543 701 extra
1577 668 1736 711 politiam
1771 666 1880 700 Moisi
1914 668 2170 701 benedicendas
2202 679 2287 708 esse,

1301 731 1373 752 non
1403 731 1514 752 unum
1547 718 1648 752 illum
1675 718 1846 765 populum
1869 718 1999 757 lsrae'l,
2033 725 2066 751 et
2091 718 2155 752 scit
2178 719 2287 753 bene-

1301 770 1491 804 dictionem
1507 768 1598 803 hanc
1617 782 1689 803 non
1707 781 1779 803 esse
1796 769 2004 802 beneficium
2021 770 2222 813 corporale,
2248 775 2288 804 nt

1301 821 1403 854 multi
1428 821 1626 863 fingebant,
1652 822 1711 854 sed
1739 832 1811 853 esse
1835 819 2080 853 liberationem
2099 832 2115 853 a
2136 828 2288 864 peccato,

1300 873 1344 905 ab
1368 872 1418 904 ira
1436 872 1506 905 Dei
1531 879 1564 905 et
1582 872 1736 915 potentia
1755 871 1909 910 diaboli,
1936 882 2014 903 cum
2031 883 2100 915 quo
2118 871 2288 905 beneficio

1301 923 1459 966 agnoscit
1474 923 1611 956 restitui
1629 922 1732 956 nobis
1749 922 1918 956 iustitiam
1936 928 1967 954 et
1982 921 2088 954 vitam
2103 928 2290 956 aeternam.

1404 996 1580 1031 Modestia
1606 1009 1688 1031 vero
1711 994 1816 1031 huius
1835 997 1977 1035 militis,
2004 1008 2072 1042 qua
2092 1007 2127 1030 se
2145 994 2288 1031 Christo

1301 1047 1486 1082 humiliter
1517 1048 1676 1088 subiicit,
1710 1048 1863 1081 ostendit
1895 1060 1999 1093 quam
2031 1054 2234 1081 reverenter
2257 1055 2289 1081 et

1301 1099 1496 1133 honorifice
1515 1100 1557 1132 de
1575 1096 1718 1133 Christo
1734 1099 1898 1137 senserit,
1926 1111 2004 1132 cum
2022 1099 2164 1144 quidem
2183 1096 2288 1132 homo

1301 1150 1487 1185 Romanus
1511 1157 1617 1190 esset,
1644 1156 1677 1182 et
1700 1150 1800 1182 miles
1824 1149 1922 1183 urbis
1949 1150 2140 1192 praefectus
2157 1161 2216 1183 seu
2234 1161 2291 1183 ca—

1302 1203 1475 1247 pitaneus.
1529 1200 1566 1234 ld
1586 1212 1696 1244 genus
1710 1197 1896 1233 hominum
1915 1212 1994 1233 raro
2011 1200 2216 1234 modestiam
2233 1207 2292 1234 aut

1303 1252 1568 1287 beneficentiam
1593 1262 1672 1294 erga
1698 1251 1884 1284 inferiores
1909 1263 1947 1284 ac
1970 1251 2132 1285 subditos
2147 1259 2293 1286 exercet.

1303 1303 1372 1337 Sed
1398 1301 1454 1336 hic
1479 1303 1671 1346 praefectus
1695 1309 1744 1335 est
1763 1302 1818 1335 vir
1834 1309 1991 1342 sanctus,
2019 1299 2154 1335 babens
2172 1301 2294 1346 singu-

1304 1355 1376 1387 lare
1401 1354 1520 1386 lumen
1546 1353 1638 1386 fidei.
1691 1351 1811 1395 Quare
1836 1359 1864 1385 et
1892 1353 1936 1385 ab
1962 1353 2038 1396 ipso
2064 1353 2211 1386 domino
2230 1351 2294 1386 ho-

1305 1404 1449 1438 norifice
1473 1403 1759 1437 commendatur:
1788 1404 1902 1436 Amen
1928 1403 2006 1436 dieo
2031 1403 2150 1444 vobis,
2174 1415 2237 1437 nec
2257 1403 2294 1436 in

1305 1455 1414 1488 lsrae'l
1446 1455 1549 1487 fidem
1583 1461 1717 1487 tantam
1748 1454 1881 1486 inveni.
1934 1452 2148 1499 Quanquam
2178 1461 2295 1488 autem

1305 1506 1503 1548 exemplum
1536 1506 1578 1537 ad
1611 1517 1733 1537 omnes
1759 1505 1930 1548 pertinet,
1966 1511 2083 1537 tamen
2111 1505 2296 1550 praecipue

1305 1557 1556 1600 gubernatores
1598 1555 1634 1587 in
1678 1555 1792 1599 ipsum
1829 1562 1994 1599 tanquam
2026 1555 2062 1587 in
2097 1556 2294 1600 exemplum

1307 1607 1540 1651 plurimarum
1582 1606 1752 1639 virtutum
1795 1605 1925 1638 intueri
1959 1606 2068 1640 decet.
2136 1605 2296 1641 Primum

1308 1658 1401 1691 enim
1429 1657 1582 1696 discent,
1610 1664 1777 1702 quantam
1802 1656 2033 1690 reverentiam
2059 1664 2090 1690 et
2113 1669 2202 1702 quae
2219 1657 2297 1691 offi-

1307 1709 1358 1743 cia
1385 1706 1527 1742 Christo
1551 1715 1583 1740 et
1607 1707 1804 1741 ministerio
1829 1708 1904 1740 eius
1928 1707 2088 1742 debeant.
2146 1706 2298 1747 Deinde,

1308 1760 1486 1806 quomodo
1512 1760 1553 1792 ad
1581 1759 1728 1802 gloriam
1753 1757 1819 1791 Dei
1844 1765 1876 1791 et
1901 1759 2124 1792 subditorum
2150 1759 2297 1794 salutem

1308 1811 1493 1844 instituere
1517 1809 1809 1853 gubernationem
1837 1809 1930 1852 ipsos
1956 1816 2125 1852 oporteat.
2186 1808 2298 1845 Docet

1280 1849 1284 1897 l
1309 1862 1508 1905 exemplum
1536 1868 1567 1894 et
1593 1858 1677 1897 hoc,
1706 1861 1800 1904 quod
1826 1857 1961 1893 bomini
1987 1857 2191 1894 Christiano
2214 1873 2299 1894 con-

1281 1916 1284 1951 Ι
1309 1924 1442 1946 cessum
1467 1912 1508 1944 sit
1534 1923 1652 1953 gerere
1675 1911 1915 1952 magistratus,
1951 1917 1981 1943 et
2006 1923 2163 1944 exercere
2185 1912 2299 1946 officia

1281 1961 1284 1999 l
1310 1963 1471 2008 politica,
1498 1969 1528 1995 et
1552 1963 1644 2006 quod
1672 1959 1736 1994 boc
1762 1962 1854 1994 xime
1878 1973 1986 2003 genus
2009 1973 2071 1994 suo
2093 1974 2220 2005 genere
2234 1963 2299 1997 bo-

1281 2002 1284 2038 l
1310 2026 1395 2048 num
1414 2014 1475 2053 sit,
1503 2020 1534 2046 et
1552 2011 1626 2045 Deo
1645 2013 1789 2056 placeat.
1844 2012 1923 2054 Qua
1943 2013 1984 2044 de
2002 2025 2038 2045 re
2053 2013 2138 2046 alibi
2156 2013 2300 2048 uberio-

1310 2076 1364 2098 res
1388 2063 1747 2098 commonefactiones
1772 2070 2032 2107 proponuntur.
2086 2062 2137 2098 Ac
2164 2076 2301 2100 necesse

1311 2123 1379 2154 est,
1415 2116 1592 2148 interdum
1625 2115 1762 2147 moneri
1797 2114 1996 2152 auditores,
2030 2127 2072 2147 ne
2103 2113 2300 2161 Anabapti-

1311 2174 1442 2201 starum
1467 2166 1779 2210 superstitionibus
1802 2165 1963 2198 fascinari
1981 2173 2038 2199 aut
2057 2166 2170 2210 decipi
2186 2178 2222 2201 se
2240 2179 2301 2212 pa-

1311 2219 1464 2257 tiantur,
1491 2217 1551 2262 qui
1577 2218 1746 2250 damnant
1772 2217 1933 2249 ordinem
1959 2216 2161 2261 politicum,
2188 2224 2220 2252 et
2237 2230 2300 2253 ne-

1312 2277 1394 2313 gant
1419 2280 1621 2302 concessum
1646 2280 1716 2301 esse
1733 2265 1965 2305 Christianis,
1993 2279 2110 2312 gerere
2128 2275 2186 2302 aut
2203 2281 2301 2303 exer-

1312 2333 1388 2354 cere
1413 2320 1526 2353 officia
1551 2320 1714 2363 politica,
1743 2331 1779 2352 ac
1796 2319 2004 2355 seditiones.
2032 2320 2152 2352 caedes
2170 2326 2199 2354 et
2216 2332 2301 2355 con-

1312 2372 1468 2405 fusiones
1485 2371 1621 2404 ordinis
1638 2371 1749 2404 divini
1768 2376 1940 2415 quaerunt
1958 2377 1988 2402 et
2009 2369 2190 2406 adiuvant.

1416 2447 1646 2481 Considerate
1663 2447 1769 2489 igitur
1786 2446 1963 2479 auditores
1980 2447 2170 2489 carissimi,
2196 2460 2300 2495 quam

1314 2501 1454 2544 eopiosa
1479 2499 1659 2536 ‹tm-trina,
1687 2499 1722 2530 iu
1750 2495 1896 2530 historia
1921 2495 2026 2530 ltuius
2051 2498 2171 2532 militis
2189 2511 2302 2544 quan-

271 2557 515 2596 circumcisus,
543 2564 573 2589 et
601 2555 817 2588 ceremonias
840 2566 877 2585 ae
902 2552 990 2586 ritus
1015 2551 1135 2595 populi
1156 2550 1258 2583 lsrael
1286 2559 1289 2601 Ι
1315 2551 1444 2584 tumvis
1467 2550 1564 2585 brevi
1594 2556 1829 2593 proponatur.
1857 2549 1900 2581 ‹le
1924 2549 2086 2592 plurimis
2109 2550 2232 2588 rebus.
2260 2553 2302 2584 de

273 2623 343 2642 non
370 2610 548 2647 observet,
583 2615 698 2641 tamen
726 2606 816 2638 lueet
841 2605 875 2637 in
902 2616 941 2635 eo
968 2601 1052 2635 haec
1079 2601 1260 2645 sapientia.

274 2662 366 2705 quod
394 2672 453 2703 per
479 2667 508 2692 et
531 2665 672 2703 propter
689 2656 855 2689 Messinm
875 2653 1000 2687 babeat
1020 2653 1259 2686 remissionem

1286 2611 1289 2616 ·
1318 2601 1492 2639 Ecclesia,
1526 2602 1568 2633 de
1593 2601 1678 2637 fide,
1706 2600 1747 2631 de
1771 2600 1874 2632 bonis
1901 2600 2085 2643 operibus.
2113 2600 2156 2632 de
2180 2602 2304 2636 officiis

1287 2649 1290 2658 ’
1318 2666 1354 2686 ar
1383 2652 1642 2694 magistratibus
1669 2651 1838 2695 politicis.
1876 2659 1906 2684 et
1935 2652 1976 2684 de
2002 2651 2089 2684 aliis.
2159 2651 2302 2687 Utinam
