2409 2915
60 947 63 949 ’
86 951 165 978 tura
190 941 357 979 humana.

621 99 708 135 XII.

476 186 523 211 De
546 186 685 216 quarto.

91 101 166 139 4⁷3

192 239 330 274 Indocti
359 238 536 273 somniant
566 235 760 271 Iohannem
790 243 928 271 tantum
960 240 1069 272 tradi-

89 292 180 325 disse
210 291 326 335 aliqua
355 294 534 333 praecepta
567 289 610 321 de
639 288 742 321 honis
770 289 946 330 moribus,
982 290 1070 324 sicut

89 341 234 377 tradidit
258 339 466 383 Phocylides
495 345 555 372 aut
577 336 775 381 Theognis,
809 340 867 372 sed
901 347 939 373 ut
970 351 1070 384 saepe

89 391 297 430 monemus,
324 389 553 422 discernenda
581 395 632 422 est
662 389 823 423 doctrina
848 388 1024 423 Ecclesiae
1052 403 1072 425 a

91 439 336 487 philosophia,
370 446 403 473 et
426 451 443 472 a
466 436 660 483 pharisaica
685 440 856 475 doctriua.
911 439 1072 474 Philoso-

34 490 42 504 ”
89 491 154 538 phi
186 493 312 524 docent
341 489 547 533 particulam
578 490 663 533 legis
693 491 736 523 de
766 491 870 523 bonis
903 492 1072 527 moribus.

39 571 41 583 ,
90 543 188 576 Idem
211 547 244 575 et
260 538 438 574 Pharisaei
462 541 606 581 docent,
633 548 666 574 et
682 541 816 574 addunt
832 542 959 575 multas
977 554 1072 575 cere-

33 584 35 594 *
88 591 233 626 munias.

28 646 33 679 ’ζ
86 642 157 683 tia,
184 648 217 675 et
241 641 283 674 de
300 641 505 675 remissione
523 648 761 685 peccatorum,
785 643 829 675 de
847 642 978 676 iudicio
995 643 1072 684 Dei,

294 590 363 624 Sed
389 590 544 624 Ecclesia
570 591 799 625 concionatur
822 592 865 624 de
888 592 1073 636 poeniten-

87 694 131 726 de
153 691 452 733 reconciliatione,
480 698 514 725 et
531 692 602 726 vita
619 699 770 726 aeterna.
823 693 912 726 Cum
928 694 970 726 de
988 705 1071 737 poe-

29 738 33 790 Ἰ
85 742 235 776 nitentia
259 742 363 783 dicit,
390 749 528 776 enarrat
551 741 680 786 legem,
708 750 741 777 et
760 750 906 777 testatur
924 744 990 787 legi
1005 743 1071 777 Dei

23 786 30 799 '
68 795 161 827 'non
191 799 329 827 tantum
356 793 510 837 praecipi
533 800 712 827 externam
736 794 977 838 disciplinam,
1011 795 1069 827 sed

86 855 209 877 omnes
225 844 391 884 accusari,
418 843 502 877 dicit
518 844 629 886 legem
646 855 718 877 esse
735 856 852 877 vocem
864 843 942 885 Dei,
969 856 1070 877 mon·-

88 901 256 928 strantem
280 901 313 928 et
342 895 634 928 condemnantem
659 901 836 938 peccatum
861 895 898 927 in
920 901 990 929 tota
1007 906 1070 928 na·-

412 944 494 978 Ideo
511 945 677 978 omnibus
694 945 795 978 dicit:
823 944 927 989 Agite
946 945 1071 989 poeni-

85 995 254 1035 tentiam,
290 1001 322 1028 et
346 995 443 1029 addit
466 993 686 1039 prophetiam
712 997 754 1028 de
778 996 845 1028 fine
873 1003 905 1029 et
927 996 1070 1029 interitu

30 1046 31 1050 ’
85 1042 192 1079 huius
217 1045 359 1092 populi,
385 1058 488 1090 quem
507 1046 587 1079 talis
605 1046 660 1078 vir
677 1046 909 1089 prospiciens,
936 1046 1071 1088 ingenti

87 1096 209 1129 dolore
234 1096 334 1130 luxit.

395 1095 572 1129 videbant
596 1095 664 1128 iam
690 1107 834 1138 regnare
859 1097 1071 1140 peregrinos,

85 1153 119 1180 et
144 1146 274 1179 sciebat
297 1147 386 1179 bene
410 1152 568 1179 secutura
595 1157 667 1179 esse
685 1147 817 1179 excidia
833 1147 992 1180 omnium
1010 1158 1071 1180 ur-

85 1196 205 1236 bium,
232 1203 266 1229 et
290 1197 495 1240 deplorabat
514 1209 585 1229 non
602 1197 716 1229 solum
734 1208 834 1230 neces
851 1203 902 1230 tot
918 1197 1070 1230 millium

86 1246 267 1285 virorum,
293 1247 500 1287 mulierum,
526 1258 735 1290 puerorum,
762 1248 820 1279 sed
839 1247 942 1280 etiam
959 1253 1070 1280 aeter-

86 1308 172 1330 num
199 1296 354 1330 exitium.
412 1295 508 1329 Haec
529 1297 694 1338 cogitatio
717 1303 888 1340 quantum
911 1297 1069 1329 dolorem

86 1347 243 1380 attulerit
271 1346 331 1379 tali
354 1345 451 1384 viro,
486 1358 589 1378 nemo
613 1346 728 1378 verbis
751 1346 924 1388 explicare
948 1353 1069 1389 potest.

84 1394 132 1430 Et
157 1407 357 1441 quanquam
383 1393 468 1428 haec
489 1396 681 1439 praedictio
701 1396 928 1429 deridebatur
944 1397 986 1429 ab
1003 1396 1070 1428 im—

85 1446 174 1491 piis,
199 1453 314 1480 tamen
339 1446 415 1490 pios
438 1447 613 1481 movebat.
666 1444 798 1491 Estque
821 1446 993 1479 inculcata
1014 1444 1069 1478 his

85 1496 218 1530 verbis:
254 1495 424 1539 Purgabit
447 1508 561 1529 aream
588 1508 706 1537 suam,
738 1496 878 1540 colliget
901 1497 1069 1535 triticum,

85 1553 118 1581 et
133 1547 249 1592 paleas
265 1547 445 1580 comburet
462 1547 535 1589 igni
554 1547 829 1596 inextinguibili.

185 1595 338 1630 Addidit
367 1603 401 1630 et
429 1597 625 1631 doctrinam
649 1598 692 1630 de
717 1598 923 1631 remissione
948 1609 1068 1642 pecca-

84 1654 214 1682 torum.
249 1646 330 1680 Non
343 1647 436 1680 enim
453 1648 654 1690 fingendum
672 1654 733 1687 est,
759 1645 952 1680 Iohannem
969 1660 1067 1691 prae-

86 1699 217 1732 dicasse
239 1697 350 1740 legem
374 1704 530 1737 tautum,
564 1704 622 1730 aut
644 1697 896 1740 poeniteutiam
919 1698 993 1730 siue
1016 1710 1069 1730 re-

82 1749 249 1782 missione
266 1754 494 1791 peccatorum.
530 1745 681 1780 Ethnica
698 1748 902 1790 imaginatio
919 1755 983 1787 est,
1011 1760 1068 1780 co-

85 1800 197 1847 gitare
223 1799 419 1832 doctrinam
440 1797 694 1841 poeniteutiae,
720 1798 795 1831 sine
813 1796 1006 1841 Evangelio
1026 1799 1068 1831 de

87 1849 292 1882 remissione
333 1855 572 1892 peccatorum:
624 1848 704 1893 quia
745 1849 958 1891 poenitentia
993 1849 1068 1882 sine

85 1900 325 1934 consolatione
344 1899 507 1932 irascitur
524 1899 621 1936 Deo,
650 1905 681 1932 et
698 1898 785 1941 fugit
803 1897 930 1933 Deum.
985 1898 1067 1932 ldeo

84 1950 198 1985 Lucas
214 1950 340 1983 diserte
353 1949 485 1994 iuquit:
517 1947 744 1982 praedicabat
758 1950 968 1992 baptismum
984 1961 1066 1993 poe-

85 2001 253 2034 nitentiae
270 2001 310 2033 ad
329 2000 568 2033 remissionem
585 2006 821 2043 peccatorum:
849 2007 883 2033 et
894 1997 1068 2033 Iohannes

84 2051 275 2084 clarissime
297 2050 415 2084 sonuit
440 2048 693 2093 Evangelium,
727 2057 760 2084 et
784 2050 926 2095 quidem
953 2051 1067 2093 ipsum

85 2099 265 2134 Christum
297 2100 521 2139 monstravit,
557 2107 591 2134 et
619 2099 756 2134 addidit
790 2099 852 2133 has
881 2101 1068 2134 conciones

84 2151 246 2195 proprias
260 2148 461 2193 Evangelii:
489 2149 557 2183 Hic
581 2158 631 2184 est
655 2162 763 2193 agnus
780 2150 863 2190 Dei,
890 2152 951 2195 qui
975 2151 1068 2185 tollit

83 2207 222 2246 peccata
238 2201 374 2233 mundi.
429 2198 533 2234 Item:
563 2200 635 2242 Qui
652 2201 761 2234 credit
778 2200 974 2241 inFilium‚
1003 2199 1068 2233 ha-

86 2252 146 2285 bet
169 2251 276 2284 vitam
299 2257 489 2284 aeternam.
543 2249 646 2282 Item:
671 2249 724 2283 Ex
750 2251 971 2293 plenitudine
994 2251 1068 2283 eius

86 2313 209 2335 omnes
232 2301 427 2345 accepimus
451 2300 596 2343 gratiam
617 2311 679 2342 pro
693 2301 813 2342 gratia.
864 2300 968 2335 Item:
995 2301 1068 2334 Lex

85 2364 149 2400 per
166 2351 303 2385 Moisen
329 2352 407 2385 data
433 2358 502 2392 est,
529 2350 653 2384 Gratia
675 2357 707 2383 et
732 2351 858 2383 veritas
875 2363 936 2394 per
953 2351 1067 2385 Iesum

85 2400 267 2436 Christum
296 2403 385 2435 sacta
417 2408 484 2441 est,
525 2401 560 2433 id
591 2407 659 2438 est,
694 2401 932 2435 reconciliatio
964 2402 1067 2434 nobis

85 2459 229 2497 propter
254 2465 332 2486 eum
358 2459 392 2486 et
416 2464 478 2496 per
500 2463 578 2485 eum
603 2452 772 2489 donatur,
805 2458 837 2484 et
861 2452 1004 2492 veritas,
1030 2452 1066 2484 id

87 2509 154 2544 est,
183 2515 262 2536 vera
286 2509 320 2536 et
341 2509 481 2537 aeterna
497 2502 633 2535 iusticia
650 2509 683 2536 et
700 2502 770 2535 vita
789 2513 850 2545 per
867 2514 945 2535 eum
964 2502 1066 2536 resti·

87 2553 209 2587 tuitur.
266 2552 338 2586 Lex
362 2552 563 2586 continebat
586 2552 728 2585 umbras
754 2552 985 2595 significantes
1010 2554 1066 2586 su-

87 2607 166 2635 tura
182 2610 215 2637 et
229 2609 365 2637 aeterna
381 2604 484 2638 bona.
539 2601 643 2643 Item,
671 2603 806 2636 iusticia
824 2603 926 2646 legis,
954 2604 989 2637 id
1006 2609 1067 2644 est,

89 2651 291 2698 disciplina,
316 2660 366 2688 est
390 2654 559 2699 quaedam
583 2654 706 2687 umbra
725 2664 942 2692 evanescens,
995 2653 1066 2688 Sed

759 97 1148 137 ANNOTATIONES
1185 99 1236 135 IN
1275 98 1573 139 EVANGELIA.

1095 186 1102 296 l

2034 107 2108 143 474

1124 185 1180 221 hic
1198 186 1312 221 Filius
1335 200 1388 221 res
1412 195 1569 223 aeternas
1594 190 1710 225 incoat
1736 191 1771 224 in
1790 191 1912 232 nobis,
1935 199 1967 226 et
1987 201 2104 237 postea

1125 238 1287 282 perficiet.
1340 238 1415 271 Etsi
1440 248 1554 272 autem
1578 238 1642 273 hae
1663 243 1851 276 sententiae
1870 249 1949 276 sunt
1968 245 2103 282 breves,

1124 296 1240 323 tamen
1282 301 1453 321 summam
1488 288 1670 333 Evangelii
1704 291 2023 336 comprehendunt,
2064 303 2103 328 ut

1124 339 1310 372 mediocris
1334 340 1443 372 lector
1466 339 1661 383 intelligere
1688 350 1808 380 potest.
1861 343 1931 376 Nec
1956 345 2103 377 dubium

1124 396 1173 422 est
1191 387 1253 422 has
1271 390 1458 423 sententias
1475 391 1612 433 copiose
1627 392 1671 424 ab
1688 391 1762 435 ipso
1780 400 1955 427 enarratas
1972 406 2053 429 esse.

1225 463 1374 506 Quoties
1398 465 1506 508 igitur
1526 467 1568 499 de
1592 464 1750 500 Iohanne
1772 467 1967 512 loquimur,
2002 467 2104 502 adhi-

1124 515 1238 548 benda
1263 522 1313 548 est
1339 512 1423 548 haec
1445 517 1643 559 diligentia,
1670 524 1708 551 ut
1732 524 1946 562 quaerantur
1965 520 2103 552 concio-

1124 577 1185 598 nes
1209 565 1301 608 eius,
1335 578 1423 610 quae
1447 567 1590 614 proprie
1613 568 1796 601 continent
1818 567 2048 611 Evangelium
2073 576 2105 602 et

1125 616 1205 648 fidei
1221 616 1430 650 doctrinam.
1484 616 1555 649 Nec
1571 625 1732 661 putemus
1749 630 1826 650 eum
1845 625 1980 651 tantum
1998 631 2104 663 quai·-

1123 667 1203 699 dam
1241 678 1380 699 morum
1422 675 1603 711 praecepta
1642 669 1844 709 tradidisse,
1893 669 1936 700 de
1977 669 2106 713 quibus

1124 723 1240 760 postea
1264 717 1410 751 dicetur.
1464 716 1546 751 Fuit
1564 718 1656 750 enim
1674 719 1769 752 aliud
1788 719 1860 751 eius
1877 719 2104 762 praecipuum

1123 767 1289 800 officium.
1361 767 1483 802 Voluit
1508 768 1600 800 enim
1628 767 1722 801 Deus
1747 769 1926 812 publicum
1957 781 2028 802 esse
2053 776 2105 802 te—

1124 825 1228 858 stem,
1262 818 1324 862 qui
1348 825 1558 852 monstraret
1580 816 1781 860 Christum,
1817 825 1848 851 et
1870 819 1975 852 simul
2001 831 2105 852 reuo-

1123 875 1220 901 varet
1235 868 1442 903 doctrinam.
1487 867 1542 901 Ad
1558 866 1642 901 haec
1657 881 1801 902 munera
1815 866 1990 901 Iohannes
2008 881 2107 912 prae-

1124 919 1224 960 cipue
1257 925 1400 952 vocatus
1433 925 1504 959 est,
1537 919 1616 951 ideo
1649 919 1857 953 monstravit
1888 926 2106 962 praesentem

1123 967 1322 1009 Christum,
1356 969 1445 1002 dixit
1471 969 1514 1001 de
1539 969 1774 1012 poenitentia,
1810 971 1852 1002 de
1877 969 2006 1001 iudicio
2030 968 2108 1009 Dei,

1125 1020 1167 1052 de
1190 1019 1398 1052 remissione
1422 1026 1660 1062 peccatorum,
1697 1021 1739 1052 de
1763 1020 1830 1053 fide
1853 1020 1890 1051 in
1915 1017 2106 1061 Christum,

1125 1077 1154 1102 et
1180 1071 1222 1102 de
1249 1069 1317 1102 vita
1338 1076 1488 1103 aeterua.
1556 1069 1670 1104 Simul
1694 1070 1797 1103 etiam
1821 1070 1948 1104 taxavit
1972 1081 2107 1102 errores

1125 1118 1411 1159 Pharisaeorum,
1439 1121 1482 1153 de
1507 1120 1577 1153 suis
1602 1121 1778 1153 sacrificiis
1793 1127 1827 1154 et
1843 1120 2105 1154 traditionibus.

1123 1170 1171 1204 Hi
1199 1171 1369 1214 putabant
1391 1181 1426 1203 se
1452 1171 1526 1214 lege
1550 1171 1658 1204 iustos
1678 1182 1769 1211 esse,
1796 1171 1966 1213 putabant
1982 1181 2016 1202 se
2032 1182 2108 1202 me-

1124 1221 1193 1253 reri
1210 1220 1450 1254 remissionem
1469 1228 1686 1263 peccatorum
1701 1233 1759 1254 sua
1774 1221 1971 1268 disciplina.
2012 1219 2107 1253 Haec

1124 1271 1269 1310 refutat,
1313 1271 1383 1303 imo
1420 1271 1553 1315 inquit:
1598 1270 1664 1303 Hic
1703 1281 1812 1313 agnus
1843 1271 1935 1304 tollit
1969 1278 2107 1314 peccata

1123 1322 1259 1354 mundi.
1315 1319 1474 1353 Gratiam
1494 1321 1669 1363 accipitis,
1696 1321 1731 1353 id
1753 1328 1821 1361 est,
1848 1321 2107 1354 reconciliatio-

1126 1382 1224 1410 nem,
1262 1382 1335 1403 non
1364 1377 1508 1414 propter
1541 1377 1691 1403 vestram
1721 1372 1914 1410 iusticiam,
1949 1371 2008 1402 sed
2042 1383 2105 1413 pro

1123 1421 1253 1463 gratia,
1283 1421 1318 1452 id
1343 1427 1410 1459 est,
1435 1421 1516 1465 quia
1545 1421 1616 1464 ipse
1638 1421 1786 1454 dilectus
1804 1428 1864 1453 est.
1921 1419 2022 1453 Item:
2050 1418 2105 1453 Ex

1124 1471 1344 1514 plenitudine
1369 1470 1442 1503 eius
1465 1471 1636 1515 accipitis,
1671 1471 1705 1503 id
1732 1478 1798 1511 est,
1831 1471 1903 1514 ipse
1930 1482 1991 1504 vos
2015 1482 2106 1503 nova

1124 1522 1218 1560 luce,
1246 1521 1401 1560 iusticia,
1428 1527 1460 1554 et
1483 1522 1554 1554 vita
1580 1521 1739 1555 donabit.
1792 1520 1936 1556 Resutat
1960 1528 1992 1554 et
2008 1533 2107 1553 erro-

1123 1584 1176 1604 res
1202 1572 1244 1604 de
1268 1571 1416 1615 imperio
1440 1571 1585 1612 mundi,
1612 1583 1691 1605 cum
1715 1578 1860 1605 testatur
1881 1569 1977 1604 hunc
2000 1568 2106 1604 Chri-

1124 1628 1215 1655 stum
1237 1622 1312 1654 sore
1329 1633 1475 1663 agnum,
1502 1622 1538 1654 id
1557 1628 1625 1662 est,
1652 1621 1839 1655 victimam.
1890 1620 1998 1665 Item,
2025 1632 2105 1654 cum

1124 1671 1291 1715 praedicit
1307 1672 1418 1714 gentis
1435 1671 1628 1705 interitum.

1222 1746 1412 1794 Postquam
1439 1744 1529 1779 hanc
1553 1753 1684 1791 partem
1707 1746 1888 1780 doctrinae
1905 1747 1947 1780 de
1964 1747 2030 1780 fide
2050 1746 2106 1781 di-

1122 1797 1271 1840 ligenter
1288 1797 1575 1835 consideraveris,
1603 1798 1798 1842 quaerenda
1817 1798 1882 1830 erit
1899 1798 2001 1830 etiam
2019 1799 2104 1831 alte-

1122 1861 1158 1880 ra
1189 1859 1287 1891 pars,
1331 1847 1493 1880 videlicet
1526 1848 1686 1880 doctrina
1717 1849 1759 1879 de
1790 1848 1894 1880 bonis
1926 1847 2104 1890 operibus.

1121 1897 1222 1931 Hanc
1239 1909 1378 1943 quoque
1394 1897 1517 1937 tradit,
1546 1897 1728 1941 inquiens:
1754 1896 1871 1930 Facite
1887 1898 2012 1939 dignos
2028 1898 2104 1930 sru-

1123 1956 1196 1982 ctus
1223 1947 1476 1992 poenitentiae,
1511 1953 1545 1981 et
1576 1948 1812 1992 interrogatus
1837 1959 1910 1980 non
1932 1954 2104 1982 monstrat

1122 2011 1225 2043 opera
1252 1997 1548 2035 ceremoniarum.
1580 2004 1617 2030 ut
1641 1996 1840 2038 Pharisaei,
1874 1999 1933 2030 sed
1957 1999 2103 2031 moralia

1122 2061 1245 2093 opera,
1273 2049 1361 2081 sicut
1384 2059 1520 2091 semper
1536 2045 1731 2091 Prophetae
1749 2049 1963 2081 damnarunt
1981 2060 2102 2091 super-

1121 2099 1298 2133 stitionem
1324 2110 1545 2131 communem
1566 2096 1771 2139 hominum,
1799 2111 1865 2143 qua
1885 2099 2102 2131 ceremoniae

1121 2149 1363 2183 anteferuntur
1379 2149 1570 2182 moralibus
1587 2149 1769 2192 operibus,
1796 2155 1833 2182 ut
1848 2147 1971 2181 Esaiae
1992 2149 2021 2181 1.
2041 2147 2100 2182 58.

1121 2199 1249 2234 Psalm.
1265 2198 1324 2233 50.
1353 2205 1386 2233 et
1411 2199 1496 2239 alias
1519 2210 1617 2242 saepe
1642 2211 1838 2231 monemur.
1893 2197 1978 2232 Item
2004 2198 2100 2231 locus

1120 2250 1223 2283 etiam
1239 2250 1360 2283 utilem
1377 2250 1572 2283 doctrinam
1589 2249 1743 2282 continet
1755 2273 1762 2286 ,
1790 2249 1833 2281 de
1848 2249 2101 2292 approbatione

1120 2301 1211 2333 vitae
1236 2300 1398 2344 politicae
1421 2306 1452 2332 et
1477 2300 1641 2337 militiae,
1668 2307 1699 2332 et
1724 2299 1865 2343 quidem
1886 2299 1978 2341 leges
1993 2299 2099 2332 tradit

1120 2351 1382 2387 memorabiles,
1419 2362 1506 2394 quae
1530 2350 1668 2382 frenant
1695 2349 1901 2392 cupiditates
1925 2349 2099 2391 guberna-

1120 2408 1254 2442 torum,
1281 2408 1312 2434 et
1339 2401 1542 2433 discernunt
1566 2399 1745 2432 facultates
1770 2399 1975 2432 inferiorum
2001 2410 2019 2431 a
2044 2411 2098 2431 re-

1118 2452 1183 2484 bus
1208 2452 1444 2495 superiorum:
1479 2449 1559 2482 Non
1585 2456 1719 2493 putate,
1752 2450 1883 2493 inquit,
1911 2449 2013 2481 licere
2034 2461 2098 2481 vo-

1119 2502 1173 2535 bis
1205 2514 1245 2535 ex
1275 2502 1402 2536 civium
1431 2499 1534 2532 bouis
1560 2512 1680 2542 rapere
1705 2506 1873 2544 quantum
1898 2499 2001 2539 libet,
2035 2501 2096 2532 sed

1119 2559 1226 2586 estote
1245 2551 1398 2586 conteuti
1416 2551 1597 2593 stipendiis
1615 2551 1746 2584 vestris.
1791 2549 1892 2582 Item:
1919 2548 1997 2581 Non
2017 2550 2095 2592 plus

1118 2603 1260 2646 exigite,
1294 2614 1396 2647 quam
1423 2601 1651 2634 constitutum
1677 2606 1727 2633 cst
1751 2607 1813 2634 etc.
1877 2599 1974 2633 Idem
2000 2600 2096 2633 locus

1118 2660 1264 2688 testatur
1280 2659 1433 2697 receptas
1451 2663 1521 2684 esse
1538 2657 1668 2694 gentes.
1722 2649 1773 2685 Ita
1792 2650 1907 2686 incoat
1922 2647 2097 2684 lohannes
