2409 2915
250 109 298 143 35

355 192 498 225 Placent
525 197 555 222 et
580 183 798 220 ceremoniae
822 180 1002 214 institutae
1026 191 1045 213 a
1062 181 1160 222 Deo,
1185 180 1237 213 fa-

249 252 321 277 ctae
338 241 403 276 hoc
424 243 509 280 fine,
533 245 571 272 ut
590 248 662 269 non
681 239 883 267 mereantur
899 231 1160 270 remissionem,
1178 231 1238 264 sed

250 295 332 339 quia
356 299 437 326 sunt
465 292 581 333 signa,
614 283 963 319 commonefacientia
993 293 1058 315 nos
1083 283 1128 319 de
1155 294 1239 329 pro-

250 344 416 377 missione
445 348 484 374 ut
515 338 724 372 accendatur
748 334 845 369 fides.
904 333 1013 374 Item,
1047 334 1129 378 quia
1157 339 1240 366 sunt

252 396 348 437 signa
376 389 617 426 consessionis.
675 386 783 427 Item,
818 384 900 430 quia
923 391 1004 418 sunt
1027 385 1127 417 nervi
1154 396 1240 416 con-

251 442 474 487 gregationis.
527 439 604 473 Hos
625 449 726 471 veros
744 437 830 469 fines
853 435 890 467 in
911 433 1068 468 Ecclesia
1087 434 1237 477 intelligi

255 500 412 539 oportet,
436 499 469 526 et
486 490 657 525 removeri
674 488 802 535 impias
817 485 1012 530 opiniones.

605 604 742 659 Caput
770 603 892 644 XVI.

305 708 478 744 Hominis
507 711 556 740 est
578 717 805 753 praeparare
830 716 910 748 cor,
946 701 1012 737 sed
1035 715 1058 736 a
1085 701 1169 736 Deo
1192 706 1242 736 est

358 758 545 807 responsio
562 755 729 803 linguae.

355 833 480 868 Simile
496 832 627 866 dictum
644 830 802 876 sequitur
819 840 900 862 mox
918 828 955 861 in
973 828 1094 860 eodem
1113 825 1242 873 capite:

256 885 327 920 Cor
344 882 498 918 hominis
516 883 643 926 cogitat
659 882 750 915 viam
768 892 885 920 suam,
914 885 945 912 et
961 877 1138 911 Dominus
1159 888 1245 909 con-

256 937 371 970 firmat
388 946 542 978 gressum
569 934 653 968 eius.
705 930 801 965 Haec
828 930 920 963 dicta
945 940 1018 961 non
1044 927 1174 961 tollunt
1200 927 1245 960 li-

257 988 426 1021 bertatem
442 984 634 1019 voluntatis
651 980 844 1021 humanae,
870 992 930 1013 seu
957 978 1158 1019 electionis,
1185 979 1244 1011 sed

258 1038 473 1081 significant,
506 1047 578 1069 esse
604 1034 740 1079 aliquas
767 1032 954 1066 electiones
977 1028 1153 1063 humanae
1179 1041 1244 1062 vo-

258 1089 422 1128 luntatis,
450 1099 528 1121 cum
546 1086 583 1119 in
600 1097 673 1118 non
692 1084 842 1124 renatis,
857 1090 896 1116 ut
911 1083 949 1114 in
965 1080 1153 1124 Pompeio,
1169 1086 1244 1113 tum

259 1140 296 1172 in
315 1139 455 1179 renatis,
471 1145 509 1171 ut
526 1138 563 1169 in
580 1135 700 1177 Iosua,
718 1134 854 1168 Davide
869 1140 932 1166 etc.
960 1131 1029 1166 Sed
1048 1132 1085 1164 in
1102 1129 1158 1164 his
1175 1131 1245 1163 ele-

261 1190 437 1224 ctionibus
462 1189 655 1233 aliquando
681 1197 798 1219 errare
821 1183 1001 1222 homines,
1028 1189 1069 1217 ut
1092 1194 1171 1216 cum
1189 1181 1244 1215 Io-

260 1241 326 1274 sias
348 1240 459 1273 movit
484 1239 617 1272 bellum
643 1249 717 1270 non
742 1235 975 1269 necessarium
1000 1234 1166 1266 adversus
1190 1245 1245 1266 re-

261 1303 337 1335 gem
363 1289 597 1336 Aegyptium,
634 1289 798 1322 voluntas
824 1287 898 1320 eius
928 1283 1081 1319 habebat
1103 1284 1245 1317 electio-

261 1355 341 1376 nem
354 1369 362 1383 ,
389 1343 450 1375 sed
467 1347 660 1380 errantem,
688 1346 720 1372 et
739 1348 917 1371 successus
934 1348 1007 1369 non
1026 1335 1220 1380 respondit.

364 1400 415 1435 Ac
431 1401 617 1444 diligenter
633 1397 930 1432 considerandum
958 1401 1027 1436 est,
1053 1395 1149 1428 aliud
1175 1405 1247 1427 esse

261 1452 467 1487 electionem
487 1452 522 1484 in
540 1450 664 1488 nobis,
686 1449 781 1483 aliud
800 1459 1010 1482 successum.
1067 1444 1114 1479 Ut
1130 1452 1246 1478 autem

262 1505 306 1538 sit
326 1504 409 1537 felix
427 1502 568 1542 electio,
595 1512 733 1534 necesse
750 1507 800 1533 est
815 1499 978 1532 accedere
994 1497 1165 1530 auxilium
1181 1495 1246 1529 Dei

261 1555 469 1600 dupliciter,
502 1553 665 1586 videlicet
693 1552 730 1584 in
760 1551 971 1589 iudicando,
1004 1555 1038 1581 et
1066 1554 1185 1592 postea
1211 1549 1246 1579 in

262 1606 415 1650 regendo
450 1611 606 1638 eventus.
671 1602 748 1636 Nisi
779 1601 873 1635 enim
907 1599 1078 1634 iudicium
1111 1605 1249 1641 regatur

263 1658 371 1690 verbo
387 1655 471 1696 Dei,
499 1662 531 1688 et
548 1655 623 1687 luce
642 1653 782 1691 divina,
799 1652 902 1685 multi
920 1662 1056 1683 errores
1072 1650 1250 1689 accidunt,

262 1715 301 1741 ut
330 1706 456 1746 losias,
490 1700 700 1742 Zedechias‚
734 1698 1010 1738 Demosthenes,
1049 1699 1250 1745 Pompeius,

263 1757 387 1793 Cicero
403 1761 522 1789 errant
541 1755 576 1787 in
594 1753 757 1796 eligendo
782 1751 896 1792 bello,
923 1757 955 1784 et
978 1756 1176 1794 sequuntur
1199 1756 1250 1783 te-

264 1810 309 1843 tri
326 1814 472 1849 eventus
484 1833 493 1847 ,
510 1805 592 1850 quia
609 1815 682 1836 non
701 1803 871 1836 iuvantur
888 1813 906 1834 a
924 1799 1012 1834 Deo.
1066 1798 1249 1833 Interdum

265 1860 368 1894 etiam
388 1869 469 1892 cum
486 1868 558 1889 non
576 1861 668 1888 errat
685 1865 783 1887 mens
800 1852 944 1892 iudicio,
972 1857 1005 1884 et
1023 1857 1141 1883 tamen
1158 1850 1251 1884 Deus

266 1923 337 1945 non
357 1909 500 1943 adiuvat
517 1913 678 1950 agentes,
705 1910 849 1949 propter
865 1903 951 1936 alias
968 1912 1108 1939 causas,
1140 1907 1189 1941 ut,
1214 1901 1250 1933 in

266 1961 408 2007 praeliis
433 1960 600 1993 adversus
623 1955 811 1990 Beniamin
835 1954 939 1988 etiarn
965 1959 1111 1986 eventus
1135 1952 1252 1986 tristes

266 2018 479 2059 sequuntur,
511 2009 593 2056 quia
629 2007 807 2041 Israelitae
841 2003 1064 2039 confidebant
1100 2003 1172 2037 suis
1197 2003 1251 2036 vi-

267 2066 377 2099 ribus.

375 2113 535 2149 Sciamus
568 2121 670 2153 ergo,
713 2120 850 2143 causam
887 2107 1041 2141 felicium
1073 2104 1251 2139 actionum

267 2179 358 2204 esse,
382 2177 454 2198 non
477 2163 588 2197 solam
610 2159 799 2195 humanam
826 2159 1030 2192 electionem
1049 2164 1081 2190 et
1100 2156 1251 2199 diligen-

268 2219 371 2257 tiam,
406 2216 485 2248 ideo
512 2213 629 2258 inquit
654 2211 830 2245 Ieremias:
865 2209 947 2244 Scio
971 2207 1143 2243 Domine.
1181 2219 1251 2239 non

269 2276 317 2302 est
343 2265 499 2300 hominis
524 2265 578 2296 via
606 2263 698 2302 eius,
728 2263 760 2295 id
785 2268 853 2300 est,
888 2258 995 2293 homo
1022 2259 1096 2292 sine
1120 2258 1252 2290 auxilio

270 2319 391 2353 divino
417 2327 518 2364 saepe
545 2316 579 2347 in
598 2313 755 2347 consiliis
771 2319 880 2350 errat,
909 2318 939 2344 et
958 2322 1029 2343 non
1049 2315 1160 2357 potest
1190 2306 1251 2341 hu-

269 2372 349 2404 bere
374 2369 491 2402 felices
516 2376 702 2399 successus.
763 2362 845 2395 ldeo
874 2362 1042 2405 scriptum
1069 2367 1133 2393 est:
1176 2359 1250 2392 Nisi

270 2420 442 2456 Dominus
460 2416 691 2451 aedificaverit
716 2415 860 2446 domum
882 2421 946 2447 etc.
1009 2411 1110 2445 ltem:
1142 2410 1252 2444 Nemo

271 2479 381 2520 potest
405 2470 469 2504 sibi
494 2479 630 2502 sumere
656 2465 869 2511 quidquam,
897 2464 964 2496 nisi
990 2463 1031 2495 sit
1050 2463 1079 2495 ei
1096 2463 1216 2495 (latum
1234 2475 1251 2493 a

272 2523 356 2555 Deo.

271 2574 345 2606 sine
361 2584 437 2605 meo
455 2570 584 2604 auxilio
601 2581 672 2603 non
692 2567 834 2615 potestis
850 2567 962 2599 facere
976 2565 1152 2598 salutaria.

371 2630 470 2663 llam·
495 2636 648 2662 nostram
674 2626 950 2660 imbecillitatem
972 2624 1043 2657 vult
1071 2637 1133 2657 nos
1161 2623 1253 2657 Dens

832 95 956 130 PHIL.
995 92 1110 129 MEL.
1139 93 1347 130 SCRPITA
1377 91 1673 130 EXEGETICA.

2229 94 2278 129 56

1290 179 1492 220 vocatione,
1519 186 1552 213 et
1576 180 1699 213 timere
1718 179 1854 228 ipsum,
1879 191 1916 213 ac
1940 179 2009 215 fide
2034 187 2150 223 petere
2177 181 2277 215 auxi-

1264 230 1378 282 ¹lium
1411 230 1591 270 divinum,
1629 231 1724 265 iuxta
1757 231 1907 264 dictum:
1945 228 2164 265 Commenda
2198 232 2277 266 Deo

1264 304 1267 315 .
1291 281 1382 313 viam
1404 287 1518 320 tuam,
1535 288 1567 315 et
1584 293 1683 326 spera
1700 282 1738 314 in
1754 293 1834 315 eum
1846 308 1855 322 ‚
1883 288 1916 315 et
1932 281 2006 325 ipse
2021 281 2136 315 faciet.
2170 281 2278 317 Item:

1293 331 1405 365 Petite
1430 338 1464 365 et
1486 332 1674 377 accipietis.
1735 331 1838 365 Item:
1876 332 1967 365 Cum
1992 333 2167 365 nescimus
2193 333 2279 378 quid

1266 405 1267 415 i
1292 383 1466 425 agendum
1484 383 1547 424 sit,
1574 395 1651 417 ecce
1676 383 1771 417 oculi
1796 383 1910 416 nostri
1933 383 1977 416 ad
1994 389 2028 417 te
2046 381 2202 416 Domine
2222 384 2280 416 di-

1266 435 1267 446 *
1292 435 1467 477 riguntur.

1266 500 1269 550 ἱ
1394 499 1485 534 Nota
1508 501 1552 535 sit
1574 500 1683 545 igitur
1707 499 1793 534 haec
1812 501 1932 544 regula
1948 500 2061 542 vitae,
2089 513 2194 547 quam
2225 500 2282 536 hic

1268 576 1269 580 ,
1295 563 1434 598 quoque
1459 553 1600 596 repetit:
1627 551 1845 586 Commenda
1864 551 1938 585 Deo
1952 564 2069 596 ,opera
2096 559 2172 594 tua,
2199 560 2282 588 tunc

1267 587 1270 635 l
1295 602 1599 637 confirmabuntur
1615 603 1843 647 cogitationes
1859 610 1948 643 tuae,
1972 603 2008 636 id
2026 609 2096 643 est,
2112 604 2165 637 fac
2181 616 2284 638 man-

1267 639 1271 705 l
1296 655 1374 687 data
1390 653 1456 687 Dei
1480 653 1574 687 iuxta
1597 655 1839 695 vocationem,
1866 660 1944 697 pete
1965 653 2138 687 auxilium
2163 667 2181 688 a
2198 654 2285 695 Deo,

1296 712 1380 740 tunc
1397 711 1501 739 erunt
1523 705 1637 739 felicia
1655 705 1801 739 consilia
1814 732 1823 746 ,
1850 705 1916 738 tibi
1934 711 1967 739 et
1986 705 2130 750 populo.

1269 755 1272 831 l
1397 772 1492 807 Haec
1509 775 1669 808 doctrina
1690 786 1791 819 saepe
1807 774 1994 817 cogitanda
2011 781 2081 815 est,
2110 781 2147 808 ut
2165 786 2285 808 curam

1269 835 1272 874 λ
1297 825 1334 857 in
1352 825 1456 857 nobis
1473 826 1705 859 exuscitemus
1723 825 1869 869 regendi
1889 825 1997 859 vitam
2017 826 2125 859 verbo
2141 823 2226 866 Dei,
2253 831 2286 859 et

1270 875 1272 923 ξ
1296 876 1439 920 petendi
1464 876 1634 909 auxilium
1660 876 1823 910 divinum
1849 883 1914 911 etc.
1967 877 2024 909 Ad
2057 873 2153 909 bunc
2182 887 2286 910 usum

1297 928 1609 960 accommodentur
1634 925 1718 960 haec
1741 929 1853 967 dicta,
1887 939 1961 960 non
1982 928 2024 960 ad
2049 927 2184 961 Stoicas
2209 927 2287 970 opi—

1270 989 1272 1023 [
1297 978 1423 1010 niones
1447 979 1490 1011 de
1515 978 1728 1012 necessitate.
1786 977 1867 1011 Non
1893 978 1987 1011 enim
2015 979 2189 1023 sequitur:
2219 978 2286 1011 Ze-

1269 1026 1272 1073 l
1297 1026 1443 1062 dechiae
1471 1041 1544 1062 non
1567 1028 1750 1071 respondit
1775 1035 1940 1069 eventus,
1973 1027 2068 1072 Ergo
2094 1027 2287 1063 Zedecbias

1270 1090 1271 1107 ¹
1296 1092 1369 1112 non
1400 1080 1512 1113 libere
1535 1080 1648 1112 voluit
1673 1079 1819 1113 bellum.
1872 1079 1950 1112 Imo
1978 1081 2061 1124 quia
2086 1080 2219 1121 voluit,
2254 1087 2287 1113 et

1269 1108 1272 1176 l
1298 1130 1410 1164 voluit
1427 1131 1502 1164 sine
1519 1131 1706 1168 mandato,
1722 1136 1755 1163 et
1773 1129 1847 1163 sine
1867 1129 2092 1164 invocatione
2108 1130 2189 1172 Dei,
2207 1131 2286 1164 ideo

1270 1181 1272 1225 ζ
1297 1188 1444 1215 eventus
1461 1194 1534 1215 non
1551 1181 1744 1229 respondit.

1349 1279 1489 1317 Omnia
1499 1282 1600 1331 facit
1611 1280 1714 1315 Deus
1728 1287 1874 1330 propter
1890 1294 1982 1321 sese,
2007 1282 2116 1316 eliam
2135 1282 2289 1330 impium

1401 1332 1455 1368 ad
1469 1333 1563 1368 diem
1582 1332 1735 1370 malum,

1400 1412 1608 1457 Superiores
1635 1411 1829 1445 sententiae
1862 1411 2008 1445 suerunt
2037 1417 2219 1456 praecepta
2247 1412 2290 1445 de

1298 1465 1451 1508 petendo
1470 1464 1600 1497 auxilio
1619 1462 1695 1496 Dei.
1747 1461 1825 1495 Hoc
1843 1462 1977 1496 (lictum
1997 1463 2230 1496 concionatur
2248 1463 2292 1497 de

1298 1515 1542 1560 providentia,
1579 1515 1622 1548 de
1649 1526 1716 1559 qua
1744 1514 1877 1547 multae
1903 1514 2018 1547 tristes
2050 1514 2292 1548 dubitationes

1299 1574 1381 1600 sunt
1398 1567 1434 1599 in
1451 1566 1628 1600 mentibus
1645 1563 1843 1598 hominum.
1897 1563 1988 1599 Sunt
2006 1571 2120 1598 autem
2138 1565 2209 1599 duo
2232 1575 2291 1608 ge-

1300 1630 1383 1651 nera
1401 1630 1531 1658 rerum,
1551 1617 1734 1653 videlicet,
1760 1615 1832 1650 Res
1849 1616 1973 1656 bonae,
2000 1616 2037 1649 in
2057 1616 2188 1661 quibus
2203 1616 2293 1650 ordo

1300 1669 1532 1712 conspicitur,
1561 1674 1593 1700 et
1617 1679 1672 1700 res
1696 1667 1827 1704 malae,
1856 1678 1945 1711 quae
1967 1674 2050 1701 sunt
2074 1667 2212 1701 ordinis
2229 1668 2291 1700 de-

1300 1719 1466 1759 structio,
1493 1725 1552 1763 ut,
1579 1718 1710 1751 scelera
1728 1725 1760 1751 et
1777 1717 2003 1753 calamitates.

1404 1786 1461 1820 De
1478 1785 1584 1818 rebus
1603 1784 1706 1817 bonis
1720 1790 1902 1828 utcunque
1920 1789 2083 1817 movetur
2108 1795 2225 1826 mens,
2254 1792 2292 1819 ut

1301 1837 1429 1880 cogitet
1452 1847 1508 1869 eas
1534 1847 1605 1868 non
1627 1846 1708 1868 casu
1733 1841 1828 1868 ortas
1852 1845 1944 1874 esse,
1972 1841 2032 1868 aut
2049 1847 2129 1868 casu
2147 1836 2291 1872 servari.

1301 1895 1334 1921 et
1351 1895 1466 1921 tamen
1483 1886 1645 1919 adsensio
1662 1885 1838 1920 turbatur.
1893 1885 1944 1918 Ac
1960 1885 2062 1919 multi
2083 1884 2293 1931 Philosophi

1301 1939 1544 1983 disputarunt,
1570 1936 1752 1970 materiam
1770 1936 1860 1970 coeli
1877 1943 1909 1969 et
1927 1943 2038 1970 terrae
2060 1948 2120 1970 sua
2138 1938 2291 1983 quadam

1302 1989 1506 2023 necessitate
1524 1988 1627 2022 talem
1654 1999 1746 2025 esse,
1773 1994 1805 2021 et
1821 1999 1959 2030 semper
1976 1988 2080 2022 talem
2106 1989 2231 2027 fuisse,
2259 1996 2293 2023 et

1302 2041 1370 2074 alia
1404 2051 1551 2083 corpora
1589 2039 1751 2083 gignere,
1788 2051 1850 2072 nec
1885 2039 1996 2072 libere
2025 2036 2108 2072 haec
2131 2051 2148 2072 a
2177 2047 2293 2075 mente

1303 2100 1441 2126 aeterna
1460 2090 1628 2124 fabricata
1646 2101 1738 2128 esse,
1766 2102 1829 2123 nec
1848 2090 1958 2123 libere
1976 2091 2189 2127 conservari.

1405 2159 1462 2194 Ab
1479 2156 1742 2203 hisCyclopicis
1758 2157 1940 2191 furoribus
1958 2155 2107 2191 retrahit
2123 2170 2188 2192 nos
2207 2156 2293 2194 haec

1303 2212 1426 2247 concio
1448 2212 1491 2244 ad
1516 2210 1669 2253 primum
1702 2209 1889 2242 articulum
1922 2209 2001 2242 fidei
2035 2210 2078 2242 de
2105 2210 2292 2247 creatione.

1304 2264 1400 2302 lmo,
1428 2262 1562 2307 inquit.
1590 2272 1644 2293 res
1676 2273 1747 2293 non
1784 2267 1863 2293 sunt
1887 2272 1967 2293 casu
1993 2261 2097 2303 tales,
2125 2261 2184 2294 sed
2213 2273 2293 2295 vere

1303 2323 1350 2349 est
1370 2314 1466 2349 Deus
1484 2312 1621 2355 sapiens
1639 2319 1670 2345 et
1688 2313 1821 2349 honus.
1849 2312 1908 2354 qui
1936 2311 2115 2344 liberrime
2132 2313 2294 2348 condidit

1303 2374 1334 2400 ct
1354 2372 1465 2399 servat
1485 2375 1538 2397 res
1556 2364 1687 2403 bonas,
1714 2363 1895 2402 videlicet,
1922 2362 2104 2395 ordinatas
2130 2364 2174 2396 ab
2201 2363 2289 2409 ipso,

1304 2419 1461 2457 coelum,
1489 2423 1637 2453 terram,
1666 2414 1992 2457 vicestemporum„
2020 2414 2294 2450 som-nuditatem

1304 2477 1435 2505 terrae.
1459 2466 1722 2511 generationem
1740 2465 1973 2497 animantium
1993 2465 2028 2497 in
2049 2465 2196 2507 singulis
2214 2478 2293 2512 spe-

412 2521 516 2554 ltem:
541 2518 627 2552 Sine
642 2530 696 2550 me
717 2513 805 2549 nihil
825 2515 968 2563 potestis
985 2515 1108 2552 facere,
1137 2513 1170 2546 id
1191 2520 1252 2549 cst.
1276 2530 1279 2547 i
1303 2521 1440 2558 cii—luis,
1467 2518 1666 2552 societatem
1691 2516 1827 2559 generis
1848 2513 2014 2554 liinnani,
2042 2517 2204 2551 ordinem
2230 2530 2292 2563 po-

1277 2590 1279 2595 >
1304 2571 1459 2609 liticuin,
1488 2568 1702 2605 Ecclesiam.
1735 2574 1766 2599 et
1795 2567 1829 2599 in
1851 2568 1953 2600 honis
1974 2568 2152 2602 inentibus
2170 2569 2292 2613 singu-

1304 2623 1418 2655 lorum
1446 2633 1506 2654 sua
1531 2620 1642 2655 «tona.
1670 2618 1876 2662 sapientiam
1897 2625 1927 2652 et
1947 2619 2114 2663 virtutes,
2141 2627 2172 2654 et
2200 2621 2292 2654 mul·

269 2694 471 2727 agnoscere,
500 2688 529 2713 et
557 2680 717 2712 similiter
737 2679 809 2712 vult
836 2677 906 2721 regi
927 2689 990 2709 nos
1007 2687 1069 2709 suo
1090 2677 1196 2708 verbo
1217 2675 1250 2707 in
1277 2681 1280 2710 ἕ
1305 2681 1354 2707 tas
1373 2671 1600 2706 liberationes
1617 2670 1871 2705 invocantium.
