2409 2915
101 108 198 145 1193
385 106 465 143 xtt.
529 101 921 141 ANNOTATIONES
946 99 1014 138 ET
1039 99 1322 138 CONCIONES
1351 102 1399 137 IN
1425 100 1606 140 EVANG.
1638 101 1848 140 lOANNIS.
2036 103 2133 138 1194

335 197 526 234 Peccatum
554 209 626 232 non
654 195 840 239 haberent,
1143 194 1211 221 tate
1230 186 1483 233 Apostolorum
1501 196 1621 223 contra
1641 200 1715 230 eos,
1744 190 1805 235 qui
1823 189 2013 234 Apostolos
2028 189 2131 221 etiam

1144 236 1305 272 homines
1324 240 1430 273 fuisse
1449 241 1590 281 dicunt,
1617 247 1650 274 et
1669 240 1717 274 sic
1732 252 1812 275 suas
1837 240 2046 274 traditiones
2064 237 2129 272 hu-

100 272 136 305 id
165 277 232 309 est,
268 281 339 303 non
372 269 562 302 sensissent
593 267 875 301 incredulitatem
907 278 980 300 esse
1008 277 1089 310 pec·
1143 301 1263 323 manas
1286 297 1437 325 statuere
1465 298 1648 325 conamur.

100 328 228 356 catum·

1494 432 1629 485 Caput
1676 432 1799 472 XVI.

199 480 442 515 Conscientiae
468 479 647 513 convictae
671 486 775 519 sunt,
802 479 897 523 quod
923 479 1088 512 incredu—
1113 468 1115 495 ²
1301 514 1308 521 ‚
1530 514 1537 520 ‚
1649 514 1656 521 ,
1864 513 1871 520 ,
1920 513 1928 520 ,
2047 512 2053 518 ,
2109 512 2116 519 ,

97 533 176 566 mas
190 532 234 566 Sit
251 537 441 576 peccatum.
495 529 566 573 Qui
583 542 638 563 me
654 530 742 570 odit,
769 536 802 563 et
818 537 950 573 patrem
969 541 1085 562 meum
1241 511 1432 558 Epilogum
1457 514 1553 547 addit
1571 512 1734 548 Chrlstus
1756 525 1929 558 superlori
1956 524 2132 552 concioni,

1111 564 1115 602 l
1141 564 1288 605 docens,
1323 573 1360 599 ut
1388 577 1549 598 sermone
1577 578 1640 598 suo
1665 577 1730 598 nos
1759 575 1933 597 armemus
1965 564 2131 596 adversus

97 585 192 624 Odn’
226 596 248 617 ι’
267 595 295 615 Ε·
323 589 412 615 mem
433 594 457 614 n
481 581 635 615 sdtemur
665 582 786 614 Odlum
814 592 902 618 mel,
945 592 1005 625 qm
1031 592 1086 613 me
1112 605 1115 624 ’
1140 616 1346 649 scandalum
1371 616 1494 649 crucis.
1551 614 1622 648 Nec
1655 616 1748 648 enim
1780 621 1893 659 potest
1920 613 2129 647 conscientia

98 640 378 679 persequuntur,
420 632 468 666 ita
492 631 665 672 fatentur,
707 643 742 664 se
766 643 838 664 non
865 631 1014 664 credere.
1038 650 1085 656 —

96 683 141 719 Et
169 691 300 728 patrem
326 695 443 716 meum
467 683 562 723 odit,
597 683 619 718 i·
637 695 666 717 e·
697 694 899 727 quanquam
922 681 1084 725 Evange
1111 690 1114 710 ,
1141 674 1318 700 creaturae
1334 666 1442 699 ullius
1461 667 1639 724 praesidio
1663 665 1882 706 confirmari3
1911 665 1999 698 sicut
2026 671 2129 698 testa-

1111 729 1114 759 1
1140 724 1198 751 tur
1219 715 1356 751 Esaias:
1396 716 1521 750 Gloria
1544 718 1658 751 carnis
1681 717 1779 762 quasi
1796 692 1907 760 gloria
1924 716 2029 749 foeni.
2083 715 2129 748 At

94 736 182 768 lium
208 740 488 780 persequuntur,
522 733 633 766 videri
656 733 798 774 volunt,
833 744 869 765 se
895 733 986 766 tueri
1008 733 1086 776 glo—
1111 762 1114 792 '

95 787 182 820 riam
213 784 290 819 Dei·
352 784 390 818 Si
414 795 519 828 opera
550 796 623 817 non
648 784 826 822 fecissem,
866 783 886 817 i·
906 795 934 816 Ε.
957 783 986 816 si
1013 795 1085 815 non
1111 793 1113 823 3
1140 768 1285 801 verbum
1312 767 1381 801 Dei
1408 768 1478 801 vita
1504 775 1570 808 est,
1600 768 1751 813 ideoque
1776 767 1927 800 vivificat
1949 766 2130 800 conscien-

94 837 294 871 testificatus
332 835 475 868 fuissem
514 846 626 867 meam
667 835 863 867 doctrinam
894 833 1082 867 miraculis.
1111 838 1112 841 ’
1139 824 1215 852 ¹¹³⁵·
1268 817 1348 851 Huc
1363 825 1539 861 Perunenl
1555 831 1611 861 ‘³³’
1641 831 1729 864 quae
1755 816 1821 852 ¹¹0⁰
1843 819 1920 851 ¹0⁰0
1945 818 2129 851 dmunlffl'*

93 887 195 921 Nunc
216 893 332 920 autem
359 886 525 919 viderunt
571 886 592 920 i·
611 897 639 920 e·
666 885 817 919 convicti
843 890 944 924 sunt,
973 890 1006 917 et
1032 891 1085 918 ta—
1110 877 1112 917 J
1139 867 1391 901 Haeclocutus
1408 880 1485 901 sum
1502 869 1614 908 vobis,
1638 882 1681 901 ne
1698 868 1996 902 scandalizemini.
2027 868 2129 901 Item:

537 913 545 925 ’
1139 918 1226 952 sum
1252 919 1388 952 venerit
1414 916 1518 959 hora,
1553 931 1725 952 memores
1752 920 1845 958 sitis,
1874 919 1956 963 quia
1981 919 2129 951 dixerim

93 950 174 971 rnen
193 950 265 971 non
285 937 444 971 credunt.
1109 930 1113 978 l
1214 970 1221 976 ,
1523 970 1530 976 ,

1110 985 1112 1005 ι
1140 971 1250 1003 vobis.
1304 968 1403 1002 Adeo
1426 981 1488 1002 nec
1505 981 1600 1013 signa
1627 982 1690 1003 nec
1714 981 1845 1002 novum
1876 970 2021 1003 verbum
2046 981 2130 1013 pro-

318 1019 371 1054 Et
400 1018 552 1054 oderunt
581 1032 634 1053 me
661 1024 691 1053 el
716 1025 870 1067 patrem.
1109 1024 1112 1042 ¹
1140 1020 1247 1054 mittit
1269 1018 1450 1057 Christus,
1489 1022 1547 1053 sed
1574 1020 1691 1060 iubet,
1717 1020 1792 1053 eius
1818 1020 1917 1053 verbi
1942 1020 2131 1059 recordari,

197 1088 412 1134 Quanquam
430 1089 541 1122 velint
560 1088 670 1121 videri
688 1088 779 1122 tueri
797 1088 945 1131 gloriam
963 1087 1084 1131 patris,
1110 1073 1113 1115 l
1140 1072 1235 1117 q¹¹⁰d
1254 1071 1323 1105 iam
1345 1071 1525 1115 promtum
1545 1078 1606 1106 ‘³⁵¹'

93 1153 172 1174 cum
197 1141 430 1173 adversantur
447 1138 659 1182 Evangelio,
688 1139 808 1172 ferunt
826 1151 904 1172 suas
919 1139 1085 1177 iusticias,
1110 1142 1112 1169 ὲ

91 1203 189 1225 suam
206 1191 414 1235 sapientiam
431 1197 593 1229 tuentur,
623 1201 695 1222 non
713 1190 861 1232 gloriam
878 1189 954 1223 Dei.
991 1188 1084 1231 Quia
1110 1194 1112 1199 '

91 1240 254 1276 Christus
272 1242 368 1275 solus
384 1241 564 1285 praedicat
587 1241 735 1284 gloriam
755 1241 863 1284 patris
876 1267 885 1281 ,
913 1241 1084 1284 docetque
1110 1235 1112 1241 ¹
1139 1241 1269 1274 scilicet
1289 1241 1331 1274 de
1348 1248 1470 1281 morte,
1493 1242 1536 1274 de
1554 1234 1858 1284 persecutionibus
1876 1240 2008 1281 vestris,
2036 1241 2131 1281 item,

94 1300 230 1327 nostras
265 1292 421 1326 iusticias
447 1298 626 1335 peccatum
652 1302 742 1330 esse,
784 1297 968 1335 propterea
989 1291 1083 1335 quod
1110 1285 1112 1295 ³
1139 1293 1234 1337 quod
1266 1303 1328 1334 ego
1356 1289 1450 1325 haud
1481 1292 1589 1325 dubie
1627 1299 1767 1336 accepto
1806 1303 1914 1335 regno
1946 1291 2133 1325 adfuturus

91 1356 151 1377 cor
176 1350 273 1377 vacet
299 1343 424 1376 fiducia
450 1353 528 1385 erga
553 1341 666 1375 Deum
694 1348 727 1374 et
753 1349 848 1374 metu
874 1340 958 1381 Dei;
988 1341 1082 1384 quod
1110 1338 1113 1349 ’
1139 1354 1215 1374 sum
1257 1342 1370 1376 vobis.
1436 1341 1483 1375 Ut
1514 1354 1586 1375 non
1611 1343 1918 1383 scandalizemini,
1957 1343 1977 1375 i.
2003 1355 2031 1378 e.
2065 1339 2132 1375 hoc

91 1395 174 1439 quia
195 1406 265 1427 non
284 1393 392 1426 cernit
414 1390 608 1437 hypocrisis
628 1390 802 1432 humana,
835 1402 916 1433 ergo
941 1392 1083 1424 damnat
1110 1393 1113 1426 Ϊ
1139 1392 1247 1425 verbo
1265 1392 1461 1424 confirmati
1478 1393 1611 1425 duretis
1636 1393 1674 1425 in
1700 1404 1801 1425 cruce
1819 1400 1854 1426 et
1869 1394 2034 1426 adversus
2053 1404 2132 1436 per—

90 1444 335 1487 Evangelium.
389 1443 534 1483 Sermo,
562 1443 622 1488 qui
643 1442 679 1475 in
700 1442 773 1485 lege
793 1454 926 1479 eorum,
951 1441 1084 1474 scilicet
1110 1436 1112 1472 ¹:
1140 1442 1346 1476 secutiones.
1406 1440 1551 1487 Absque
1583 1442 1768 1488 synagogis
1792 1442 1921 1476 facient
1948 1454 2029 1481 vos,
2067 1443 2087 1475 i.
2105 1454 2133 1477 e.

181 402 294 440 IVunc
318 408 438 438 autem
465 403 735 437 excusationem
759 414 833 436 non
857 400 1005 438 habent.
1113 359 1116 463 ἓ

1378 1163 1479 1198 Haec
1506 1162 1650 1198 locutus
1669 1176 1751 1198 sum
1778 1163 1888 1205 cobis,

92 1496 297 1529 testificante
317 1500 437 1526 contra
459 1505 530 1526 eos,
1109 1496 1113 1531 1
1139 1493 1362 1541 proscribent
1381 1505 1442 1526 vos
1461 1501 1494 1527 et
1511 1493 1877 1527 excommunicabunt.

297 1573 399 1611 Odio
427 1588 481 1610 me
511 1573 721 1609 habuerunt
748 1575 881 1621 gratis,
1110 1563 1113 1621 Ξ
1176 1575 1231 1609 Et
1261 1576 1353 1610 «enit
1381 1573 1495 1618 hora,
1531 1581 1569 1611 ul
1597 1577 1716 1611 omnis
1744 1577 1810 1625 qui
1833 1574 2001 1622 interficit
2028 1581 2088 1613 etc.

195 1645 317 1680 Gratis
348 1646 573 1678 referendum
602 1651 678 1678 est
682 1645 714 1676 a]
742 1644 932 1684 miracula,
976 1652 1014 1679 ut
1037 1646 1085 1678 sic
1112 1668 1113 1681 ,
1242 1643 1319 1678 Hoc
1351 1645 1555 1678 scandalum
1586 1657 1762 1679 summum
1792 1653 1860 1687 est,
1907 1647 2002 1692 quod
2026 1645 2133 1679 totius

91 1698 284 1740 intelligat:
327 1695 417 1729 Cum
447 1703 497 1730 tot
528 1695 708 1728 miraculis
741 1695 942 1728 testificatus
971 1696 1016 1729 sit
1042 1698 1085 1729 de
1111 1700 1114 1742 Ι
1141 1696 1266 1729 mundi
1286 1695 1418 1728 iudicio
1436 1694 1612 1730 habentur
1627 1694 1823 1730 Christiani
1841 1709 1919 1731 cum
1937 1708 1999 1740 pro
2019 1696 2134 1738 fatuis,

92 1750 200 1783 verbo
219 1746 402 1787 Christus,
428 1754 545 1780 tamen
561 1745 592 1790 6)
609 1746 658 1779 sic
676 1745 932 1785 induruerunt,
961 1753 1084 1780 utnon
1111 1767 1114 1816 4
1140 1754 1214 1781 tum
1231 1759 1292 1790 pro
1312 1747 1439 1791 impiis.
1491 1746 1590 1781 Sicut
1613 1759 1748 1781 summa
1766 1748 1878 1791 gloria
1894 1754 1945 1781 est
1962 1746 2131 1791 sapientia

93 1800 228 1844 possint
258 1810 330 1831 non
366 1798 547 1843 persequi,
597 1808 799 1841 quanquam
829 1808 902 1829 non
935 1795 1086 1831 habeant
1140 1804 1173 1831 et
1205 1797 1360 1838 iusticia,
1404 1798 1448 1831 ita
1475 1797 1691 1841 ignominiae
1713 1800 1842 1842 gradus
1866 1796 1924 1831 hic
1948 1810 2132 1842 supremus

92 1862 207 1895 neque
249 1849 396 1882 verbum
430 1861 544 1894 neque
574 1848 797 1881 autoritatem
831 1847 988 1881 divinam
1024 1861 1086 1882 cur
1140 1855 1209 1889 est,
1238 1849 1404 1892 derogare
1422 1849 1630 1892 sapientiam
1655 1856 1687 1882 et
1712 1850 1899 1885 iusticiam.
1953 1847 2132 1882 Pharisaei

92 1907 363 1946 persequantur.
1140 1900 1188 1933 sic
1210 1899 1381 1932 sentiunt:
1423 1899 1551 1943 Legem
1574 1900 1672 1933 Deus
1701 1901 1892 1944 praecepit,
1936 1911 2015 1943 ergo
2047 1899 2131 1942 legis

1140 1962 1246 1994 opera
1265 1950 1464 1983 iustificam.
1516 1948 1679 1983 Christus
1700 1963 1783 1984 vero
1810 1957 1931 1994 negat,
1958 1957 2031 1983 tum
2057 1950 2131 1982 fieri

1140 2001 1270 2043 legem,
1299 2007 1372 2033 tum
1397 2011 1502 2044 opera
1527 2000 1730 2034 iustificare:
1764 2002 1861 2047 quod
1884 2013 1963 2035 cum
1987 2012 2059 2033 non
2077 2001 2133 2033 in-

1140 2051 1322 2093 telligunt,
1350 2051 1540 2091 damnant,
1573 2052 1810 2097 videnturque
1837 2052 1905 2085 sibi
1930 2051 2040 2095 legem
2065 2049 2129 2083 Dei

263 1979 358 2017 Cum
386 1988 507 2016 aulem
537 1983 669 2017 ceneri!
693 1981 919 2030 paracletus,

92 2052 241 2092 scilicet,
282 2051 344 2084 ubi
377 2061 438 2093 ego
463 2062 523 2094 per
555 2051 847 2084 resurrectionem
872 2051 1086 2094 glorificatus

92 2105 206 2138 fuero.
261 2100 375 2144 Quem
395 2112 456 2144 ego
480 2101 635 2141 mittam;
664 2111 746 2143 ego,
774 2101 904 2135 scilicet
922 2101 991 2134 iam
1010 2102 1086 2144 glo-
1140 2102 1241 2136 tueri.
1302 2100 1436 2135 Gentes
1472 2102 1622 2146 probant
1642 2100 1671 2147 ¹)
1697 2115 1811 2136 mores
1837 2109 1869 2136 et
1894 2109 2027 2136 veteres
2052 2101 2131 2145 opi-

92 2154 259 2188 rificatus.
312 2151 486 2195 Spiritum
511 2151 688 2189 veritatis,
715 2151 738 2185 i.
756 2163 785 2186 e.
801 2152 859 2196 qui
879 2164 1015 2185 veraces
1035 2153 1086 2186 fa-
1139 2153 1264 2186 niones
1281 2159 1458 2197 receptas,
1486 2160 1606 2186 contra
1632 2165 1718 2197 quas
1742 2153 1771 2186 si
1799 2154 1883 2198 quid
1907 2154 2021 2186 tradat
2044 2152 2129 2198 quid

92 2205 149 2240 cit.
203 2203 268 2237 llle
292 2202 534 2237 testimonium
562 2199 782 2250 perhibebit,
817 2202 892 2238 scil.
907 2203 944 2235 in
963 2203 1085 2247 singu·
1140 2204 1251 2248 piam,
1289 2202 1383 2236 hunc
1400 2203 1432 2249 ²)
1455 2203 1609 2237 insanire
1640 2204 1808 2239 iudicant.
1866 2203 1984 2237 Habes
2010 2215 2130 2236 exem-

92 2256 208 2289 lorum
224 2253 412 2293 cordibus,
439 2253 500 2299 qui
523 2253 650 2287 arrabo
673 2260 706 2286 et
732 2253 858 2296 pignus
873 2253 1022 2297 gratiae,
1047 2261 1086 2288 ut
1110 2279 1113 2300 ἦ
1140 2255 1236 2299 plum
1255 2252 1378 2288 Amos.
1389 2253 1488 2289 VIL:
1517 2253 1596 2287 Non
1613 2260 1750 2298 poterat
1766 2255 1930 2288 universa
1947 2261 2037 2288 terra
2054 2265 2129 2287 sus-

92 2305 287 2350 Apostolus
304 2304 432 2349 inquit.
1138 2306 1250 2339 tinere
1270 2316 1447 2338 sermones
1465 2311 1528 2338 etc.
1581 2302 1833 2348 Arbitrantur,
1860 2317 1896 2339 se
1919 2305 2128 2350 obsequium

588 2389 593 2395 ,
690 2386 696 2394 ,
1139 2363 1332 2400 praestare,
1360 2355 1492 2388 scilicet
1508 2355 1589 2400 quia
1608 2355 1717 2399 legem
1727 2354 1792 2389 Dei
1809 2367 1844 2389 se
1863 2355 1952 2389 tueri
1971 2355 2130 2388 iudicant

336 2387 390 2422 Et
420 2401 481 2423 ⁹⁰⁵
509 2393 756 2422 usnmonmm
784 2392 846 2424 εἰς·
1138 2405 1332 2442 Pharisaei.
1385 2405 1466 2439 Non
1491 2405 1585 2438 enim
1610 2406 1750 2447 vident,
1777 2419 1866 2451 quae
1891 2407 1934 2440 sit
1961 2406 2012 2439 vis
2035 2406 2129 2449 legis.

195 2454 254 2490 Ab
278 2456 382 2491 initio
398 2469 535 2491 mecum
553 2456 652 2495 estis,
679 2455 701 2489 i.
718 2467 747 2491 e.
772 2455 840 2489 iam
858 2457 1004 2492 audistis
1019 2457 1084 2491 do·
1108 2473 1112 2486 =
1137 2455 1350 2501 Exemplum
1378 2463 1428 2489 est
1452 2457 1489 2489 in
1516 2454 1633 2497 Actis,
1673 2457 1733 2491 ubi
1761 2455 1981 2501 Stephanum
2007 2464 2128 2491 contra

92 2507 262 2547 ctrinam,
289 2513 328 2541 ut
346 2508 486 2551 possitis
505 2505 670 2541 exhibere
686 2507 930 2542 testimonium
949 2508 992 2542 de
1007 2520 1084 2542 mea
1138 2508 1268 2552 legem,
1305 2513 1427 2540 contra
1452 2507 1641 2549 templum,
1676 2515 1797 2542 contra
1828 2507 1998 2553 populum
2030 2519 2130 2552 prae-

92 2557 265 2592 doctrina.
320 2556 454 2604 Estque
479 2556 538 2593 hic
567 2558 716 2603 insignis
739 2557 836 2592 locus
861 2571 924 2604 pro
949 2559 1083 2593 autori·
1107 2592 1110 2634 i
1137 2559 1255 2593 dicare
1274 2557 1450 2592 dicebant.
1502 2555 1549 2592 Et
1565 2555 1648 2592 haec
1666 2558 1796 2593 sacient
1813 2559 1930 2601 vobis,
1956 2558 2038 2604 quia
2057 2571 2129 2592 non

127 2694 158 2722 6)
178 2693 242 2718 Tul).
263 2693 394 2723 Christi,
412 2693 482 2718 tum.
1106 2664 1110 2722 l
1173 2692 1200 2721 ¹)
1221 2693 1317 2716 secer.
1335 2691 1467 2721 probent.
1580 2691 1611 2720 2)
1631 2692 1725 2716 secer.
1743 2693 1819 2717 tunc.
