2409 2915
85 63 186 119 *1181
372 81 454 118 xil.

92 167 266 208 traditur,
301 167 384 213 quia
407 180 481 201 non
507 174 558 202 est
582 166 819 200 ministerium
849 167 989 208 literae,
1024 168 1085 201 sed

90 226 140 253 est
158 219 366 262 simpliciter
381 218 535 263 acceptio
554 216 709 260 Spiritus
732 217 854 252 sancti.
908 218 1084 259 Secundo,

91 281 173 313 ergo
197 281 271 302 non
303 276 415 314 potest
438 268 606 311 intelligi,
647 270 742 314 quod
767 268 920 312 Spiritus
945 276 1084 303 sanctus

90 333 221 355 novam
238 321 392 365 aliquam
409 319 607 353 doctrinam
632 319 803 360 sanxerit,
830 332 918 364 quae
941 332 1014 353 non
1039 320 1084 354 sit

89 371 230 415 prodita
279 370 472 415 scripturiS.
544 369 685 411 Tertio,
734 371 886 415 ideoque
921 368 1083 405 Christus

55 442 58 443 ν
91 419 222 456 Matth.
248 422 375 455 ultimo
398 421 499 454 dicit:
537 419 686 461 Docete,
722 432 812 466 quae
834 432 897 464 ego
920 421 1082 466 praecepi

89 473 206 506 vobis.
258 471 389 512 Porro,
417 472 445 504 si
464 472 658 505 necessaria
678 479 771 516 esset¹
789 472 908 517 aliqua
927 473 996 506 alia
1016 473 1082 506 do-

89 523 223 564 ctrina,
250 522 407 567 oportuit
425 529 457 555 et
474 522 548 555 eius
565 523 640 556 fieri
659 523 886 556 mentionem.
930 522 1080 566 Quarto,

88 575 183 620 quod
204 581 252 607 est
270 574 378 617 igitur
397 573 552 607 officium
569 574 712 617 spiritus
729 573 865 608 sancti?
916 572 1080 619 Respon-

89 626 174 658 deo:
202 624 373 668 Accipere
390 624 553 668 spiritum
570 630 746 664 sanctum,
773 632 822 658 est
839 625 986 658 inscribi
1002 637 1081 659 cor-

86 676 191 709 dibus
230 675 341 718 legem
373 675 457 714 Dei,
491 674 690 708 Hieremiae
720 675 850 709 XXXI.
909 675 987 709 Hoc
1017 683 1081 717 est,

86 727 182 771 quod
203 723 261 759 hic
285 727 402 772 inquit
418 724 596 760 Christus:
636 726 698 759 llle
714 738 775 760 vos
793 728 931 761 docebit
948 727 1080 764 omnia,

85 777 160 811 scil.
187 789 246 818 eo,
287 778 383 822 quod
413 777 559 810 auribus
592 778 706 810 carnis
740 778 886 811 verbum
911 778 977 812 Dei
1006 790 1080 811 non

86 833 199 871 potest
241 828 377 868 audiri,
429 828 488 860 ille
503 855 512 867 ,
549 831 765 871 'regenerans
805 840 884 868 vos,
928 828 1080 866 docebit,

85 879 169 923 quia
192 878 389 922 spiritualia
415 878 646 922 spiritualiter
671 879 876 923 capiuntur,
903 886 940 912 ut
963 880 993 914 1.
1010 877 1080 912 Co-

84 927 195 963 rinth.
221 928 265 964 ll.

193 1009 324 1047 Pacem
350 1011 518 1061 relinquo
546 1011 667 1054 vobis,
690 1024 815 1058 pacem
840 1025 969 1053 meam,

83 1081 120 1114 id
139 1088 209 1120 est,
238 1082 344 1115 vitam
372 1088 404 1115 et
424 1081 594 1125 gaudium
612 1080 765 1126 Spiritus
788 1082 910 1115 sancti.
962 1079 1026 1114 Est
1047 1088 1081 1115 et

84 1129 170 1165 haec
187 1130 375 1176 Evangelii
392 1144 538 1166 summa.
574 1132 645 1165 Lex
666 1133 753 1165 iram
772 1133 966 1176 praedicat,
996 1133 1079 1177 quia

84 1190 265 1227 peccatum
285 1183 417 1217 revelat
435 1189 467 1216 et
486 1183 628 1217 iudicat.
666 1182 777 1228 quue
794 1183 966 1216 iudicium
985 1195 1079 1216 mors

84 1240 152 1273 est,
181 1241 220 1267 ut
235 1241 378 1278 apparet
398 1235 430 1268 1.
446 1232 608 1268 Corinth.
628 1234 707 1269 XV.
761 1232 998 1277 Evangelium
1017 1246 1079 1278 pa-

83 1296 157 1318 cem
180 1286 376 1328 praedicat‚
411 1285 432 1318 i.
451 1297 479 1318 e.
505 1285 612 1319 vitam
642 1292 675 1319 et
700 1285 879 1328 gaudium.
941 1285 1010 1318 Sed
1040 1296 1078 1318 ea

83 1336 154 1369 vita
167 1363 176 1377 ‚
204 1336 239 1369 id
256 1337 424 1379 gaudium
445 1337 561 1380 quoad
577 1337 680 1369 durat
696 1342 850 1368 vetustas
868 1336 1000 1375 carnis,
1027 1342 1080 1368 te-

84 1393 177 1419 ctum
196 1393 248 1420 est
263 1399 375 1420 cruce.
428 1385 506 1419 Hoc
521 1393 570 1419 est
588 1387 682 1430 quod
708 1386 771 1418 ait:
804 1384 924 1418 Meam
944 1397 1079 1429 pacem,

81 1437 104 1472 i.
122 1449 153 1471 e.
172 1437 300 1478 vitam,
325 1448 430 1481 quam
454 1448 516 1480 ego
531 1437 632 1476 vivo,
659 1436 826 1480 gaudium
851 1437 947 1481 quod
974 1436 1078 1481 spiri-

80 1494 137 1521 tus
153 1499 253 1521 meus
269 1487 382 1532 parit,
408 1488 468 1520 sed
488 1488 527 1520 in
544 1487 670 1520 mediis
688 1487 954 1520 afflictionibus,

303 1567 393 1606 Non
419 1569 582 1603 turbetur
607 1581 667 1603 cor
692 1574 859 1606 vestrum.

186 1639 269 1673 Ideo
302 1651 376 1672 non
409 1639 603 1672 turbemini
632 1640 724 1683 quod
751 1650 813 1681 ego
841 1637 930 1670 dixi:
977 1636 1076 1670 Vado

83 1699 118 1725 et
137 1691 240 1724 venio
266 1691 309 1723 ad
327 1701 406 1729 vos,
438 1690 520 1735 quia
543 1700 605 1732 ego
627 1691 714 1722 abeo
741 1700 887 1731 regnum
913 1695 1077 1732 acceptu-

82 1753 155 1776 rus.
217 1741 309 1784 Quia
343 1741 436 1774 enim
461 1738 625 1774 Christus
652 1746 794 1783 regnat,
837 1741 998 1783 superior
1027 1745 1077 1773 est

84 1792 252 1827 omnibus
271 1792 455 1832 creaturis3
485 1792 576 1825 vitae
597 1798 629 1824 et
649 1791 773 1825 mortis
790 1788 854 1836 ¹²),
887 1797 926 1823 ut
952 1802 1076 1823 nocere

83 1844 184 1877 nulla
202 1849 361 1876 creatura
386 1843 494 1887 possit
518 1842 657 1886 corpori
677 1840 821 1875 Christi.
874 1840 980 1876 Rom.
998 1840 1075 1876 Vll.

186 1926 232 1961 Si
257 1925 459 1973 diligeretis
483 1939 555 1969 me,
591 1924 803 1973 gauderetis
827 1925 960 1974 utique.

188 1995 288 2029 Sicut
322 2007 426 2039 supra
458 1995 601 2029 Petrum
623 1993 788 2029 Christus
810 1995 943 2038 arguit,
980 1994 1074 2039 quod

85 2047 196 2081 nollet
212 2046 398 2079 admittere
419 2046 587 2084 loturum,
610 2047 656 2079 ita
673 2044 731 2079 hic
747 2046 880 2079 cultum
900 2045 1074 2078 carnalem

85 2099 243 2132 damnat.
296 2094 458 2129 Carnalis
475 2097 589 2130 cultus
606 2094 664 2130 hic
681 2104 749 2137 est,
773 2108 851 2129 cum
869 2107 949 2129 caro
971 2093 1076 2128 habet

84 2147 258 2183 honorem
276 2145 417 2181 Christo
435 2148 636 2181 carnalibus
662 2148 786 2180 officiis
804 2154 836 2180 et
854 2146 1075 2189 cogitationi-

83 2201 172 2243 hus,
214 2199 426 2241 imaginatur
457 2211 536 2232 eum
572 2210 644 2231 esse
674 2204 854 2236 sanctum,
891 2203 1074 2241 propterea

83 2249 179 2284 nihil
205 2250 322 2282 minus
348 2250 537 2283 convenire
561 2250 615 2292 ei,
649 2262 753 2294 quarn
779 2256 817 2282 ut
839 2249 1074 2293 crucifigatur.

83 2301 192 2339 Item,
229 2301 326 2344 cupit
358 2312 437 2333 caro
470 2301 611 2342 audire,
647 2299 829 2334 Christum
857 2300 1071 2333 sanctificare

86 2353 162 2386 sine
199 2351 488 2391 mortificatione,
537 2363 615 2384 cum
649 2352 734 2385 citra
770 2350 1074 2383 mortificationem

85 2401 248 2436 Christus
284 2403 447 2445 cognosci
488 2415 560 2435 non
595 2403 717 2447 possit.
784 2401 841 2435 Sic
877 2401 1075 2433 sentiebant

85 2452 271 2497 Apostoli,
300 2454 467 2487 dolebant
484 2466 556 2486 rem
582 2454 765 2496 indignam
791 2453 946 2484 accidere
968 2449 1075 2483 Chri-

84 2511 156 2544 sto,
192 2503 359 2536 dolebant
384 2516 418 2538 se
445 2505 566 2538 divelli
592 2517 610 2537 a
630 2503 792 2543 Christo,
824 2515 902 2536 cnm
924 2502 971 2534 sic
996 2512 1075 2533 sen-

82 2555 151 2590 tire
176 2554 400 2593 debuissent,
433 2557 603 2599 gaudere,
636 2556 730 2601 quod
756 2567 817 2598 per
841 2559 988 2586 mortem
1014 2553 1075 2586 de-

121 2674 169 2704 1³)
189 2672 332 2699 Excidisse
352 2671 474 2697 videtur:
499 2673 639 2698 dominus.

509 79 904 118 ANNOTATIONES
930 81 996 117 ET
1023 80 1305 119 CONCIONES
1332 82 1386 118 IN
1412 81 1594 119 EVANG.
1623 81 1838 121 IOANNIS.

2021 87 2119 123 1182

1137 168 1285 202 clararet
1300 176 1400 213 pater
1415 169 1563 213 gloriam
1582 182 1698 211 suam,
1724 170 1964 215 auspicaretur
1980 183 2127 215 regnum

1136 217 1321 262 Christus,
1358 232 1462 266 quem
1496 227 1572 253 tum
1596 221 1738 255 demum
1763 234 1844 255 vere
1866 229 2127 265 cognoscerent,

1137 281 1215 303 curn
1236 278 1410 314 regnaret.
1460 269 1552 304 Caro
1578 273 1870 305 consuetudinem
1892 270 2044 314 Christi,
2071 273 2126 306 iu-

1135 321 1378 355 stificationem
1401 321 1477 354 sine
1501 322 1772 356 mortificatione
1796 323 1983 358 desiderat.
2043 322 2128 368 Spi-

1135 371 1224 404 ritus
1242 373 1363 411 sentit,
1392 384 1465 405 non
1494 385 1593 415 posse
1617 374 1780 417 cognosci
1797 371 2000 417 Christum,
2031 375 2127 419 quod

1134 423 1323 457 carnaliter
1340 423 1583 466 cognoscitur,
1611 425 1771 467 cognosci
1787 431 1901 458 autem
1914 453 1922 465 ‚
1949 437 2028 458 cum
2047 436 2127 458 sen-

1135 473 1241 507 timus
1279 487 1358 508 eum
1399 475 1497 512 intus
1536 476 1776 508 consolantem
1817 483 1849 509 et
1879 474 2126 515 vivificantem,

1134 524 1231 570 quod
1245 536 1318 558 non
1334 525 1391 566 fit,
1422 524 1489 557 nisi
1515 526 1776 559 mortificemur.
1829 525 2019 570 Propterea
2041 538 2126 570 gau-

1135 577 1193 609 det
1208 575 1370 620 spiritus,
1397 573 1578 609 Christum
1597 577 1694 610 abire
1717 577 1760 610 ad
1779 584 1930 621 patrem,
1967 588 2126 620 regnare,

1134 626 1217 672 quia
1242 633 1317 660 turn
1343 628 1485 660 demum
1511 627 1616 661 sentit
1640 628 1714 660 eius
1740 627 1952 671 potentiam,
1979 625 2045 661 hoc
2064 634 2126 668 est,

1134 678 1230 722 quod
1253 678 1346 710 infra
1378 677 1442 711 ait:
1484 675 1636 722 Expedit
1668 679 1788 722 vobis,
1830 685 1869 712 ut
1898 689 1959 721 ego
1987 680 2124 712 vadam.

1133 727 1243 762 Vides
1274 735 1410 770 autem,
1451 741 1556 773 quam
1588 729 1743 762 suaviter
1769 730 1992 762 commendet
2022 729 2125 762 nobis

1133 791 1289 820 crucem,
1316 780 1400 812 dum
1427 791 1462 812 se
1486 779 1565 812 ideo
1591 780 1687 813 abire
1707 792 1745 813 ac
1762 781 1920 813 deserere
1938 791 2001 813 nos
2019 786 2123 813 testa-

1134 836 1212 870 tur,
1239 837 1278 863 ut
1303 841 1382 862 vere
1409 830 1628 873 consoletur,
1656 838 1693 863 ut
1720 843 1800 864 vere
1826 830 1978 863 declaret
2001 842 2037 863 se
2060 842 2125 863 no-

1134 880 1198 914 bis.
1252 879 1359 912 Vides
1376 880 1457 912 item
1469 907 1478 920 ,
1503 892 1611 924 quum
1627 879 1719 913 nihil
1736 882 1779 914 sit
1794 882 1944 914 carnalis
1961 881 2086 915 cultus.
2114 889 2118 891 “

1424 961 1527 1010 Quia
1550 963 1672 997 maior
1696 968 1746 997 est
1770 975 1835 1006 me,

1134 1031 1281 1071 scilicet,
1325 1044 1528 1077 quanquam
1552 1043 1614 1075 ego
1639 1032 1791 1072 morior,
1832 1038 1947 1065 tamen
1971 1032 2031 1065 ille
2053 1031 2124 1066 vita

1134 1089 1194 1116 est.
1248 1082 1341 1115 Mira
1365 1096 1447 1116 vero
1473 1084 1739 1128 consequentia:
1781 1081 1819 1116 Si
1838 1082 2030 1125 diligeretis
2055 1095 2124 1122 me,

1133 1133 1331 1176 gauderetis
1348 1134 1481 1179 utique,
1507 1135 1601 1179 quod
1626 1134 1669 1166 ad
1695 1140 1828 1177 patrem
1852 1134 1951 1166 vado.
2005 1133 2125 1175 Quare

1133 1184 1355 1227 gauderetis?
1396 1185 1478 1230 quia
1506 1191 1603 1228 pater
1625 1185 1738 1217 maior
1764 1196 1819 1216 me
1848 1191 1915 1221 est,
1951 1184 1974 1219 i.
1990 1196 2018 1219 e.
2042 1184 2123 1217 ideo

1133 1235 1343 1278 gauderetis,
1371 1237 1453 1280 quia
1473 1242 1569 1279 pater
1585 1235 1842 1279 glorificaturus
1859 1241 1908 1268 est
1924 1247 1992 1275 me,
2019 1246 2124 1279 quem

1132 1297 1196 1329 ego
1228 1286 1297 1318 iam
1329 1287 1487 1329 glorifico
1519 1287 1629 1320 factus
1663 1287 1716 1319 illi
1750 1286 1918 1319 obediens
1942 1297 2052 1331 usque
2079 1286 2123 1318 ad

1132 1343 1294 1372 mortem.
1347 1336 1425 1370 Hoc
1445 1337 1663 1380 gauderetis,
1691 1339 1786 1382 quod
1808 1343 1905 1380 pater
1926 1336 1970 1370 sit
1988 1336 2123 1380 glorifi-

1132 1392 1274 1419 caturus
1297 1399 1372 1427 me,
1408 1388 1648 1420 declaraturus
1680 1400 1733 1419 me
1757 1388 1857 1420 vobis
1874 1399 1935 1431 per
1950 1386 2124 1430 Spiritum

1132 1443 1312 1477 sanctum,
1354 1444 1429 1471 tum
1458 1439 1601 1471 demum
1625 1437 1840 1480 cognoscetis
1868 1449 1942 1478 me,
1980 1436 2123 1471 interim

1132 1488 1217 1521 dum
1250 1489 1438 1522 carnaliter
1471 1489 1600 1527 nostis,
1642 1490 1803 1521 nondum
1828 1488 1948 1523 nostis.
2016 1486 2124 1530 Quod

1132 1538 1225 1571 enim
1260 1539 1361 1572 dicit:
1401 1537 1505 1572 Pater
1530 1539 1643 1571 maior
1662 1551 1717 1571 me
1743 1545 1814 1582 est,
1842 1550 1914 1571 non
1942 1538 2025 1571 sinit
2044 1549 2124 1572 sen-

1131 1589 1240 1622 tentia
1260 1587 1308 1635 ῃ>
1324 1590 1366 1622 ad
1383 1596 1545 1623 naturam
1562 1590 1703 1628 referri,
1731 1590 1790 1622 sed
1807 1591 1850 1622 ad
1870 1589 2123 1628 conditionem,

1131 1640 1168 1672 id
1191 1646 1260 1681 est,
1294 1653 1495 1685 quanquam
1525 1652 1581 1673 rne
1606 1640 1753 1673 videatis
1784 1640 1939 1683 crucifigi
1971 1647 2003 1674 et
2027 1646 2123 1673 exte-

1130 1691 1231 1723 nuari
1245 1715 1254 1729 ,
1281 1698 1380 1735 pater
1396 1699 1532 1730 tamen,
1554 1692 1615 1736 qui
1635 1692 1862 1735 glorificabit,
1890 1692 1918 1724 is
1934 1691 2046 1724 maior
2062 1696 2124 1726 est.

1412 1773 1467 1809 Et
1492 1787 1587 1810 nunc
1612 1773 1698 1809 dixi
1723 1774 1834 1815 vobis,

1130 1842 1212 1888 quia
1230 1850 1367 1888 oportet
1383 1855 1444 1877 vos
1461 1844 1568 1877 verbo
1587 1851 1740 1877 armatos
1756 1843 1800 1889 ¹⁵)
1815 1855 1897 1878 esse.

1385 1925 1438 1961 Ut
1463 1939 1542 1961 cum
1559 1927 1708 1975 sactum
1728 1926 1870 1976 suet-iffi

1129 1995 1279 2036 scilicet,
1305 2007 1383 2029 cum
1402 2007 1458 2029 me
1475 1996 1627 2030 abeunte
1652 1996 1786 2039 ingruit
1810 1994 1975 2035 tentatio,
2001 2001 2041 2027 ut
2064 2005 2122 2028 su-

1130 2059 1192 2091 pra
1225 2046 1359 2080 dictum
1387 2053 1451 2080 est:
1502 2045 1655 2081 Creditis
1685 2047 1721 2079 in
1746 2045 1880 2086 Deum,
1929 2053 1960 2078 et
1996 2045 2031 2077 in
2067 2056 2121 2078 me

1129 2097 1271 2131 credite.

1264 2177 1375 2214 Venit
1404 2179 1499 2212 enim
1519 2178 1686 2227 princeps
1711 2176 1844 2212 mundi
1864 2176 1988 2219 huius,

1130 2249 1164 2283 id
1193 2256 1262 2289 est,
1296 2249 1403 2282 instat
1428 2247 1513 2281 hora
1543 2248 1727 2291 passionis.
1788 2247 1883 2281 llaec
1906 2255 1956 2281 est
1979 2258 2121 2291 praero-

1130 2301 1247 2344 gativa
1279 2297 1413 2333 Christi
1440 2306 1470 2331 et
1496 2299 1603 2331 totius
1627 2299 1784 2341 corporis
1811 2299 1875 2332 sui.
1944 2297 2032 2331 Caro
2068 2303 2120 2331 est

1130 2353 1294 2384 damnata
1311 2350 1453 2389 mortis,
1480 2356 1511 2382 et
1529 2350 1663 2393 captiva
1682 2355 1731 2381 est
1757 2355 1936 2392 portarum
1962 2348 2118 2380 inferna—

1129 2414 1218 2435 rum.
1272 2402 1320 2434 At
1344 2398 1504 2434 Christus
1520 2401 1615 2433 venit
1628 2425 1636 2437 ,
1664 2407 1701 2432 ut
1719 2401 1873 2432 destruat
1892 2410 2036 2441 regnum
2054 2397 2118 2432 Sa-

1129 2460 1248 2492 tanae,
1285 2452 1375 2484 sicut
1399 2451 1472 2494 ipse
1498 2462 1601 2493 supra
1630 2451 1692 2483 ait:
1736 2449 1838 2482 Nunc
1874 2449 2044 2491 iudicium
2069 2456 2119 2482 est

1129 2503 1274 2543 mundi,
1302 2513 1394 2535 nunc
1422 2501 1583 2545 princeps
1605 2501 1729 2533 mundi
1757 2498 1862 2533 huius
1886 2500 2046 2534 eiicietur
2062 2499 2117 2533 fo-

1128 2566 1196 2590 ras.
1250 2552 1326 2586 Hoc
1341 2553 1502 2597 estquod
1519 2552 1582 2585 ait:
1612 2551 1777 2594 Princeps
1798 2551 1920 2583 mundi
1937 2557 2117 2596 oppugnat

1165 2672 1213 2699 1⁴)
1233 2669 1300 2694 Τιώ-
1319 2669 1500 2694 sententiam.
1607 2669 1654 2697 15)
1673 2669 1770 2693 secer.
1789 2667 1966 2692 armaturas.
