2409 2915
306 87 380 123 295

643 166 759 197 Tereia
783 168 960 207 responsio.

410 239 480 272 Nec
498 239 588 273 valet
615 244 880 282 consequentia,
914 237 1075 282 Apostoli
1104 235 1188 271 haec
1210 238 1296 272 reti-

309 298 482 327 nuerunt,
510 301 592 332 ergo
617 290 695 322 licet
713 288 889 322 Ecclesiae
907 301 997 321 nova
1016 288 1199 322 instituere
1217 297 1294 322 tau-

309 352 412 385 quam
444 341 568 375 cultus.
627 339 793 383 Negauda
827 347 876 373 est
907 339 1176 384 consequentia,
1213 340 1294 384 quia

308 390 469 434 Apostoli
494 403 566 424 non
589 390 838 430 instituerunt,
867 391 925 423 sed
952 389 1174 423 retinuerunt
1199 388 1294 423 huuc

308 442 414 475 ritum
427 466 436 479 ‚
464 448 607 485 propter
625 453 743 474 causas
761 452 846 486 quas
865 440 949 474 dixi.
1002 438 1139 473 Deinde
1158 440 1294 474 etiarnsi

308 493 390 537 quid
411 493 495 524 novi
515 492 767 531 instituissent,
794 504 867 523 non
884 490 1043 535 sequitur
1061 491 1293 525 imitationem

307 555 505 576 concessam
537 554 621 577 esse.
698 542 844 584 Semper
873 539 957 574 haec
991 541 1140 575 imitatio
1174 541 1294 574 nocuit

306 591 497 627 Ecclesiae:
533 593 711 632 Primum,
744 600 859 636 patres
889 593 1054 625 mandato
1088 593 1210 625 divino
1238 592 1290 624 in-

306 645 497 678 stituerunt
529 650 640 676 certos
672 643 759 676 ritus
786 651 817 676 et
849 643 1035 682 sacrificia,
1071 649 1186 686 postea
1211 642 1294 675 imi-

306 695 391 727 tatio
417 707 456 727 ex
478 695 562 727 falsa
579 694 822 736 persuasione,
850 693 1056 735 excogitavit
1075 694 1168 726 varia
1188 693 1293 726 sacri—

306 745 401 785 ficia,
437 745 541 778 etiam
568 742 753 777 homiuum
779 744 1017 778 mactationes,
1071 744 1123 777 Ac
1149 744 1294 776 minime

307 796 396 828 valet
415 796 674 840 consequentia.
728 795 889 839 Apostoli
909 795 1134 828 retinuerunt
1153 801 1295 838 propter

304 847 548 890 disciplinam,
583 853 642 879 aut
670 846 893 885 scandalum,
928 857 1009 888 ergo
1043 846 1123 878 licet
1151 845 1294 885 imitari,

305 904 365 930 aut
382 897 511 939 fingere
530 909 640 929 uox-os
657 897 780 929 cultus.
834 895 956 940 Neque
975 893 1058 929 haec
1075 907 1294 941 consequeu-

306 949 352 981 tia
385 948 493 987 valet,
536 946 697 990 Apostoli
734 949 903 991 quosdam
937 946 1025 979 ritus
1056 946 1294 988 tradiderunt,

304 1010 385 1041 ergo
411 999 489 1031 licet
510 999 652 1030 caeteris
672 996 854 1040 Episcopis
869 1008 979 1029 novos
997 996 1083 1029 ritus
1102 997 1295 1032 instituere.

304 1049 398 1092 Quia
429 1048 619 1091 apostolica
654 1048 787 1080 vocatio
821 1048 922 1089 longe
952 1054 1093 1090 superat
1115 1047 1296 1091 episcopa-

304 1101 384 1135 lem.
439 1099 621 1142 Apostolis
647 1099 798 1140 primum
823 1097 968 1131 tradidit
986 1110 1118 1130 novum
1137 1097 1297 1132 ministe-

304 1151 415 1191 rium,
443 1157 473 1183 et
496 1162 556 1193 per
571 1160 628 1182 eus
646 1149 799 1182 instituit
817 1148 951 1193 aliquid
969 1149 1072 1189 novi,
1098 1146 1297 1193 Episcopus

304 1214 386 1234 vero
410 1209 459 1234 est
483 1200 644 1239 auditor,
679 1207 709 1232 et
735 1199 860 1242 accipit
884 1199 1049 1239 verbum,
1084 1207 1118 1233 et
1141 1200 1230 1233 ritus
1252 1200 1296 1233 ab

302 1252 497 1296 Apostolis,
523 1264 599 1284 cum
620 1257 713 1284 certo
731 1251 897 1284 mandato
915 1257 953 1284 ut
970 1247 1139 1283 haecnon
1154 1257 1297 1291 mutata,

302 1303 417 1336 tradat
438 1302 626 1335 Ecclesiae.

551 1432 769 1473 Dominica
812 1432 1045 1473 Trinitatis.

558 1513 794 1558 Evangelium
819 1513 987 1549 Iohannis
1003 1516 1039 1550 3,

356 1591 453 1624 Erat
479 1594 600 1622 autem
625 1587 735 1623 homo
759 1601 804 1623 ex
828 1586 1049 1622 Pharisaeis
1073 1586 1297 1623 lVicodemus

406 1640 565 1679 nominc,
599 1638 768 1686 princeps
801 1637 1039 1673 Iudaeorum.
1099 1639 1172 1671 Hic
1204 1639 1296 1672 venit

405 1690 588 1725 udlesum
605 1694 722 1729 nocte,
751 1693 780 1722 et
797 1687 895 1722 dixit
912 1688 958 1721 ei:
984 1686 1134 1727 Rabbi,
1161 1687 1296 1721 scimus

405 1741 505 1791 quod
526 1755 548 1775 a
566 1741 649 1775 Deo
676 1739 812 1773 veneris
835 1739 1031 1785 magister,
1059 1736 1178 1774 lVemo
1203 1739 1296 1772 enim

403 1799 518 1840 polest
541 1791 628 1826 haec
648 1792 759 1837 signa
770 1791 897 1840 facere
915 1802 1008 1837 quae
1025 1789 1195 1837 tusaeis,
1223 1789 1300 1823 nisi

399 1844 518 1892 suerit
545 1843 650 1877 Deus
683 1854 761 1875 cum
786 1855 835 1877 eo.
901 1839 1109 1888 Respondit
1135 1839 1241 1874 Iesus
1267 1845 1297 1874 et

406 1894 505 1929 dixit
538 1894 586 1927 ei:
623 1891 736 1925 Amen
763 1904 869 1925 amen
894 1890 975 1925 dico
999 1891 1084 1929 tihi,
1119 1891 1196 1924 nisi
1215 1892 1297 1938 quis
1320 1919 1321 1924 ,

409 1951 519 1979 nutus
543 1944 663 1992 suerit
693 1941 827 1983 denuo,
863 1955 936 1976 non
959 1946 1074 1989 potest
1103 1939 1219 1974 ridere
1245 1954 1297 1975 re-

406 2009 520 2043 gnum
560 1994 648 2028 Dei.
709 1992 814 2027 Dicit
855 1991 909 2026 ad
945 2005 1022 2026 eum
1054 1990 1297 2027 Nicodemus:

408 2044 602 2095 Quomodo
630 2049 744 2088 polest
771 2042 879 2077 homo
907 2043 1031 2081 nasci,
1067 2056 1145 2077 cum
1169 2043 1216 2076 sil
1242 2055 1298 2076 se-

409 2103 505 2132 nex?
559 2094 746 2143 Nunquid
774 2099 889 2142 potest
919 2094 957 2127 in
985 2099 1137 2127 ventrem
1164 2093 1298 2127 matris

409 2162 496 2183 suae
516 2149 647 2183 iterato
667 2147 834 2186 introire,
863 2151 892 2179 et
910 2145 1040 2178 nascif’
1090 2143 1298 2192 Respondit

411 2200 534 2234 lesus:
564 2197 676 2232 Amen
695 2210 800 2231 (tinen
818 2195 897 2230 dico
915 2196 999 2235 tibi,
1025 2194 1116 2230 Nisi
1131 2196 1213 2243 quis
1230 2208 1298 2229 na-

410 2257 467 2285 tus
494 2251 613 2300 suerit
647 2261 692 2282 n·
716 2261 816 2296 aqua
841 2253 870 2282 et
892 2247 1055 2295 Spiritu,
1090 2259 1161 2281 non
1184 2252 1298 2293 potest

412 2302 561 2335 introire
587 2303 624 2334 in
650 2313 799 2346 regnum
823 2298 910 2335 J)c1'.
962 2297 1075 2345 Quod
1095 2304 1223 2331 natum
1249 2304 1298 2332 es!

411 2367 455 2387 er
480 2365 604 2388 carne.
633 2365 718 2384 mro
740 2356 807 2391 nst,
836 2349 887 2383 E!
912 2347 1013 2397 quod
1034 2354 1162 2382 natum
1185 2354 1234 2383 est
1254 2362 1298 2383 ent·

411 2405 573 2448 Spiritu,
611 2402 773 2448 Spiritus
800 2406 861 2436 est.
899 2399 986 2436 Non
1011 2400 1172 2439 mireris,
1201 2399 1302 2447 quod

412 2456 496 2490 ‘lma'
527 2455 612 2493 tibi,
652 2451 752 2500 quod
781 2457 914 2499 oportet
946 2465 1005 2486 «os
1037 2451 1142 2485 nasci
1171 2450 1323 2485 denuo.¹

411 2507 573 2554 Spiritus
608 2505 672 2538 uhi
705 2502 799 2541 tull,
835 2505 972 2549 spirat.
1014 2507 1043 2535 et
1076 2515 1188 2536 sorem
1223 2503 1297 2536 rius

412 2557 540 2598 nudis,
582 2555 647 2590 sed
675 2555 788 2588 nesris
824 2553 917 2588 umle
949 2554 1087 2595 teniat,
1131 2559 1196 2587 aut
1227 2567 1323 2604 quo¹

583 2608 643 2641 Sic
660 2612 708 2640 cst
727 2605 843 2639 omnis
855 2634 862 2646 ,
888 2606 953 2652 qui
967 2610 1077 2639 natus
1094 2609 1143 2639 est
1162 2617 1206 2639 ea*
1223 2606 1297 2652 spi-

413 2628 418 2639 t
433 2607 535 2646 adut.

413 2662 495 2696 ritu.

895 80 1021 116 PHlL.
1049 78 1164 116 MEL.
1191 79 1399 118 SCRIPTA
1425 79 1724 120 EXEGEthA.

1322 2440 1323 2449 ¹
1349 2438 1483 2476 ctione,
1511 2449 1582 2470 sese
1607 2437 1793 2473 admirari,
1823 2434 1950 2469 luben·
1976 2437 2137 2470 fiduciam
2166 2436 2230 2470 sui.

2255 87 2330 123 296

1394 166 1603 217 Respondit
1619 168 1864 213 Nicodemus‚
1893 175 1924 206 et
1946 169 2044 207 dixit
2061 172 2109 206 ei:
2136 171 2329 221 Quomodo

1442 227 1596 268 possunt
1627 220 1716 256 haec
1735 219 1852 268 fieri?
1902 220 2110 270 Respondit
2137 224 2261 264 lesus,
2298 228 2329 258 et

1447 269 1545 305 dixit
1563 272 1608 306 ei:
1637 271 1695 307 Tu
1717 285 1752 306 es
1772 273 1948 319 magister
1968 274 2006 307 in
2020 272 2165 314 Israel,
2194 279 2224 308 et
2241 273 2330 309 haec

1446 321 1611 368 ignoras.
1663 322 1776 357 Amen
1796 336 1902 358 amen
1921 323 2000 358 dico
2017 325 2100 366 tibi,
2129 325 2217 373 quia
2234 323 2334 374 quod

1443 372 1596 413 scimus,
1626 372 1828 422 loquimur,
1855 380 1885 409 et
1901 373 2002 423 quod
2018 374 2194 415 vidimus,
2218 381 2331 410 testa-

1445 436 1544 464 mur,
1573 429 1603 458 et
1619 426 1864 459 testimonium
1882 431 2046 460 nostrum
2062 439 2135 460 non
2153 426 2330 474 accipitis.

1447 472 1494 508 Si
1509 479 1650 509 terrena
1670 474 1756 510 disti
1769 476 1886 518 cobis,
1913 482 1943 511 et
1959 489 2032 511 non
2051 475 2214 519 creditis,
2241 490 2331 525 quo-

1446 525 1572 567 modo,
1603 527 1639 560 si
1661 524 1790 560 dixero
1813 527 1912 561 vobis
1935 527 2122 569 coelestia,
2157 526 2333 562 credetis?

1445 574 1500 610 Et
1524 589 1625 611 nemo
1652 575 1816 611 ascendit
1840 577 1878 611 in
1905 577 2058 618 coelum,
2087 578 2163 612 nisi
2183 579 2249 627 qui
2270 577 2331 613 de-

1445 625 1583 660 scendit
1610 626 1652 662 de
1672 627 1788 669 eoelo,
1823 626 1952 662 Filius
1977 625 2158 669 hominis,
2194 630 2260 676 qui
2280 635 2330 664 est

1446 677 1485 711 in
1519 676 1624 713 coelo.
1677 678 1730 712 Et
1759 679 1851 713 sicut
1871 677 2018 713 Moises
2049 679 2232 713 exaltavit
2256 692 2331 714 ser-

1443 733 1582 775 pentem
1621 730 1660 763 in
1694 728 1851 772 deserto,
1910 730 1964 763 ita
1997 729 2167 764 exaltari
2195 735 2330 777 oportet

1444 776 1591 812 Filium
1623 777 1804 822 hominis,
1840 785 1877 814 ut
1908 781 2027 814 omnis
2056 781 2122 829 qui
2151 779 2261 815 credit
2292 781 2331 815 in

1446 830 1585 876 ipsum,
1618 842 1691 865 non
1711 836 1852 879 pereat,
1889 829 1955 865 sed
1975 828 2111 866 habeat
2135 832 2246 866 vitam
2269 843 2332 866 ae-

1446 885 1599 915 ternam.

1445 956 1646 1002 Disputatio
1671 965 1722 993 est
1745 960 1788 993 de
1811 960 2014 994 discrimine
2039 960 2197 994 iusticiae
2222 960 2332 994 ratio-
2363 979 2366 982 ⁴

1343 1007 1434 1041 nalis
1467 1015 1500 1042 et
1528 1009 1685 1044 iusticiae
1716 1010 1815 1051 fidei,
1850 1023 1918 1055 qua
1943 1023 2023 1045 vere
2049 1011 2187 1045 tollitur
2211 1023 2331 1056 pecca-

1343 1065 1418 1092 tum
1443 1067 1475 1093 et
1502 1072 1616 1099 mors,
1645 1067 1679 1094 et
1704 1061 1740 1094 fit
1764 1061 1980 1104 regeneratio
2005 1074 2043 1096 ac
2066 1062 2220 1096 incoatio
2240 1063 2332 1095 vitae

1343 1116 1517 1146 aeternae.
1575 1111 1627 1145 Ac
1651 1112 1805 1156 primum
1831 1112 1974 1157 quidem
1999 1113 2255 1146 consideranda
2283 1119 2334 1146 est

1344 1161 1454 1204 caligo
1474 1160 1652 1196 Ecclesiae
1675 1162 1750 1196 eius
1774 1163 1953 1207 temporis.
2006 1162 2142 1196 Mirum
2164 1171 2214 1197 est
2232 1175 2332 1207 prae-

1344 1212 1465 1256 cipuos
1489 1213 1648 1246 doctores
1670 1213 1846 1257 ignorasse
1863 1226 1979 1247 veram
1999 1213 2198 1244 doctrinam
2218 1215 2260 1245 de
2278 1214 2334 1245 iu-

1343 1263 1441 1294 sticia
1469 1263 1565 1302 fidei,
1592 1269 1624 1295 et
1644 1268 1779 1295 tantum
1802 1261 1974 1295 iusticiam
1994 1261 2078 1305 legis
2096 1272 2156 1295 seu
2177 1262 2336 1296 rationa-

1344 1312 1412 1344 lem
1443 1313 1622 1353 docuisse,
1656 1320 1689 1346 et
1720 1313 1911 1353 affluxisse,
1948 1311 2011 1345 hac
2039 1312 2116 1345 tolli
2144 1320 2334 1356 peccatum,

1345 1361 1436 1395 hanc
1460 1363 1585 1396 mereri
1603 1363 1708 1396 vitam
1726 1370 1922 1403 aeternam,
1950 1360 2039 1396 hanc
2054 1363 2250 1397 satisfacere
2266 1363 2333 1406 legi

1346 1414 1422 1448 Dei.
1476 1412 1559 1447 Ideo
1574 1412 1736 1447 Christus
1761 1425 1879 1446 severe
1904 1413 2067 1457 obiurgat
2083 1412 2334 1446 Nicodemum:

1345 1464 1449 1497 Tune
1466 1475 1500 1497 es
1517 1465 1679 1508 magister
1696 1464 1732 1497 in
1748 1464 1864 1504 lsrael,
1891 1470 1923 1497 et
1941 1461 2025 1497 haec
2044 1464 2210 1508 ignoras?
2246 1463 2335 1498 Por-

1345 1527 1384 1548 ro
1411 1513 1467 1547 hic
1491 1516 1682 1558 cogitemus
1708 1515 1841 1548 similes
1864 1515 2025 1549 tenebras
2048 1521 2080 1548 et
2099 1526 2234 1548 errores
2255 1527 2335 1559 per-

1347 1573 1451 1610 petuo
1485 1566 1522 1598 in
1547 1566 1700 1599 Ecclesia
1728 1566 1890 1600 extitisse.
1961 1565 2012 1599 Ac
2036 1572 2116 1600 ante
2143 1564 2334 1609 Augustini

1346 1625 1503 1660 tempora
1528 1617 1600 1649 sere
1623 1617 1763 1660 penitus
1784 1617 1933 1650 extincta
1954 1617 2020 1650 tuit
2039 1617 2096 1650 lux
2113 1617 2156 1650 de
2173 1616 2336 1650 doctrina

1345 1667 1443 1706 fidei,
1479 1679 1540 1709 per
1569 1665 1762 1711 Origenem
1795 1675 1828 1701 et
1861 1667 2054 1710 Pelagium0
2115 1667 2336 1711 Augustinus

1345 1727 1467 1750 rursus
1485 1723 1665 1761 utcunque
1682 1719 1852 1750 accendit.
1907 1717 2045 1748 Deinde
2063 1719 2190 1749 iterum
2210 1719 2336 1751 obscu-

1346 1774 1418 1801 rata
1439 1774 1489 1800 est
1508 1767 1653 1800 somniis
1673 1764 1940 1801 monachorum.

1448 1826 1518 1860 Sed
1541 1833 1580 1860 ut
1603 1827 1644 1859 ad
1671 1837 1744 1858 rem
1769 1826 1970 1865 redeamus,
1998 1825 2179 1858 sciendum
2199 1832 2251 1859 est
2269 1827 2336 1859 du-

1320 1888 1321 1900 *
1347 1876 1472 1921 plicem
1499 1888 1571 1910 esse
1595 1876 1782 1911 iusticiam.
1836 1875 1956 1910 Altera
1982 1883 2030 1909 est
2055 1867 2221 1917 ratio=1i3‚
2247 1888 2337 1922 quae

1320 1931 1321 1947 ³
1347 1935 1396 1961 est
1412 1927 1611 1961 observatio
1629 1935 1852 1961 externorum
1870 1938 2023 1969 operum¹
2035 1926 2220 1970 Decalogi,
2248 1939 2337 1972 quae

1346 1990 1425 2012 cum
1446 1979 1489 2012 sit
1506 1979 1680 2018 difficilis,
1708 1985 1775 2012 eta
1794 1978 1912 2020 paucis
1932 1985 2140 2021 praestetur,
2168 1989 2335 2021 magnum

1348 2036 1380 2062 et
1415 2029 1488 2073 ipsa
1520 2031 1626 2062 decus
1658 2036 1718 2062 est.
1782 2028 1832 2062 Ac
1858 2026 2012 2062 humana
2039 2029 2223 2062 iufirmitas
2248 2030 2336 2063 adeo

1348 2080 1496 2113 miratur
1519 2092 1612 2119 eam,
1639 2087 1677 2113 ut
1703 2080 1813 2113 solam
1833 2080 1990 2113 sufficere
2007 2079 2197 2121 existimet,
2225 2086 2261 2114 et
2280 2091 2336 2114 sa—

1348 2131 1505 2164 tissacere
1531 2131 1598 2174 legi
1626 2130 1702 2165 Dei.

1766 2130 1836 2164 Nec
1860 2131 2009 2164 dubium
2034 2138 2101 2170 cst,
2127 2143 2249 2165 omnes
2274 2131 2334 2176 qui
2376 2155 2379 2178 7

1348 2188 1465 2215 errant
1491 2182 1534 2214 de
1559 2182 1693 2215 iusticia
1714 2182 1812 2221 fidei,
1837 2194 1878 2215 eo
1897 2194 2032 2221 errare,
2060 2182 2140 2227 quia
2158 2183 2206 2216 sic
2222 2182 2338 2216 admi·
2376 2181 2380 2188 '

1349 2239 1472 2266 rantur
1501 2230 1590 2265 lianc
1623 2233 1866 2276 discipliu-tm,
1901 2240 1935 2265 ut
1963 2233 2075 2267 nolint
2101 2233 2221 2267 videre
2246 2233 2338 2267 inte-

1349 2284 1440 2317 riora
1459 2291 1609 2328 peccata,
1636 2296 1724 2329 quae
1742 2291 1897 2324 manent,
1921 2284 2055 2316 etiamsi
2075 2291 2216 2318 externa
2230 2283 2336 2318 disci·

1350 2335 1446 2379 plina
1471 2335 1513 2368 sit
1534 2335 1684 2378 optima,
1714 2335 1876 2368 videlicet
1895 2335 2068 2368 dubitatio
2087 2336 2127 2367 de
2146 2333 2238 2376 Deo,
2265 2346 2338 2369 esse

1349 2387 1423 2419 siue
1456 2398 1537 2419 vero
1562 2386 1686 2419 timore
1713 2385 1796 2423 Dei,
1831 2385 1907 2419 siue
1931 2397 2009 2418 vera
2039 2386 2162 2418 fiducia
2191 2393 2222 2419 et
2247 2386 2335 2420 dile—

2292 2435 2335 2470 lit

1349 2489 1491 2533 quidem
1520 2486 1604 2521 haee
1628 2488 1710 2521 vitia
1733 2487 1881 2519 maxime
1906 2495 1985 2520 sunt
2007 2488 2042 2520 in
2063 2488 2149 2527 illis,
2177 2487 2236 2532 qui
2254 2499 2334 2531 pro-

1349 2547 1424 2583 pter
1441 2539 1582 2573 virtutis
1600 2538 1756 2572 studium
1776 2539 1988 2571 anton-{tunt
2007 2538 2159 2571 cacteris.

1451 2607 1518 2640 Sed
1544 2614 1658 2640 tamen
1683 2607 1790 2639 sciant
1820 2603 1979 2639 ltoutines
2003 2604 2092 2639 lianc
2110 2606 2334 2651 disciplinam

1349 2659 1578 2692 necessariam
1607 2670 1678 2691 esst·
1701 2664 1843 2702 propter
1869 2664 2020 2702 quatuor
2040 2669 2170 2692 causas.
2226 2657 2335 2692 Vide-
