2409 2915
265 105 360 141 1059
851 96 978 131 PHIL.
1008 93 1124 130 MEL.
1153 90 1364 129 SCRIPTA
1391 87 1691 126 EXEGETICA.

265 192 438 226 Tentatus
465 200 524 232 per
547 186 666 222 omnia
691 196 754 229 pro
778 182 1012 217 similitudine
1037 187 1100 216 etc.
1160 178 1255 213 Haec
1280 180 1283 196 ¹
1307 176 1387 210 licet
1404 182 1445 210 ut
1463 177 1704 211 auctoritatem
1726 177 1824 212 daret
1841 177 1914 210 fieri
1932 176 2022 210 filios
2037 175 2113 212 Dei.
2167 175 2241 212 Iam
2262 187 2294 213 et

267 240 467 277 humiliatio
492 239 554 272 filii
573 235 855 280 magnitudinem
871 232 1135 266 misericordiae
1152 229 1257 263 nobis
1306 226 1445 264 adiicit,
1471 239 1542 273 quo
1569 229 1675 261 modo
1700 229 1785 262 fiant
1805 228 1870 261 filii
1892 226 1978 269 Dei,
2013 239 2139 272 nempe
2161 229 2189 262 si
2207 230 2295 263 reci-

269 291 506 331 commendat,
542 296 573 323 et
596 287 718 328 efficit,
751 293 790 320 ut
822 296 900 318 cum
935 283 1060 316 fiducia
1087 279 1256 316 thronum
1306 278 1406 323 piant
1421 275 1623 319 Christum,
1659 278 1696 312 id
1721 286 1790 319 est,
1826 279 1855 313 si
1880 280 2025 312 credant
2044 279 2080 311 in
2101 277 2296 315 Christum,

269 343 397 387 gratiae
412 341 635 379 accedamus,
663 338 758 384 quod
782 336 931 376 scimus,
958 334 1063 367 nobis
1078 345 1150 366 esse
1167 343 1258 389 pon·

270 393 395 428 tificem
410 419 417 433 ‚
446 392 507 436 qui
533 390 642 436 possit
668 389 771 422 nobis
793 385 944 431 compati
963 385 1092 418 nostris
1109 383 1259 416 infirnu-

271 444 400 479 tatibus
413 470 421 484 ‚
448 441 558 477 Hebr.
575 440 636 475 IV.
691 437 734 473 Et
751 438 868 472 statim
882 464 890 477 ‚
917 448 961 469 ne
979 436 1063 481 quid
1081 435 1260 468 videretur

271 494 449 529 divinitati
469 494 669 536 derogasse,
696 489 854 524 subiicit:
882 487 1044 521 Mundus
1066 497 1127 530 per
1143 485 1258 533 ipsum
1311 481 1401 514 fiunt
1419 480 1538 525 aliquo
1556 491 1619 513 suo
1638 481 1776 521 merito,
1802 489 1841 516 ut
1857 482 1962 526 paulo
1980 489 2058 526 post
2075 482 2180 516 latius
2195 494 2301 527 expo-

271 548 382 580 sactus
413 551 472 578 est.
533 544 650 588 Atque
678 542 724 575 ita
757 540 839 573 facit
867 536 1059 573 antithesin
1083 533 1261 570 humiliati
1286 538 1290 578 ⁴}
1313 538 1429 565 natur.
1457 529 1734 567 A‹1Ga1at.lV.:
1753 529 1964 566 Dehaerede
1982 533 2151 577 scriptum
2168 539 2219 567 est
2235 539 2300 568 etc.

273 596 370 630 verbi
398 603 429 629 et
454 593 732 639 omnipotentiae
760 591 853 631 eius,
886 596 925 623 ut
945 588 1051 622 simul
1077 586 1262 631 significet,
1287 587 1290 626 ἶ
1314 581 1498 621 Secundo,
1539 581 1631 614 filios
1663 594 1734 616 esse
1757 589 1825 620 est,
1868 583 1904 615 in
1935 584 2043 627 gratia
2076 584 2186 628 patris
2219 595 2303 618 esse,

273 645 453 681 Christum
471 651 698 689 regnaturum
717 643 754 675 in
773 641 928 687 potentia
945 638 1024 675 Dei.
1288 673 1291 701 1
1314 632 1471 666 Proinde
1490 632 1571 665 filiis
1594 633 1664 666 irae
1690 633 1893 677 opponitur.
1946 632 1993 669 Et
2018 647 2122 668 omne
2141 635 2195 668 ius
2211 635 2302 667 filio-

1069 721 1075 728 .
1290 696 1396 718 =rum
1429 683 1586 718 continet
1617 681 1867 717 haereditatem
1886 681 2038 725 Christi,
2070 686 2304 719 sacerdotium

442 726 496 762 El
523 724 682 761 mundus
715 737 793 760 eum
822 736 894 758 '¹⁰7²
923 726 1099 769 cognffl'lt’
1289 716 1293 754 i
1318 742 1349 768 et
1374 745 1532 778 regnum.
1593 733 1694 769 Sicut
1720 732 1892 769 Matthaei
1914 734 2048 769 XV11.:
2075 734 2196 769 Liberi
2225 743 2306 769 sunt

334 800 430 835 Idem
448 806 508 838 est,
526 797 620 844 quod
639 808 742 841 supra
759 795 824 829 ait:
852 792 898 828 Et
917 793 1077 827 tenebrae
1095 803 1173 824 eum
1191 801 1265 822 non
1290 765 1294 818 i
1317 785 1394 819 filii.
1448 784 1495 819 Et
1510 783 1595 818 haec
1612 793 1662 820 est
1679 783 1876 819 haereditas
1889 813 1898 826 ,
1921 787 1968 819 'de
1984 797 2052 831 qua
2068 788 2108 820 ad
2124 785 2307 821 Romanos

277 848 631 896 comprehenderunt.
685 845 845 880 Mundus
863 845 1027 878 tenebrae.
1056 849 1127 883 est,
1155 848 1187 874 et
1211 841 1267 873 ni-
1292 844 1297 891 l·
1318 836 1398 870 IV·:
1435 835 1483 870 Ut
1508 842 1595 870 esset
1617 835 1738 870 haeres
1761 837 1898 872 mundi.
1952 836 2093 877 Tertio,
2119 837 2211 871 filios
2236 849 2307 870 esse

278 901 329 936 hil
346 901 414 935 nisi
432 900 586 935 carnalia
605 898 695 944 sapit
720 904 752 930 et
769 895 944 938 intelligit.
1008 893 1128 936 Quare
1153 903 1268 937 neque
1294 930 1297 943 ι
1320 888 1400 931 plus
1417 894 1468 920 est
1493 898 1598 931 quam
1623 888 1793 932 populum
1816 899 1899 920 esse.
1952 886 2050 921 Sicut
2066 895 2099 922 et
2117 887 2247 922 Paulus
2265 889 2309 921 ad

279 953 452 988 iusticiam
473 951 635 996 spiritus,
663 959 750 993 quae
766 947 850 979 fides
867 953 928 985 est,
956 956 1070 989 neque
1086 941 1268 977 Christum
1294 945 1297 974 ἰ,
1321 938 1427 973 Rom.
1445 936 1545 973 Vltl.
1559 950 1577 971 a
1594 939 1721 983 spiritu
1744 939 1946 982 adoptionis
1970 938 2124 972 filiorum
2142 939 2311 972 discernit
2363 954 2365 957 ·

278 1010 502 1049 apparentem
521 1002 557 1034 in
577 1001 687 1033 forma
710 997 822 1031 crucis
845 996 1011 1039 agnoscit.
1073 994 1155 1028 Ideo
1179 993 1270 1027 dici—
1296 980 1297 1004 ¹
1322 990 1484 1034 spiritum
1513 989 1703 1025 servitutis.
1756 989 1876 1023 Veteri
1899 995 2108 1023 testamento
2131 1001 2204 1023 non
2220 990 2310 1023 lilios

279 1063 338 1089 tur
353 1051 482 1088 Matth.
502 1049 614 1085 XVI.:
644 1049 772 1083 Beatus
797 1060 832 1081 es
860 1048 983 1081 Simon
998 1074 1006 1087 ,
1039 1046 1121 1091 quia
1140 1057 1219 1079 caro
1239 1051 1269 1077 et
1296 1047 1299 1098 ἰ
1323 1041 1381 1074 sed
1409 1039 1581 1084 populum
1606 1040 1822 1084 appellabat,
1849 1047 1881 1074 et
1909 1041 1987 1073 ideo
2010 1040 2163 1085 populus
2186 1048 2258 1074 erat
2278 1047 2310 1073 et

2191 93 2292 129 1060

1310 329 1351 361 ln
1370 328 1604 372 appellatione
1628 329 1781 363 filiorum
1801 330 1911 363 multa
1939 327 2299 373 comprehenduntur.

1309 378 1488 419 Primum,
1515 379 1604 412 sicut
1622 379 1685 412 filii
1706 380 1743 413 in
1759 392 1863 414 carne
1886 387 2098 421 nascuntur,
2125 393 2197 413 non
2224 392 2298 414 me-

1310 436 1433 463 rentur
1450 429 1512 462 filii
1531 439 1604 462 esse
1622 441 1686 464 suo
1699 430 1818 476 aliquo
1832 443 1954 476 opere:
1989 431 2036 464 ita
2063 428 2120 464 hic
2143 431 2207 464 filii
2226 443 2299 465 non

281 1105 422 1149 sanguis
439 1103 504 1138 tibi
520 1114 593 1136 non
611 1099 790 1134 revelavit.

595 1174 646 1210 In
671 1173 824 1222 propria
854 1172 958 1212 venit,

344 1245 383 1280 ld
402 1253 471 1283 est,
500 1244 543 1278 ad
554 1243 714 1281 Iudaeos,
741 1242 872 1288 quibus
890 1247 963 1274 erat
983 1239 1186 1284 promissus,
1214 1237 1273 1272 Sic

282 1297 414 1331 Paulus
437 1293 619 1330 Christum
642 1300 743 1327 vocat
767 1292 968 1326 ministrum
996 1289 1274 1324 circumcisionis
1299 1300 1302 1307 ·

284 1355 346 1384 etc.
400 1347 517 1392 Atque
540 1344 598 1379 hic
622 1345 749 1379 iterum
773 1343 871 1383 vide,
908 1342 1086 1387 quomodo
1104 1340 1274 1383 retrospi-

284 1399 352 1432 ciat
375 1397 525 1432 Ioannes
563 1397 600 1429 in
633 1393 798 1428 historias
834 1393 961 1426 veteris
1007 1390 1205 1425 testamenti
1243 1394 1303 1422 et'

284 1448 537 1494 promissiones
568 1447 611 1479 de
636 1443 796 1482 Christo,
840 1455 902 1487 per
931 1453 1016 1488 quas
1039 1439 1273 1485 Evangelium

284 1511 386 1534 suum
406 1499 482 1532 vult
499 1497 625 1541 exponi
644 1503 676 1529 et
692 1494 904 1529 confirmari.

482 1570 536 1605 El
562 1571 624 1605 sui
650 1582 728 1604 eum
758 1581 831 1604 non
861 1572 1072 1616 receperunt.

389 1641 603 1685 Quanquam
629 1650 702 1671 non
726 1637 822 1670 aliud
847 1635 950 1675 dicit,
978 1646 1083 1680 quam
1100 1635 1194 1679 quod
1210 1645 1276 1667 an-

287 1702 358 1728 tea:
386 1691 572 1725 Tenebrae
589 1701 668 1723 eum
686 1700 758 1721 non
783 1683 1147 1730 comprehenderunt,
1175 1685 1275 1719 item:

289 1743 448 1779 Mundus
465 1753 544 1775 eum
569 1752 642 1774 non
666 1739 824 1783 agnovit:
852 1744 968 1771 tamen
996 1735 1062 1770 hoc
1081 1736 1277 1770 terribilius

800 1789 900 1824 Sicut
924 1788 1010 1821 dicit
1035 1786 1140 1822 Rom.
1165 1786 1198 1820 X
1238 1798 1278 1819 ex
1304 1790 1305 1832 J

288 1846 390 1880 Esaia
414 1843 543 1879 Lxx-²
589 1841 759 1876 Inventus
784 1852 861 1874 ⁵¹¹¹¹¹
886 1851 904 1872 ἢ
928 1851 1000 1871 “0“
1028 1838 1279 1883 quaerennbus
1304 1857 1306 1876 ἵ
1331 1854 1467 1888 adiicit:
1486 1853 1550 1887 His
1561 1853 1782 1898 quicretlunt
1801 1853 1836 1885 in
1853 1853 1997 1886 nomine
2015 1853 2099 1888 eius.
2129 1852 2197 1887 Ubi
2215 1854 2327 1894 docet,

289 1802 360 1835 est,
397 1794 492 1839 quod
522 1791 622 1826 dicit:
659 1788 740 1825 Sui.

289 1909 344 1931 me
360 1903 422 1929 etc.
474 1893 566 1927 Tota
582 1893 648 1928 Die
665 1892 815 1937 expandi
839 1901 963 1923 manus
989 1901 1081 1922 meas
1105 1890 1148 1922 ad
1167 1900 1278 1932 popu—

292 1949 363 1982 lum
388 1957 460 1979 non
482 1945 699 1983 credentem,
730 1943 792 1975 ubi
812 1939 932 1974 Esaias
956 1951 1093 1972 causam
1119 1940 1280 1984 explicat,

291 1998 377 2044 quid
403 1997 465 2036 sit,
503 2005 584 2028 suos
610 2005 682 2026 non
709 1992 894 2037 recepisse,
931 1991 1061 2024 scilicet
1086 2002 1158 2023 non
1183 1990 1279 2023 aliud

291 2049 358 2083 nisi
375 2046 530 2081 noluisse
546 2045 698 2082 credere.
722 2050 754 2077 et
772 2054 834 2088 per
851 2054 954 2086 opera
974 2042 1126 2075 voluisse
1141 2041 1279 2075 salvari.

292 2099 338 2136 Ut
368 2099 499 2132 ibidem
526 2095 658 2130 Paulus
683 2094 787 2135 dicit,
820 2093 944 2133 Israel,
979 2093 1143 2126 sectando
1170 2093 1280 2136 legem

294 2150 470 2188 iusticiae,
509 2148 553 2181 ad
586 2147 696 2189 legem
725 2145 882 2180 iusticiae
918 2156 990 2176 non
1028 2144 1204 2187 pervenit;
1247 2150 1281 2177 et

292 2201 468 2236 Christus:
497 2197 701 2232 Meretrices
726 2204 758 2231 et
781 2195 961 2241 publicani
988 2195 1195 2238 praecedent
1221 2206 1282 2229 vos

294 2261 356 2288 etc.
412 2250 462 2284 lta
487 2249 602 2286 vides,
644 2245 710 2280 hoc
734 2259 857 2291 urgere
884 2244 1071 2285 loannem,
1098 2253 1134 2280 ut
1161 2247 1282 2280 doceat

296 2304 395 2337 nullo
422 2313 567 2345 operum
594 2308 750 2342 respectu
775 2298 989 2332 credendum
1021 2308 1093 2329 esse
1119 2297 1153 2330 in
1179 2295 1282 2331 shri-

296 2364 398 2390 stum.
466 2350 510 2386 Et
542 2348 627 2383 baec
659 2350 700 2382 de
731 2363 791 2390 eo,
840 2349 935 2395 quod
968 2347 1013 2382 sit
1043 2347 1216 2390 ingressus
1247 2349 1282 2381 in

296 2405 479 2439 mundum.

498 2468 684 2516 Quotquot
716 2471 836 2500 autem
866 2471 1080 2514 receperunt.

399 2539 465 2574 llic
483 2537 630 2582 explicat
648 2535 752 2569 semel
772 2535 879 2569 totius
891 2533 1073 2579 Evangelii
1099 2546 1285 2572 summam,

299 2593 437 2637 exponit
456 2589 512 2635 ⁴³),
534 2600 595 2622 cur
613 2585 775 2620 Christus
791 2587 826 2619 in
846 2587 1018 2619 'mnndum
1038 2586 1190 2626 venerit,
1219 2587 1283 2619 sri-

333 2693 378 2719 ⁴³)
399 2692 454 2715 'rub
484 2695 633 2720 erponem.

1323 1103 1397 1125 non
1415 1091 1498 1131 filii,
1524 1091 1606 1136 quia
1631 1092 1803 1125 serviebat
1824 1091 1859 1123 in
1886 1091 2034 1125 iusticiis
2051 1091 2166 1125 carnis
2181 1098 2212 1124 et
2230 1103 2313 1136 ope—

1298 1172 1300 1188 ,‚
1324 1143 1423 1176 ribus
1442 1142 1524 1175 suis.
1577 1142 1676 1176 Novo
1700 1149 1907 1176 testamento
1925 1142 1988 1175 filii
2009 1149 2111 1183 sunt,
2136 1142 2218 1188 quia
2235 1153 2314 1186 gra-

1299 1203 1301 1228 }
1325 1201 1376 1228 tes
1391 1192 1468 1226 sine
1481 1193 1554 1226 ulla
1571 1205 1720 1238 operum
1738 1193 1918 1227 exactione
1938 1194 2066 1237 recepti
2083 1200 2165 1227 sunt
2182 1193 2218 1226 in
2236 1204 2316 1237 gra-

1300 1239 1301 1294 i
1326 1246 1433 1285 tiam,
1476 1251 1515 1278 ut
1542 1245 1704 1278 videatur
1728 1243 1879 1278 Ioannes
1903 1245 1941 1277 in
1964 1241 2128 1278 antithesi
2161 1244 2316 1278 locutus:

1326 1295 1390 1330 Sui
1407 1307 1485 1329 eum
1502 1308 1574 1328 non
1592 1302 1818 1340 receperunt3
1848 1302 1882 1329 et
1900 1301 2035 1340 postea:
2063 1295 2167 1329 Dedit
2184 1295 2233 1328 eis
2252 1306 2316 1338 po-

1300 1367 1302 1371 ν
1327 1353 1484 1379 testatem
1511 1347 1602 1379 filios
1618 1345 1683 1379 Dei
1708 1346 1801 1387 fieri3
1839 1347 1872 1379 id
1900 1353 1966 1385 est,
1999 1358 2071 1379 non
2096 1346 2194 1379 venit
2209 1343 2316 1379 Chri-

1326 1404 1418 1436 stus,
1455 1402 1493 1429 ut
1518 1397 1689 1440 populum
1716 1397 1863 1436 faceret,
1897 1403 1956 1430 aut
1980 1396 2089 1439 legem
2108 1396 2319 1440 imponeret,

1327 1448 1386 1481 sed
1405 1453 1443 1480 ut
1461 1447 1550 1480 filios
1575 1447 1712 1482 faceret.
1766 1446 1863 1481 Sicut
1889 1444 2004 1481 Oscae
2031 1447 2145 1490 primo
2170 1446 2316 1481 dicitur:

1301 1495 1303 1544 ᾖ
1327 1496 1414 1531 Erat
1441 1497 1476 1530 in
1503 1499 1590 1538 loco,
1613 1497 1674 1530 ubi
1696 1497 1825 1530 dicitur
1847 1498 1911 1530 eis:
1947 1496 2026 1530 Non
2047 1497 2196 1541 populus
2218 1509 2319 1531 meus

1302 1565 1303 1575 κ
1327 1560 1401 1583 vos.

1302 1603 1306 1612 ¹
1329 1599 1382 1632 sui
1403 1610 1473 1631 non
1490 1605 1569 1632 sunt
1590 1598 1673 1636 filii,
1701 1605 1818 1641 aperte
1838 1597 2021 1641 significat,
2048 1598 2218 1642 populum
2237 1609 2321 1643 ope-

1453 1547 1600 1581 Dicetur
1623 1548 1682 1588 iis,
1710 1547 1772 1580 filii
1794 1547 1862 1581 Dei
1888 1547 2049 1582 viventis.
2105 1546 2209 1586 item,
2236 1548 2319 1593 quia

1329 1662 1406 1683 rum
1427 1662 1498 1683 non
1517 1661 1587 1683 esse
1606 1649 1696 1682 filios
1716 1647 1794 1682 Dei.

1524 1731 1602 1780 Qui
1628 1730 1776 1767 credunt
1805 1735 1844 1766 in
1874 1732 2019 1767 nomine
2048 1733 2134 1770 eius.

1433 1802 1624 1845 Quomodo
1657 1802 1742 1836 fiant
1773 1801 1835 1835 filii
1859 1800 1924 1836 Dei
1950 1802 2025 1848 ipse
2050 1803 2210 1846 exponit,
2245 1814 2325 1837 cum

1333 1917 1403 1939 non
1422 1902 1579 1937 humano
1599 1905 1738 1944 merito,
1764 1916 1835 1937 non
1856 1916 1961 1948 opere
1978 1904 2096 1948 aliquo
2114 1911 2233 1938 nostro
2250 1904 2324 1938 fleri

1332 1957 1442 1995 filios,
1471 1957 1528 1988 sed
1549 1955 1620 1988 sola
1641 1955 1718 1990 side.
1764 1954 1885 2001 Neque
1900 1955 2106 1999 simpliciter
2122 1955 2223 1989 dicit:
2252 1955 2325 1998 Qui

1333 2007 1445 2041 credit
1462 2007 1498 2038 in
1517 2018 1620 2048 eum,
1647 2007 1721 2038 sed:
1754 2005 1791 2038 ln
1814 2017 1942 2038 nomen
1962 2005 2054 2045 eius,
2084 2003 2151 2038 hoc
2168 2012 2236 2046 est,
2264 2007 2324 2051 qui

1333 2059 1500 2095 credunt,
1534 2054 1714 2090 Christum
1746 2068 1825 2089 vere
1852 2056 2131 2096 iustificatoretn,
2159 2069 2239 2090 vere
2258 2057 2327 2091 sal-

1333 2115 1489 2142 valorem
1507 2119 1588 2141 esse.

1563 2190 1642 2239 Qui
1668 2203 1739 2225 non
1767 2203 1812 2226 ea:
1837 2191 2098 2239 sanguinibus,

1440 2261 1562 2308 Neque
1579 2273 1666 2294 vana
1690 2261 1880 2306 appellatio
1898 2261 2050 2295 filiorum
2076 2268 2144 2302 est,
2168 2272 2231 2295 nec
2245 2261 2330 2295 fides

1337 2313 1493 2346 inefficax
1513 2319 1574 2347 est.
1631 2311 1714 2345 ldeo
1741 2312 1915 2358 sequitur:
1955 2312 2025 2355 Qui
2043 2324 2116 2345 non
2133 2323 2172 2345 ex
2186 2312 2327 2355 sangui-

1337 2364 1454 2398 nibus.
1484 2363 1591 2398 Docct
1608 2363 1713 2403 enim,
1735 2363 1817 2408 quia
1836 2363 1897 2396 filii
1914 2369 1994 2397 sunt
2012 2363 2072 2408 qni
2089 2362 2328 2403 crediderunt,

1309 2422 1311 2460 ζ
1337 2422 1498 2460 oportere
1525 2422 1556 2448 et
1584 2414 1696 2454 nasci,
1731 2421 1763 2447 et
1788 2414 1869 2459 quia
1887 2413 1947 2459 qui
1966 2413 2159 2447 secundum
2186 2425 2327 2448 carnem

1339 2466 1412 2500 nati
1432 2472 1532 2506 sunt,
1558 2466 1717 2499 nondum
1736 2463 1800 2498 filii
1819 2462 1884 2498 Dei
1902 2471 2003 2504 sunt,
2029 2465 2108 2498 ideo
2125 2475 2262 2499 necesse
2277 2471 2328 2499 est

1338 2517 1411 2551 fieri
1430 2517 1742 2560 regenerationem.
1795 2514 2021 2549 Potissimum
2048 2516 2165 2561 itaque
2189 2513 2246 2550 hic
2261 2515 2328 2550 ob·

1337 2569 1509 2608 servabis,
1536 2580 1596 2612 per
1621 2568 1722 2599 tidem
1749 2567 1881 2600 renasci
1907 2567 2005 2601 filios.
2059 2566 2149 2601 Cum
2170 2567 2249 2600 dico
2274 2579 2327 2600 re·

1339 2619 1431 2653 nasci
1446 2645 1454 2656 ,
1489 2619 1644 2662 significo
1663 2617 1759 2662 prius
1783 2618 1986 2652 mortificari
2006 2629 2146 2651 carnem
2164 2629 2242 2651 cum
2262 2629 2326 2651 suo

1341 2671 1486 2709 lumine,
1513 2677 1544 2704 et
1564 2669 1692 2703 deinde
1714 2681 1845 2703 novum
1865 2667 2044 2703 hominem
2063 2669 2227 2703 renovari
2247 2668 2328 2709 fide,
