2409 2915
37 135 112 170 935
278 134 356 169 ΧΠ.
375 107 378 110 ’

415 131 807 169 ANNOTATIONES
836 131 903 168 ET
932 131 1212 168 CONCIONES
1246 132 1296 166 IN
1332 131 1515 169 EVANG.
1545 134 1826 171 MATTHAEI.

1992 135 2066 172 934

41 220 150 254 nimis
166 231 312 264 magnus
331 227 508 264 peccator,
541 219 649 252 nimis
674 219 782 252 multa
809 227 943 262 peccata
967 217 1031 252 ha·
1057 227 1062 240 ’
1085 218 1168 255 bos,
1203 224 1234 251 et
1253 218 1404 251 voluisse
1420 219 1552 252 similes
1577 220 1650 252 fieri
1672 221 1871 265 principum
1893 229 1924 256 et
1941 234 2071 265 regum,

39 271 128 312 beo,
163 283 219 304 me
242 283 315 304 non
341 271 417 304 vult
441 270 594 307 salvare,
631 270 702 302 imo
729 270 861 314 inquit:
898 268 1030 304 Omnia
1059 275 1061 300 ῖ

1058 328 1061 360 ι
1083 319 1131 357 fit,
1155 318 1242 352 sicut
1259 320 1325 352 scri

37 328 121 356 sunt
137 322 337 365 possibilia,
363 321 511 361 scilicet,
538 320 600 353 illo
626 321 750 360 modo,
778 320 869 354 sicut
894 321 1028 365 promi-

39 373 101 407 sit:
132 372 171 406 Si
188 373 300 406 credis
316 372 354 404 in
371 371 482 404 filium
499 377 533 404 et
548 371 775 405 converteris.
812 371 917 405 Hane
943 383 1029 405 con—

42 423 252 458 solationem
272 423 359 457 bene
377 428 601 457 mementote,

39 530 133 567 Ecce
151 544 216 567 nos
236 529 450 578 reliquimus
476 528 623 569 omnia,
651 534 682 564 el
705 530 820 564 secuti
839 543 967 565 sumus
984 536 1028 576 ie,
1057 557 1059 577 ᾗ

365 579 458 628 quid
477 580 542 614 erit
561 579 667 614 nohis
676 580 695 612 P

139 655 228 691 Cum
244 655 436 689 audivisset
452 655 596 697 Petrus,
625 668 698 689 non
716 657 855 690 laudari
874 656 1027 699 divitias,
1055 620 1058 684 l

40 715 75 742 et
90 713 206 741 tamen
225 714 379 750 speraret
396 707 539 740 divitias
556 715 751 751 propterea,
779 708 862 752 quia
881 708 949 740 iam
972 719 1027 740 re-
1055 700 1057 738 ἶ

38 757 198 803 liquisset
228 769 310 798 sua,
345 758 382 791 fit
415 757 590 798 solicitus,
625 765 656 791 et
682 758 892 802 interrogat:
929 757 1025 800 Quid
1054 742 1057 771 Ι

1957 272 2001 307 Et
2025 274 2069 307 ita

1331 326 1426 362 ptum
1445 327 1510 353 est:
1538 320 1743 355 Provocabo
1762 334 1824 356 vos
1844 335 1861 356 a
1880 336 1952 356 non
1971 332 2071 366 gente

1083 370 1120 402 in
1140 377 1241 413 gente
1260 369 1376 402 stulta.

1086 267 1167 302 Ideo
1186 268 1340 302 minatus
1358 267 1520 303 Christus
1537 271 1668 304 talibus
1686 272 1903 305 eiectionem.

1438 486 1576 540 Caput
1619 488 1718 530 XX.

1132 568 1263 605 Simile
1285 573 1334 603 est
1358 581 1509 616 regnum
1536 569 1714 604 coelorum
1739 568 1884 605 homini
1902 575 2067 622 patr-{sa-

1181 619 1321 658 ηηἸιάς,
1349 621 1415 668 qui
1429 621 1504 655 exit
1519 620 1640 668 primo
1655 633 1762 655 mane
1781 620 1972 658 conducere
1989 638 2067 672 ope—

1184 670 1306 705 rarios
1320 671 1358 704 in
1376 671 1518 705 vineam
1543 684 1674 715 suam,
1703 677 1763 706 etc.

1183 747 1398 792 Quanquam
1433 748 1563 782 multae
1589 755 1622 782 et
1644 760 1790 792 magnae
1815 750 2068 794 disputationes

37 807 196 842 habituri
213 808 283 841 sint
300 808 385 852 ipsi,
410 808 542 842 relictis
558 810 722 852 propriis,
748 810 801 842 vel
821 820 909 855 quae
926 820 1027 853 prae,
1053 799 1056 855 J'
1081 799 1124 831 de
1147 796 1212 832 hac
1229 799 1464 831 similitudine
1490 805 1605 832 motae
1628 806 1730 840 sunt,
1755 807 1872 834 tamen
1895 813 2065 837 summam

40 859 111 892 mia
127 856 284 892 habituri
302 859 396 892 sint?

96 923 101 925 ·
136 908 363 954 Respondet,
405 915 437 942 et
471 909 646 953 promittit
677 908 892 952 amplissima
926 921 1026 954 prae-

35 960 124 1002 mia,
151 959 355 1004 temporalia
380 966 415 994 et
437 967 597 1000 aeterna,
622 960 713 993 sicut
736 960 772 992 in
792 959 914 993 Marco
939 960 1025 994 scri-
1052 980 1054 987 ν

36 1018 134 1056 ptum
161 1018 212 1044 est
246 1023 319 1054 cap.
349 1011 426 1045 10.:
454 1009 595 1044 Centies
620 1011 830 1054 intempore
852 1008 920 1044 hoc
946 1023 1024 1044 cum
1052 995 1054 1048 l

37 1061 296 1106 persecutione,
331 1069 363 1095 et
389 1061 495 1094 vitam
523 1068 712 1095 aeternam.
775 1060 919 1095 Auditis
951 1074 1024 1094 am-

36 1113 210 1158 plissimas
238 1112 507 1156 promissiones,
542 1124 627 1157 quas
652 1119 784 1146 certum
810 1119 861 1145 est
882 1113 1025 1145 verissi-

37 1175 112 1197 mas
130 1175 219 1204 esse,
254 1164 312 1196 sed
339 1163 582 1205 intelligantur
608 1175 685 1195 cum
715 1160 778 1195 hac
804 1163 1023 1196 conditione:

37 1226 117 1248 cum
145 1213 386 1248 tribulatione.
440 1212 536 1246 Deus
552 1214 611 1247 dat
630 1212 740 1246 Paulo
758 1213 908 1253 victum,
936 1214 1025 1246 arni-

9 1263 12 1265 *
38 1275 114 1305 c05‚
148 1265 368 1302 defensores,
406 1270 438 1296 et
469 1271 584 1296 tamen
611 1263 716 1296 simul
744 1270 793 1296 est
818 1265 1024 1307 persecutio.

36 1314 179 1358 Quare?
206 1314 298 1357 Quia
315 1313 410 1348 Deus
432 1314 508 1347 vult
523 1312 714 1347 Ecclesiam
739 1313 927 1347 subiectam
952 1326 1024 1346 esse
1051 1344 1053 1348 ,

35 1365 130 1399 cruci
146 1371 289 1409 propter
305 1365 431 1398 multas
450 1375 578 1397 causas.
629 1363 676 1398 Et
693 1364 798 1396 simul
815 1364 890 1397 vult
906 1365 943 1397 in
960 1365 1018 1397 illa

34 1427 136 1449 cruce
157 1413 335 1448 Ecclesiae
358 1421 390 1448 et
414 1414 564 1446 miseriis
591 1414 774 1446 ostendere
802 1425 899 1447 suam
923 1427 1024 1462 prae-

38 1465 207 1505 sentiam,
235 1465 330 1511 quod
356 1465 429 1509 ipse
455 1471 643 1505 sustentet,
677 1471 711 1498 et
733 1472 845 1499 servet
869 1477 963 1505 eam,
990 1473 1023 1499 et

34 1517 130 1562 quod
146 1528 219 1549 non
237 1522 374 1549 tantum
390 1515 546 1549 consiliis
562 1512 728 1548 humanis
745 1524 884 1558 regatur
900 1523 933 1549 et
950 1528 1021 1549 ser-

34 1575 146 1608 vetur,
175 1567 264 1600 sicut
275 1565 401 1600 Esaiae
416 1565 492 1599 46.:
519 1564 595 1609 Ego
612 1577 674 1599 vos
689 1566 773 1607 feci,
801 1579 862 1610 ego
881 1567 1021 1610 gestabo

37 1629 98 1651 vos
119 1618 222 1651 etiam
240 1617 277 1649 in
295 1623 447 1657 senecta,
476 1623 539 1650 etc.

136 1667 216 1701 Non
235 1678 442 1711 quaeramus
457 1666 564 1710 igitur
589 1667 674 1700 alias
697 1667 896 1710 peregrinas
915 1678 1022 1710 expo-

34 1719 190 1752 sitiones.
242 1717 339 1751 Haec
357 1718 444 1750 fiunt
463 1717 529 1758 ita,
565 1717 663 1751 Deus
685 1718 895 1751 mirabiliter
913 1724 1023 1757 curat,

33 1776 72 1802 ut
95 1767 286 1803 habeamus
314 1769 464 1807 victum,
508 1768 768 1808 defensionem,
811 1774 844 1801 et
870 1768 936 1801 alia
961 1779 1022 1800 ne-

40 1820 185 1853 cessaria
197 1847 206 1860 ,
233 1819 367 1853 etiamsi
385 1819 458 1851 vult
476 1830 540 1851 nos
556 1819 729 1852 subiectos
747 1831 818 1852 esse
835 1819 944 1852 cruci.

138 1869 488 1912 Habetisimaginem
508 1871 544 1902 in
569 1876 640 1903 tota
664 1867 810 1903 historia
834 1870 954 1913 populi
975 1868 1022 1902 ls—
1048 1877 1049 1898 1

35 1921 110 1954 rae'l
126 1921 161 1953 in
180 1922 327 1954 deserto.
370 1919 418 1953 Et
435 1932 635 1965 quanquam
655 1927 836 1953 mutantur
855 1927 1023 1963 tempora,
1047 1900 1050 1976 ΐ

37 1971 123 2005 alias
147 1969 305 2005 Ecclesia
339 1977 389 2004 est
417 1971 453 2003 in
479 1972 634 2011 deserto,
672 1978 711 2004 ut
734 1978 889 2015 tempore
916 1970 1022 2010 Mosi‚
1048 1981 1050 1987 ·

35 2022 121 2056 alias
136 2022 173 2054 in
192 2020 370 2067 Aegypto,
396 2028 434 2054 ut
451 2028 606 2066 tempore
626 2020 769 2066 loseph,
797 2022 881 2054 alias
899 2022 935 2053 in
953 2022 1024 2054 exi-

36 2074 106 2114 lio,
133 2079 172 2105 ut
187 2079 344 2117 tempore
362 2072 538 2112 Danielis,
569 2073 654 2105 alias
680 2073 745 2106 sub
777 2073 855 2105 aliis
882 2072 1024 2115 regibus
1048 2062 1051 2105 l

37 2131 70 2157 et
94 2123 331 2167 principibus:
367 2129 484 2158 tamen
514 2124 586 2156 fere
612 2135 748 2167 semper
769 2121 873 2157 babet
896 2124 1023 2155 similia
1048 2115 1051 2154 ἶ

36 2173 213 2219 pericula,
240 2180 272 2207 et
295 2173 473 2212 miserias,
506 2181 539 2207 et
564 2181 679 2207 tamen
706 2175 808 2207 multi
834 2186 851 2207 a
867 2173 940 2207 Deo
957 2174 1024 2207 mi-

37 2224 198 2257 rabiliter
213 2231 418 2263 servantur,
445 2224 533 2257 sicut
557 2223 683 2267 loseph
706 2225 741 2256 in
771 2236 923 2264 carcere,
951 2223 1023 2256 Da—
1048 2213 1051 2268 Ι

37 2275 108 2309 niel
149 2275 240 2308 inter
286 2275 415 2310 leones¹
491 2272 587 2307 Haec
625 2286 731 2318 opera
762 2274 827 2308 Dei
861 2273 1051 2308 conside-'

37 2328 147 2360 randa
171 2333 264 2361 sunt.

37 2425 159 2460 Multi
172 2431 291 2460 aulem
307 2425 423 2473 primi
438 2430 541 2459 erunt
560 2426 760 2465 novissimi,
789 2431 819 2459 el
837 2425 1029 2460 nouissimi

15 2472 22 2479 ”
466 2476 590 2523 primi.
1049 2481 1052 2514 i

140 2545 387 2589 Amplissimae
419 2545 642 2587 promissioni
663 2557 783 2579 rursus
807 2546 904 2579 addit
931 2559 1026 2579 com-
1050 2544 1052 2559 ¹

40 2596 281 2630 minationem.
333 2594 378 2629 Et
402 2596 590 2639 significat,
612 2597 742 2630 multos
758 2597 831 2630 sieri
846 2597 1028 2641 superbos,

41 2648 116 2681 fieri
134 2647 366 2690 negligentes,
394 2653 578 2692 postquam
595 2648 712 2692 adepti
736 2655 817 2682 sunt
840 2649 933 2681 dona
951 2647 1028 2687 Dei,

42 2699 129 2732 sicut
144 2698 302 2731 videmus
318 2695 512 2742 Episcopus
528 2699 644 2733 statim
665 2699 766 2733 initio
782 2700 890 2733 factos
907 2711 1026 2743 super—

1053 872 1055 891 2
1080 849 1272 883 sententiae
1290 849 1478 892 diligenter
1500 849 1779 891 consideremus,
1807 857 1839 884 et
1865 863 1929 885 nos
1955 855 1997 886 ad
2024 855 2066 887 ti-

1053 894 1055 911 ⁴
1078 912 1212 933 morem
1239 899 1306 932 Dei
1332 906 1365 933 et
1388 901 1432 933 ad
1454 900 1558 933 fidem
1581 901 1848 942 exsuscitemus,
1883 911 1915 937 et
1933 916 2003 936 non
2022 907 2064 938 ad

1079 951 1222 984 inutiles
1246 950 1512 994 disputationes.

1181 1009 1327 1043 Summa
1345 1008 1590 1042 similitudinis
1610 1005 1696 1041 haec
1721 1016 1785 1043 est:
1814 1012 2002 1057 praecipit,
2030 1022 2064 1047 ut

1052 1060 1053 1068 ¹
1078 1060 1187 1093 simus
1210 1066 1470 1104 perseverantes
1494 1059 1531 1091 in
1554 1058 1765 1102 Evangelio,
1794 1068 1826 1094 et
1850 1074 1921 1095 non
1946 1064 2067 1098 fiamus

1078 1111 1219 1154 superbi
1253 1117 1285 1144 et
1316 1110 1557 1153 negligentes,
1613 1116 1647 1142 et
1689 1111 1905 1146 confidentes
1947 1122 2065 1149 nostra

1078 1162 1269 1195 sanctitate.
1296 1159 1342 1194 Et
1361 1161 1545 1193 minitatur
1562 1160 1722 1204 superbis
1739 1159 1941 1207 hypocritis,
1969 1168 2062 1209 quod

1077 1211 1172 1245 Deus
1195 1212 1238 1245 sit
1256 1223 1313 1244 eos
1335 1211 1527 1249 eiecturus,
1561 1217 1594 1244 et
1616 1211 1702 1244 alios
1726 1219 1925 1256 recepturus
1941 1243 1950 1255 ,
1986 1216 2065 1250 ideo

1077 1263 1160 1295 dicit
1177 1263 1213 1295 in
1232 1263 1315 1294 fine:
1354 1261 1460 1295 Multi
1479 1268 1560 1295 sunt
1581 1262 1712 1303 vocati,
1742 1264 1799 1296 sed
1828 1266 1927 1307 pauci
1955 1267 2065 1308 electi,

1077 1313 1195 1353 idest,
1222 1311 1435 1356 red>tsd)affe11
1461 1322 1501 1347 on
1517 1312 1697 1357 beud>e1et>1
1724 1319 1758 1347 et
1781 1316 1936 1359 exempta
1962 1318 2064 1351 nobis

1077 1374 1327 1406 proponamus,
1365 1361 1485 1396 ludaei
1504 1371 1601 1395 erant
1619 1363 1769 1406 populus
1785 1363 1872 1405 Dei,
1904 1368 1960 1399 sed
1981 1369 2062 1412 quia

1075 1414 1206 1446 fiebant
1235 1413 1376 1457 superbi
1402 1420 1544 1458 propter
1575 1413 1737 1452 titulum,
1781 1422 1814 1448 et
1839 1416 2062 1459 negligebant

1050 1467 1051 1470 ’
1076 1464 1295 1502 doctrinam,
1331 1471 1364 1497 et
1388 1471 1487 1498 erant
1516 1463 1591 1497 sine
1616 1475 1698 1496 vera
1725 1464 1810 1506 fide,
1846 1467 1921 1499 siue
1942 1470 2063 1511 poeni-

1077 1515 1184 1548 tentia
1197 1541 1206 1555 ,
1233 1515 1307 1547 sine
1325 1527 1405 1548 vera
1426 1514 1670 1555 invocatione,
1698 1515 1777 1549 ideo
1793 1524 1873 1549 sunt
1891 1518 2004 1560 eiecti,
2032 1528 2062 1554 et

1075 1564 1295 1599 horribiliter
1308 1566 1444 1610 puniti,
1471 1573 1505 1600 et
1522 1565 1666 1599 collecta
1683 1572 1732 1599 est
1750 1564 1904 1602 Ecclesia
1923 1580 1962 1602 ex
1979 1582 2062 1613 gen-

1075 1617 1180 1652 tibus.

1399 1706 1503 1731 Aliud
1528 1704 1732 1738 exfinplu‘m.

1178 1765 1344 1812 Episcopi
1366 1774 1399 1802 et
1422 1765 1595 1801 Monachi
1618 1767 1703 1801 olim
1728 1768 1869 1801 fuerunt
1894 1771 2003 1803 sancti
2029 1779 2060 1805 et

1047 1841 1049 1864 3
1080 1818 1232 1862 populus
1250 1817 1334 1858 Dei,
1359 1825 1398 1852 ut
1413 1818 1516 1852 multi
1533 1817 1726 1864 Martyres,
1754 1819 1856 1852 item:
1885 1819 2062 1855 Antonius

1077 1877 1109 1902 et
1126 1869 1234 1913 aliqui
1259 1869 1403 1902 similes.
1458 1868 1581 1902 Postea
1605 1876 1794 1912 coeperunt
1820 1882 1891 1902 esse
1910 1874 2062 1916 superbi,

1076 1927 1107 1953 et
1133 1920 1212 1952 facti
1236 1927 1317 1953 sunt
1343 1919 1576 1962 negligente5‚
1604 1927 1637 1953 et
1663 1921 1876 1953 confidentes
1902 1921 2004 1956 titulo
2030 1931 2061 1957 et

1077 1971 1202 2003 ordine
1220 1982 1302 2010 suo,
1328 1970 1407 2003 ideo
1422 1968 1518 2003 Deus
1541 1970 1609 2004 iam
1629 1971 1748 2005 deiicit
1769 1983 1825 2004 eos
1848 1973 1890 2004 de
1907 1974 2005 2014 sede,
2031 1982 2062 2008 et

1048 2018 1051 2058 ζ
1075 2022 1174 2061 facit,
1208 2028 1245 2053 ut
1273 2022 1554 2063 confundantur,
1589 2029 1622 2055 et
1644 2021 1752 2064 magis
1778 2023 1955 2067 magisque
1979 2037 2062 2057 cou-

1076 2072 1280 2106 fundentur.

1178 2129 1272 2163 llaec
1293 2131 1448 2175 exempla
1465 2142 1528 2163 nos
1545 2143 1685 2176 quoque
1698 2132 1972 2165 consideremus:
1998 2147 2060 2167 nos

1077 2193 1196 2215 sumus
1227 2181 1296 2213 iam
1329 2193 1447 2214 revera
1471 2182 1622 2226 populus
1644 2180 1719 2214 Dei.
1780 2182 1848 2215 Sed
1879 2184 1906 2215 si
1934 2185 2063 2217 erimus

1077 2232 1237 2276 superbi,
1264 2233 1494 2270 contentiosi,
1530 2240 1562 2266 et
1593 2233 1806 2275 negligentes
1842 2233 1876 2265 in
1909 2234 1996 2273 vita,
2031 2243 2060 2269 et

1077 2290 1191 2317 tamen
1219 2283 1432 2316 confidentes
1460 2283 1583 2323 titulo,
1609 2284 1701 2326 quod
1727 2283 1836 2316 simus
1850 2283 2063 2327 Evangeliri,

1079 2334 1269 2378 puniemur
1291 2346 1355 2367 nos
1380 2345 1540 2378 quoque,
1567 2333 1654 2366 sicut
1673 2335 1740 2365 iam
1761 2334 1859 2367 fateri
1877 2347 1940 2368 nos
1956 2348 2062 2378 opor-

1078 2392 1144 2423 tet,
1173 2386 1265 2430 quod
1285 2391 1364 2418 ante
1383 2384 1514 2417 bellurn
1533 2384 1702 2416 fuerimus
1718 2385 1943 2427 negligentes.
1982 2386 2062 2420 ldeo

1078 2447 1172 2470 nunc
1194 2447 1336 2479 agamus
1361 2435 1631 2479 poenitentiam,
1667 2447 1709 2467 ne
1730 2436 1906 2477 graviores
1932 2450 2064 2480 poenae

1078 2494 1280 2532 sequantur.

1181 2545 1276 2579 Haec
1294 2552 1341 2578 est
1364 2544 1566 2589 principalis
1587 2543 1746 2576 doctrina
1774 2541 1878 2577 buius
1899 2545 2063 2580 similitu-

1080 2597 1183 2630 dinis.
1225 2596 1261 2630 Si
1281 2597 1358 2641 quis
1379 2603 1492 2628 autern
1511 2595 1582 2627 vult
1603 2592 1728 2626 babere
1750 2595 1944 2642 longiorem
1963 2609 2063 2631 enar-

1080 2649 1274 2687 rationem,
1309 2653 1399 2679 recte
1422 2653 1535 2690 potest
1561 2643 1625 2677 boc
1647 2645 1776 2677 dicere:
1820 2647 1914 2691 quod
1943 2660 2061 2682 verum

1079 2699 1140 2740 sit,
1171 2699 1264 2744 quod
1281 2696 1535 2731 Paterfamilias
1552 2695 1722 2739 significat
1739 2695 1852 2730 Deum
1880 2706 2061 2733 vocantem

1373 2745 1454 2781 59*
