2409 2915
85 130 158 167 725
341 130 419 166 XlI.

83 218 112 251 ci
142 217 178 253 it.

88 229 270 313 QIiiicquid
290 267 459 310 petieritis
475 265 614 300 Patrem
633 265 670 297 in
688 264 832 298 nomine
851 277 947 305 meo,
973 265 1073 299 dabit
1094 276 1098 320 g

85 319 197 354 vobis.
269 317 337 351 Hic
361 317 506 361 ponitur
529 315 717 359 promissio
745 316 949 350 confirmata
974 317 1069 349 iure·
1094 327 1097 339 ¹

84 370 238 403 iurando
261 369 326 401 filii
347 367 423 401 Dei.
482 366 578 400 Haec
596 373 690 400 tanta
718 367 927 400 asseveratio
957 367 1069 400 corri-

83 427 142 464 gat
161 419 435 458 dubitationem,
461 418 570 461 erigat
585 417 741 458 animos,
769 424 806 451 ut
825 419 969 451 credant
989 429 1068 462 pro—

84 470 263 510 missioni,
287 481 326 502 ac
347 468 546 501 firmissime
561 474 734 509 statuant,
761 470 855 514 quod
875 475 968 501 certo
985 469 1069 502 velit

85 533 150 556 nos
166 521 260 555 Deus
276 519 462 563 exaudire,
492 519 587 564 quod
604 518 782 552 invocatio
798 526 915 553 nostra
934 519 1069 562 placeat

84 573 133 613 ei,
159 583 222 604 nec
241 570 286 603 sit
300 570 419 611 irrita,
446 571 542 615 quod
559 581 640 603 vere
657 569 742 603 velit
758 570 852 603 bona
869 577 1009 604 aeterna
1035 577 1068 604 et

83 621 288 666 temporalia
306 621 410 660 dare,
438 628 471 654 et
495 621 639 666 quidem
664 621 741 654 vult
767 621 837 654 sibi
859 621 969 656 tribui
991 621 1067 654 lau-

83 674 163 706 dem
180 672 348 707 veritatis,

182 721 258 756 Iam
281 722 555 756 familiarissime
576 729 660 757 nota
683 723 746 761 sit,
780 729 812 757 et
836 723 974 756 assidue
999 723 1067 756 cir-

82 774 297 808 cumferatur
313 773 441 806 animis
460 774 618 807 doctrina
634 775 677 806 de
694 773 921 807 distinctione
946 786 983 807 ac
1008 786 1065 807 or-

81 825 165 858 dine
193 824 482 868 promissionum.
550 823 657 858 lnitio
691 825 795 858 nobis
827 836 1066 868 proponamus

80 875 229 920 primam
248 883 283 910 et
300 887 471 909 summam
490 875 770 919 promissionem,
787 876 961 915 videlicet,
985 887 1065 919 pro-

79 926 285 960 missionem
317 926 448 969 gratiae
477 938 537 959 seu
569 926 868 960 reconciliationis
904 937 937 960 et
974 926 1066 960 vitae

79 984 241 1012 aeternae
260 977 367 1020 gratis
391 977 528 1010 dandae
548 983 691 1021 propter
713 978 942 1010 mediatorem
960 974 1066 1010 Chri-

79 1035 189 1062 stum:
217 1040 256 1061 ac
271 1028 420 1061 sciamus
437 1035 531 1061 certo
550 1030 754 1062 mandatum
767 1028 834 1061 Dei
851 1039 922 1060 esse
938 1028 973 1060 in
985 1040 1064 1060 vera

78 1079 308 1113 conversione
325 1091 387 1112 seu
404 1079 638 1122 poenitentia,
672 1079 824 1122 primum
845 1086 878 1112 ct
896 1086 1065 1122 petamus,

79 1137 113 1164 et
150 1130 218 1163 fide
257 1130 469 1173 accipiamus
510 1127 594 1169 hoc,
638 1136 677 1163 ut
711 1141 886 1162 summum
921 1130 1065 1170 bonum,

80 1180 260 1221 videlicet,
295 1181 536 1213 remissionem
559 1187 778 1224 peccatorum
804 1187 835 1214 et
859 1181 1064 1214 reconcilia-

80 1231 213 1264 tionem
231 1243 292 1264 seu
311 1231 583 1275 acceptationem
605 1232 647 1264 ad
665 1232 772 1265 vitam
789 1239 965 1265 aeternam
985 1244 1065 1275 pro-

80 1282 220 1315 missam
243 1288 386 1326 propter
403 1280 602 1315 Christum:
640 1279 730 1315 hanc
755 1289 946 1315 statuamus
972 1289 1064 1315 certo

78 1333 204 1365 donari
222 1333 324 1366 nobis
340 1332 585 1366 accedentibus
602 1334 645 1365 ad
664 1331 777 1366 Deum
798 1333 922 1365 fiducia
935 1331 1065 1366 Christi

78 1383 298 1423 mediatoris,
326 1383 420 1416 iuxta
438 1383 526 1415 illud
545 1383 652 1417 Abac.
669 1385 703 1417 2.
731 1382 836 1416 Rom.
858 1385 888 1416 1.
916 1382 995 1415 Gal.
1014 1383 1063 1416 3.:

77 1432 194 1467 Iustus
211 1434 278 1466 fide
291 1444 353 1466 sna
373 1434 477 1468 vivet.
531 1430 845 1466 ItemMattb.11.:
875 1432 1002 1466 Venite
1020 1434 1061 1465 ad

76 1496 132 1517 me
155 1496 293 1522 omne5‚
322 1484 382 1529 qui
407 1484 576 1518 laboratis
600 1490 632 1517 et
653 1484 789 1517 onerati
815 1484 915 1522 estis,
943 1491 975 1517 et
1002 1496 1063 1525 ego

76 1534 228 1568 reficiam
245 1546 318 1569 vos,
374 1534 460 1568 Item
477 1534 562 1568 Luc.
579 1535 651 1569 11.:
679 1535 823 1577 Quanto
841 1535 951 1576 magis
962 1534 1065 1568 Pater

78 1592 192 1619 vester
222 1585 380 1619 coelestis
407 1585 507 1619 dabit
529 1585 702 1629 Spiritum
726 1593 884 1619 sanctum
913 1586 1062 1629 petenti·

78 1638 155 1672 bus.
209 1635 296 1669 Item
308 1633 433 1670 Ezech.
450 1636 527 1671 33.:
559 1635 648 1669 Vivo
667 1648 749 1680 ego,
775 1637 861 1669 dicit
877 1635 1063 1675 Dominus,

77 1688 163 1721 nolo
179 1693 327 1720 mortem
349 1687 557 1731 peccatoris,
585 1688 642 1720 sed
660 1695 697 1720 ut
715 1693 941 1720 convertatur
961 1694 993 1720 et
1011 1688 1063 1719 vi-
1088 1718 1090 1726 ξ

81 1734 146 1772 vat.
200 1737 308 1770 Vides
335 1735 426 1770 hanc
454 1749 534 1770 vere
559 1749 630 1770 esse
654 1745 855 1781 perpetuam
879 1736 1063 1780 Evangelii

77 1800 216 1827 vocem,
243 1795 281 1821 ut
298 1789 501 1821 accedamus
518 1789 559 1821 ad
575 1788 687 1822 Deum
704 1789 830 1821 fiducia
846 1789 1064 1829 mediatoris,
1087 1813 1090 1834 ὁ

77 1847 116 1874 ut
144 1839 369 1882 promissioni
396 1839 527 1882 gratiae
562 1847 655 1872 certo
687 1840 934 1872 assentiamur:
975 1852 1063 1884 quae

77 1891 218 1936 quidem
237 1897 269 1923 et
289 1890 487 1923 iuramento
512 1897 545 1924 et
566 1891 735 1933 sangnine
757 1891 820 1923 filii
846 1889 911 1923 Dei
936 1891 1062 1923 confir-

77 1949 168 1975 mata
197 1948 262 1974 est:
299 1938 389 1974 hanc
407 1941 480 1974 vult
501 1939 595 1974 Deus
615 1942 724 1985 accipi
743 1949 774 1975 et
792 1941 937 1975 retineri
957 1942 1060 1975 etiam

77 1991 242 2025 omnibus
257 1992 360 2025 bonis
377 1992 618 2036 corporalibus
636 1993 771 2025 amissis
783 2019 792 2033 ‚
819 1993 912 2026 iuxta
930 1992 1062 2025 dictum

79 2042 142 2076 lob
163 2043 238 2078 13.:
273 2040 422 2076 Etiamsi
447 2043 579 2076 occidet
604 2055 675 2077 me:
714 2050 829 2076 tamen
855 2043 1001 2086 sperabo
1026 2043 1062 2075 in

77 2106 171 2127 eum.
223 2092 464 2127 Veruntamen
491 2094 565 2126 vias
588 2106 682 2128 meas
706 2106 821 2127 coram
850 2107 889 2127 eo
910 2105 1064 2137 arguam,

80 2152 111 2177 et
130 2145 203 2189 ipse
220 2144 284 2176 erit
302 2144 465 2177 Salvator
481 2156 594 2185 meuS,
628 2157 691 2179 nec
717 2145 863 2179 intrabit
886 2157 1002 2178 coram
1023 2157 1063 2177 eo
1088 2182 1089 2186 Ἰ

77 2196 171 2228 nllus
189 2193 383 2240 hypocrita.
438 2194 513 2228 Imo
536 2208 609 2228 non
633 2203 780 2240 possunt
798 2196 864 2229 alia
887 2195 980 2229 bona
1005 2208 1063 2228 seu
1087 2192 1090 2225 l

78 2246 243 2279 beneficia
268 2246 357 2289 peti,
386 2245 454 2279 nisi
481 2247 702 2289 praelucente.
729 2247 961 2291 promissione
988 2258 1065 2289 gra-
1088 2236 1091 2270 i

78 2298 163 2338 tiae,
199 2297 292 2330 iuxta
319 2297 450 2330 dictum
479 2294 630 2336 Christi,
667 2295 814 2330 lohann.
839 2297 915 2331 14.:
952 2297 1063 2330 'Nemo
1088 2293 1091 2338 ἓ

78 2356 190 2390 potest
207 2349 368 2381 accedere
387 2348 429 2380 ad
448 2346 584 2381 Patrem
598 2375 606 2387 ,
635 2348 702 2381 nisi
723 2360 783 2389 per
800 2347 941 2382 Filium.
980 2348 1063 2381 item

79 2397 226 2434 loliann.
239 2398 315 2433 16.;
344 2398 522 2443 Quicquid
537 2399 703 2443 petieritis
715 2398 853 2432 Pati-em
868 2400 903 2431 in
922 2401 1065 2432 numine

80 2462 174 2489 meo,
202 2450 302 2483 dabit
320 2450 431 2483 vobis.
466 2448 513 2484 Et
530 2452 571 2483 ad
585 2449 755 2483 Hel›r.4.:
780 2449 958 2483 Habentes
971 2450 1064 2483 Pon-

79 2501 203 2534 tificem
216 2500 347 2540 lesum,
373 2502 577 2535 accedamus
594 2514 671 2534 cum
691 2500 817 2534 fiducia
836 2502 875 2534 ad
895 2498 1063 2534 thronum

79 2552 217 2594 gratiae.
287 2550 430 2585 Frustra
462 2559 591 2594 peteret
613 2551 728 2586 David
752 2553 953 2593 victoriam,
998 2553 1064 2585 nisi

81 2602 184 2636 simul
202 2609 333 2645 peteret
350 2603 591 2636 remissionem
610 2610 843 2647 peccatorum.

180 2652 370 2699 Postquam
393 2660 509 2687 autem
532 2655 575 2688 de
599 2654 887 2688 reconciliatione
910 2666 1066 2686 commo-

83 2703 206 2740 nefacti
230 2715 370 2739 sumus:
414 2705 542 2739 deinde
566 2705 834 2740 considerentur
859 2705 1064 2750 promissio·-

473 127 866 164 ANNOTATIONES
894 126 959 162 ET
988 125 1268 163 CONCIONES
1296 127 1344 161 IN
1373 126 1553 162 EVANG.
1581 127 1858 163 MAT-THAEL

2036 130 2109 166 726

232 215 339 256 ltem,
370 213 443 249 10h.
465 215 540 249 16.:
569 212 704 258 Amen,
730 225 832 247 amen
851 213 930 248 dico
948 214 1065 248 vobis:
1095 216 1099 247 Ι
1121 224 1184 246 nes
1200 213 1242 246 de
1259 213 1362 247 honis
1381 213 1585 247 necessariis
1604 214 1638 246 in
1655 211 1720 247 hac
1739 215 1807 249 vita
1820 243 1829 256 ,
1866 228 1903 249 ac
1923 216 2072 251 sciamus
2090 229 2108 250 a

1121 263 1196 297 Deo
1213 265 1363 307 petenda
1385 271 1415 297 et
1441 266 1668 307 exspectanda
1694 277 1766 298 esse
1791 267 1956 300 beneficia
1984 280 2110 311 corpo-

1121 315 1188 353 ris,
1216 321 1250 348 et
1265 326 1383 358 preces
1401 325 1456 346 eas
1475 326 1546 347 non
1564 314 1681 347 irritas
1698 328 1785 356 esse,
1814 319 1872 350 sed
1888 329 2024 362 semper
2041 319 2107 351 im-

1120 372 1257 410 petrare
1272 365 1389 409 aliqua
1407 365 1518 405 bona,
1545 365 1617 397 imo
1634 373 1728 399 certo
1745 367 1930 410 impetrare
1948 369 2001 401 vel
2019 369 2107 402 libe-

1119 417 1290 450 rationem
1310 416 1364 448 vel
1384 415 1638 458 mitigationem
1662 418 1898 460 corporalium
1920 431 2106 453 aerumna-

1120 480 1215 500 rum:
1251 479 1290 500 ac
1314 465 1388 499 Deo
1413 478 1516 498 curae
1539 477 1610 498 esse
1626 463 1840 508 Ecclesiam,
1875 469 2011 503 etiamsi
2038 471 2106 504 alia

1119 518 1274 551 membra
1293 517 1396 550 aliter
1415 523 1560 551 exercet.
1615 516 1706 559 Quia
1726 518 1820 549 enim
1839 531 1922 551 voce.
1945 518 2105 563 Evange-

1118 569 1174 609 lii,
1208 575 1241 601 et
1264 579 1337 600 non
1361 568 1464 600 aliter
1486 566 1579 600 Deus
1603 579 1741 610 semper
1765 569 1898 612 colligit
1916 568 2106 604 Ecclesiam

1117 620 1154 653 in
1177 617 1241 652 hac
1258 619 1346 659 vita,
1373 617 1500 652 tribuit
1527 618 1629 651 etiam
1656 619 1772 663 aliqua
1799 621 1890 654 vitae
1913 621 2044 665 spatia,
2074 629 2106 655 et

1118 671 1256 715 politias
1274 676 1307 703 et
1323 669 1564 706 oeconomias,
1594 669 1743 714 ideoque
1760 670 1891 704 dictum
1909 678 1969 711 est,
1999 671 2105 706 1.Ti-

1117 719 1225 754 moth.
1243 719 1295 754 4.;
1339 720 1456 754 Pietas
1488 719 1756 763 promissionem
1785 719 1888 756 babet
1913 724 2105 766 praesentis

1118 773 1208 806 vitae
1227 779 1260 806 et
1278 772 1426 805 futurae.
1481 771 1566 803 Item
1587 768 1715 803 Mattb.
1731 771 1786 804 6.:
1818 771 1976 805 Primum
1998 786 2107 819 quae-

1118 823 1185 857 rite
1218 834 1366 867 regnum
1393 821 1478 862 Dei,
1521 827 1553 854 et
1585 827 1716 853 caetera
1750 822 1961 856 adiicientur
1992 825 2104 860 vobis.

1119 873 1204 907 Item
1222 873 1362 907 Psalmo
1385 870 1486 907 115.:
1522 870 1601 904 Non
1622 873 1751 905 mortui
1772 873 1965 908 laudabunt
1981 882 2013 909 tc
2031 875 2105 909 Do—

1116 925 1212 958 mine
1231 932 1294 960 etc.

1220 976 1354 1019 Quarta
1373 975 1608 1009 consideratio
1627 981 1675 1007 est
1693 975 1734 1008 de
1757 976 1823 1009 fide
1849 983 1986 1020 petente
2009 977 2105 1011 fidu-

1118 1028 1167 1061 cia
1194 1026 1259 1061 filii
1285 1026 1348 1060 Dei
1373 1026 1576 1060 mediatoris
1603 1033 1741 1059 aeterna
1768 1028 1858 1060 bona
1888 1035 1919 1062 et
1944 1040 2108 1072 praesen-

1119 1079 1179 1111 tia:
1208 1080 1288 1111 ideo
1311 1078 1404 1111 enim
1431 1078 1581 1111 traditae
1605 1083 1686 1110 sunt
1714 1078 1980 1120 promissiones,
2008 1087 2045 1113 ut
2068 1080 2104 1112 in

1118 1130 1340 1163 invocatione
1356 1129 1439 1161 fides
1457 1128 1679 1161 accendatur.
1740 1126 1804 1168 Et,
1840 1135 1878 1162 ut
1896 1129 1965 1163 iam
1984 1131 2027 1163 de
2045 1143 2104 1163 or-

1117 1182 1199 1214 dine
1216 1193 1274 1214 seu
1291 1179 1518 1213 distinctione
1538 1178 1812 1222 promissionum
1839 1180 1930 1218 dixi,
1960 1181 2005 1214 ita
2031 1182 2106 1225 pri-

1119 1244 1214 1265 mum
1233 1229 1290 1264 hic
1308 1230 1490 1263 sciendum
1510 1237 1576 1266 est,
1611 1236 1774 1271 oportere
1801 1230 1837 1262 in
1862 1231 1958 1263 omni
1985 1244 2105 1276 preca-

1117 1283 1212 1316 tione
1230 1281 1431 1324 praelucere
1450 1278 1539 1312 hanc
1562 1280 1684 1319 tidem,
1716 1292 1804 1323 quae
1821 1282 1941 1314 statuit
1963 1289 1996 1316 te
2021 1295 2105 1326 pro-

1119 1339 1195 1376 pter
1215 1332 1327 1364 filium
1353 1329 1420 1364 Dei
1445 1330 1552 1373 recipi
1581 1336 1613 1362 et
1639 1331 1812 1362 exaudiri:
1857 1338 1895 1364 ut
1919 1330 2050 1376 Ephes.
2067 1334 2102 1367 3.

1118 1383 1262 1415 dicitur:
1292 1382 1361 1414 Per
1379 1392 1482 1426 quem
1501 1381 1670 1413 audemus
1687 1382 1850 1414 accedere
1872 1394 1950 1414 cum
1976 1383 2104 1417 fiducia

1118 1445 1180 1477 per
1197 1433 1299 1465 fidem
1317 1433 1354 1464 in
1373 1432 1487 1474 ipsum
1504 1437 1567 1464 etc.
1621 1429 1692 1463 Nec
1706 1437 1842 1464 tantum
1863 1432 1898 1464 in
1917 1430 1983 1466 hoc
2002 1433 2104 1467 initio

1117 1483 1369 1517 consolationis
1384 1482 1498 1515 luceat
1514 1482 1609 1519 fides,
1637 1481 1815 1521 videlicet,
1842 1489 1879 1515 ut
1896 1490 2025 1518 statuat
2041 1497 2104 1518 nos

1118 1535 1241 1579 recipi,
1269 1535 1405 1578 placere
1423 1532 1518 1570 Deo,
1547 1531 1702 1575 accipere
1725 1533 1964 1566 remissionem
1983 1547 2105 1577 pecca-

1117 1593 1256 1623 torum,
1284 1592 1315 1619 et
1338 1584 1454 1617 audiri
1480 1590 1616 1616 nostros
1637 1583 1801 1623 gemitus:
1830 1586 1886 1615 sed
1916 1586 2020 1618 etiam
2046 1599 2102 1620 ac-

1117 1638 1215 1669 cedat
1239 1636 1336 1668 firma
1356 1647 1452 1678 spes,
1487 1646 1554 1678 qua
1582 1640 1817 1676 exspectemus
1837 1635 1891 1667 vel
1911 1637 2104 1678 mitigatio-

1117 1699 1197 1719 nem
1213 1686 1268 1718 vel
1286 1686 1529 1719 liberationem
1556 1684 1592 1716 in
1620 1680 1683 1716 hac
1703 1684 1791 1722 vita,
1820 1685 1952 1718 etiamsi
1978 1687 2102 1720 disser-

1088 1731 1090 1737 ’
1116 1745 1174 1771 tur
1195 1737 1383 1774 auxilium,
1409 1743 1441 1768 et
1457 1746 1574 1767 morae.
1596 1733 1778 1775 longitudo
1798 1735 2006 1778 languesacit
2024 1740 2102 1771 ani-

1117 1801 1211 1821 mum
1224 1815 1231 1828 ,
1259 1789 1347 1821 sicut
1363 1787 1471 1820 Abac.
1491 1787 1525 1820 2.
1544 1785 1774 1829 praecipitur:
1805 1786 1841 1819 Si
1859 1799 1992 1820 moram
2011 1790 2102 1822 sece-

1117 1840 1177 1877 rit,
1211 1846 1366 1882 exspecta
1393 1849 1490 1877 eum,
1522 1837 1603 1881 quia
1631 1836 1775 1868 veniens
1801 1838 1937 1878 reniet,
1973 1846 2005 1872 et
2030 1853 2102 1873 non

1116 1890 1280 1924 tardabit.

1218 1939 1355 1973 Deinde
1374 1940 1624 1972 discernendae
1643 1943 1723 1970 sunt
1749 1949 1801 1970 res
1820 1950 1908 1983 quae
1926 1948 2103 1983 petuntur.

1117 1991 1191 2026 Aut
1212 1991 1304 2024 enim
1332 1991 1416 2023 fides
1439 1991 1525 2033 petit
1553 1991 1645 2021 bona
1669 1988 1881 2032 spiritualia,
1916 1993 1958 2024 de
1976 1995 2103 2037 quibus

1116 2043 1328 2076 nominatim
1347 2049 1379 2074 et
1396 2040 1592 2084 specialiter
1611 2051 1768 2082 expressa
1785 2048 1834 2074 est
1851 2042 2013 2076 voluntas
2024 2043 2102 2085 Dei,

1116 2095 1210 2139 quod
1235 2091 1319 2125 haee
1342 2093 1416 2136 ipsa
1441 2092 1533 2125 bona
1558 2090 1768 2124 nominatim
1796 2091 1840 2124 sit
1865 2093 2030 2131 daturus,
2070 2103 2102 2128 et

1118 2145 1210 2189 quod
1231 2144 1314 2177 velit
1339 2155 1376 2176 ea
1402 2143 1477 2176 sine
1496 2142 1702 2175 conditione
1727 2142 1814 2184 peti,
1842 2150 1879 2175 ut
1897 2146 2103 2177 reconcilia-

1117 2197 1249 2229 tionem
1277 2202 1309 2228 et
1334 2195 1440 2228 vitam
1469 2201 1664 2232 aeternam,
1705 2193 1995 2234 gubernationem
2024 2197 2102 2228 ani-

1118 2258 1212 2284 mae,
1252 2247 1479 2279 donationem
1504 2244 1658 2287 Spiritus
1684 2244 1812 2282 sancti,
1855 2244 2100 2279 liberationem

1117 2298 1159 2331 ab
1191 2297 1368 2341 impietate.
1397 2303 1430 2329 et
1460 2302 1574 2328 morte
1603 2301 1759 2327 aeterna:
1803 2291 1903 2332 haec,
1946 2296 2101 2341 inquam,

1117 2348 1282 2382 beneficia
1314 2347 1458 2392 propria
1482 2345 1666 2385 Evangelii
1700 2352 1732 2378 et
1762 2351 1920 2385 aeterna,
1966 2356 2103 2390 oportet

1117 2400 1220 2433 fidem
1238 2399 1272 2431 in
1295 2399 1407 2442 specie
1425 2410 1462 2430 ac
1480 2396 1690 2429 nominatim
1711 2401 1827 2439 petere
1850 2403 1880 2429 et
1905 2406 2101 2441 exspectare,

1117 2451 1192 2484 sine
1216 2450 1430 2484 conditione.
1484 2446 1577 2488 Quia
1603 2453 1653 2479 est
1674 2453 1853 2479 aeternum
1879 2454 1910 2479 et
1939 2449 2103 2483 immuta-

1117 2502 1188 2535 bile
1211 2502 1414 2534 mandatum
1435 2497 1499 2531 Dei
1527 2498 1623 2530 omni
1651 2504 1825 2540 tempore,
1854 2505 1890 2530 ut
1917 2499 1958 2530 ad
1987 2499 2100 2542 ipsum

1117 2559 1365 2586 convertamur
1381 2557 1413 2584 ct
1432 2556 1589 2593 petamus
1611 2549 1870 2587 remissionem,
1906 2561 1944 2581 ac
1971 2557 2101 2585 statua-

1116 2616 1194 2637 mus
1223 2615 1287 2636 nos
1320 2609 1414 2635 certo
1447 2600 1556 2644 recipi
1588 2599 1693 2641 gratis
1719 2605 1863 2642 propter
1886 2599 1996 2633 filium
2023 2600 2103 2642 Dei,

1116 2667 1188 2688 non
1211 2661 1353 2699 propter
1377 2652 1554 2696 propriam
1580 2649 1808 2692 dignitatem,
1842 2657 1901 2684 aut
1923 2651 2013 2685 ullas
2032 2655 2103 2687 vir-

1117 2712 1207 2740 tutes
1226 2713 1258 2739 et
1274 2705 1427 2738 actiones
1447 2709 1593 2740 nostras,
1623 2701 1656 2734 id
1676 2701 1735 2746 qui
1755 2713 1825 2733 non
1843 2702 2000 2743 credunt,
2030 2717 2101 2737 ma-

1397 2751 1478 2787 46*
