2409 2915
97 117 166 151 173
624 115 704 149 Xll.

94 203 262 236 dimicent
285 213 364 235 cum
389 201 460 235 suis
476 200 746 243 cupiditatibus,
771 200 883 233 sciant
900 211 971 232 esse
990 211 1076 243 opus

97 253 209 298 aliqua
228 253 453 286 contentione
470 251 512 283 ad
530 251 724 283 domandas
742 250 959 293 cupiditates,
1013 250 1076 284 Se-

97 315 154 336 nes
180 303 347 336 dimicent
371 313 448 334 cum
471 301 750 344 persecutoribus
768 299 970 344 Evangelii,
997 312 1074 333 cum

98 353 318 394 3nfidelitate‚
345 359 376 385 et
401 351 479 384 aliis
504 352 680 384 morsibus
705 351 859 389 diaboli,
888 349 953 384 hoc
975 353 1075 384 docet

107 405 243 444 lictum,
284 401 430 434 violenti
468 402 629 445 rapiunt,
670 401 800 435 scilicet
839 408 1009 435 certantes
1043 408 1074 434 et

93 455 299 499 praeliantes
315 454 481 486 adversus
499 451 692 485 diabolum.

286 577 504 616 Dominica
521 576 615 618 1111.
639 576 873 617 Adventus.

359 650 594 694 Evangelium
622 649 745 684 Iohan.
775 652 805 684 l.

141 724 220 759 Hoc
245 729 294 758 est
318 724 563 758 testimonium
588 722 794 763 Iohannis,
831 722 981 772 quando
1003 722 1072 756 mi-

191 780 314 809 serunt
337 773 476 809 Iudaei
495 774 543 808 ab
568 775 840 821 Hierosolymis
860 772 1072 808 Sacerdotes
1096 782 1098 793 ”

194 831 224 859 et
240 823 412 865 Levitas,
442 830 478 859 ut
506 827 773 872 interrogarent
790 838 883 859 eam:
912 823 971 858 Tu
988 824 1071 872 quis

193 876 257 911 es?
296 875 349 909 Et
376 889 448 909 non
463 877 627 922 negarit,
663 877 900 925 et'consessus
917 881 984 913 est,
1014 875 1071 908 in-

190 927 337 975 quiens.-
365 925 452 962 Non
469 939 548 961 sum
569 940 631 972 ego
648 923 835 962 Christus.
891 925 943 959 Et
961 926 1070 959 inter-

193 983 410 1024 rogaverant
434 990 530 1011 earn:
558 976 664 1024 Quid
678 978 789 1024 ergo?
820 977 935 1010 Elias
953 989 987 1009 es
1006 976 1073 1009 la?

191 1027 245 1061 Et
263 1026 368 1062 dicit:
393 1026 481 1063 lVon
499 1041 590 1062 sum.
644 1028 700 1062 Es
718 1034 755 1062 Ia
771 1026 980 1076 Propheta?
1017 1026 1069 1060 Et

193 1078 396 1125 respondit.-
422 1077 526 1115 avon.
579 1078 770 1113 Dixerunt
796 1091 880 1125 ergo
897 1078 947 1112 ei:
975 1076 1070 1124 Quis

169 1129 252 1163 ἐς.)
278 1135 314 1163 ut
339 1142 548 1175 responsum
572 1128 695 1163 demas
719 1130 784 1169 iis,
813 1129 879 1177 qui
894 1129 1068 1162 miserunt
1094 1157 1095 1172 ¹

321 1178 427 1226 Quid
438 1179 529 1214 dicis·
545 1178 586 1213 de
603 1185 632 1214 te
649 1180 727 1227 ipso
737 1180 754 1212 Ρ
789 1180 869 1213 Ait.-
897 1178 984 1225 Ego
999 1191 1070 1212 coz·
1094 1205 1095 1211 1

191 1192 267 1214 nos.

191 1229 390 1264 clamantis
423 1230 460 1264 in
483 1229 636 1271 deserto,
670 1230 838 1276 Dirigite
865 1230 961 1263 ciam
985 1228 1070 1263 Do-

191 1282 301 1319 mini,
334 1281 426 1314 sicut
460 1279 558 1314 dixit
591 1280 736 1315 Esaias
766 1278 961 1327 Propheta.
1015 1279 1068 1313 Et

188 1331 254 1379 qui
267 1330 374 1364 missi
389 1331 565 1379 fuerant,
594 1336 696 1365 erant
713 1344 758 1365 επ·
772 1328 1010 1369 Pharisaeis,
1039 1335 1068 1364 et

188 1382 502 1427 interrogaverant
529 1394 626 1424 eum,
654 1394 697 1415 ac
722 1380 896 1415 dixerunt
918 1382 964 1414 ei:
991 1378 1070 1415 Car

189 1444 274 1477 ergo
301 1431 490 1479 baptizas,
518 1433 553 1466 si
573 1438 611 1466 ta
637 1445 709 1466 non
731 1445 765 1476 es
788 1427 980 1471 Christus,
1008 1444 1069 1465 ne-

187 1494 254 1530 que
285 1481 421 1522 Elias,
457 1495 568 1531 neque
598 1480 812 1529 Propheta?
861 1481 1068 1529 Respondit

189 1533 238 1567 eis
270 1532 449 1574 Ioannes,
491 1533 629 1567 dicens:
665 1533 751 1579 Ego
780 1533 928 1581 baptizo
957 1546 1068 1581 aqua,

187 1581 253 1617 sed
273 1584 311 1617 in
330 1582 446 1618 medio
467 1589 618 1618 vestrum
635 1589 728 1624 stat,
757 1596 859 1632 quem
881 1596 939 1617 vos
956 1585 1068 1618 nesci-

188 1634 254 1673 tis,
283 1634 357 1678 ipse
382 1639 450 1672 est,
480 1635 544 1680 qai
563 1640 645 1681 post
669 1646 722 1668 me
748 1635 861 1679 venit,
889 1635 1069 1682 qaiprior

189 1696 242 1717 me
265 1689 332 1727 est,
360 1684 460 1717 cuius
484 1697 548 1730 ego
572 1697 645 1718 non
664 1697 740 1718 sum
759 1683 912 1730 dignus,
941 1690 978 1718 ul
994 1684 1068 1718 sol-

189 1747 269 1768 vam
297 1733 414 1768 lorum
440 1734 683 1770 calciamenti.

187 1783 282 1817 bara
291 1784 403 1832 sacta
420 1790 505 1818 sunt
523 1790 629 1819 trans
640 1783 850 1824 Iordanem,
878 1784 1068 1819 ubiIoan-

186 1845 247 1867 nes
263 1833 493 1881 baptizabat.

234 1902 317 1936 Loci
336 1914 402 1935 sex
423 1915 461 1936 su
469 1909 516 1936 nt.

186 1959 336 1994 Primus.
384 1961 489 2004 Quod
506 1969 662 2005 oporteat
679 1969 793 1995 extare
809 1962 1006 1995 testimonia
1025 1963 1067 1995 de

85 2010 250 2052 Christo,
285 2012 374 2045 sicut
404 2013 518 2046 statim
548 2013 650 2047 initio
676 2020 752 2057 post
778 2013 995 2046 nativitatem
1025 2014 1068 2046 de

83 2075 124 2095 eo
156 2060 302 2104 Angeli‚
342 2061 487 2107 Ioseph,
531 2062 707 2103 pastores,
750 2063 913 2103 Simeon,
950 2062 1067 2104 Anna,

83 2113 201 2154 Magi,
234 2110 440 2154 Zacharias,
473 2121 507 2147 et
533 2126 628 2147 nunc
654 2113 800 2147 loannes
824 2115 867 2146 de
894 2126 934 2147 eo
959 2121 1063 2147 testa-

84 2171 157 2200 tur,
194 2163 321 2195 deinde
344 2171 563 2198 accesserunt
583 2165 762 2198 miracula.
817 2162 880 2197 His
907 2164 1064 2197 testimo-

82 2214 152 2247 niis
185 2213 285 2246 multi
320 2214 431 2246 vocati
463 2221 544 2248 sunt
571 2216 613 2248 ad
638 2214 890 2258 Evangelium,
921 2221 952 2247 et
981 2215 1065 2247 fides

81 2265 220 2308 piorum
245 2264 448 2297 confirmata
471 2271 533 2299 est.
586 2263 692 2305 Item,
718 2263 775 2298 hic
799 2265 955 2298 cernitur
976 2277 1064 2310 quae

79 2315 185 2349 suerit
199 2312 351 2347 Ecclesia
369 2315 403 2347 in
424 2312 490 2348 hoc
509 2315 650 2359 populo,
676 2315 807 2349 scilicet
824 2316 968 2359 exiguus
985 2327 1063 2348 coe-

79 2373 134 2400 tus
148 2365 377 2400 credentium.

182 2415 377 2450 Secundus.
430 2415 483 2451 De
506 2416 710 2456 vocatione,
737 2427 781 2448 an
804 2416 905 2449 liceat
927 2417 1062 2455 docere,

81 2466 297 2501 ceremonias
325 2466 526 2508 instituere,
559 2479 630 2500 non
661 2473 783 2500 vocato
815 2467 858 2499 ab
881 2467 1060 2500 ordinaria

80 2523 259 2562 potestate.
313 2515 366 2549 De
389 2515 454 2551 hac
477 2529 515 2551 re
538 2515 595 2551 hic
621 2523 802 2561 praecipua
828 2517 985 2562 quaestio
1001 2524 1062 2559 est,

79 2575 112 2602 et
134 2579 270 2611 semper
286 2578 408 2610 magna
427 2569 604 2602 contentio
620 2575 668 2601 est
683 2568 882 2602 ordinariae
899 2569 1058 2612 potestati
1082 2583 1083 2587 ¹

79 2630 158 2651 curn
182 2615 385 2661 Prophetis,
411 2630 500 2663 quos
522 2619 628 2653 mittit
650 2618 744 2653 Deus
767 2626 860 2652 extra
885 2620 1059 2657 ordinem,
1079 2605 1084 2692 ‘l

974 2668 1060 2703 Ideo

79 2669 124 2702 ad
139 2667 460 2713 reprehendendam
477 2669 692 2704 ordinariam
710 2676 925 2714 potestatem.

758 113 1151 149 ANNOTATIONES
1190 113 1239 147 IN
1272 112 1569 149 EVANGELtA.

737 1735 838 1768 Haec
864 1736 902 1768 in
925 1733 1069 1768 Betha-
1092 1751 1094 1753 ·

2035 113 2104 148 174

1126 196 1183 232 hic
1207 200 1428 243 expostulant
1450 201 1645 232 sacerdotes
1667 210 1746 232 cum
1765 195 1940 238 Iohanne,
1968 198 2028 242 qui
2044 198 2106 231 ab-

1124 250 1273 283 ducebat
1295 250 1465 293 populum
1489 250 1532 283 ab
1549 249 1729 282 ordinario
1747 248 1963 288 ministerio,
1990 249 2103 281 trade-

1124 300 1182 332 bat
1209 312 1340 332 novum
1365 300 1529 338 verbum,
1562 299 1752 340 recipiebat
1777 306 1913 342 gentes,
1941 298 2103 332 institue-

1125 351 1182 383 bat
1205 362 1331 382 novam
1359 350 1609 388 ceremoniam,
1637 348 1730 381 Ilaec
1748 350 1876 382 fiebant
1891 350 2010 383 omnia
2029 349 2103 382 sine

1124 401 1309 433 autoritate
1327 400 1452 433 summi
1471 399 1670 432 sacerdotis.
1726 397 1899 432 lohannes
1916 400 2104 443 respondet

1124 452 1166 483 de
1189 451 1370 484 vocatione
1395 462 1475 490 sua,
1502 449 1683 495 inquiens,
1711 460 1744 481 se
1768 450 1938 483 divinitus
1958 451 2102 483 missum

1124 513 1215 542 esse,
1242 509 1275 534 et
1291 501 1414 544 allegat
1431 502 1576 534 verbum
1597 497 1674 532 Dei
1689 511 1727 532 ex
1742 497 1858 533 Esaia.

1225 558 1283 592 Sic
1300 560 1337 591 in
1355 570 1478 602 genere
1495 570 1634 597 omnes,
1659 558 1719 603 qui
1736 564 1816 591 sunt
1833 557 1869 590 in
1887 558 2103 596 ministeriis,

1124 611 1252 643 debent
1278 608 1532 653 reprehendere
1552 609 1696 653 impiam
1714 608 1930 648 doctrinam,
1955 608 2026 641 sive
2045 620 2102 641 or-

1123 660 1259 693 dinaria
1277 667 1427 703 potestas
1441 661 1661 700 assentiatur,
1682 659 1754 692 sive
1767 671 1850 694 non.
1886 657 1982 691 quta
1997 658 2101 691 illud:

1096 733 1099 777 s
1123 709 1356 754 OportetDeo
1374 711 1482 753 magis
1498 711 1640 743 obedire
1656 721 1760 754 quam
1775 707 1989 743 hominibus.
2029 708 2103 741 Do-

1122 769 1174 795 cet
1192 762 1316 804 igitur,
1343 774 1420 794 cum
1440 761 1651 794 discedimus
1668 761 1710 793 ab
1727 759 1904 792 ordinaria
1924 766 2104 803 potestate,

1122 813 1371 844 discedendum
1404 823 1475 844 esse
1505 812 1670 844 mandato
1701 810 1842 850 divino,
1875 810 2024 848 scilicet,
2059 821 2103 842 ne

1121 863 1355 906 approbemus
1374 862 1516 906 impiam
1533 862 1742 901 doctrinam,
1770 867 1830 894 aut
1842 860 1966 903 impios
1979 860 2102 894 cultus.

1223 921 1375 955 Tertius,
1427 920 1608 954 Confessio
1636 918 1804 953 Iohannis
1829 926 1879 953 est
1905 918 2101 962 exemplum

1122 973 1355 1012 constantiae,
1383 978 1414 1005 et
1432 972 1633 1015 perspicuae
1653 971 1891 1004 confessionis,
1943 968 2024 1002 Non
2042 969 2102 1001 de-

1094 1008 1098 1056 l
1122 1029 1272 1055 terretur
1289 1023 1475 1055 autoritate
1491 1021 1701 1058 Pontificum
1714 1048 1722 1061 ‚
1751 1028 1785 1054 et
1801 1021 1891 1054 clare
1908 1019 2102 1058 confitetur,

1094 1069 1097 1103 s
1121 1085 1209 1117 quae
1232 1073 1275 1107 sit
1299 1085 1358 1106 sua
1384 1073 1537 1113 vocatio,
1569 1073 1663 1117 quod
1688 1083 1835 1109 munus,
1870 1071 1947 1115 quis
1973 1070 2034 1109 sit,
2069 1075 2102 1102 et

1121 1131 1265 1156 testatur
1295 1125 1336 1156 de
1363 1121 1524 1163 Christo,
1558 1124 1651 1167 quod
1678 1123 1722 1156 sit
1746 1122 1862 1156 Filius
1887 1121 1976 1161 Dei,
2007 1121 2099 1165 quod

1119 1174 1225 1207 suerit
1256 1181 1334 1207 ante
1364 1180 1551 1207 assumtam
1581 1180 1740 1206 naturam
1766 1171 1979 1211 humanam,
2007 1171 2101 1215 quod

1120 1225 1163 1258 sit
1179 1236 1289 1267 agnus
1306 1222 1401 1265 Dei,
1429 1225 1464 1257 id
1483 1231 1552 1264 est,
1578 1224 1729 1257 victima.

1224 1281 1393 1324 Quartus.
1445 1280 1656 1326 Exemplum
1679 1280 1887 1325 pertinaciae
1906 1286 1937 1313 et
1955 1266 2101 1312 cti-ecita-

1120 1333 1163 1365 tis
1178 1334 1408 1371 sacerdotum,
1435 1333 1496 1377 qui
1514 1333 1697 1366 discedunt
1713 1329 1831 1364 hostili
1849 1331 1978 1370 animo,
2005 1341 2102 1374 spre-

1120 1390 1155 1416 to
1173 1383 1372 1417 testimonio
1392 1380 1569 1416 Iohannis.

1223 1441 1389 1484 Quintus.
1445 1441 1541 1484 Quid
1561 1442 1700 1475 differat
1715 1440 1916 1485 Baptismus
1934 1437 2102 1473 lobannis

1120 1505 1137 1525 a
1159 1491 1338 1537 Baptismo
1359 1491 1503 1527 Christi.
1556 1492 1762 1525 Ceremonia
1790 1489 1881 1524 nihil
1905 1491 2040 1529 differt,
2070 1497 2102 1523 et

1122 1541 1296 1576 Iohannes
1319 1550 1367 1576 est
1392 1544 1543 1591 primus,
1578 1555 1639 1587 per
1663 1555 1766 1588 quem
1789 1541 1985 1575 ceremonia
2011 1541 2102 1573 divi-

1121 1595 1215 1627 nitus
1242 1594 1399 1627 instituta
1427 1601 1486 1628 est.
1539 1593 1610 1626 Nec
1629 1594 1770 1626 effectus
1788 1593 1923 1632 differt,
1949 1591 2101 1635 requiri-

1120 1651 1178 1676 tur
1200 1645 1303 1683 fides,
1328 1644 1400 1677 sive
1418 1641 1612 1682 lohannes,
1640 1644 1710 1676 sive
1729 1642 1890 1686 Apostoli
1915 1643 2099 1684 baptisent.

1120 1692 1166 1726 Et
1198 1695 1246 1725 sic
1276 1695 1342 1725 fide
1374 1695 1538 1737 proderat
1562 1692 1762 1737 Baptismus
1789 1691 1978 1730 lobannis,
2013 1692 2101 1724 sicut

1121 1751 1236 1787 postea
1257 1745 1397 1787 prodest
1413 1743 1613 1787 Baptismus
1632 1743 1896 1786 Apostolorum.

1221 1802 1289 1836 Sed
1320 1803 1412 1835 inter
1437 1814 1621 1846 personam
1650 1800 1816 1835 Iohannis
1841 1808 1874 1835 et
1897 1799 2026 1836 Christi
2050 1806 2101 1833 est

1120 1853 1325 1885 discrimen:
1353 1850 1545 1893 lohannes,
1574 1853 1683 1892 idest,
1711 1863 1832 1885 omncs
1848 1852 2012 1893 ministri,
2039 1851 2101 1884 ba-

1122 1905 1251 1946 ptisant
1266 1915 1374 1947 aqua,
1402 1903 1436 1934 id
1455 1909 1503 1935 est
1516 1929 1524 1945 ,
1552 1903 1801 1937 administrant
1817 1902 2049 1936 ceremoniam
2069 1907 2103 1934 et

1092 1946 1093 1952 ἵ
1121 1955 1276 1988 verbum.
1329 1951 1490 1986 Christus
1509 1954 1579 1996 igni
1601 1953 1767 1997 baptisat,
1795 1953 1830 1985 id
1849 1959 1918 1993 est,
1945 1953 2002 1985 dat
2019 1951 2100 1995 Spi-

1121 2005 1225 2037 ritum
1248 2010 1425 2044 sanctum,
1453 2004 1511 2048 qui
1536 2004 1667 2037 iudicat
1689 2010 1722 2037 et
1738 2003 1852 2046 arguit
1868 2010 2045 2047 peccatum
2062 2002 2100 2034 in

1120 2055 1241 2094 nobis,
1269 2061 1301 2087 et
1318 2054 1415 2087 affert
1433 2066 1559 2086 novam
1579 2054 1704 2095 vitam,
1732 2061 1765 2087 et
1784 2054 1907 2089 lucem.

1219 2112 1353 2146 Sextus.
1408 2111 1497 2154 Quis
1520 2113 1563 2145 sit
1586 2111 1757 2146 Christus.
1812 2110 1985 2145 Iohannes
2009 2111 2100 2143 clare

1118 2169 1279 2201 testatur,
1309 2160 1403 2195 hunc
1424 2162 1536 2196 lesum
1557 2175 1628 2196 esse
1644 2162 1774 2196 Filium
1795 2161 1882 2202 Dei,
1907 2169 1939 2195 et
1957 2161 2098 2206 quidem

1117 2220 1217 2246 antea
1245 2213 1368 2254 fuisse,
1394 2220 1474 2246 ante
1495 2221 1680 2248 assumtam
1708 2210 1897 2246 humanam
1924 2220 2097 2250 naturam,

1115 2264 1263 2297 affirmat
1289 2275 1360 2297 esse
1384 2265 1636 2303 redemtorem,
1664 2274 1845 2307 passurum
1868 2275 1933 2306 pro
1952 2263 2097 2295 mundo.

1117 2313 1198 2347 Ideo
1222 2315 1351 2356 inquit:
1382 2313 1470 2347 Ecce
1494 2326 1603 2357 agnus
1620 2312 1703 2354 Dei,
1731 2315 1790 2358 qui
1809 2314 1902 2347 tollit
1920 2319 2096 2357 peccatum

1114 2365 1256 2406 mundi,
1284 2365 1317 2397 id
1343 2372 1412 2405 est,
1438 2372 1487 2397 est
1509 2365 1648 2397 victima
1671 2377 1688 2397 a
1704 2364 1779 2397 Deo
1801 2364 1994 2407 proposita,
2023 2362 2095 2394 sola

1114 2416 1253 2459 placens
1269 2414 1360 2455 Deo,
1387 2415 1562 2448 sustinens
1586 2426 1714 2459 poenas
1739 2427 1801 2458 pro
1826 2414 1972 2458 peccatis
1990 2423 2095 2445 mun-

1112 2466 1166 2506 di,
1193 2473 1256 2501 etc.
1309 2465 1376 2499 Hic
1405 2465 1509 2498 simul
1535 2466 1784 2510 interpretatur
1808 2463 1972 2497 sacrificia
1999 2462 2094 2505 legis,

1111 2517 1204 2562 quod
1227 2516 1360 2550 fuerint
1384 2522 1520 2549 tantum
1545 2517 1641 2560 signa
1668 2513 1773 2549 huius
1796 2513 1904 2547 futuri
1924 2513 2098 2552 sacrificii,

1110 2575 1142 2601 et
1159 2580 1230 2601 non
1251 2565 1576 2601 iustistificaverint.
