2409 2915
293 101 391 139 1059

300 189 385 227 cob,
433 180 581 227 Ioseph,
620 176 758 216 David,
799 171 964 213 Esaiam,
1004 171 1214 213 Ieremiam,
1255 177 1288 204 et

299 239 431 273 multos
456 235 562 273 alios,
597 230 678 276 quia
703 226 880 261 Dominus
916 223 1028 257 voluit
1058 221 1187 257 babere
1219 223 1290 255 fre-

302 287 483 335 quentiam
526 279 770 316 comitantium
813 276 940 321 ipsum.
1021 274 1091 309 Hic
1131 273 1289 317 cogitate,

303 351 408 385 quam
432 335 512 370 laeti
537 333 612 367 dies
637 330 694 363 isti
717 326 947 373 quadraginta
971 325 1121 366 suerint,
1147 323 1290 370 quando

301 391 373 423 sere
398 385 555 432 quotidie
579 382 664 417 tales
684 379 805 414 Sancti
831 382 1091 417 convenerunt,
1121 382 1154 408 et
1179 374 1289 407 collo—

302 440 373 474 cuti
400 444 481 471 sunt
505 447 583 469 cum
600 430 717 466 Maria
741 436 774 462 et
786 427 984 472 Apostolis‚
1012 433 1046 460 et
1071 432 1163 460 certe
1187 425 1291 458 credo

303 501 404 534 saepe
422 499 501 522 cum
518 484 634 519 Maria
651 481 844 515 collocutos
861 489 945 514 esse.

339 591 465 626 Nunc
489 588 634 621 dicam
659 584 710 617 de
737 579 1020 615 testimoniis
1046 577 1254 613 caeteris.

409 663 537 706 Angeli
558 662 704 696 fuerunt
727 656 833 702 primi
859 662 979 695 testes,
1006 653 1067 700 qui
1087 652 1296 687 mulieribus

307 725 361 752 ter
379 717 562 753 dixerunt,
587 707 770 745 Christum
788 706 1038 745 resurrexisse.>

410 774 534 807 Postea
552 771 626 815 ipse
645 775 696 802 est
712 766 827 805 testis,
854 772 886 799 et
904 765 1058 808 primum
1072 761 1297 802 mulieribus,

310 826 438 861 deinde
455 824 578 861 Petro,
607 827 640 854 et
665 818 804 852 duobus
827 814 1010 859 discipulis
1037 814 1075 847 in
1091 810 1239 852 Emans,
1265 818 1299 844 et

312 875 447 921 vesperi
488 872 654 907 omnibus
686 867 868 912 Apostolis
905 864 1080 908 adparuit.
1153 862 1300 906 Semper

312 935 427 962 autem
444 925 549 958 iidem
570 931 747 955 sermones
767 922 986 959 repetuntur.

416 975 656 1011 Concionatur
674 970 722 1002 eis
733 967 920 1007 Dominus,
946 966 1199 1008 interpretatur
1214 963 1300 997 scri-

314 1036 434 1074 pturas
445 1054 454 1067 ,
479 1025 563 1058 dicit
579 1019 775 1065 oportuisse
791 1018 863 1062 pati
881 1024 915 1050 et
931 1027 1112 1059 resurgere
1120 1014 1301 1055 Messiam,

313 1087 345 1113 et
368 1077 476 1111 mittit
500 1086 559 1108 eos
581 1074 622 1106 ad
648 1070 885 1104 ministerium
906 1066 1110 1110 Evangelii,
1144 1072 1178 1100 et
1200 1066 1300 1098 docet

313 1127 505 1164 Ecclesiam
522 1136 595 1158 non
609 1123 763 1156 futuram
780 1131 851 1153 esse
866 1118 1088 1152 mundanum
1102 1115 1302 1161 imperium,

313 1181 372 1214 sed
393 1184 529 1212 coetum
549 1171 780 1209 credentium.

418 1227 528 1268 Vide,
563 1227 604 1259 de
628 1222 684 1257 his
707 1223 812 1255 rebus
836 1219 944 1254 locuti
965 1225 1066 1257 sunt,
1097 1218 1141 1251 de
1166 1228 1302 1251 summa

315 1280 495 1316 doctrinae
523 1277 650 1315 totius,
683 1285 771 1318 quae
793 1284 855 1317 per
879 1270 1132 1315 promissiones
1154 1275 1188 1302 et
1213 1266 1302 1300 Pro—

316 1331 502 1377 phetarum
532 1325 717 1360 conciones
750 1323 878 1358 tradita
907 1322 1034 1355 fuerat.
1086 1318 1160 1352 Has
1193 1318 1304 1351 inter-

315 1389 472 1428 pretatur
491 1377 664 1413 Christus.
925 1421 932 1429 ι
983 1421 990 1428 ι
1045 1419 1053 1428 .
1173 1419 1181 1427 .
1274 1417 1282 1425 .

418 1431 465 1464 Et
494 1441 555 1472 ego
584 1437 688 1470 supra
718 1423 891 1468 quaedam
924 1431 1075 1463 insignia
1104 1426 1304 1454 testimonia

319 1483 511 1527 scrIpturae
533 1476 696 1515 recitavi,
723 1486 811 1519 quae
835 1471 929 1506 haud
956 1471 1062 1504 dubie
1083 1471 1185 1503 etiam
1204 1481 1305 1502 enar-

319 1542 393 1568 rata
419 1537 521 1570 sunt,
546 1536 584 1561 ut
604 1526 739 1560 Hoseae
760 1525 832 1556 13.:
862 1521 934 1555 Ero
959 1522 1062 1565 pestis
1080 1528 1138 1553 tua
1157 1534 1177 1552 o
1201 1531 1305 1557 mors,

319 1592 352 1619 et
376 1595 434 1616 ero
460 1579 632 1624 pernicies
654 1583 714 1609 tua
737 1588 757 1608 o
775 1574 922 1607 inferne.
977 1571 1062 1605 Item
1084 1570 1209 1605 Psaltn.
1232 1567 1305 1604 15.;

319 1635 401 1669 Non
422 1632 600 1675 relinques
619 1627 771 1660 animam
792 1636 902 1657 meam
924 1623 959 1655 in
980 1622 1137 1662 inferno,
1164 1632 1227 1653 nec
1243 1621 1305 1653 da-

319 1686 372 1720 bis
389 1690 546 1718 sanctum
565 1687 664 1713 tuum
684 1676 802 1708 videre
818 1673 1092 1716 corruptionem.

424 1740 476 1775 De
498 1739 628 1773 talibus
647 1733 858 1770 testimoniis
873 1731 1049 1766 Dominus
1065 1729 1195 1764 erudiit
1210 1727 1308 1774 Apo-

319 1794 440 1830 stolos.

424 1841 578 1877 Maxime
602 1845 715 1872 autem
741 1834 996 1869 consideranda
1015 1839 1066 1865 est
1082 1830 1230 1874 insignis
1247 1830 1309 1863 ad-

322 1895 452 1941 paritio
465 1920 473 1933 ,
500 1891 642 1936 quando
667 1887 772 1921 simul
790 1884 994 1930 quingentis
1012 1883 1179 1916 fratribus
1199 1882 1307 1925 adpa-

323 1946 414 1984 ruit,
442 1945 514 1977 sive
530 1943 567 1974 in
584 1939 762 1975 Galilaea,
790 1937 862 1969 sive
880 1936 916 1967 in
935 1933 1082 1973 Iudaea,
1107 1932 1189 1977 quia
1206 1931 1309 1965 credo

325 1997 429 2031 etiam
454 1994 559 2027 fuisse
583 1990 713 2023 multos
738 1993 945 2030 spectatores
965 1983 1194 2023 ascensionis,
1222 1993 1310 2027 quae

325 2048 413 2081 sacta
440 2051 507 2084 est,
536 2053 609 2076 non
633 2041 669 2074 in
695 2039 872 2077 Galilaea,
906 2037 965 2068 sed
991 2035 1027 2067 in
1052 2034 1179 2068 Iudaea
1203 2045 1310 2077 prope

326 2096 516 2131 Ierusalem
535 2094 577 2126 ad
598 2097 753 2124 montem
770 2087 916 2122 Oliveti.

428 2147 495 2181 Sed
520 2151 693 2189 postrema
715 2140 877 2173 mandata
903 2137 1088 2178 diligenter
1110 2135 1311 2168 considere·
1335 2140 1337 2147 “

325 2211 425 2239 mus,
451 2208 538 2241 quae
563 2195 666 2228 credo
690 2191 793 2225 etiam
817 2201 917 2233 saepe
941 2187 1085 2231 repetita
1107 2198 1190 2221 esse.
1243 2185 1311 2219 llic

327 2251 428 2284 dicit:
458 2248 546 2282 Data
568 2253 618 2279 est
641 2240 729 2276 mibi
753 2241 868 2274 omnis
892 2245 1040 2284 potestas
1059 2237 1093 2269 in
1112 2237 1208 2270 coelo
1225 2244 1257 2270 et
1276 2237 1310 2269 in

329 2308 431 2334 terra.
487 2298 555 2334 lte,
589 2296 710 2328 docete
740 2304 861 2325 omnes
887 2297 1024 2333 gentes,
1059 2288 1229 2331 baptizate
1254 2298 1312 2320 eos

330 2352 364 2384 in
383 2349 526 2383 nomine
545 2346 677 2389 Patris,
705 2351 737 2378 et
756 2343 837 2378 Filii
855 2349 886 2375 et
904 2340 1056 2384 Spiritus
1073 2339 1193 2372 sancti.

432 2407 605 2441 Docentes
635 2415 692 2437 eos
720 2413 874 2441 servare,
908 2410 994 2444 quae
1018 2397 1176 2442 praecepi
1202 2397 1310 2432 vobis.

328 2459 418 2494 Ecce.
444 2470 505 2501 ego
532 2456 712 2489 vobiscum
739 2465 814 2487 sum
842 2463 950 2496 usque
975 2449 1018 2483 ad
1039 2448 1312 2482 consummatio-

329 2523 408 2544 nem
430 2507 535 2542 seculi
554 2506 720 2540 omnibus
738 2504 872 2538 diebus.

433 2559 498 2593 llic
518 2559 582 2592 tria
601 2557 692 2590 facit.
742 2554 901 2589 Primum
919 2551 1100 2590 adfirmat,
1127 2550 1220 2595 quod
1242 2549 1312 2593 ipse

330 2613 372 2645 sit
398 2610 561 2647 Messias,
593 2613 801 2649 regnaturus
831 2604 900 2638 iam
932 2603 973 2636 ad
1008 2602 1163 2636 dextram
1189 2599 1312 2640 Patris,

331 2664 418 2696 sicut
437 2661 595 2693 psalmus
613 2658 714 2693 dicit:
744 2656 832 2691 sede
848 2667 866 2689 a
885 2653 1014 2687 dextris
1033 2652 1130 2686 meis.

887 86 1012 122 PHIL.
1040 85 1157 123 MEL.
1182 82 1394 121 SCRIPTA
1420 83 1718 122 EXEGETICA.

1443 171 1511 206 Hic
1541 171 1718 206 Dominus
1749 177 1799 206 est
1832 171 2029 217 potentior,
2070 183 2174 217 quam
2205 183 2328 206 omnes

1345 230 1544 264 creaturae,
1577 224 1724 257 destruit
1755 230 1935 268 peccatum
1962 230 1995 256 et
2026 229 2177 256 mortem
2211 229 2245 256 et
2273 223 2330 255 in-

1343 275 1454 315 feros,
1481 280 1514 307 et
1539 274 1642 306 nobis
1666 274 1820 308 restituit
1846 273 2015 306 iustitiam
2040 280 2072 306 et
2095 273 2202 306 vitam
2219 279 2330 307 aeter-

1344 337 1446 366 nam,
1476 331 1506 357 et
1532 324 1666 367 colligit
1690 331 1722 358 et
1746 331 1860 358 servat
1882 324 1918 356 in
1943 321 2008 356 hac
2031 323 2100 356 vita
2126 322 2332 362 Ecclesiam,
2380 319 2383 322 ⁴

1345 384 1376 408 et
1395 374 1552 418 reprimit
1570 375 1761 416 potentiam
1778 381 1811 408 et
1822 375 1978 408 furorem
1990 371 2145 415 Diaboli,
2171 381 2204 407 et
2215 380 2332 418 postea

1345 426 1516 470 glorificat
1533 422 1726 458 Ecclesiam
1743 432 1882 458 aeterna
1900 425 2022 468 gloria.

1449 482 1539 517 Cum
1567 490 1682 517 autern
1704 483 1866 516 audimus
1884 483 2021 516 narrari
2039 482 2231 526 potentiam
2250 482 2336 523 eius,
2380 490 2386 514 ’.

1347 535 1498 568 sciamus
1523 534 1601 567 ideo
1626 534 1785 575 narrari,
1811 540 1852 567 ut
1874 534 2100 577 promittatur
2117 533 2219 566 nobis
2236 533 2335 566 auxi·
2384 555 2386 562 ·

1349 586 1448 625 lium,
1477 592 1508 618 et
1525 595 1589 617 nos
1606 585 1649 617 ab
1667 585 1742 628 ipso
1762 591 1918 628 petamus
1935 591 1967 617 et
1983 591 2218 628 exspectemus
2236 583 2336 617 auxi-

1322 697 1324 729 ]
1349 687 1410 731 qui
1429 686 1594 719 laboratis
1611 692 1644 719 et
1661 686 1796 718 onerati
1815 685 1915 725 estis,
1941 692 1972 718 et
1991 696 2052 728 ego
2070 685 2219 718 reficiam
2237 695 2311 719 vos,

1452 744 1526 779 Has
1551 745 1807 778 consolationes
1833 744 2024 787 cogitemus
2049 744 2086 776 in
2104 743 2340 783 invocatione,

1352 803 1385 830 et
1409 803 1566 840 petamus
1589 796 1771 836 ardenter,
1797 802 1836 830 ut
1855 807 1949 827 nunc
1964 807 2106 839 quoque
2124 795 2285 827 ostendat
2303 806 2339 828 se

1352 858 1516 889 regnare,
1542 852 1575 879 et
1592 857 1656 878 nos
1672 846 1786 885 iuvet,
1814 852 1846 879 et
1864 846 2033 879 concedat
2049 857 2188 890 pacem,
2216 851 2249 879 et
2265 855 2339 878 ser-

1353 904 1409 931 vet
1424 895 1631 931 Ecclesiam.

1454 947 1618 981 Secundo
1644 944 1702 979 hic
1724 946 1852 995 repetit
1876 946 2136 980 institutionem
2154 944 2342 979 ministerii
2380 953 2396 971 ἢ

1353 1049 1503 1094 ptizare‚
1536 1055 1570 1083 et
1598 1049 1635 1081 in
1662 1045 1820 1082 Iohanne
1851 1048 1954 1082 dicit:
1991 1046 2091 1082 Sicut
2113 1046 2218 1081 Pater
2241 1057 2339 1080 meus

1355 1100 1449 1133 misit
1467 1111 1543 1143 me,
1569 1100 1618 1132 sic
1634 1110 1696 1142 ego
1715 1099 1815 1132 mitto
1835 1110 1906 1133 vos·

1454 1148 1501 1186 Et
1525 1150 1563 1183 in
1584 1149 1677 1183 Luca
1701 1149 1834 1195 inquit:
1861 1147 2064 1183 Praedicate
2089 1147 2343 1193 poenitentiam

1357 1208 1390 1235 et
1409 1201 1651 1234 remissionem
1669 1207 1892 1244 peccatorum
1909 1200 1946 1233 in
1962 1199 2108 1233 nomine
2127 1211 2218 1234 meo.

1457 1257 1508 1292 Ita
1525 1270 1598 1292 non
1615 1259 1729 1292 solum
1748 1259 1806 1293 dat
1821 1259 2000 1300 mandata,
2025 1258 2085 1292 sed
2104 1257 2208 1292 etiam
2226 1263 2345 1292 osten-

1357 1309 1411 1343 dit
1428 1321 1600 1343 summam
1619 1310 1812 1344 doctrinae.

1458 1358 1512 1392 Ex
1545 1358 1599 1392 his
1625 1360 1760 1393 ultimis
1786 1360 1960 1393 mandatis
1981 1360 2149 1401 sciamus,
2182 1358 2346 1403 Evange-

1358 1409 1445 1442 lium
1468 1421 1541 1442 esse
1564 1410 1759 1443 doctrinam
1779 1422 1852 1442 non
1869 1411 1913 1443 ab
1931 1408 2136 1443 bominibus
2153 1410 2347 1449 inventam,

1358 1461 1415 1493 sed
1443 1460 1608 1493 traditam
1631 1461 1674 1493 ab
1698 1461 1772 1503 ipso
1792 1460 1960 1494 Domino.
2014 1460 2121 1499 Item,
2149 1461 2230 1505 quia
2249 1460 2347 1504 Apo-

1359 1511 1466 1543 stolos
1491 1510 1618 1550 mittit,
1645 1512 1739 1544 adest
1765 1511 1832 1551 eis,
1861 1517 1901 1544 ut
1926 1523 2008 1544 vera
2031 1511 2203 1551 doceant,
2230 1517 2263 1544 et
2287 1511 2347 1545 dat

1360 1561 1409 1594 eis
1427 1561 1626 1594 testimonia
1647 1572 1707 1603 per
1723 1573 1848 1604 magna
1866 1567 1898 1594 et
1914 1561 2024 1595 multa
2044 1561 2229 1595 miracula.

1463 1618 1546 1652 Ideo
1573 1619 1783 1663 accipiamus
1815 1632 1936 1653 vocem
1961 1617 2166 1664 Evangelii,
2201 1627 2234 1655 et
2256 1619 2345 1655 scia-

1359 1681 1437 1704 mus
1461 1668 1551 1703 lianc
1575 1681 1655 1702 vere
1673 1681 1744 1703 esse
1763 1671 1980 1704 voluntatem
2000 1670 2064 1704 Dei
2077 1697 2086 1711 ,
2113 1678 2152 1705 ut
2170 1671 2219 1705 sic
2234 1671 2347 1705 salve-

1361 1732 1440 1754 mur
1471 1733 1533 1765 per
1559 1718 1655 1754 bunc
1681 1720 1866 1759 Messinm,
1900 1721 1960 1766 qui
1988 1722 2159 1756 destruxit
2184 1729 2346 1761 mortem,

1360 1772 1449 1804 sicut
1474 1771 1579 1805 dixit:
1609 1769 1680 1804 Ero
1708 1772 1813 1816 pestis
1838 1778 1896 1805 tua
1920 1785 1940 1805 o
1959 1783 2072 1812 mors,
2100 1780 2132 1807 et
2149 1785 2209 1806 ero
2226 1773 2346 1818 perni-

1361 1823 1429 1855 cies
1456 1829 1513 1855 tua
1541 1834 1559 1855 o
1588 1821 1736 1856 inferne.
1805 1821 1881 1864 Ego
1907 1834 1985 1863 ero,
2020 1823 2055 1856 id
2081 1830 2149 1864 est,
2187 1835 2250 1868 ego
2274 1824 2347 1869 ipse

1334 1898 1335 1919 χ
1361 1872 1474 1914 Deus,
1501 1873 1560 1918 qui
1577 1870 1661 1905 haec
1677 1873 1756 1906 dico
1768 1900 1776 1913 ,
1804 1885 1862 1906 ero
1883 1873 1941 1907 ille
1958 1874 2069 1908 victor
2086 1881 2118 1908 et
2135 1875 2299 1910 salvator.

1462 1931 1626 1965 Tertium
1644 1932 1737 1976 quod
1758 1929 1814 1965 hic
1830 1932 1971 1971 dicitur,
1998 1940 2029 1967 et
2048 1933 2248 1967 dulcissima
2265 1945 2349 1978 pro-

1362 1982 1481 2015 missio
1505 1989 1537 2015 et
1561 1982 1772 2015 consolatio:
1800 1980 1874 2026 Ego
1893 1994 1952 2016 ero
1972 1983 2153 2018 vobiscum
2173 1995 2284 2029 usque
2303 1985 2348 2018 ad

1335 2074 1337 2079 Ι
1362 2032 1700 2066 consummationem
1719 2033 1846 2074 seculi,
1871 2034 1968 2078 quasi
1987 2034 2095 2068 dicat:
2124 2033 2200 2068 Etsi
2215 2035 2349 2068 visibili

1334 2083 1338 2135 ζ
1362 2084 1473 2127 specie
1499 2083 1565 2116 iam
1589 2095 1660 2116 non
1680 2084 1846 2116 versabor
1865 2085 2065 2125 vobiscum,
2095 2092 2211 2119 tamen
2228 2097 2350 2120 revera

1362 2145 1498 2178 semper
1521 2134 1620 2166 vobis
1645 2135 1762 2167 adesse
1788 2135 1888 2175 volo,
1915 2146 1977 2179 ego
2002 2147 2103 2169 servo
2119 2136 2247 2171 electos
2264 2149 2351 2171 con-

1363 2192 1414 2219 tra
1441 2192 1547 2218 totam
1572 2183 1714 2218 Diaboli
1741 2186 1944 2229 potentiam.
2006 2186 2128 2220 Genus
2154 2184 2350 2221 humanum

1364 2248 1436 2269 non
1469 2243 1582 2280 posset
1614 2248 1756 2269 manere
1785 2249 1896 2269 unum
1923 2236 2040 2279 diem,
2075 2237 2142 2271 nisi
2166 2238 2259 2272 filius
2282 2237 2349 2273 Dei

1364 2294 1569 2331 protegeret.
1639 2287 1721 2320 lali-o
1747 2284 1830 2321 haec
1856 2288 2049 2322 consolatio
2076 2300 2177 2333 saepe
2201 2289 2349 2334 repetita

1336 2333 1339 2397 ἱ
1363 2345 1429 2372 est:
1460 2337 1671 2382 Ubicunque
1696 2345 1798 2371 erunt
1823 2339 1893 2371 duo
1917 2345 1977 2372 aut
2002 2346 2071 2372 tres
2095 2340 2293 2384 congregati
2312 2340 2350 2375 in

1364 2388 1506 2421 nomine
1522 2401 1617 2429 meo,
1644 2389 1679 2421 in
1698 2389 1813 2422 medio
1830 2401 1949 2423 eorum
1967 2401 2056 2424 sum.

1337 2449 1340 2512 Ι
1469 2445 1555 2481 ltcm
1577 2445 1700 2481 Esaiae
1719 2447 1795 2482 46.:
1823 2444 1900 2491 Ego
1925 2460 1984 2482 vos
2008 2449 2174 2494 portabo,
2200 2461 2263 2494 ego
2288 2462 2350 2485 vos

1337 2515 1339 2528 t
1365 2498 1507 2532 salvabo
1527 2505 1591 2532 etc.

1338 2541 1342 2584 l
1470 2547 1519 2582 lta
1549 2547 1604 2582 bic
1629 2549 1733 2588 dicit,
1760 2561 1794 2581 sc
1820 2549 2004 2583 nobiscum
2029 2561 2112 2585 esse.
2166 2547 2212 2584 Et
2234 2549 2270 2584 in
2294 2549 2351 2584 lo-

1340 2586 1342 2625 l
1367 2597 1484 2632 banne
1514 2599 1643 2645 inquit:
1680 2599 1790 2634 Nemo
1814 2601 1924 2645 rapiet
1947 2612 2029 2634 oves
2053 2611 2146 2635 meas
2171 2601 2214 2635 de
2237 2601 2352 2636 mani-

1340 2652 1343 2682 l
1368 2652 1433 2684 bus
1453 2650 1547 2684 meis.

2228 85 2327 122 1040
2375 114 2379 118 .

1349 636 1455 674 lium,
1493 635 1582 668 sicut
1614 635 1687 679 ipse
1717 635 1848 679 inquit:
1884 633 2012 668 Venite
2042 637 2084 668 ad
2118 646 2173 666 me
2205 644 2339 674 omnes,
2383 629 2391 657 <⁴

1353 997 1558 1041 Evangelii,
1594 998 1691 1031 iubet
1714 998 1838 1031 docere
1860 1008 1983 1030 omnes
2006 1003 2144 1039 gentes,
2169 996 2253 1030 item
2277 995 2343 1029 ba-
2394 1006 2396 1012 ’
