2409 2915
261 113 334 151 751
858 103 982 140 PHIL.
1009 101 1127 140 MEL.
1154 100 1367 140 SCRIPTA
1393 100 1694 139 EXEGETICA.
2217 101 2292 139 752

263 207 360 237 runt.
413 194 445 230 E
462 194 621 238 regione,
648 189 972 237 inquitDominus,
999 202 1075 224 mea
1092 190 1252 224 doctrina
1277 198 1281 242 Ι
1305 195 1386 233 post
1409 189 1547 234 lapsum
1579 189 1800 234 recipiuntur
1825 187 1862 221 in
1886 188 2056 232 gratiam,
2092 189 2167 233 ipse
2197 189 2292 224 filius

264 259 314 286 est
330 248 457 283 veritas
474 245 613 286 divina,
638 253 798 287 expressa
814 241 852 274 in
867 241 960 285 Lege
975 248 1009 276 et
1024 241 1254 275 concionibus
1277 250 1280 263 ¹
1307 239 1373 274 Dei
1391 235 1498 288 λόγος
1513 246 1597 273 tnnc
1621 240 1736 285 palam
1760 239 1978 284 trepidantes
1998 239 2200 284 alloquens,
2234 241 2293 274 in-

263 297 541 345 Prophetarum,
567 307 636 341 qua
652 293 747 328 Deus
761 293 839 327 vult
855 293 1026 337 populum
1044 304 1146 326 suum
1169 291 1256 335 regi,
1278 285 1282 302 ⁹
1307 288 1412 324 choat
1427 289 1664 325 ministerium
1678 290 1947 335 praedicationis
1962 289 2211 335 poenitentiae,
2225 303 2295 335 qua

265 349 472 387 sanctificari
489 359 528 381 ac
546 345 686 380 salvari.
728 344 830 378 Hanc
846 355 918 377 esse
933 343 1112 388 propriam
1130 350 1163 377 et
1178 354 1257 387 ger·
1307 353 1438 376 sonans
1463 340 1699 375 tristissimam
1724 342 1982 376 accusationem
2009 341 2124 384 arguit
2146 349 2297 386 peccata,

264 413 406 437 manam
425 397 636 433 sententiam
654 393 782 429 horum
801 395 990 428 verborum
1000 393 1160 435 Domini,
1189 393 1256 426 mi·
1309 401 1343 427 et
1359 398 1477 436 postea
1495 392 1698 426 consolatur
1720 399 1986 437 expavescentes
2007 391 2102 427 edita
2125 403 2188 426 seu
2211 403 2297 436 pro-

266 455 362 487 nime
377 450 528 485 dubium
547 454 611 482 est.
643 446 755 480 Porro
773 445 1041 479 commonefacti
1060 445 1152 485 estis,
1168 455 1256 488 quae
1309 444 1465 487 mulgata
1486 442 1720 487 promissione
1742 442 1947 488 Evangelii,
1984 444 2019 476 id
2045 449 2114 483 est,
2155 443 2299 477 absolu-

266 506 309 539 sit
327 513 463 538 summa
484 499 665 534 doctrinae
680 495 954 542 comprehensae
970 496 1008 530 in
1017 496 1110 540 Lege
1127 494 1257 529 etPro-
1282 516 1285 540 3
1310 495 1426 535 tione,
1452 491 1704 537 comprehensa
1720 494 1758 528 in
1774 492 1841 529 hoc
1856 495 1969 529 dicto:
1996 493 2125 529 Semen
2141 493 2301 528 mulieris

267 553 417 601 pheticis
435 551 584 596 scriptis.
1281 545 1287 616 ἱ
1311 551 1468 579 conteret
1488 550 1593 589 caput
1615 542 1809 588 Serpentis.
1868 545 1965 579 Haec
1987 545 2056 579 suit
2079 545 2191 588 prima
2217 556 2301 589 pro-

370 604 422 638 Ac
439 613 576 646 semper
598 599 644 633 sit
659 597 760 632 vobis
784 597 821 630 in
846 605 1033 642 conspectu
1061 595 1259 631 communis
1283 617 1287 643 5
1312 596 1479 640 mulgatio
1497 606 1557 628 sen
1578 595 1746 629 revelatio
1772 596 2017 640 promissionis
2031 593 2240 640 Evangelii,
2268 602 2302 629 et

267 654 487 694 admonitio,
513 651 609 697 qnod
626 649 791 683 universa
814 649 976 683 doctrina
1002 649 1118 682 statim
1142 647 1258 687 initio,
1313 647 1454 681 initium
1473 644 1651 680 Ecclesiae
1675 653 1834 690 receptae
1858 647 1895 680 in
1917 646 2098 681 Paradis0.
2161 646 2303 681 Deinde

268 714 347 753 post
362 710 520 752 receptos
535 703 574 735 in
589 700 735 745 gratiam
753 700 885 744 primos
896 708 1070 744 parentes,
1080 697 1258 733 Adamnm
1313 704 1509 743 sequuntur
1526 697 1698 741 plurimae
1716 697 1904 731 conciones
1921 698 2022 742 legis,
2049 705 2089 732 ut
2107 697 2167 730 illa
2186 697 2221 733 4.
2245 709 2303 731 ca-

267 766 301 793 et
316 756 448 797 Evam,
475 755 512 787 in
537 752 669 798 populo
687 751 751 785 Dei
774 762 834 784 seu
857 749 1035 791 Ecclesia,
1070 750 1259 783 distributa
1314 750 1386 794 pite
1408 747 1501 783 Gen.
1524 749 1567 781 de
1590 745 1804 789 homicidio,
1840 756 2027 794 antequam
2050 748 2137 783 Cain
2158 749 2303 782 fratrem
2349 767 2354 779 .

266 809 374 845 fuerit
397 807 435 840 in
457 807 527 840 duo
551 814 688 838 summa
712 814 772 836 seu
798 802 985 846 praecipua
1009 801 1138 846 capita,
1171 812 1260 846 quo·
1314 800 1468 834 Abelum
1485 798 1658 834 interficit.
1714 798 1800 833 ltem
1823 806 1942 843 postea
1966 801 2009 833 de
2032 800 2158 844 poenis
2181 799 2305 833 libidi-

268 872 348 896 rum
369 859 466 903 prius
487 863 536 890 est
545 855 636 895 Lex,
657 865 718 887 seu
735 853 896 886 doctrina
912 859 1197 896 praeceptorum,
1224 851 1259 884 id
1314 863 1400 885 num
1420 849 1570 884 Genesis
1591 848 1670 884 19.:
1700 849 1853 893 Quando
1870 850 2131 893 conflagrarunt
2149 849 2304 885 Sodoma

269 919 340 952 est,
367 908 568 951 Decalogus
589 905 792 948 ubicunque
817 904 1034 947 propositus,
1068 910 1262 942 enarratus,
1315 909 1461 951 propter
1486 901 1656 934 nefariam
1678 901 1929 945 impuritatem.
1986 901 2194 947 Sequuntur
2217 912 2306 945 pau-

269 975 308 998 ac
332 960 522 1006 repetitus,
563 956 624 1002 qni
649 955 792 999 quidem
820 960 871 987 est
895 961 1033 987 aeterna
1059 961 1091 987 et
1115 954 1261 987 immota
1316 954 1414 987 latim
1432 951 1644 986 illustriores
1660 953 1909 997 patefactiones
1924 953 1968 986 de
1994 959 2142 986 venturo
2168 954 2309 986 redem-

270 1011 461 1057 sapientia‚
491 1016 522 1041 et
541 1006 660 1049 regula
680 1005 831 1039 iustitiae
847 1004 884 1037 in
895 1003 982 1046 Deo,
1007 1005 1176 1050 patefacta
1195 1002 1262 1037 ho-
1316 1012 1392 1039 tore
1407 1016 1446 1038 ac
1464 1004 1674 1044 liberatore,
1709 1010 1748 1037 ut
1773 1015 1852 1036 cum
1868 1002 1964 1037 Deus
1987 1010 2134 1038 renovat
2157 1003 2308 1048 promis-

270 1064 428 1098 minibus
464 1061 502 1092 in
531 1057 727 1095 creatione,
768 1056 1007 1100 praecipiens,
1047 1056 1168 1101 quales
1198 1067 1263 1089 nos
1317 1057 1454 1090 sionem
1475 1053 1567 1088 Gen.
1583 1055 1645 1089 22.
1664 1055 1706 1087 ad
1725 1052 1924 1088 Abraham:
1961 1053 2002 1087 In
2023 1055 2156 1088 semine
2171 1061 2231 1089 tuo
2246 1054 2310 1088 be-

271 1114 435 1148 homines
452 1122 535 1149 esse,
563 1115 596 1142 et
614 1119 703 1153 quae
720 1107 845 1147 facere,
873 1119 962 1151 quae
977 1108 1139 1142 omittere
1155 1119 1263 1150 opor-
1317 1107 1528 1141 nedicentur
1544 1116 1666 1139 omnes
1683 1112 1811 1148 gentes.
1866 1103 1916 1139 Ita
1933 1105 2062 1139 deinde
2083 1105 2120 1139 in
2145 1105 2312 1139 omnibus

271 1172 359 1205 teat,
396 1169 429 1197 et
453 1161 661 1206 promittens
686 1159 782 1191 bona
807 1159 1065 1201 praestantibus
1091 1159 1262 1201 integram
1317 1155 1507 1202 Prophetis
1530 1162 1648 1190 extant
1669 1156 1801 1190 similes
1825 1156 2012 1190 conciones
2035 1158 2078 1191 de
2096 1156 2188 1201 Lege
2205 1169 2243 1190 ac
2266 1156 2311 1189 de

271 1214 531 1254 obedientiam,
568 1210 809 1244 condemnans
833 1221 934 1247 vern,
978 1207 1045 1243 hoc
1069 1216 1139 1249 est,
1182 1221 1264 1253 pro·
1318 1208 1529 1252 Evangelio.

273 1266 442 1301 nuntians
466 1261 587 1308 puniri
606 1259 758 1293 aeternis
775 1260 897 1303 poenis
920 1272 1042 1293 omnes
1064 1272 1138 1293 non
1165 1271 1263 1303 prae·
1422 1260 1475 1294 Ac
1495 1260 1597 1294 facile
1621 1260 1806 1305 perspiciet
1831 1259 1981 1304 quilibet
2013 1271 2138 1300 sanus,
2181 1258 2315 1293 doctri-

272 1324 404 1353 stantes
426 1315 613 1359 perfectam
639 1310 895 1350 obedientiam,
918 1323 956 1345 ac
980 1312 1163 1344 destruens
1178 1309 1265 1353 Legi
1319 1322 1400 1343 nam
1410 1309 1557 1344 Domini
1576 1311 1688 1345 nostri
1706 1310 1783 1345 lesu
1800 1308 1936 1345 Christi
1964 1322 2037 1344 esse
2061 1322 2189 1351 unam,
2229 1321 2316 1344 ean-

274 1381 346 1403 non
364 1367 564 1402 conformes
587 1363 691 1396 corde
714 1368 748 1395 et
774 1373 897 1404 opere,
930 1361 998 1395 nisi
1022 1362 1080 1394 fiat
1105 1360 1266 1393 remissio
1320 1363 1419 1400 dem,
1453 1367 1487 1393 et
1511 1363 1789 1395 consentientem
1811 1374 1931 1394 vocem
1957 1373 2037 1395 cum
2053 1359 2314 1405 Prophetarum

275 1429 308 1455 et
324 1415 566 1453 reconciliatio
584 1409 919 1457 propterChristnm
938 1412 1179 1444 mediatorem.
1215 1410 1267 1443 Ae
1320 1410 1568 1445 concionibus:
1598 1411 1670 1443 imo
1691 1423 1813 1444 omnes
1828 1410 2027 1455 Prophetae
2041 1412 2214 1446 divinitus
2230 1412 2316 1445 mis-

275 1471 336 1517 φή
355 1469 425 1502 sim
441 1478 524 1501 usus
543 1464 664 1504 Legis,
693 1469 726 1495 et
744 1472 830 1506 quas
845 1461 891 1493 ob
916 1473 1036 1495 causas
1061 1472 1199 1494 necesse
1224 1461 1269 1494 sit
1321 1462 1369 1503 si,
1402 1473 1464 1505 per
1483 1459 1578 1494 hunc
1596 1461 1708 1494 filium
1726 1460 1860 1503 vocati,
1895 1463 2040 1501 delecti,
2074 1463 2192 1503 missi,
2223 1462 2316 1496 exci-

273 1520 488 1562 Decaloginn
526 1517 562 1548 in
592 1511 748 1547 Ecclesia
780 1513 921 1553 docere,
970 1513 1074 1556 paulo
1103 1518 1184 1545 ante
1213 1511 1269 1545 di·
1322 1513 1384 1546 tati
1402 1519 1435 1546 et
1451 1512 1643 1545 illuminati
1661 1518 1762 1550 sunt,
1789 1511 1878 1544 sicut
1897 1509 2073 1545 lohannes
2091 1513 2242 1547 affirmat
2259 1513 2317 1546 in-

276 1580 369 1606 ctum
392 1575 454 1602 est.
1323 1563 1464 1609 quiens:
1499 1561 1552 1596 Ex
1570 1562 1794 1605 plenitudine
1810 1562 1883 1595 eius
1898 1574 2020 1596 omnes
2037 1563 2254 1607 accepimus,
2280 1563 2317 1597 id

369 1619 530 1654 Alterum
549 1617 666 1660 itaque
683 1613 864 1648 doctrinae
874 1611 1097 1647 Christianae
1113 1625 1152 1647 ac
1168 1625 1270 1658 prae-
1324 1621 1393 1655 est,
1428 1625 1468 1646 ex
1488 1611 1622 1647 Christi
1651 1613 1903 1657 perfectissima
1930 1613 2100 1657 sapientia
2128 1620 2160 1648 et
2185 1609 2318 1648 iustitia

277 1675 419 1718 cipnnm
445 1675 548 1713 caput
572 1674 621 1700 est
636 1663 871 1708 Evangelinm
889 1664 1033 1698 Domini
1056 1665 1167 1698 nostri
1192 1663 1270 1698 Iesu
1325 1676 1448 1699 omnes
1466 1664 1662 1709 accepimus
1682 1664 1881 1703 veritatem,
1910 1675 1970 1697 seu
1989 1675 2106 1697 veram
2123 1664 2236 1699 lucem
2251 1676 2318 1699 no—

277 1722 422 1762 Christi,
446 1720 539 1766 quod
558 1725 607 1751 est
622 1717 837 1761 praedicatio
855 1716 1092 1759 poenitentiae
1108 1727 1169 1749 seu
1186 1727 1271 1750 con-
1324 1716 1509 1761 titiamque
1532 1715 1772 1760 spiritualem,
1805 1727 1933 1748 novam
1963 1714 2132 1750 iustitiam
2155 1722 2188 1750 et
2211 1716 2320 1751 vitam

279 1773 452 1810 versionis
467 1772 510 1804 ad
528 1768 643 1803 Deum
655 1793 665 1809 ,
695 1774 729 1801 et
747 1767 937 1816 promissio
956 1767 1108 1815 gratuita
1122 1794 1131 1807 ‚
1159 1779 1199 1800 ex
1215 1778 1272 1800 ar-
1325 1774 1513 1802 aeternam.

280 1839 368 1861 cano
395 1822 543 1858 consilio
568 1819 767 1853 divinitatis
793 1830 853 1863 per
878 1819 989 1852 filium
1014 1818 1170 1867 prolata,
1204 1830 1272 1863 qun
1430 1817 1613 1852 Praeterea
1638 1818 1730 1852 sicut
1747 1815 1945 1862 Prophetae
1968 1818 2073 1852 fidem
2099 1830 2197 1853 suam
2221 1829 2320 1853 exer-

280 1877 378 1911 Dens
402 1873 542 1909 exhibet
566 1871 811 1905 remissionem
835 1876 1056 1913 peccatorum
1068 1895 1078 1913 ‚
1120 1870 1274 1913 imputa·
1328 1876 1475 1904 cuerunt
1493 1869 1674 1913 agnitione
1692 1875 1726 1903 et
1742 1869 1966 1903 invocatione
1979 1869 2140 1910 Messiae,
2156 1871 2198 1904 ad
2215 1881 2322 1915 quem

283 1930 417 1962 tionem
443 1923 613 1962 iustitiae,
645 1933 705 1954 seu
732 1920 1077 1961 reconciliationem,
1109 1921 1274 1954 donatio·
1329 1921 1572 1963 confugientes
1596 1926 1628 1954 et
1653 1920 1845 1954 clamantes
1868 1921 2068 1964 petiverunt
2088 1933 2128 1955 ac
2155 1921 2324 1966 impetra-

287 1991 367 2012 nern
387 1975 540 2019 Spiritus
556 1972 688 2011 sancti,
715 1982 754 2003 ac
777 1970 1036 2003 restitutionem
1062 1971 1215 2004 institiae
1243 1978 1275 2004 et
1330 1979 1413 2006 runt
1430 1973 1564 2012 lucem,
1593 1983 1652 2005 seu
1678 1971 1996 2010 illuminationem,
2025 1978 2056 2005 et
2075 1971 2244 2006 iustitiam
2267 1972 2324 2005 di-

284 2031 375 2063 vitae
402 2033 561 2060 aeternae
586 2028 729 2066 propter
750 2019 933 2055 Christum
959 2022 1208 2062 mediatorem,
1244 2029 1276 2054 et
1331 2024 1470 2060 vinam,
1498 2023 1544 2056 ita
1564 2034 1627 2056 nos
1643 2035 1783 2068 quoqne
1802 2022 1970 2056 debemus
1995 2023 2040 2056 ab
2065 2020 2132 2056 hoc
2157 2023 2229 2056 filio
2244 2022 2324 2058 Sat-

286 2093 349 2129 per
367 2090 446 2112 eum
471 2075 596 2120 gratis,
632 2073 665 2105 id
694 2079 763 2113 est,
793 2085 867 2105 non
894 2080 1039 2117 propter
1060 2073 1131 2106 nlla
1158 2079 1276 2106 nostra
1332 2081 1451 2107 vatore
1469 2074 1687 2107 intellectuum
1705 2085 1827 2107 verum
1847 2084 1907 2107 seu
1932 2086 2049 2108 veram
2065 2071 2130 2108 Dei
2151 2073 2326 2113 notitiam.

287 2132 429 2166 merita,
456 2126 622 2161 omnihus
639 2124 705 2157 fule
723 2123 974 2167 accipientibus
997 2124 1279 2168 promissionem.
1334 2125 1503 2159 iustitiam
1531 2132 1563 2158 et
1588 2125 1695 2158 vitam
1725 2132 1842 2169 petere
1865 2132 1897 2158 et
1925 2133 2133 2170 exspectare.
2202 2125 2325 2169 Quid?

378 2180 474 2214 llaec
493 2184 542 2211 est
558 2176 617 2209 illa
634 2187 769 2208 summa
790 2181 821 2207 et
840 2176 980 2219 propria
992 2174 1174 2218 lix-angelii
1195 2188 1279 2209 con·
1335 2177 1429 2221 quod
1447 2189 1490 2209 ne
1507 2176 1650 2209 accendi
1669 2175 1811 2221 quidem
1834 2182 1945 2220 potest
1972 2189 2063 2210 nova
2090 2177 2167 2217 lux,
2194 2175 2325 2210 conflr-

289 2233 433 2270 solatio,
476 2240 581 2275 quam
608 2227 702 2262 Deus
734 2232 896 2259 aeternus
930 2227 1098 2259 immensa
1124 2227 1281 2260 bonitate
1337 2227 1424 2261 mari
1444 2239 1547 2261 verns
1563 2227 1780 2267 intellectus,
1806 2235 1838 2262 et
1855 2225 2013 2261 inchoari
2031 2227 2214 2261 conversio
2231 2227 2326 2261 salu-

290 2285 393 2319 nobis
411 2294 471 2326 per
495 2279 607 2313 filium
629 2284 661 2311 et
681 2284 824 2322 propter
840 2290 919 2311 eum
941 2277 1209 2311 clementissime
1227 2290 1281 2311 rc·
1337 2279 1432 2318 taris‚
1461 2279 1572 2313 donec
1591 2279 1696 2311 corda
1714 2279 1865 2313 retinent
1885 2276 1950 2312 hoc
1966 2279 2075 2323 frigus
2091 2285 2122 2313 et
2141 2275 2237 2312 hunc
2253 2284 2328 2313 stu-

292 2335 416 2369 velavit
438 2345 475 2364 ac
497 2330 669 2373 patefecit.
1339 2342 1481 2374 porem,
1509 2336 1546 2363 nt
1569 2336 1705 2364 tantuin
1733 2330 1845 2364 otiose
1866 2329 2010 2363 audiant
2037 2327 2098 2363 has
2125 2341 2328 2364 commone-

395 2383 556 2417 Omnino
576 2388 690 2414 antem
710 2391 847 2413 necesse
864 2387 911 2413 est
938 2380 1096 2421 singulos
1111 2378 1284 2415 Christia-
1340 2381 1525 2422 sactiones,
1569 2393 1632 2414 nec
1661 2381 1793 2415 accedit
1820 2381 1930 2415 serius
1957 2381 2065 2414 animi
2091 2387 2226 2419 motus.
2266 2381 2328 2426 qui

295 2450 358 2471 nos.
384 2443 575 2477 nti-umque
601 2432 782 2465 doctrinae
807 2443 916 2473 genns
932 2431 1204 2464 familiarissime.
1227 2445 1285 2464 co·
1341 2433 1432 2466 veris
1448 2433 1637 2476 gemitibus
1653 2433 1807 2465 clamans
1824 2432 1866 2465 ad
1883 2431 1993 2464 filiurn
2013 2431 2097 2471 Dei,
2132 2438 2226 2477 petat
2245 2431 2327 2466 illu·

295 2490 430 2530 gnitnun
449 2484 601 2526 hahere,
629 2495 667 2516 ac
686 2483 870 2527 utriusque
888 2484 1006 2516 dextre
1025 2483 1190 2516 intellecti
1215 2484 1286 2516 dis-
1311 2451 1315 2522 Ι,
1342 2492 1446 2517 strem
1474 2491 1503 2517 et
1532 2484 1704 2516 vivificam
1724 2483 1938 2526 agnitionem
1959 2481 2045 2523 Dei,
2079 2495 2200 2517 verum
2223 2482 2330 2518 intel-

1313 2526 1316 2587 ⁴,
1343 2536 1469 2569 lectum
1502 2535 1617 2573 verbi,
1661 2540 1692 2566 et
1722 2534 1869 2575 gratiam
1903 2546 1962 2567 sen
1997 2534 2330 2576 reconciliationem,

300 2589 477 2623 missionis
512 2586 643 2629 gratiae
667 2598 826 2630 expresse
854 2586 981 2619 tradita
1006 2598 1043 2618 ac
1068 2586 1214 2628 repetita
1239 2594 1288 2620 est
1314 2602 1317 2616 ι
1343 2599 1431 2632 quae
1449 2586 1517 2619 sint
1537 2585 1676 2619 initium
1694 2585 1816 2618 salutis
1836 2593 1866 2618 et
1887 2592 2049 2619 aeternae
2065 2585 2168 2619 vitae.

299 2644 332 2675 in
356 2639 502 2679 singulis
520 2635 722 2680 Prophetis:
760 2643 795 2669 ut
820 2637 935 2670 statim
962 2637 1063 2669 initio
1087 2637 1287 2680 patefactio-

297 2541 431 2573 trimi-n
461 2545 590 2569 tenere.
655 2533 703 2566 Ac
725 2542 871 2578 utroque
896 2534 1019 2566 contio
1042 2534 1125 2575 legis
1150 2542 1178 2565 et
1206 2547 1286 2578 pro-

1447 2636 1632 2671 Caeterum
1662 2636 1724 2670 etsi
1756 2635 1911 2670 Ecclesia
1950 2644 2117 2681 perpetuo
2153 2636 2333 2671 continuis

301 2706 383 2726 nnn»
405 2692 496 2722 tio—n.
515 2690 549 2724 8.
597 2689 688 2721 Cum
708 2688 811 2732 primi
833 2694 992 2732 parentes
1012 2687 1124 2722 Adam
1143 2696 1173 2722 et
1193 2688 1288 2721 ilex-a
1345 2688 1510 2733 periculis
1531 2688 1687 2727 obiecta,
1724 2696 1754 2722 et
1780 2688 1875 2723 velut
1898 2688 2058 2734 nudique
2083 2687 2214 2728 cincta,
2248 2688 2331 2721 sub-
