2409 2915
251 83 295 120 15
833 71 958 109 PHIL.
985 68 1101 106 MEL.
1127 69 1334 107 SCRIPTA
1360 67 1663 106 EXEGETICA.
2223 77 2268 112 16

255 164 355 201 omni
385 161 504 200 malo,
538 160 576 194 in
608 155 725 193 medio
757 151 1071 202 congregationis,
1105 153 1143 187 id
1170 159 1232 192 est,
1283 151 1417 185 vinitus
1445 151 1649 191 institutus,
1680 163 1786 198 quem
1816 152 1893 186 vult
1915 151 2010 187 Deus
2039 159 2193 204 conspici
2224 163 2268 196 ab

255 216 414 259 contagia
441 212 562 259 populi
584 215 711 244 nocent
733 208 918 245 omnibus,
947 205 1028 250 quia
1044 202 1153 238 homo
1169 215 1233 236 na·
1284 200 1449 236 humanis
1473 202 1662 236 mentibus.
1715 201 1784 237 Sed
1805 204 1915 237 multa
1933 210 2016 238 sunt
2032 211 2212 245 mutabilia
2232 211 2269 246 fn

257 275 334 302 tura
358 267 400 299 ad
422 263 651 298 imitationem
671 258 829 297 ducitur,
856 265 890 291 et
907 255 1103 290 imitatione
1121 254 1234 288 discit.
1285 253 1408 293 rebus,
1443 259 1476 287 et
1506 253 1656 286 maxime
1681 253 1869 287 mutabiles
1894 260 1976 288 sunt
2000 252 2183 294 hominum
2207 275 2269 296 vo-

257 318 346 353 Cum
370 317 476 360 igitur
493 312 686 346 multorum
703 316 737 343 et
752 319 958 352 magnorum
975 307 1079 340 falsas
1096 304 1236 349 opinio-
1259 331 1261 336 .
1287 305 1457 344 tumentes,
1484 309 1518 337 et
1531 314 1632 347 saepe
1648 310 1730 337 sunt
1745 303 1904 345 fallaces,
1933 304 2013 339 ideo
2029 303 2268 346 adhibendum

259 380 320 403 nes
346 366 464 405 audit,
492 370 526 396 et
549 361 660 396 cernit
675 361 763 395 ritus
783 367 815 393 et
833 369 964 398 mores,
990 356 1149 402 sequitur
1166 365 1236 394 e05‚
1259 346 1262 391 i
1288 360 1337 387 est
1367 350 1435 386 hoc
1465 353 1543 387 loco
1577 354 1787 394 discrimen,
1823 360 1857 387 et
1890 355 2187 391 considerandum
2209 369 2270 403 est,

261 427 293 453 ct
322 417 460 450 facilius
489 419 540 447 est
569 412 654 446 vitia
685 411 837 451 imitari,
875 415 992 453 postea
1022 406 1237 440 consuetudo
1261 425 1263 462 ἵ
1289 403 1350 437 ubi
1375 410 1409 437 et
1432 410 1604 449 quatenus
1635 404 1897 438 assentiendum
1925 404 1970 440 sit
2002 403 2167 442 humanis
2189 420 2273 453 pro-

262 467 443 503 coufirmat
460 463 664 498 morborum
680 462 793 495 initia.
845 458 929 493 Ideo
946 459 1055 492 multa
1072 457 1162 490 dicta
1180 467 1239 488 ex—
1290 454 1422 494 missis,
1449 454 1510 488 ubi
1529 466 1601 488 non
1621 455 1666 488 sit
1683 455 1956 488 assentiendum,

261 525 352 559 tant,
378 527 467 562 quae
487 513 723 559 praecipiunt,
748 523 793 544 ne
812 511 931 544 relicta
949 509 1067 552 regula
1084 506 1241 550 exempla
1391 502 1455 538 Est
1482 511 1598 539 autem
1629 506 1740 538 virtus
1768 517 1857 550 quae
1886 506 2092 542 nominatur
2120 508 2276 553 Candor,

262 569 317 603 vel
339 565 603 602 multitudinem
626 573 824 608 sequamur.
876 558 988 594 Exod.
1005 561 1064 594 25.
1085 567 1242 601 expresse
1264 599 1267 608 ,
1293 566 1381 600 quae
1400 554 1571 589 diiudicat
1588 555 1806 599 voluntates,
1834 555 1932 589 cuius
1950 563 2103 592 extrema
2118 569 2201 594 sunt
2218 573 2274 596 ca-

262 620 394 654 dictum
411 624 477 651 est:
505 615 588 649 Non
604 613 759 659 sequaris
777 611 1038 645 multitudinem
1058 610 1100 642 ad
1112 608 1242 641 facien·
1265 609 1266 612 ’
1293 605 1427 639 lumnia
1450 612 1483 639 et
1501 606 1604 639 stulta
1624 606 1824 642 credulitas,
1876 606 1965 640 Nam
1985 609 2120 642 candor
2136 617 2186 644 est
2200 612 2276 646 vir-

264 672 347 704 dum
368 669 518 706 malum,
544 671 577 698 et
595 676 667 698 non
685 662 912 708 respondebis
929 661 966 694 in
986 659 1117 695 iudicio
1135 657 1244 691 decli·
1294 665 1350 691 tus
1374 655 1488 688 vicina
1511 656 1667 698 veritati,
1694 664 1838 704 propter
1859 657 2080 701 probabilem
2101 661 2274 695 rationem

265 731 353 754 nans
385 719 428 751 ad
460 716 723 750 multitudinem
754 713 1002 747 declinantem.
1072 709 1244 742 Videmus
1295 707 1494 751 approbans
1515 706 1646 740 alienas
1663 708 1881 750 voluntates,
1907 714 1941 741 et
1957 720 2031 742 non
2048 710 2195 754 gignens
2214 723 2276 746 va·

266 777 400 810 autem,
430 767 617 812 praecipue
643 766 678 798 in
705 763 952 808 religionibus,
986 766 1157 807 quantum
1184 769 1244 791 va-
1295 769 1356 791 nas
1373 757 1588 800 suspiciones
1601 757 1848 792 malevolentia
1866 759 2139 807 εευκακοηθίᾳ,
2167 774 2275 808 quae-

267 823 336 855 leat
364 817 602 853 multitudinis
625 816 757 860 opinio.
817 814 997 847 Adversus
1020 811 1102 846 talia
1125 816 1246 843 couta-
1296 810 1376 842 dam
1401 807 1503 840 etiam
1527 808 1690 853 ambigua
1714 809 1751 842 in
1773 809 1955 843 meliorem
1973 817 2107 854 partem
2122 813 2276 854 flectens,

266 872 341 915 gia,
374 869 619 904 confirmemus
645 878 708 899 nos
733 863 788 898 his
809 865 926 898 dictis:
963 863 1122 896 Lucerna
1148 859 1246 903 pcdi-
1297 871 1336 893 ac
1359 859 1447 891 bene
1471 858 1611 903 quidem
1637 871 1801 903 sperans,
1827 861 1886 893 sed
1901 859 2025 904 {tamen
2047 869 2087 896 ut
2109 863 2152 896 de
2173 864 2278 898 rebus

267 923 333 955 bus
357 921 443 955 meis
468 919 613 951 verbum
637 924 748 950 tuum.
808 916 914 948 Item:
949 912 1080 947 Audite
1103 923 1158 943 me
1183 917 1245 943 etc.
1298 909 1546 949 mutabilibus,
1587 909 1743 952 cogitans
1779 921 1878 955 posse
1916 912 2045 945 mutari
2079 913 2278 948 voluntates

267 972 354 1006 Vult
379 982 444 1004 nos
458 969 554 1002 Deus
578 980 639 1001 suo
664 967 771 999 verbo
797 965 887 1008 regi,
921 975 994 997 non
1017 960 1248 1006 opinionibus
1298 958 1486 1000 humanas,
1513 965 1547 992 et
1571 970 1669 1002 posse
1693 958 1872 994 hominem
1897 974 2013 995 errare
2036 964 2080 996 (le
2097 964 2278 999 voluntate

269 1030 301 1057 et
320 1021 486 1065 exemplis
503 1018 765 1053 discedentibus
783 1028 800 1050 a
820 1016 927 1049 verbo
946 1014 1016 1048 Dei
1034 1020 1096 1047 etc.
1300 1010 1453 1049 alterius,
1481 1022 1558 1043 cum
1578 1021 1650 1042 non
1667 1010 1806 1053 penitus
1821 1012 2112 1056 introspiciantur
2126 1013 2279 1049 latebrae

1300 1059 1447 1094 humani
1464 1060 1634 1104 pectoris,
1659 1059 1725 1101 Ut,
1752 1058 1867 1093 David
1883 1063 1972 1097 hene
1989 1065 2093 1098 sentit
2111 1065 2154 1098 de
2173 1064 2279 1099 lona-

631 1134 765 1187 (Ἄρηΐ
813 1134 887 1173 VI·
1300 1109 1372 1149 tha,
1401 1111 1483 1155 quia
1498 1108 1604 1144 habet
1619 1111 1836 1154 probabilem
1852 1111 2037 1154 rationem,
2060 1127 2168 1160 quare
2185 1116 2282 1150 illius

1301 1162 1517 1195 voluntatem
1543 1168 1656 1205 speret
1678 1161 1814 1194 firmam
1837 1172 1927 1202 esse,
1954 1163 2036 1207 quia
2057 1166 2120 1197 scit
2138 1178 2216 1199 eum
2235 1167 2282 1201 ti-

373 1220 413 1254 ln
453 1226 546 1253 sexto
579 1218 689 1261 capite
723 1216 835 1260 prima
869 1213 1040 1248 sententia
1073 1211 1250 1245 dissuadet
1301 1224 1394 1245 mere
1411 1211 1545 1254 Deum,
1574 1218 1606 1245 et
1632 1218 1797 1245 ornatum
1823 1223 1895 1245 esse
1918 1213 2123 1246 testimonio
2147 1213 2284 1251 divino.

270 1271 493 1317 sponsiones,
518 1280 664 1302 narrans
687 1278 758 1300 esse
777 1265 1007 1310 periculosas,
1037 1263 1118 1308 quia
1138 1261 1250 1305 pluri·
1302 1262 1380 1295 Non
1404 1263 1493 1295 bene
1513 1263 1620 1296 sensit
1639 1263 1681 1296 de
1698 1259 1932 1306 Achhophel,
1960 1263 2042 1307 quia
2057 1263 2284 1298 animadver-

272 1324 321 1357 mi
339 1323 467 1355 fallunt
482 1330 685 1364 sponsores,
712 1318 790 1350 ideo
808 1317 1020 1350 celebratum
1039 1321 1089 1347 est
1106 1313 1250 1352 dictum,
1301 1313 1343 1347 tit
1358 1325 1436 1346 eum
1456 1325 1528 1346 uon
1547 1313 1669 1346 timere
1685 1311 1812 1348 Deum.
1866 1312 1924 1347 Sic
1943 1313 2050 1356 igitur
2067 1314 2285 1357 intelligatur

273 1373 367 1420 quod
384 1373 421 1405 in
438 1371 567 1415 templo
585 1366 758 1413 Delphico
776 1367 944 1410 scriptum
959 1365 1039 1399 fuit:
1069 1363 1249 1408 Spondeto
1302 1365 1435 1398 dictum
1466 1365 1498 1398 1.
1522 1361 1686 1399 Corinth.
1715 1363 1792 1398 13.:
1832 1361 1984 1397 Dilectio
2012 1365 2122 1398 credit
2154 1365 2286 1406 omnia,

272 1426 440 1458 damnum
456 1427 592 1467 praesto
610 1427 671 1460 est,
697 1419 730 1452 id
748 1425 808 1459 est,
833 1417 860 1450 si
876 1415 1108 1461 spoponderis
1122 1415 1250 1447 damno
1303 1415 1338 1448 id
1362 1421 1430 1457 est,
1459 1421 1509 1448 est
1534 1414 1702 1452 candida,
1729 1426 1802 1448 nou
1827 1421 1876 1448 est
1897 1415 2078 1459 suspicax,
2104 1426 2177 1448 non
2194 1415 2286 1449 male

272 1474 444 1509 afficieris,
495 1470 541 1506 Et
556 1469 729 1504 Homerus
753 1469 868 1513 inquit
886 1465 1065 1512 Odysseae
1082 1465 1140 1499 19st
1169 1465 1252 1499 Δει-
1302 1466 1407 1499 sentit
1425 1466 1467 1498 de
1487 1465 1557 1498 alio
1573 1465 1647 1498 sine
1663 1465 1840 1509 probabili
1857 1472 1889 1499 et
1906 1466 2002 1509 gravi
2020 1466 2168 1500 ratione.

274 1523 333 1559 λαί
356 1537 409 1559 τοι
433 1521 562 1558 δειλῶν
587 1534 646 1569 γε,
682 1518 743 1555 καὶ
766 1519 896 1567 ἐγγιάι
923 1513 1178 1565 ἐγγυάασθαι,
1215 1515 1249 1547 id
1622 1549 1629 1556 ·
2084 1551 2092 1557 ι

272 1583 342 1616 est,
366 1575 478 1608 malae
501 1581 582 1607 sunt
604 1571 810 1616 sponsiones
829 1569 1036 1613 spondendo
1056 1579 1118 1612 pro
1139 1566 1249 1599 malis.
1385 1549 1445 1584 De
1479 1549 1719 1583 lab0r¹bu⁵
1755 1561 1828 1583 ⁵²¹¹
1863 1550 1912 1583 de
1947 1551 2204 1585 sedulitate.

274 1625 315 1659 lu
341 1636 466 1669 genere
491 1631 606 1657 autem
631 1620 697 1655 boc
721 1622 854 1654 dictum
880 1626 1018 1658 monet,
1045 1625 1155 1651 ratam
1180 1627 1251 1649 esse
1405 1617 1446 1650 lu
1473 1615 1540 1650 boc
1573 1625 1669 1651 sexto
1694 1618 1807 1660 capite
1834 1618 2029 1651 secundum
2063 1625 2287 1662 praeceptum

274 1677 377 1708 fidem
403 1681 583 1716 pacturum
597 1696 606 1708 ‚
632 1677 665 1703 et
687 1679 785 1702 raros
807 1677 878 1698 esse
903 1675 1056 1697 sinceros
1071 1674 1103 1695 et
1124 1667 1253 1699 fideles.
1303 1675 1352 1701 est
1366 1668 1560 1706 delabore,
1587 1667 1681 1711 quod
1698 1667 1857 1711 exemplo
1873 1668 1976 1700 etiam
1994 1668 2165 1704 illustrat.
2191 1669 2290 1700 iubet

275 1726 408 1759 Contra
435 1733 517 1755 vero
542 1719 671 1753 multos
694 1716 894 1753 instabiles,
928 1715 1081 1752 fucatos,
1115 1711 1254 1751 infidos,
1303 1724 1368 1746 nos
1393 1717 1523 1746 intuert
1548 1717 1730 1751 formicas,
1759 1723 1791 1745 et
1816 1723 1936 1745 earum
1959 1713 2180 1748 sedulitatem
2205 1715 2289 1749 imi-

275 1775 446 1821 perfidos,
473 1779 510 1806 ut
535 1770 665 1804 multae
689 1767 849 1812 querelae
868 1765 1047 1807 leguntur:
1075 1761 1255 1807 Nusquam
1305 1763 1382 1798 tari.
1434 1762 1595 1796 Primum
1621 1762 1728 1805 igitur
1750 1759 1806 1795 bic
1829 1762 2023 1803 discamus,
2051 1770 2083 1797 et
2106 1765 2289 1800 ordinasse

278 1833 349 1860 tuta
376 1825 469 1857 fides.
523 1820 622 1864 Quos
645 1819 757 1852 credis
779 1817 866 1850 fidos
889 1815 1022 1855 effuge,
1059 1820 1153 1847 tutus
1177 1811 1256 1846 eriS.
1305 1813 1419 1848 Deum
1438 1813 1566 1855 gradus
1583 1812 1778 1845 officiorum
1795 1823 1856 1845 scu
1874 1814 2112 1851 vocationum,
2140 1821 2174 1849 et
2189 1827 2290 1849 man-

279 1877 322 1910 lit
345 1875 431 1907 illud
450 1870 670 1917 Epicharmi:
701 1871 801 1913 Nfifsf
820 1864 881 1901 καὶ
895 1864 1061 1911 ,ιη’,ιινησο
1077 1861 1258 1905 ἀπιστεῖν,
1307 1866 1426 1898 datum
1448 1863 1511 1897 Dei
1537 1874 1628 1903 esse,
1657 1869 1693 1896 ut
1715 1874 1797 1896 suae
1815 1862 1964 1908 quisque
1982 1865 2175 1898 vocationis
2192 1866 2289 1900 labo-

280 1929 395 1961 ταῦτα
418 1922 491 1971 γὰρ
516 1922 643 1967 ἄρθρα
665 1921 813 1966 ([(νενῶν
837 1915 947 1951 ἐστὶν.
1003 1915 1086 1948 ltern
1106 1913 1143 1948 in
1159 1912 1257 1947 Psal-
1308 1927 1361 1948 res
1385 1914 1505 1950 saciat,
1539 1925 1602 1947 uec
1627 1914 1760 1955 ingerat
1782 1924 1816 1946 se
1841 1914 1975 1947 alienae
2001 1915 2194 1957 vocationi,
2228 1918 2289 1951 sed

280 1990 354 2011 mo:
391 1975 508 2009 Nolito
534 1973 708 2007 contidere
735 1971 771 2002 in
793 1968 1032 2013 principibus,
1058 1971 1091 1999 et
1115 1964 1151 1997 in
1175 1963 1255 1996 filiis
1280 1965 1283 2008 ᾗ
1309 1967 1345 1999 iu
1372 1977 1432 1998 sua
1459 1971 1606 2008 praestet
1624 1964 1842 2006 diligentiam
1861 1971 1894 1998 et
1911 1965 2027 2000 sidem.
2081 1965 2140 2000 Sic
2156 1968 2291 2011 praeci-

280 2026 484 2065 hominum,
509 2025 543 2057 in
570 2023 698 2068 quibus
722 2033 793 2053 nou
811 2026 859 2053 est
878 2019 979 2051 salus.
1032 2013 1078 2050 Et
1095 2015 1186 2059 apud
1206 2013 1258 2047 le-
1281 2013 1283 2033 ³
1309 2017 1411 2061 piunt
1434 2013 1517 2048 haec
1541 2015 1631 2048 dicta
1655 2016 1685 2048 l.
1702 2012 1847 2050 Thessa.
1864 2013 1914 2048 4.:
1945 2014 2139 2050 Hortamur
2154 2029 2215 2051 vos
2231 2030 2290 2051 ex-

282 2078 445 2112 remiam:
474 2074 684 2109 Maledictus
702 2069 920 2117 quiconfidit
940 2069 975 2101 in
994 2065 1147 2100 bomine.
1281 2041 1284 2119 i
1310 2067 1454 2107 cellere,
1487 2073 1520 2099 et
1552 2066 1600 2099 sic
1632 2065 1835 2099 ambitiosos
1866 2077 1956 2105 esse,
1990 2079 2115 2111 nempe
2145 2075 2183 2102 m
2216 2069 2291 2102 ⁸515,

385 2135 450 2169 llic
480 2134 505 2167 si
540 2133 618 2178 quis
636 2132 839 2173 interroget:
877 2127 973 2170 Quid
999 2126 1123 2169 igitur,
1150 2120 1260 2157 nihil-
1282 2121 1286 2151 ἔ
1311 2118 1439 2163 quieti.
1475 2123 1507 2150 ct
1537 2117 1677 2161 propria
1708 2116 1861 2154 faciatis,
1894 2123 1925 2150 et
1950 2116 2117 2151 laboretis
2137 2119 2291 2163 propriis

284 2201 326 2221 ne
348 2186 561 2220 credendum
578 2183 650 2216 est?
702 2180 929 2224 Respondeo:
960 2177 1118 2211 Primum
1138 2176 1181 2208 de
1197 2175 1261 2207 do-
1284 2161 1286 2223 ἰ
1312 2169 1484 2202 manibus.
1545 2166 1691 2201 Ecclesi.
1709 2166 1758 2199 9.:
1795 2167 1973 2213 Quicquid
2007 2169 2142 2202 invenit
2167 2181 2293 2203 manus

284 2239 395 2272 ctrina
426 2238 468 2269 dc.
491 2236 585 2274 Deo,
619 2233 830 2266 credendum
856 2237 905 2262 est
933 2229 1040 2261 verbo
1062 2226 1151 2266 Dei,
1183 2237 1260 2259 cum
1284 2230 1285 2237 ¹
1312 2228 1368 2253 tua
1395 2220 1435 2252 ad
1462 2219 1680 2255 faciendum,
1717 2215 1782 2251 boc
1806 2219 1886 2252 totis
1909 2219 2046 2252 viribus
2070 2219 2185 2254 facito.
2247 2217 2292 2253 Et

285 2290 426 2335 quidem
451 2285 545 2319 Deus
576 2283 749 2317 addiderit
778 2280 926 2314 31111523-53
950 2277 1171 2319 testimonia,
1205 2287 1260 2308 re·
1284 2287 1286 2305 ς
1312 2271 1405 2315 quod
1432 2269 1495 2303 Dei
1529 2269 1676 2303 consilio
1707 2270 1835 2311 gradus
1860 2269 2054 2303 officiorum
2081 2269 2234 2303 ordinati
2260 2277 2293 2304 et

285 2338 543 2373 suscitationem
571 2341 790 2368 mortuorum
814 2339 848 2365 et
873 2331 951 2364 alia.
1010 2329 1079 2363 Sed
1104 2325 1261 2361 bomini-
1285 2354 1287 2359 ,
1313 2321 1466 2355 distincti
1491 2321 1580 2359 sint,
1608 2320 1832 2353 manifestum
1855 2327 1905 2353 est
1929 2331 1969 2352 ex
1993 2320 2096 2353 dictis
2113 2319 2217 2354 Rom.
2237 2321 2294 2356 12.

286 2392 347 2424 bus
361 2387 638 2422 asseverantibus
654 2384 785 2428 aliquid
797 2384 838 2416 de
849 2381 933 2422 Deo,
952 2380 1092 2425 propria
1109 2377 1264 2417 audacia,
1313 2380 1342 2406 vt
1368 2373 1422 2406 13.
1450 2378 1481 2405 et
1513 2373 1542 2404 l.
1559 2369 1721 2404 Corinth.
1743 2372 1798 2405 12.
1844 2369 2098 2404 Distinctiones
2120 2378 2199 2404 sunt
2224 2371 2291 2404 mi-

287 2448 378 2473 extra
403 2438 598 2472 doctrinam
622 2448 639 2468 a
660 2435 733 2467 1)σό
755 2434 934 2470 traditam,
962 2444 1033 2464 non
1052 2437 1101 2464 est
1117 2429 1261 2463 crs-den-
1314 2423 1549 2457 oiston-iorum.
1603 2419 1647 2455 Et
1674 2423 1704 2457 1.
1719 2418 1879 2455 Corinth.
1896 2421 1945 2454 7.:
1977 2419 2227 2467 [Finisqnisque
2246 2422 2292 2455 si-

287 2493 388 2529 durn,
420 2491 511 2521 iuxta
530 2488 674 2520 dicttnnt
704 2483 800 2518 ¹Nihil
819 2484 953 2516 addatis
972 2493 1084 2527 neque
1101 2476 1263 2514 ‹lt-traha·
1314 2482 1369 2508 cul
1410 2480 1551 2507 voc-‘llus
1590 2479 1639 2506 est
1667 2484 1685 2505 a
1718 2469 1871 2505 Domino
1904 2472 1951 2505 sic
1982 2473 2159 2507 amlmlrl.'
2223 2471 2291 2507 [ibi

287 2542 341 2575 tis.
395 2539 529 2572 Deinde
555 2539 588 2570 iu
615 2537 748 2569 artibus
767 2542 857 2567 certa
877 2541 924 2566 cst
943 2533 1102 2566 doctrina
1121 2536 1263 2576 propter
1314 2533 1491 2571 utrimque
1513 2525 1673 2562 docetur,
1699 2530 1731 2557 rt
1757 2523 1940 2556 distinctos
1963 2534 2034 2555 esse
2059 2524 2186 2565 gradus
2208 2535 2292 2556 con·

288 2589 603 2623 demonstrationes
626 2594 658 2620 ct
683 2586 766 2619 alias
782 2596 899 2618 causas
918 2583 1155 2620 certitudinis,
1183 2580 1263 2626 quia
1314 2577 1393 2609 silio
1420 2575 1505 2617 Dei,
1538 2582 1569 2608 ct
1600 2586 1887 2618 unumquemque
1915 2574 2041 2606 debere
2066 2585 2165 2607 nosse
2186 2581 2292 2607 metas

289 2638 453 2685 κριτήρια
478 2646 509 2672 ct
535 2637 847 2670 demonstrationes
873 2635 974 2668 etiam
1000 2641 1079 2668 sunt
1102 2634 1188 2667 ordo
1211 2631 1266 2665 di-
1288 2660 1289 2666 ,
1315 2628 1367 2661 sni
1387 2627 1510 2664 oflicii,
1538 2632 1570 2659 rt
1588 2625 1640 2658 sui
1661 2626 1788 2668 gradus
1806 2625 1940 2657 labores
1960 2626 2079 2657 sarcre.
