2409 2915
80 91 176 127 1069
360 90 442 125 ΧΠ.

75 184 139 211 sto.
193 175 239 210 Et
254 177 370 222 quoad
386 176 516 211 nostris
534 176 669 210 viribus
684 176 864 210 iustificari
884 189 948 210 nos
963 187 1062 221 posse

76 235 260 272 putamus,
289 229 448 261 nondum
472 227 693 271 agnoscimus
709 225 851 261 Christo
871 239 959 272 opus
978 239 1061 266 esse,

77 285 117 312 ut
135 278 249 312 Galat.
269 277 315 314 Il.
340 279 488 313 dicitur:
517 277 555 312 Si
581 290 642 322 per
664 278 773 321 legem
799 279 952 318 iusticia,
980 289 1060 321 ergo

77 327 236 363 Christus
254 329 379 362 frustra
399 335 557 362 mortuus
572 335 634 364 est.
689 328 824 361 Ibidem
844 327 962 362 Esaias
980 341 1061 362 cau-

77 391 148 412 sam
165 380 280 415 addit.
307 391 415 424 quare
431 380 486 412 via
502 379 758 423 complananda
775 380 837 417 sit,
866 380 1060 413 deiicienda

77 430 197 464 omnia
220 431 369 469 excelsa,
412 430 511 475 quia,
546 430 680 475 inquit,
711 431 926 464 revelabitur
950 430 1061 474 gloria

75 480 235 515 Domini.
287 480 376 514 Nam
408 492 448 513 eo
476 492 541 513 nos
573 481 743 524 obligavit
778 479 946 523 loannes,
981 493 1059 514 cum

78 529 291 576 Prophetam
315 531 446 566 citavit.
498 530 661 565 Revelari
680 532 828 573 gloriam
845 532 988 565 Domini
1011 538 1062 565 est

77 583 225 616 revelari
255 582 424 615 iustitiam
451 580 535 622 Dei,
570 589 602 615 et
631 579 787 615 exhiberi
814 583 1060 616 iustificantem

78 645 160 672 nos,
188 633 277 666 sicut
299 634 340 665 ad
364 631 546 667 Romanos
569 632 700 666 Paulus
724 633 789 667 ait:
820 632 956 667 Omnes
981 639 1062 666 sunt

78 683 177 716 vacui
202 683 312 726 gloria
330 682 407 718 Dei.
459 682 541 716 Non
566 690 676 727 potest
699 691 816 717 autem
842 684 977 717 iusticia
996 683 1061 717 Dei

77 734 227 767 revelari
254 734 321 767 nisi
342 734 440 778 prius
466 734 603 768 iusticia
629 741 662 768 et
687 735 784 767 omni
810 736 920 778 gloria
947 734 1061 768 carnis

80 785 235 819 confusa.
289 784 335 818 Et
359 797 398 817 ex
422 782 490 818 hoc
510 792 622 828 potest
637 786 805 828 intelligi,
832 798 894 819 cur
912 784 1062 819 Ioannes

77 836 241 880 baptizet.
294 835 357 869 Est
377 835 470 867 enim
498 836 694 880 baptismus
718 837 854 878 signum
874 836 1061 869 mortifica-

79 887 203 927 tionis;
232 885 338 920 Rom.
356 885 437 919 VL:
465 885 670 927 Consepulti
692 899 810 920 sumus
827 899 905 920 cum
924 887 985 920 illo
1002 897 1064 930 per

79 937 294 982 baptismum
320 937 355 969 in
376 944 535 971 mortem.
588 937 656 971 Hic
673 938 865 981 baptismus
882 943 1064 981 praeparat

80 989 186 1022 vitam
219 985 379 1028 Christo,
416 988 451 1020 id
484 995 534 1021 est
569 989 839 1022 vivificationem
872 1001 934 1033 per
959 985 1063 1022 Chri-

79 1046 182 1074 stum.
250 1037 308 1072 Sic
340 1036 467 1072 Matth.
494 1038 557 1073 ΙΙΙ.
590 1040 734 1072 dicitur:
769 1039 914 1084 Baptizo
940 1050 1002 1072 vos
1026 1038 1063 1071 in

80 1102 171 1135 aqua
204 1090 240 1122 in
270 1090 521 1133 poenitentiam
540 1096 602 1123 etc.
656 1088 827 1134 Oportuit
856 1091 972 1135 itaque
1003 1090 1064 1122 ba-

79 1141 247 1185 ptismum
277 1140 386 1183 incipi
418 1151 437 1174 a
470 1139 602 1173 Ioanne
632 1148 713 1174 ante
742 1139 943 1181 Christum,
981 1140 1064 1188 quia

80 1191 303 1225 mortificatio
321 1191 495 1234 praecedit
507 1192 789 1230 vivificationem,
818 1192 976 1225 confusio
988 1191 1066 1234 glo-

82 1242 331 1282 rificationem,
358 1249 397 1275 ut
416 1240 587 1275 Matthaei
611 1242 672 1277 Ill.
700 1244 845 1276 dicitur:
890 1242 962 1285 Qui
988 1248 1064 1286 post

82 1305 136 1326 me
156 1300 323 1326 venturus
340 1300 408 1332 est,
436 1293 626 1339 baptizabit
643 1305 703 1326 vos
723 1294 847 1337 spiritu
867 1300 897 1326 et
916 1293 1002 1335 igni.

184 1344 304 1376 Altera
330 1355 408 1386 pars
432 1343 536 1375 officii
556 1342 696 1376 Ioannis
716 1351 766 1376 est
783 1344 939 1376 indicare
958 1341 1064 1376 Chri-

82 1401 193 1435 stum3
229 1395 318 1426 sicut
348 1391 404 1425 hic
433 1393 496 1426 ait:
533 1392 579 1427 Ut
609 1394 854 1427 manifestetur
883 1394 920 1426 in
948 1392 1065 1432 lsrae'l,

82 1451 263 1488 propterca
284 1454 346 1486 ego
373 1443 453 1476 veni
477 1444 513 1476 in
535 1455 624 1489 aqua
643 1445 828 1488 baptizare.
882 1443 928 1477 Et
944 1442 1065 1477 Esaias

81 1496 144 1528 ait:
174 1494 297 1528 Parate
314 1494 406 1526 viam
426 1493 571 1527 Domini
589 1502 666 1533 etc„
695 1496 774 1539 quia
795 1495 905 1538 gloria
917 1494 1062 1528 Domini

82 1546 308 1579 revelabitur.
364 1544 443 1577 Non
471 1546 618 1579 remittit
646 1545 794 1578 loannes
817 1553 972 1588 peccata,
1005 1545 1062 1577 sed

81 1608 160 1630 eum
187 1595 359 1635 ostendit,
387 1595 447 1639 qui
465 1596 674 1629 remissurus
688 1604 746 1630 est.
798 1596 856 1630 Sic
872 1597 1066 1639 baptismus

84 1659 156 1680 non
175 1647 298 1679 mortis
313 1653 416 1691 typus
432 1653 498 1685 est,
523 1648 580 1679 sed
596 1647 753 1690 signum,
782 1648 875 1692 quod
895 1658 955 1690 per
972 1658 1066 1679 mor-

81 1707 150 1732 tem
181 1699 222 1731 ad
258 1697 363 1729 vitam
393 1704 628 1737 transeamus,
667 1698 826 1740 signum,
867 1698 960 1742 quod
994 1708 1066 1729 non

82 1760 177 1782 mors
203 1748 404 1786 absorbeat,
439 1749 532 1792 quod
560 1749 603 1781 sit
628 1749 770 1781 initium
798 1760 910 1781 novae
933 1754 1067 1780 creatu-

83 1811 142 1833 rae
166 1806 248 1839 etc.‚
281 1798 369 1831 sicut
401 1798 490 1830 filios
517 1797 622 1832 lsrael
654 1800 813 1832 videmus
844 1800 928 1832 mari
959 1799 1067 1831 rubro

82 1851 276 1893 baptizatos
306 1860 370 1894 per
399 1855 547 1882 mortem
580 1850 618 1882 in
651 1850 758 1883 vitam
790 1850 963 1893 ingressos
987 1860 1068 1881 esse.

84 1901 154 1935 Sed
180 1901 271 1934 inter
289 1897 418 1933 Christi
436 1900 646 1943 baptismum
666 1908 698 1934 et
717 1900 858 1933 loannis
877 1898 942 1933 hoc
960 1900 1068 1932 inter-

83 1960 152 1990 est‚
179 1952 273 1996 quod
301 1950 460 1983 remissio
483 1951 613 1994 peccati
638 1952 797 1984 nondum
825 1963 982 1995 expressa
1003 1950 1070 1983 fuit

83 2002 215 2036 Ioanne
234 2002 445 2046 baptizante,
473 2014 630 2046 expressa
647 2000 846 2036 estChristo
860 2002 1069 2046 baptizante.

1094 2078 1098 2113 1

348 2101 401 2136 Et
426 2103 491 2150 qui
513 2103 619 2137 missi
644 2104 804 2148 fuerunt.
1094 2117 1097 2134 1

186 2170 277 2204 Vide
299 2171 495 2216 exemplum
520 2169 736 2216 pharisaicae
758 2173 942 2217 caecitatis.
997 2171 1069 2206 Iam

85 2223 315 2268 responderat
341 2221 514 2266 loannes,
548 2223 626 2267 quis
660 2229 765 2264 esset,
798 2236 815 2256 a
844 2235 913 2268 quo
944 2223 1070 2257 missus

86 2281 190 2314 esset,
218 2273 316 2307 cuius
331 2273 535 2307 auctoritate
552 2273 680 2307 faceret
695 2286 784 2319 quae
800 2274 965 2315 satiebat,
992 2286 1070 2308 cum

85 2325 152 2370 ipsi
176 2321 266 2357 nihil
293 2321 419 2357 horum
445 2324 691 2358 intellexerunt
712 2324 903 2358 nescientes
919 2325 1070 2369 scriptu—

85 2387 140 2409 ras
170 2381 203 2408 et
230 2375 394 2409 virtutem
419 2373 505 2416 Dei,
542 2376 712 2419 producto
740 2376 940 2409 testimonio
967 2388 1070 2410 voca-

84 2426 212 2466 tionis,
239 2426 508 2469 praedicationis
526 2433 552 2461 et
575 2426 755 2471 baptismi:
785 2426 922 2460 Tamen
936 2426 982 2472 ⁵⁵)
1009 2428 1071 2460 ad-

85 2476 154 2511 huc
179 2477 417 2520 interrogant,
445 2478 545 2512 cuius
570 2478 776 2511 auctoritate
801 2477 963 2521 baptizet.
1025 2476 1072 2512 Et

83 2526 310 2571 Evangelista
327 2527 605 2563 circumstantias
621 2526 766 2574 pulchre
784 2528 964 2574 expressit,
992 2541 1070 2562 cum

122 2679 171 2708 55)
191 2678 311 2707 Tamen]
331 2677 395 2701 Tnh.

493 88 888 127 ANNOTATIONES
915 90 980 124 ET
1005 87 1288 126 CONCIONES
1319 90 1366 126 lN
1388 89 1571 128 EVANG.
1600 89 1813 129 IOANNIS.

2000 94 2094 127 1070

1115 176 1246 221 inquit:
1273 175 1344 219 Qui
1363 177 1458 210 missi
1476 179 1633 220 fuerunt,
1659 186 1756 212 erant
1776 190 1816 211 ex
1827 176 2035 217 Pharisaeis,
2062 186 2092 210 et

1114 227 1441 271 interrogaverunt,
1489 230 1585 273 quasi
1620 229 1766 263 diceret:
1811 229 2022 273 Quanquam
2054 240 2093 260 ex

1113 274 1326 316 Pharnacis,
1363 279 1384 313 i.
1411 291 1437 311 e.
1464 291 1503 311 ex
1527 280 1792 323 sapientissimis
1817 286 1850 313 ct
1867 279 2095 313 sanctissimis

1113 335 1245 371 essent,
1282 335 1396 361 tamen
1420 341 1626 371 responsum
1652 331 1794 363 loannis
1817 342 1889 363 non
1915 330 2094 364 intellexe-

1114 386 1206 413 runt.
1260 378 1318 413 Sic
1334 379 1436 412 nobis
1452 379 1675 423 Evangelista
1693 382 1881 414 adumbrat
1896 381 2094 414 caecitatem

1114 436 1145 463 et
1161 430 1323 463 tenebras
1338 431 1462 465 carnis.
1498 428 1674 463 Pharisaei
1691 428 1749 463 liic
1765 431 1978 475 interrogant
1998 431 2095 476 quasi

1114 480 1285 514 senserint
1308 478 1490 514 Christum
1513 482 1769 525 baptizaturum
1798 493 1880 516 esse.
1942 481 2028 514 Nam
2053 483 2096 513 de

1114 531 1286 576 baptismo
1304 529 1436 565 Christi
1460 539 1509 565 est
1528 533 1621 575 apud
1637 531 1777 565 Esaiam
1796 531 1941 565 XMV„
1969 531 2096 565 Effun—

1114 583 1196 615 dam
1221 593 1326 629 super
1347 594 1407 615 vos
1423 594 1549 627 aquam
1570 584 1759 623 mundam,
1786 589 1818 615 et
1835 582 2094 615 mundabimini

1115 634 1158 667 ab
1176 633 1341 666 omnibus
1360 633 1606 678 iniquitatibus
1624 633 1756 668 vestris.

1380 714 1465 763 Ego
1489 716 1635 765 baptizo
1660 717 1697 750 in
1721 730 1832 765 aqua.

1216 786 1297 820 Non
1320 788 1507 830 respondet
1525 786 1674 821 Ioannes
1691 789 1732 820 ad
1753 788 1994 832 quaestionem
2016 800 2096 830 pro-

1116 838 1284 882 positam,
1312 850 1373 871 cur
1394 838 1594 881 baptizaret.
1645 837 1734 871 'Nam
1753 847 1853 872 antea
1873 839 2100 882 responderat

1116 901 1195 922 cum
1227 888 1361 934 inquit:
1396 888 1471 931 Ego
1503 901 1569 922 vox
1603 889 1786 922 clamantis
1816 890 1853 921 in
1885 889 2014 922 diserto
2038 896 2101 921 etc.

1116 939 1184 972 Hic
1206 939 1373 972 discernit
1398 951 1499 972 suum
1523 940 1736 983 baptismum
1761 946 1794 973 et
1819 951 1919 973 suum
1941 940 2101 972 ministe-

1116 991 1209 1024 rium
1233 1002 1252 1023 a
1267 987 1401 1023 Christi
1425 990 1597 1033 baptismo
1621 997 1654 1023 et
1679 990 1812 1030 officio,
1839 990 1937 1035 quasi
1957 990 2100 1022 diceret:

1116 1041 1190 1083 Ego
1216 1041 1354 1084 baptizo
1379 1041 1415 1073 in
1442 1053 1531 1085 aqua
1553 1041 1595 1073 ad
1623 1041 1894 1084 poenitentiam,
1922 1048 1959 1075 ut
1978 1041 2101 1074 morti—

1117 1091 1327 1132 ficaremini,
1355 1103 1428 1124 non
1457 1092 1597 1124 remitto
1624 1098 1782 1135 peccata,
1807 1103 1879 1125 non
1903 1091 2100 1125 sanctifico:

1118 1154 1180 1186 ego
1211 1155 1277 1175 vox
1309 1149 1443 1175 tantuin
1477 1154 1553 1174 sum
1582 1149 1614 1176 et
1639 1142 1791 1175 nuncius
1815 1142 1931 1182 verbi,
1969 1142 2028 1174 ille
2052 1150 2102 1175 est

1117 1193 1216 1226 verbi
1242 1193 1415 1236 potentia3
1445 1199 1495 1233 et,
1523 1200 1559 1225 ut
1585 1204 1691 1237 supra
1712 1193 1845 1226 dictum
1869 1199 1936 1231 est,
1963 1192 2024 1225 ille
2042 1192 2101 1225 lux

1119 1251 1186 1283 est,
1221 1255 1293 1276 non
1326 1255 1388 1286 ego
1412 1251 1476 1278 etc.
1531 1243 1652 1277 Medio
1686 1251 1839 1277 vestrum
1872 1244 1986 1285 stetit,
2022 1243 2043 1278 i.
2075 1255 2104 1275 e.

1118 1295 1210 1327 inter
1237 1305 1318 1333 vos,
1346 1306 1447 1338 quem
1474 1307 1535 1327 vos
1561 1295 1702 1327 nescitis
1727 1294 1886 1339 quamvis
1909 1291 2102 1328 Pharisaei.

1119 1344 1191 1387 Qui
1207 1351 1284 1388 post
1301 1356 1356 1376 me
1372 1352 1540 1377 venturus
1556 1352 1617 1382 est,
1646 1345 1776 1378 scilicet
1795 1345 2002 1377 remissurus
2020 1356 2102 1387 pec-

1118 1403 1202 1428 cata.
1256 1393 1329 1436 Qui
1351 1401 1431 1427 ante
1456 1407 1509 1427 me
1536 1395 1619 1431 suit,
1649 1395 1670 1429 i.
1690 1407 1716 1427 e.
1742 1395 1801 1439 qni
1827 1402 1876 1428 est
1900 1395 2012 1427 maior
2036 1406 2102 1431 me,

1118 1446 1173 1479 vel
1193 1445 1303 1479 factus
1319 1452 1385 1485 est,
1410 1451 1448 1478 ut
1464 1445 1510 1478 sit
1525 1446 1639 1478 maior
1656 1458 1721 1481 me.

1286 1524 1404 1563 Cuius
1428 1541 1491 1575 ego
1516 1542 1587 1563 non
1612 1542 1692 1564 sum
1719 1528 1854 1576 dignus
1879 1535 1938 1565 elc.

1222 1596 1472 1641 Multipliciter
1492 1597 1640 1631 loannes
1657 1598 1723 1631 sibi
1742 1595 1922 1631 Christum
1942 1596 2104 1641 praefert,

1121 1654 1159 1681 ut
1183 1648 1400 1690 intelligatur
1417 1646 1579 1682 Christus
1601 1661 1672 1681 non
1692 1646 1867 1692 Propheta
1891 1654 2026 1681 tantum
2043 1649 2102 1679 sed

1121 1700 1274 1732 salvator
1298 1710 1380 1734 esse.
1433 1697 1479 1732 Et
1503 1700 1584 1744 quia
1612 1700 1764 1732 salvator
1787 1710 1858 1731 esse
1883 1698 2104 1740 intelligeba-

1121 1757 1196 1789 tur,
1238 1750 1516 1794 consequebatur
1548 1757 1586 1784 nt
1616 1749 1728 1783 Deum
1765 1761 1836 1782 esse
1867 1755 2105 1793 agnoscerent.

1123 1800 1216 1833 Haec
1231 1812 1366 1833 summa
1382 1801 1574 1833 testimonii
1586 1800 1726 1834 loannis
1742 1807 1810 1840 est,
1837 1801 1915 1833 ideo
1933 1812 1967 1833 se
1983 1799 2104 1832 deiicit

1123 1851 1212 1884 infra
1245 1863 1343 1891 cum,
1376 1851 1559 1895 inquiens,
1591 1864 1625 1885 se
1651 1864 1722 1884 non
1746 1863 1817 1884 esse
1840 1851 2008 1894 dignum,
2043 1849 2105 1894 qui

1123 1901 1176 1934 illi
1200 1901 1312 1934 solvat
1334 1901 1519 1944 corrigiam
1542 1902 1785 1942 calceamenti,
1819 1902 1854 1935 id
1879 1908 1946 1942 est,
1973 1912 2008 1933 se
2032 1912 2106 1933 uon

1123 1964 1194 1986 esse
1223 1953 1369 1995 dignum
1401 1965 1444 1985 ne
1475 1953 1546 1985 ulla
1579 1954 1722 1998 quidem
1747 1960 1843 1996 parte
1867 1952 2009 1986 servire.
2064 1950 2106 1983 In

1123 2016 1190 2048 qua
1207 2003 1392 2043 sententia,
1421 2005 1648 2048 quantumvis
1662 2003 1824 2048 simplici,
1851 2003 2004 2051 primum
2022 2013 2105 2035 con-

1123 2054 1241 2088 fitetur
1264 2054 1498 2090 divinitatem.
1550 2054 1639 2088 Nam
1665 2052 1771 2087 homo
1797 2061 1887 2088 certe
1903 2054 2030 2096 dignus
2048 2059 2107 2091 est,

1124 2111 1163 2138 ut
1181 2102 1320 2137 homini
1338 2105 1484 2145 serviat,
1512 2105 1594 2150 quia
1611 2106 1653 2138 ad
1671 2111 1791 2138 mutua
1808 2104 2002 2137 ministeria
2021 2115 2104 2136 con—

1123 2155 1189 2188 diti
1214 2166 1355 2193 snmus,
1382 2153 1509 2189 Genes.
1525 2157 1550 2190 Ι.
1576 2163 1608 2190 et
1629 2155 1673 2189 11.
1702 2154 1840 2188 Exinde
1862 2165 2003 2187 omnem
2029 2153 2104 2196 glo—

1124 2206 1212 2239 riam
1242 2205 1402 2239 omnium
1427 2219 1571 2254 operum
1597 2213 1798 2239 nostrorum
1823 2206 1966 2238 damnat
1992 2204 2027 2236 in
2054 2216 2105 2242 eo,

1123 2258 1218 2302 quod
1245 2257 1449 2297 confitetur,
1485 2270 1528 2291 ne
1554 2270 1588 2291 se
1613 2257 1755 2302 quidem
1777 2256 1922 2299 dignum
1948 2267 2018 2288 esse
2044 2254 2105 2299 qui

1123 2307 1266 2349 serviat;
1302 2319 1383 2351 ergo
1410 2320 1502 2341 mera
1526 2308 1656 2351 gratia,
1683 2319 1775 2339 mera
1802 2306 2039 2339 misericordia
2056 2311 2104 2337 est

1123 2359 1291 2403 accepisse
1306 2365 1345 2392 ut
1363 2359 1503 2393 servias,
1546 2357 1728 2391 Postremo
1741 2356 2009 2391 Pharisaeorum
2028 2367 2105 2388 cae-

1123 2409 1273 2450 citatem,
1297 2409 1495 2451 superbiam
1513 2415 1547 2442 et
1561 2416 1733 2442 tumorem
1749 2405 1984 2452 reprehendit,
2006 2406 2107 2451 qnasi

1123 2461 1268 2494 diceret:
1311 2458 1387 2494 Vos
1416 2460 1606 2503 sapientes,
1649 2470 1710 2493 vos
1742 2459 1850 2492 sancti
1880 2456 2105 2491 contemnitis

1124 2523 1221 2551 eum,
1252 2523 1354 2556 quem
1382 2511 1482 2543 vobis
1507 2510 1682 2555 praedico.
1753 2509 1824 2543 Vos
1843 2519 2008 2551 regnum,
2043 2519 2105 2540 vos

1123 2562 1355 2596 sacerdotium
1380 2561 1520 2601 tenetis,
1545 2573 1624 2594 cum
1647 2561 1706 2593 ille
1729 2560 1773 2594 sit
1795 2560 1980 2594 ordinatus
1995 2570 2014 2591 a
2030 2558 2104 2592 Deo

1124 2625 1182 2646 rex
1205 2621 1236 2647 et
1260 2613 1439 2651 sacerdos,
1466 2612 1521 2645 cui
1540 2624 1604 2644 nos
1621 2611 1743 2645 subiici
1761 2611 1929 2656 oportuit.
1984 2608 2057 2643 Iam
2076 2609 2102 2641 si

1124 2675 1269 2709 quaeras
1300 2663 1501 2706 allegoriam
1529 2663 1651 2696 calcei:
1689 2662 1835 2697 verbum
1859 2673 1919 2696 seu
1943 2658 2104 2701 Evange-
