<?xml version="1.0" encoding="UTF-8"?>
<!DOCTYPE html PUBLIC "-//W3C//DTD XHTML 1.0 Transitional//EN"
    "http://www.w3.org/TR/xhtml1/DTD/xhtml1-transitional.dtd">
<html xmlns="http://www.w3.org/1999/xhtml" xml:lang="en" lang="en">
 <head>
  <title>
</title>
<meta http-equiv="Content-Type" content="text/html;charset=utf-8" />
  <meta name='ocr-system' content='tesseract 3.04.00' />
  <meta name='ocr-capabilities' content='ocr_page ocr_carea ocr_par ocr_line ocrx_word'/>
</head>
<body>
  <div class='ocr_page' id='page_1' title='image "./operaquaesupersu14melauoft/operaquaesupersu14melauoft_0587.png"; bbox 0 0 2409 2915; ppageno 0'>
   <div class='ocr_carea' id='block_1_1' title="bbox 84 94 450 132">
    <p class='ocr_par' dir='ltr' id='par_1_1' title="bbox 84 94 450 132">
     <span class='ocr_line' id='line_1_1' title="bbox 84 94 450 132; baseline 0 -1"><span class='ocrx_word' id='word_1_1' title='bbox 84 94 184 132; x_wconf 82' lang='grc'>1157</span> <span class='ocrx_word' id='word_1_2' title='bbox 370 94 450 131; x_wconf 85' lang='lat' dir='ltr'><strong>XII.</strong></span> 
     </span>
    </p>
   </div>
   <div class='ocr_carea' id='block_1_2' title="bbox 296 183 861 234">
    <p class='ocr_par' dir='ltr' id='par_1_2' title="bbox 296 183 861 234">
     <span class='ocr_line' id='line_1_2' title="bbox 296 183 861 234; baseline -0.005 -13"><span class='ocrx_word' id='word_1_3' title='bbox 296 187 383 234; x_wconf 77' lang='lat' dir='ltr'><strong>Ego</strong></span> <span class='ocrx_word' id='word_1_4' title='bbox 409 186 478 222; x_wconf 76' lang='lat' dir='ltr'><strong>lux</strong></span> <span class='ocrx_word' id='word_1_5' title='bbox 501 187 539 221; x_wconf 86' lang='lat' dir='ltr'><strong>in</strong></span> <span class='ocrx_word' id='word_1_6' title='bbox 564 183 742 220; x_wconf 74' lang='lat' dir='ltr'><strong>mundum</strong></span> <span class='ocrx_word' id='word_1_7' title='bbox 769 185 861 222; x_wconf 75' lang='lat' dir='ltr'><strong>veni.</strong></span> 
     </span>
    </p>
   </div>
   <div class='ocr_carea' id='block_1_3' title="bbox 80 253 1070 451">
    <p class='ocr_par' dir='ltr' id='par_1_3' title="bbox 80 253 1070 451">
     <span class='ocr_line' id='line_1_3' title="bbox 184 253 1070 297; baseline -0.003 -7"><span class='ocrx_word' id='word_1_8' title='bbox 184 255 261 290; x_wconf 85' lang='lat' dir='ltr'><strong>Lux</strong></span> <span class='ocrx_word' id='word_1_9' title='bbox 285 263 353 293; x_wconf 87' lang='lat' dir='ltr'><strong>est,</strong></span> <span class='ocrx_word' id='word_1_10' title='bbox 389 267 456 297; x_wconf 85' lang='lat' dir='ltr'><strong>qua</strong></span> <span class='ocrx_word' id='word_1_11' title='bbox 478 253 592 288; x_wconf 89' lang='lat' dir='ltr'><strong>Deum</strong></span> <span class='ocrx_word' id='word_1_12' title='bbox 617 254 812 295; x_wconf 79' lang='lat' dir='ltr'>noscimus,</span> <span class='ocrx_word' id='word_1_13' title='bbox 839 254 929 288; x_wconf 88' lang='lat' dir='ltr'><strong>sicut</strong></span> <span class='ocrx_word' id='word_1_14' title='bbox 943 253 1070 288; x_wconf 81' lang='lat' dir='ltr'><strong>Hiere-</strong></span> 
     </span>
     <span class='ocr_line' id='line_1_4' title="bbox 81 303 1068 352; baseline -0.003 -12"><span class='ocrx_word' id='word_1_15' title='bbox 81 307 169 341; x_wconf 88' lang='lat' dir='ltr'><strong>mias</strong></span> <span class='ocrx_word' id='word_1_16' title='bbox 196 307 267 347; x_wconf 88' lang='lat' dir='ltr'><strong>ait,</strong></span> <span class='ocrx_word' id='word_1_17' title='bbox 303 307 400 352; x_wconf 87' lang='lat' dir='ltr'><strong>quod</strong></span> <span class='ocrx_word' id='word_1_18' title='bbox 428 305 472 339; x_wconf 87' lang='lat' dir='ltr'><strong>sit</strong></span> <span class='ocrx_word' id='word_1_19' title='bbox 501 303 596 338; x_wconf 85' lang='lat' dir='ltr'><strong>Deus</strong></span> <span class='ocrx_word' id='word_1_20' title='bbox 626 304 758 338; x_wconf 82' lang='lat' dir='ltr'><strong>faciens</strong></span> <span class='ocrx_word' id='word_1_21' title='bbox 780 305 1068 345; x_wconf 86' lang='lat' dir='ltr'><strong>misericordiam,</strong></span> 
     </span>
     <span class='ocr_line' id='line_1_5' title="bbox 80 353 1068 399; baseline -0.004 -7"><span class='ocrx_word' id='word_1_22' title='bbox 80 357 251 392; x_wconf 87' lang='lat' dir='ltr'><strong>iudicium</strong></span> <span class='ocrx_word' id='word_1_23' title='bbox 270 365 303 390; x_wconf 91' lang='lat' dir='ltr'><strong>et</strong></span> <span class='ocrx_word' id='word_1_24' title='bbox 323 355 507 390; x_wconf 87' lang='lat' dir='ltr'><strong>iusticiam.</strong></span> <span class='ocrx_word' id='word_1_25' title='bbox 560 355 678 399; x_wconf 81' lang='lat' dir='ltr'>Atque</span> <span class='ocrx_word' id='word_1_26' title='bbox 705 353 787 388; x_wconf 89' lang='lat' dir='ltr'><strong>hinc</strong></span> <span class='ocrx_word' id='word_1_27' title='bbox 809 356 916 389; x_wconf 87' lang='lat' dir='ltr'><strong>timor</strong></span> <span class='ocrx_word' id='word_1_28' title='bbox 934 363 967 389; x_wconf 86' lang='lat' dir='ltr'><strong>et</strong></span> <span class='ocrx_word' id='word_1_29' title='bbox 983 356 1068 389; x_wconf 84' lang='lat' dir='ltr'><strong>fides</strong></span> 
     </span>
     <span class='ocr_line' id='line_1_6' title="bbox 80 403 1067 451; baseline -0.004 -8"><span class='ocrx_word' id='word_1_30' title='bbox 80 407 289 443; x_wconf 87' lang='lat' dir='ltr'><strong>exoriuntur</strong></span> <span class='ocrx_word' id='word_1_31' title='bbox 311 407 348 440; x_wconf 89' lang='lat' dir='ltr'><strong>in</strong></span> <span class='ocrx_word' id='word_1_32' title='bbox 372 406 487 440; x_wconf 90' lang='lat' dir='ltr'><strong>corde.</strong></span> <span class='ocrx_word' id='word_1_33' title='bbox 541 405 724 444; x_wconf 84' lang='lat' dir='ltr'><strong>Secundo,</strong></span> <span class='ocrx_word' id='word_1_34' title='bbox 759 403 921 439; x_wconf 86' lang='lat' dir='ltr'><strong>Christus</strong></span> <span class='ocrx_word' id='word_1_35' title='bbox 938 406 1067 451; x_wconf 89' lang='lat' dir='ltr'><strong>inquit,</strong></span> 
     </span>
    </p>
   </div>
   <div class='ocr_carea' id='block_1_4' title="bbox 80 453 1095 501">
    <p class='ocr_par' dir='ltr' id='par_1_4' title="bbox 80 453 1095 501">
     <span class='ocr_line' id='line_1_7' title="bbox 80 453 1095 501; baseline -0.003 -9"><span class='ocrx_word' id='word_1_36' title='bbox 80 471 116 492; x_wconf 91' lang='lat' dir='ltr'><strong>se</strong></span> <span class='ocrx_word' id='word_1_37' title='bbox 133 458 245 492; x_wconf 88' lang='lat' dir='ltr'><strong>lucem</strong></span> <span class='ocrx_word' id='word_1_38' title='bbox 265 458 398 491; x_wconf 81' lang='lat' dir='ltr'><strong>venisse</strong></span> <span class='ocrx_word' id='word_1_39' title='bbox 413 456 450 489; x_wconf 90' lang='lat' dir='ltr'><strong>in</strong></span> <span class='ocrx_word' id='word_1_40' title='bbox 469 457 659 496; x_wconf 89' lang='lat' dir='ltr'><strong>mundum,</strong></span> <span class='ocrx_word' id='word_1_41' title='bbox 683 464 721 490; x_wconf 87' lang='lat' dir='ltr'><strong>ut</strong></span> <span class='ocrx_word' id='word_1_42' title='bbox 743 453 802 501; x_wconf 84' lang='lat' dir='ltr'><strong>qui</strong></span> <span class='ocrx_word' id='word_1_43' title='bbox 829 457 864 489; x_wconf 86' lang='lat' dir='ltr'><strong>in</strong></span> <span class='ocrx_word' id='word_1_44' title='bbox 882 454 972 489; x_wconf 82' lang='lat' dir='ltr'><strong>hanc</strong></span> <span class='ocrx_word' id='word_1_45' title='bbox 993 470 1068 490; x_wconf 87' lang='lat' dir='ltr'><strong>cre—</strong></span> <span class='ocrx_word' id='word_1_46' title='bbox 1094 465 1095 472; x_wconf 65' lang='lat'>¹</span> 
     </span>
    </p>
   </div>
   <div class='ocr_carea' id='block_1_5' title="bbox 75 507 1095 1794">
    <p class='ocr_par' dir='ltr' id='par_1_5' title="bbox 75 507 1095 1794">
     <span class='ocr_line' id='line_1_8' title="bbox 79 507 1066 553; baseline -0.002 -11"><span class='ocrx_word' id='word_1_47' title='bbox 79 509 151 550; x_wconf 90' lang='lat' dir='ltr'><strong>dit,</strong></span> <span class='ocrx_word' id='word_1_48' title='bbox 177 520 250 541; x_wconf 88' lang='lat' dir='ltr'><strong>non</strong></span> <span class='ocrx_word' id='word_1_49' title='bbox 269 515 405 541; x_wconf 84' lang='lat' dir='ltr'><strong>maneat</strong></span> <span class='ocrx_word' id='word_1_50' title='bbox 422 507 457 539; x_wconf 88' lang='lat' dir='ltr'><strong>in</strong></span> <span class='ocrx_word' id='word_1_51' title='bbox 477 507 648 540; x_wconf 88' lang='lat' dir='ltr'><strong>tenebris:</strong></span> <span class='ocrx_word' id='word_1_52' title='bbox 683 518 764 550; x_wconf 83' lang='lat' dir='ltr'><strong>ergo</strong></span> <span class='ocrx_word' id='word_1_53' title='bbox 788 519 875 553; x_wconf 87' lang='lat' dir='ltr'>qnos</span> <span class='ocrx_word' id='word_1_54' title='bbox 894 520 966 540; x_wconf 92' lang='lat' dir='ltr'><strong>non</strong></span> <span class='ocrx_word' id='word_1_55' title='bbox 984 508 1066 541; x_wconf 86' lang='lat' dir='ltr'><strong>illu-</strong></span> 
     </span>
     <span class='ocr_line' id='line_1_9' title="bbox 79 556 1066 598; baseline -0.001 -6"><span class='ocrx_word' id='word_1_56' title='bbox 79 560 192 593; x_wconf 86' lang='lat' dir='ltr'><strong>minat</strong></span> <span class='ocrx_word' id='word_1_57' title='bbox 217 556 395 598; x_wconf 90' lang='lat' dir='ltr'><strong>Christus,</strong></span> <span class='ocrx_word' id='word_1_58' title='bbox 436 558 473 590; x_wconf 91' lang='lat' dir='ltr'><strong>in</strong></span> <span class='ocrx_word' id='word_1_59' title='bbox 498 557 540 590; x_wconf 92' lang='lat' dir='ltr'><strong>iis</strong></span> <span class='ocrx_word' id='word_1_60' title='bbox 565 570 701 590; x_wconf 88' lang='lat' dir='ltr'><strong>necesse</strong></span> <span class='ocrx_word' id='word_1_61' title='bbox 725 564 772 590; x_wconf 90' lang='lat' dir='ltr'><strong>est</strong></span> <span class='ocrx_word' id='word_1_62' title='bbox 799 558 959 591; x_wconf 80' lang='lat' dir='ltr'>tenebras</span> <span class='ocrx_word' id='word_1_63' title='bbox 983 570 1066 592; x_wconf 86' lang='lat' dir='ltr'><strong>esse.</strong></span> 
     </span>
     <span class='ocr_line' id='line_1_10' title="bbox 79 608 1064 651; baseline -0.003 -8"><span class='ocrx_word' id='word_1_64' title='bbox 79 609 221 649; x_wconf 84' lang='lat' dir='ltr'><strong>Tertio,</strong></span> <span class='ocrx_word' id='word_1_65' title='bbox 255 616 336 642; x_wconf 92' lang='lat' dir='ltr'><strong>sunt</strong></span> <span class='ocrx_word' id='word_1_66' title='bbox 361 615 476 642; x_wconf 88' lang='lat' dir='ltr'><strong>autem</strong></span> <span class='ocrx_word' id='word_1_67' title='bbox 501 609 665 641; x_wconf 76' lang='lat' dir='ltr'><strong>tenebrae</strong></span> <span class='ocrx_word' id='word_1_68' title='bbox 688 608 863 651; x_wconf 74' lang='lat' dir='ltr'>ignoratio</span> <span class='ocrx_word' id='word_1_69' title='bbox 889 616 921 641; x_wconf 87' lang='lat' dir='ltr'><strong>et</strong></span> <span class='ocrx_word' id='word_1_70' title='bbox 944 608 1064 641; x_wconf 85' lang='lat' dir='ltr'><strong>iudicii</strong></span> 
     </span>
     <span class='ocr_line' id='line_1_11' title="bbox 78 657 1065 703; baseline -0.002 -10"><span class='ocrx_word' id='word_1_71' title='bbox 78 667 112 694; x_wconf 88' lang='lat' dir='ltr'><strong>et</strong></span> <span class='ocrx_word' id='word_1_72' title='bbox 139 659 400 693; x_wconf 75' lang='lat' dir='ltr'><strong>misericordiae</strong></span> <span class='ocrx_word' id='word_1_73' title='bbox 427 657 507 691; x_wconf 88' lang='lat' dir='ltr'><strong>Dei.</strong></span> <span class='ocrx_word' id='word_1_74' title='bbox 569 657 667 692; x_wconf 86' lang='lat' dir='ltr'><strong>Sicut</strong></span> <span class='ocrx_word' id='word_1_75' title='bbox 700 659 852 691; x_wconf 86' lang='lat' dir='ltr'><strong>vidimus</strong></span> <span class='ocrx_word' id='word_1_76' title='bbox 881 659 1065 703; x_wconf 87' lang='lat' dir='ltr'><strong>imaginari</strong></span> 
     </span>
     <span class='ocr_line' id='line_1_12' title="bbox 75 709 1065 755; baseline -0.004 -9"><span class='ocrx_word' id='word_1_77' title='bbox 75 709 190 746; x_wconf 88' lang='lat' dir='ltr'><strong>Deum</strong></span> <span class='ocrx_word' id='word_1_78' title='bbox 209 709 335 755; x_wconf 90' lang='lat' dir='ltr'><strong>impios</strong></span> <span class='ocrx_word' id='word_1_79' title='bbox 352 722 464 754; x_wconf 89' lang='lat' dir='ltr'><strong>neque</strong></span> <span class='ocrx_word' id='word_1_80' title='bbox 482 721 640 742; x_wconf 83' lang='lat' dir='ltr'><strong>severum</strong></span> <span class='ocrx_word' id='word_1_81' title='bbox 664 710 749 742; x_wconf 89' lang='lat' dir='ltr'><strong>adeo</strong></span> <span class='ocrx_word' id='word_1_82' title='bbox 775 709 925 742; x_wconf 88' lang='lat' dir='ltr'><strong>iudicem</strong></span> <span class='ocrx_word' id='word_1_83' title='bbox 952 722 1065 755; x_wconf 77' lang='lat' dir='ltr'><strong>neque</strong></span> 
     </span>
     <span class='ocr_line' id='line_1_13' title="bbox 77 760 1064 808; baseline -0.003 -13"><span class='ocrx_word' id='word_1_84' title='bbox 77 767 259 808; x_wconf 75' lang='lat' dir='ltr'><strong>tantopere</strong></span> <span class='ocrx_word' id='word_1_85' title='bbox 283 767 463 794; x_wconf 81' lang='lat' dir='ltr'><strong>curantem</strong></span> <span class='ocrx_word' id='word_1_86' title='bbox 486 771 550 792; x_wconf 90' lang='lat' dir='ltr'><strong>nos</strong></span> <span class='ocrx_word' id='word_1_87' title='bbox 573 766 612 793; x_wconf 92' lang='lat' dir='ltr'><strong>ut</strong></span> <span class='ocrx_word' id='word_1_88' title='bbox 634 760 744 800; x_wconf 84' lang='lat' dir='ltr'><strong>adsit,</strong></span> <span class='ocrx_word' id='word_1_89' title='bbox 777 760 956 799; x_wconf 83' lang='lat' dir='ltr'><strong>exaudiat,</strong></span> <span class='ocrx_word' id='word_1_90' title='bbox 987 773 1064 792; x_wconf 88' lang='lat' dir='ltr'><strong>cum</strong></span> 
     </span>
     <span class='ocr_line' id='line_1_14' title="bbox 78 810 1063 854; baseline -0.003 -9"><span class='ocrx_word' id='word_1_91' title='bbox 78 812 153 846; x_wconf 89' lang='lat' dir='ltr'><strong>eius</strong></span> <span class='ocrx_word' id='word_1_92' title='bbox 174 812 305 844; x_wconf 85' lang='lat' dir='ltr'><strong>auxilio</strong></span> <span class='ocrx_word' id='word_1_93' title='bbox 331 823 419 854; x_wconf 89' lang='lat' dir='ltr'><strong>opus</strong></span> <span class='ocrx_word' id='word_1_94' title='bbox 443 810 564 843; x_wconf 88' lang='lat' dir='ltr'><strong>fuerit:</strong></span> <span class='ocrx_word' id='word_1_95' title='bbox 613 810 661 842; x_wconf 88' lang='lat' dir='ltr'><strong>sic</strong></span> <span class='ocrx_word' id='word_1_96' title='bbox 687 811 885 844; x_wconf 70' lang='lat' dir='ltr'><strong>sentiebant</strong></span> <span class='ocrx_word' id='word_1_97' title='bbox 913 811 964 843; x_wconf 91' lang='lat' dir='ltr'><strong>illi</strong></span> <span class='ocrx_word' id='word_1_98' title='bbox 992 810 1063 843; x_wconf 79' lang='lat' dir='ltr'><strong>Mi-</strong></span> 
     </span>
     <span class='ocr_line' id='line_1_15' title="bbox 76 860 1064 904; baseline -0.002 -9"><span class='ocrx_word' id='word_1_99' title='bbox 76 860 181 896; x_wconf 83' lang='lat' dir='ltr'><strong>cheae</strong></span> <span class='ocrx_word' id='word_1_100' title='bbox 198 861 262 895; x_wconf 81' lang='lat' dir='ltr'><strong>IL:</strong></span> <span class='ocrx_word' id='word_1_101' title='bbox 291 861 368 894; x_wconf 80' lang='lat' dir='ltr'><strong>Non</strong></span> <span class='ocrx_word' id='word_1_102' title='bbox 394 861 541 894; x_wconf 76' lang='lat' dir='ltr'><strong>stillabit</strong></span> <span class='ocrx_word' id='word_1_103' title='bbox 566 871 671 902; x_wconf 87' lang='lat' dir='ltr'><strong>super</strong></span> <span class='ocrx_word' id='word_1_104' title='bbox 697 873 780 899; x_wconf 78' lang='lat' dir='ltr'><strong>nos,</strong></span> <span class='ocrx_word' id='word_1_105' title='bbox 808 873 879 894; x_wconf 89' lang='lat' dir='ltr'><strong>non</strong></span> <span class='ocrx_word' id='word_1_106' title='bbox 907 873 1064 904; x_wconf 86' lang='lat' dir='ltr'><strong>compre-</strong></span> 
     </span>
     <span class='ocr_line' id='line_1_16' title="bbox 77 908 959 950; baseline -0.002 -4"><span class='ocrx_word' id='word_1_107' title='bbox 77 910 210 946; x_wconf 85' lang='lat' dir='ltr'><strong>hendet</strong></span> <span class='ocrx_word' id='word_1_108' title='bbox 227 923 291 945; x_wconf 92' lang='lat' dir='ltr'><strong>nos</strong></span> <span class='ocrx_word' id='word_1_109' title='bbox 307 912 477 945; x_wconf 81' lang='lat' dir='ltr'><strong>confusio.</strong></span> <span class='ocrx_word' id='word_1_110' title='bbox 528 908 575 943; x_wconf 90' lang='lat' dir='ltr'><strong>Et</strong></span> <span class='ocrx_word' id='word_1_111' title='bbox 594 908 710 944; x_wconf 81' lang='lat' dir='ltr'><strong>Acbaz</strong></span> <span class='ocrx_word' id='word_1_112' title='bbox 723 909 845 944; x_wconf 76' lang='lat' dir='ltr'><strong>Esaiae</strong></span> <span class='ocrx_word' id='word_1_113' title='bbox 863 910 959 950; x_wconf 66' lang='lat' dir='ltr'><strong>Vlt,</strong></span> 
     </span>
     <span class='ocr_line' id='line_1_17' title="bbox 77 962 721 1007; baseline -0.008 -9"><span class='ocrx_word' id='word_1_114' title='bbox 77 969 295 1003; x_wconf 83' lang='lat' dir='ltr'><strong>tentaretur,</strong></span> <span class='ocrx_word' id='word_1_115' title='bbox 338 963 420 1007; x_wconf 84' lang='lat' dir='ltr'><strong>quia</strong></span> <span class='ocrx_word' id='word_1_116' title='bbox 452 962 529 993; x_wconf 90' lang='lat' dir='ltr'><strong>luce</strong></span> <span class='ocrx_word' id='word_1_117' title='bbox 565 962 721 1002; x_wconf 80' lang='lat' dir='ltr'><strong>carebat,</strong></span> 
     </span>
     <span class='ocr_line' id='line_1_18' title="bbox 77 1011 1065 1058; baseline -0.003 -11"><span class='ocrx_word' id='word_1_118' title='bbox 77 1013 193 1058; x_wconf 89' lang='lat' dir='ltr'><strong>potuit</strong></span> <span class='ocrx_word' id='word_1_119' title='bbox 212 1013 430 1057; x_wconf 80' lang='lat' dir='ltr'><strong>promittenti</strong></span> <span class='ocrx_word' id='word_1_120' title='bbox 449 1011 630 1045; x_wconf 85' lang='lat' dir='ltr'><strong>victoriam</strong></span> <span class='ocrx_word' id='word_1_121' title='bbox 648 1014 816 1046; x_wconf 77' lang='lat' dir='ltr'><strong>adversus</strong></span> <span class='ocrx_word' id='word_1_122' title='bbox 826 1012 934 1056; x_wconf 77' lang='lat' dir='ltr'><strong>Syros</strong></span> <span class='ocrx_word' id='word_1_123' title='bbox 953 1019 983 1044; x_wconf 86' lang='lat' dir='ltr'><strong>et</strong></span> <span class='ocrx_word' id='word_1_124' title='bbox 1001 1011 1065 1045; x_wconf 79' lang='lat' dir='ltr'><strong>Sa-</strong></span> 
     </span>
     <span class='ocr_line' id='line_1_19' title="bbox 76 1062 1094 1098; baseline -0.002 -1"><span class='ocrx_word' id='word_1_125' title='bbox 76 1064 231 1098; x_wconf 87' lang='lat' dir='ltr'><strong>maritas.</strong></span> <span class='ocrx_word' id='word_1_126' title='bbox 289 1062 336 1097; x_wconf 89' lang='lat' dir='ltr'><strong>Et</strong></span> <span class='ocrx_word' id='word_1_127' title='bbox 361 1063 466 1096; x_wconf 89' lang='lat' dir='ltr'><strong>corda</strong></span> <span class='ocrx_word' id='word_1_128' title='bbox 490 1074 595 1095; x_wconf 88' lang='lat' dir='ltr'><strong>vacua</strong></span> <span class='ocrx_word' id='word_1_129' title='bbox 623 1062 690 1095; x_wconf 88' lang='lat' dir='ltr'><strong>fide</strong></span> <span class='ocrx_word' id='word_1_130' title='bbox 723 1063 758 1095; x_wconf 90' lang='lat' dir='ltr'><strong>in</strong></span> <span class='ocrx_word' id='word_1_131' title='bbox 795 1063 986 1096; x_wconf 78' lang='lat' dir='ltr'><strong>tentatione</strong></span> <span class='ocrx_word' id='word_1_132' title='bbox 1019 1062 1066 1095; x_wconf 87' lang='lat' dir='ltr'><strong>sic</strong></span> <span class='ocrx_word' id='word_1_133' title='bbox 1092 1074 1094 1078; x_wconf 91' lang='lat'>·</span> 
     </span>
     <span class='ocr_line' id='line_1_20' title="bbox 75 1113 1063 1158; baseline -0.002 -11"><span class='ocrx_word' id='word_1_134' title='bbox 75 1115 248 1148; x_wconf 89' lang='lat' dir='ltr'><strong>sentiunt:</strong></span> <span class='ocrx_word' id='word_1_135' title='bbox 307 1113 404 1156; x_wconf 88' lang='lat' dir='ltr'><strong>Quid</strong></span> <span class='ocrx_word' id='word_1_136' title='bbox 445 1119 515 1151; x_wconf 85' lang='lat' dir='ltr'><strong>est,</strong></span> <span class='ocrx_word' id='word_1_137' title='bbox 564 1114 657 1157; x_wconf 88' lang='lat' dir='ltr'><strong>quod</strong></span> <span class='ocrx_word' id='word_1_138' title='bbox 707 1114 872 1158; x_wconf 82' lang='lat' dir='ltr'><strong>implores</strong></span> <span class='ocrx_word' id='word_1_139' title='bbox 908 1113 1063 1145; x_wconf 73' lang='lat' dir='ltr'><strong>divinam</strong></span> 
     </span>
     <span class='ocr_line' id='line_1_21' title="bbox 76 1161 1095 1209; baseline -0.001 -11"><span class='ocrx_word' id='word_1_140' title='bbox 76 1163 204 1209; x_wconf 71' lang='lat' dir='ltr'><strong>opem?</strong></span> <span class='ocrx_word' id='word_1_141' title='bbox 231 1172 263 1198; x_wconf 92' lang='lat' dir='ltr'><strong>te</strong></span> <span class='ocrx_word' id='word_1_142' title='bbox 279 1177 350 1197; x_wconf 89' lang='lat' dir='ltr'><strong>non</strong></span> <span class='ocrx_word' id='word_1_143' title='bbox 368 1171 466 1197; x_wconf 87' lang='lat' dir='ltr'><strong>curat</strong></span> <span class='ocrx_word' id='word_1_144' title='bbox 481 1170 541 1196; x_wconf 87' lang='lat' dir='ltr'><strong>aut</strong></span> <span class='ocrx_word' id='word_1_145' title='bbox 558 1165 695 1207; x_wconf 86' lang='lat' dir='ltr'><strong>respicit</strong></span> <span class='ocrx_word' id='word_1_146' title='bbox 708 1163 814 1199; x_wconf 66' lang='lat' dir='ltr'><strong>Deus.</strong></span> <span class='ocrx_word' id='word_1_147' title='bbox 868 1161 956 1196; x_wconf 86' lang='lat' dir='ltr'><strong>Ecce</strong></span> <span class='ocrx_word' id='word_1_148' title='bbox 976 1161 1065 1197; x_wconf 85' lang='lat' dir='ltr'><strong>hanc</strong></span> <span class='ocrx_word' id='word_1_149' title='bbox 1092 1184 1095 1190; x_wconf 91' lang='lat'>·</span> 
     </span>
     <span class='ocr_line' id='line_1_22' title="bbox 76 1213 1066 1257; baseline -0.003 -7"><span class='ocrx_word' id='word_1_150' title='bbox 76 1216 294 1253; x_wconf 75' lang='lat' dir='ltr'><strong>eaecitatem,</strong></span> <span class='ocrx_word' id='word_1_151' title='bbox 334 1213 424 1247; x_wconf 85' lang='lat' dir='ltr'><strong>hanc</strong></span> <span class='ocrx_word' id='word_1_152' title='bbox 448 1215 682 1257; x_wconf 72' lang='lat' dir='ltr'><strong>ignorantiam</strong></span> <span class='ocrx_word' id='word_1_153' title='bbox 706 1214 896 1248; x_wconf 76' lang='lat' dir='ltr'><strong>voluntatis</strong></span> <span class='ocrx_word' id='word_1_154' title='bbox 925 1214 1066 1247; x_wconf 76' lang='lat' dir='ltr'><strong>divinae</strong></span> 
     </span>
     <span class='ocr_line' id='line_1_23' title="bbox 77 1265 1065 1310; baseline -0.005 -10"><span class='ocrx_word' id='word_1_155' title='bbox 77 1278 156 1310; x_wconf 85' lang='lat' dir='ltr'><strong>erga</strong></span> <span class='ocrx_word' id='word_1_156' title='bbox 174 1278 256 1305; x_wconf 87' lang='lat' dir='ltr'><strong>nos,</strong></span> <span class='ocrx_word' id='word_1_157' title='bbox 283 1266 444 1300; x_wconf 84' lang='lat' dir='ltr'><strong>tenebras</strong></span> <span class='ocrx_word' id='word_1_158' title='bbox 469 1272 587 1303; x_wconf 84' lang='lat' dir='ltr'><strong>vocat,</strong></span> <span class='ocrx_word' id='word_1_159' title='bbox 616 1272 718 1309; x_wconf 85' lang='lat' dir='ltr'><strong>atque</strong></span> <span class='ocrx_word' id='word_1_160' title='bbox 747 1266 787 1298; x_wconf 90' lang='lat' dir='ltr'><strong>iis</strong></span> <span class='ocrx_word' id='word_1_161' title='bbox 813 1265 967 1298; x_wconf 87' lang='lat' dir='ltr'><strong>tenebris</strong></span> <span class='ocrx_word' id='word_1_162' title='bbox 993 1278 1065 1296; x_wconf 83' lang='lat' dir='ltr'><strong>me-</strong></span> 
     </span>
     <span class='ocr_line' id='line_1_24' title="bbox 77 1316 1065 1359; baseline -0.002 -9"><span class='ocrx_word' id='word_1_163' title='bbox 77 1317 153 1351; x_wconf 89' lang='lat' dir='ltr'><strong>deri</strong></span> <span class='ocrx_word' id='word_1_164' title='bbox 194 1329 266 1349; x_wconf 89' lang='lat' dir='ltr'><strong>non</strong></span> <span class='ocrx_word' id='word_1_165' title='bbox 303 1323 416 1359; x_wconf 87' lang='lat' dir='ltr'><strong>potest</strong></span> <span class='ocrx_word' id='word_1_166' title='bbox 455 1316 604 1348; x_wconf 88' lang='lat' dir='ltr'><strong>liberum</strong></span> <span class='ocrx_word' id='word_1_167' title='bbox 651 1316 835 1348; x_wconf 77' lang='lat' dir='ltr'><strong>arbitrium</strong></span> <span class='ocrx_word' id='word_1_168' title='bbox 874 1322 932 1348; x_wconf 83' lang='lat' dir='ltr'><strong>aut</strong></span> <span class='ocrx_word' id='word_1_169' title='bbox 966 1316 1065 1348; x_wconf 74' lang='lat' dir='ltr'><strong>ratio·</strong></span> 
     </span>
     <span class='ocr_line' id='line_1_25' title="bbox 77 1365 1064 1411; baseline -0.004 -11"><span class='ocrx_word' id='word_1_170' title='bbox 77 1367 235 1411; x_wconf 87' lang='lat' dir='ltr'><strong>Quarto,</strong></span> <span class='ocrx_word' id='word_1_171' title='bbox 261 1365 425 1400; x_wconf 89' lang='lat' dir='ltr'><strong>Christus</strong></span> <span class='ocrx_word' id='word_1_172' title='bbox 449 1377 529 1398; x_wconf 82' lang='lat' dir='ltr'><strong>vere</strong></span> <span class='ocrx_word' id='word_1_173' title='bbox 554 1365 749 1405; x_wconf 87' lang='lat' dir='ltr'><strong>illuminat,</strong></span> <span class='ocrx_word' id='word_1_174' title='bbox 778 1366 811 1398; x_wconf 90' lang='lat' dir='ltr'><strong>id</strong></span> <span class='ocrx_word' id='word_1_175' title='bbox 832 1372 898 1406; x_wconf 81' lang='lat' dir='ltr'><strong>est,</strong></span> <span class='ocrx_word' id='word_1_176' title='bbox 926 1365 985 1409; x_wconf 87' lang='lat' dir='ltr'><strong>qui</strong></span> <span class='ocrx_word' id='word_1_177' title='bbox 1004 1377 1064 1396; x_wconf 86' lang='lat' dir='ltr'><strong>au-</strong></span> 
     </span>
     <span class='ocr_line' id='line_1_26' title="bbox 75 1394 1094 1463; baseline -0.003 -13"><span class='ocrx_word' id='word_1_178' title='bbox 75 1415 331 1451; x_wconf 89' lang='lat' dir='ltr'><strong>dieritChristo</strong></span> <span class='ocrx_word' id='word_1_179' title='bbox 349 1415 566 1459; x_wconf 79' lang='lat' dir='ltr'><strong>promittenti</strong></span> <span class='ocrx_word' id='word_1_180' title='bbox 583 1416 823 1448; x_wconf 87' lang='lat' dir='ltr'><strong>remissionem</strong></span> <span class='ocrx_word' id='word_1_181' title='bbox 846 1394 1094 1463; x_wconf 65' lang='lat' dir='ltr'><strong>peccatoruml</strong></span> 
     </span>
     <span class='ocr_line' id='line_1_27' title="bbox 76 1466 1094 1510; baseline -0.003 -9"><span class='ocrx_word' id='word_1_182' title='bbox 76 1480 115 1502; x_wconf 84' lang='lat' dir='ltr'><strong>ac</strong></span> <span class='ocrx_word' id='word_1_183' title='bbox 131 1467 332 1500; x_wconf 87' lang='lat' dir='ltr'><strong>iustificanti</strong></span> <span class='ocrx_word' id='word_1_184' title='bbox 356 1479 456 1506; x_wconf 89' lang='lat' dir='ltr'><strong>eum,</strong></span> <span class='ocrx_word' id='word_1_185' title='bbox 482 1467 512 1498; x_wconf 89' lang='lat' dir='ltr'><strong>is</strong></span> <span class='ocrx_word' id='word_1_186' title='bbox 529 1466 633 1499; x_wconf 86' lang='lat' dir='ltr'><strong>simul</strong></span> <span class='ocrx_word' id='word_1_187' title='bbox 652 1467 806 1510; x_wconf 87' lang='lat' dir='ltr'><strong>concipit</strong></span> <span class='ocrx_word' id='word_1_188' title='bbox 826 1467 955 1504; x_wconf 85' lang='lat' dir='ltr'><strong>lucem,</strong></span> <span class='ocrx_word' id='word_1_189' title='bbox 984 1466 1065 1509; x_wconf 88' lang='lat' dir='ltr'><strong>quia</strong></span> <span class='ocrx_word' id='word_1_190' title='bbox 1091 1467 1094 1504; x_wconf 95' lang='grc' dir='ltr'>Ι</span> 
     </span>
     <span class='ocr_line' id='line_1_28' title="bbox 75 1515 1095 1653; baseline -0.004 -101"><span class='ocrx_word' id='word_1_191' title='bbox 75 1517 354 1560; x_wconf 81' lang='lat' dir='ltr'><strong>magnitudinem</strong></span> <span class='ocrx_word' id='word_1_192' title='bbox 372 1515 539 1550; x_wconf 86' lang='lat' dir='ltr'><strong>bonitatis</strong></span> <span class='ocrx_word' id='word_1_193' title='bbox 559 1516 699 1549; x_wconf 78' lang='lat' dir='ltr'><strong>divinae</strong></span> <span class='ocrx_word' id='word_1_194' title='bbox 716 1517 905 1559; x_wconf 86' lang='lat' dir='ltr'><strong>cognoscit.</strong></span> <span class='ocrx_word' id='word_1_195' title='bbox 924 1536 974 1541; x_wconf 91' lang='lat'>—</span> <span class='ocrx_word' id='word_1_196' title='bbox 992 1516 1065 1557; x_wconf 80' lang='lat' dir='ltr'><strong>Ego</strong></span> <span class='ocrx_word' id='word_1_197' title='bbox 1092 1525 1095 1653; x_wconf 51' lang='lat' dir='ltr'>l</span> 
     </span>
     <span class='ocr_line' id='line_1_29' title="bbox 1092 1697 1095 1714; baseline 0 0"><span class='ocrx_word' id='word_1_198' title='bbox 1092 1697 1095 1714; x_wconf 89' lang='grc' dir='ltr'>Ι</span> 
     </span>
     <span class='ocr_line' id='line_1_30' title="bbox 1092 1737 1095 1794; baseline 0 0"><span class='ocrx_word' id='word_1_199' title='bbox 1092 1737 1095 1794; x_wconf 74' lang='grc' dir='ltr'>ἰ</span> 
     </span>
    </p>
   </div>
   <div class='ocr_carea' id='block_1_6' title="bbox 987 923 1064 943">
    <p class='ocr_par' dir='ltr' id='par_1_6' title="bbox 987 923 1064 943">
     <span class='ocr_line' id='line_1_31' title="bbox 987 923 1064 943; baseline 0 0"><span class='ocrx_word' id='word_1_200' title='bbox 987 923 1064 943; x_wconf 76' lang='lat' dir='ltr'><strong>cum</strong></span> 
     </span>
    </p>
   </div>
   <div class='ocr_carea' id='block_1_7' title="bbox 76 1566 1095 1866">
    <p class='ocr_par' dir='ltr' id='par_1_7' title="bbox 76 1566 1068 1866">
     <span class='ocr_line' id='line_1_32' title="bbox 76 1566 1066 1609; baseline -0.003 -8"><span class='ocrx_word' id='word_1_201' title='bbox 76 1569 155 1606; x_wconf 82' lang='lat' dir='ltr'><strong>lux,</strong></span> <span class='ocrx_word' id='word_1_202' title='bbox 184 1568 218 1600; x_wconf 89' lang='lat' dir='ltr'><strong>id</strong></span> <span class='ocrx_word' id='word_1_203' title='bbox 238 1574 307 1607; x_wconf 89' lang='lat' dir='ltr'><strong>est,</strong></span> <span class='ocrx_word' id='word_1_204' title='bbox 333 1567 564 1599; x_wconf 84' lang='lat' dir='ltr'><strong>illuminator.</strong></span> <span class='ocrx_word' id='word_1_205' title='bbox 584 1585 633 1591; x_wconf 93' lang='lat'><strong>——</strong></span> <span class='ocrx_word' id='word_1_206' title='bbox 668 1566 823 1609; x_wconf 84' lang='lat' dir='ltr'><strong>Quinto,</strong></span> <span class='ocrx_word' id='word_1_207' title='bbox 851 1567 950 1599; x_wconf 85' lang='lat' dir='ltr'><strong>exiis</strong></span> <span class='ocrx_word' id='word_1_208' title='bbox 967 1567 1066 1599; x_wconf 88' lang='lat' dir='ltr'><strong>colli-</strong></span> 
     </span>
     <span class='ocr_line' id='line_1_33' title="bbox 78 1615 1066 1663; baseline -0.004 -12"><span class='ocrx_word' id='word_1_209' title='bbox 78 1631 155 1663; x_wconf 81' lang='lat' dir='ltr'><strong>ges,</strong></span> <span class='ocrx_word' id='word_1_210' title='bbox 182 1618 267 1663; x_wconf 88' lang='lat' dir='ltr'><strong>quid</strong></span> <span class='ocrx_word' id='word_1_211' title='bbox 293 1618 336 1650; x_wconf 86' lang='lat' dir='ltr'><strong>sit</strong></span> <span class='ocrx_word' id='word_1_212' title='bbox 355 1615 600 1660; x_wconf 74' lang='lat' dir='ltr'><strong>Evangelium.</strong></span> <span class='ocrx_word' id='word_1_213' title='bbox 654 1615 716 1650; x_wconf 89' lang='lat' dir='ltr'><strong>Est</strong></span> <span class='ocrx_word' id='word_1_214' title='bbox 742 1618 835 1649; x_wconf 77' lang='lat' dir='ltr'><strong>enim</strong></span> <span class='ocrx_word' id='word_1_215' title='bbox 855 1617 1066 1661; x_wconf 76' lang='lat' dir='ltr'><strong>praedicare,</strong></span> 
     </span>
     <span class='ocr_line' id='line_1_34' title="bbox 76 1667 1095 1710; baseline -0.005 -7"><span class='ocrx_word' id='word_1_216' title='bbox 76 1667 261 1703; x_wconf 83' lang='lat' dir='ltr'><strong>Christum</strong></span> <span class='ocrx_word' id='word_1_217' title='bbox 279 1680 350 1700; x_wconf 85' lang='lat' dir='ltr'><strong>esse</strong></span> <span class='ocrx_word' id='word_1_218' title='bbox 369 1668 502 1701; x_wconf 76' lang='lat' dir='ltr'><strong>lucem,</strong></span> <span class='ocrx_word' id='word_1_219' title='bbox 531 1667 604 1700; x_wconf 85' lang='lat' dir='ltr'><strong>eius</strong></span> <span class='ocrx_word' id='word_1_220' title='bbox 626 1674 741 1700; x_wconf 88' lang='lat' dir='ltr'><strong>autem</strong></span> <span class='ocrx_word' id='word_1_221' title='bbox 769 1668 854 1700; x_wconf 90' lang='lat' dir='ltr'><strong>lucis</strong></span> <span class='ocrx_word' id='word_1_222' title='bbox 883 1667 1095 1710; x_wconf 67' lang='lat' dir='ltr'><strong>participesi</strong></span> 
     </span>
     <span class='ocr_line' id='line_1_35' title="bbox 78 1716 1064 1763; baseline -0.004 -10"><span class='ocrx_word' id='word_1_223' title='bbox 78 1720 153 1753; x_wconf 84' lang='lat' dir='ltr'><strong>fieri</strong></span> <span class='ocrx_word' id='word_1_224' title='bbox 172 1718 203 1763; x_wconf 74' lang='lat'><strong>¹²)</strong></span> <span class='ocrx_word' id='word_1_225' title='bbox 222 1731 293 1751; x_wconf 89' lang='lat' dir='ltr'><strong>non</strong></span> <span class='ocrx_word' id='word_1_226' title='bbox 313 1719 478 1761; x_wconf 66' lang='lat' dir='ltr'><strong>operibus</strong></span> <span class='ocrx_word' id='word_1_227' title='bbox 493 1717 522 1763; x_wconf 83' lang='grc'><strong>5)</strong></span> <span class='ocrx_word' id='word_1_228' title='bbox 540 1716 598 1750; x_wconf 86' lang='lat' dir='ltr'><strong>sed</strong></span> <span class='ocrx_word' id='word_1_229' title='bbox 615 1717 692 1750; x_wconf 77' lang='lat' dir='ltr'><strong>lide.</strong></span> <span class='ocrx_word' id='word_1_230' title='bbox 746 1716 806 1751; x_wconf 84' lang='lat' dir='ltr'><strong>Est</strong></span> <span class='ocrx_word' id='word_1_231' title='bbox 827 1730 908 1761; x_wconf 84' lang='lat' dir='ltr'><strong>ergo</strong></span> <span class='ocrx_word' id='word_1_232' title='bbox 930 1718 1064 1750; x_wconf 73' lang='lat' dir='ltr'><strong>iusticia</strong></span> 
     </span>
     <span class='ocr_line' id='line_1_36' title="bbox 77 1766 1068 1809; baseline -0.004 -5"><span class='ocrx_word' id='word_1_233' title='bbox 77 1769 268 1804; x_wconf 86' lang='lat' dir='ltr'><strong>christiana</strong></span> <span class='ocrx_word' id='word_1_234' title='bbox 290 1769 396 1809; x_wconf 88' lang='lat' dir='ltr'><strong>fides,</strong></span> <span class='ocrx_word' id='word_1_235' title='bbox 432 1769 563 1802; x_wconf 86' lang='lat' dir='ltr'><strong>scilicet</strong></span> <span class='ocrx_word' id='word_1_236' title='bbox 587 1769 745 1806; x_wconf 85' lang='lat' dir='ltr'><strong>credere,</strong></span> <span class='ocrx_word' id='word_1_237' title='bbox 781 1766 960 1802; x_wconf 84' lang='lat' dir='ltr'><strong>Christum</strong></span> <span class='ocrx_word' id='word_1_238' title='bbox 986 1780 1068 1807; x_wconf 79' lang='lat' dir='ltr'><strong>esse,</strong></span> 
     </span>
     <span class='ocr_line' id='line_1_37' title="bbox 77 1818 1066 1866; baseline -0.001 -13"><span class='ocrx_word' id='word_1_239' title='bbox 77 1821 137 1866; x_wconf 86' lang='lat' dir='ltr'><strong>qui</strong></span> <span class='ocrx_word' id='word_1_240' title='bbox 157 1821 270 1853; x_wconf 81' lang='lat' dir='ltr'><strong>deleat</strong></span> <span class='ocrx_word' id='word_1_241' title='bbox 290 1826 428 1863; x_wconf 83' lang='lat' dir='ltr'><strong>peccata</strong></span> <span class='ocrx_word' id='word_1_242' title='bbox 448 1826 481 1853; x_wconf 84' lang='lat' dir='ltr'><strong>et</strong></span> <span class='ocrx_word' id='word_1_243' title='bbox 500 1819 676 1852; x_wconf 81' lang='lat' dir='ltr'><strong>illuminet</strong></span> <span class='ocrx_word' id='word_1_244' title='bbox 694 1820 854 1853; x_wconf 81' lang='lat' dir='ltr'><strong>tenebras</strong></span> <span class='ocrx_word' id='word_1_245' title='bbox 874 1826 1008 1852; x_wconf 78' lang='lat' dir='ltr'><strong>nostras</strong></span> <span class='ocrx_word' id='word_1_246' title='bbox 1024 1818 1066 1864; x_wconf 80' lang='lat'><strong>⁶).</strong></span> 
     </span>
    </p>
   </div>
   <div class='ocr_carea' id='block_1_8' title="bbox 78 1876 1096 2426">
    <p class='ocr_par' dir='ltr' id='par_1_8' title="bbox 78 1876 1096 2426">
     <span class='ocr_line' id='line_1_38' title="bbox 180 1876 1068 1920; baseline 0 -10"><span class='ocrx_word' id='word_1_247' title='bbox 180 1877 220 1911; x_wconf 90' lang='lat' dir='ltr'><strong>Iu</strong></span> <span class='ocrx_word' id='word_1_248' title='bbox 241 1879 413 1911; x_wconf 87' lang='lat' dir='ltr'><strong>mundum</strong></span> <span class='ocrx_word' id='word_1_249' title='bbox 430 1877 530 1917; x_wconf 73' lang='lat' dir='ltr'><strong>veni,</strong></span> <span class='ocrx_word' id='word_1_250' title='bbox 558 1877 578 1910; x_wconf 91' lang='lat' dir='ltr'><strong>i.</strong></span> <span class='ocrx_word' id='word_1_251' title='bbox 598 1888 625 1909; x_wconf 88' lang='lat' dir='ltr'><strong>e.</strong></span> <span class='ocrx_word' id='word_1_252' title='bbox 648 1878 794 1920; x_wconf 86' lang='lat' dir='ltr'><strong>apparui</strong></span> <span class='ocrx_word' id='word_1_253' title='bbox 816 1879 947 1910; x_wconf 89' lang='lat' dir='ltr'><strong>mundo</strong></span> <span class='ocrx_word' id='word_1_254' title='bbox 968 1876 1068 1918; x_wconf 80' lang='lat'>⁷).—</span> 
     </span>
     <span class='ocr_line' id='line_1_39' title="bbox 78 1927 1065 1973; baseline -0.003 -12"><span class='ocrx_word' id='word_1_255' title='bbox 78 1927 128 1962; x_wconf 80' lang='lat' dir='ltr'><strong>Ut</strong></span> <span class='ocrx_word' id='word_1_256' title='bbox 150 1929 284 1967; x_wconf 74' lang='lat' dir='ltr'><strong>omnis,</strong></span> <span class='ocrx_word' id='word_1_257' title='bbox 319 1928 380 1973; x_wconf 87' lang='lat' dir='ltr'><strong>qui</strong></span> <span class='ocrx_word' id='word_1_258' title='bbox 403 1928 532 1965; x_wconf 88' lang='lat' dir='ltr'><strong>credit,</strong></span> <span class='ocrx_word' id='word_1_259' title='bbox 562 1927 583 1961; x_wconf 88' lang='lat' dir='ltr'><strong>i.</strong></span> <span class='ocrx_word' id='word_1_260' title='bbox 602 1939 629 1959; x_wconf 90' lang='lat' dir='ltr'><strong>e.</strong></span> <span class='ocrx_word' id='word_1_261' title='bbox 654 1934 734 1960; x_wconf 89' lang='lat' dir='ltr'><strong>utut</strong></span> <span class='ocrx_word' id='word_1_262' title='bbox 754 1928 797 1960; x_wconf 89' lang='lat' dir='ltr'><strong>sit</strong></span> <span class='ocrx_word' id='word_1_263' title='bbox 814 1935 994 1971; x_wconf 78' lang='lat' dir='ltr'><strong>operatus,</strong></span> <span class='ocrx_word' id='word_1_264' title='bbox 1031 1927 1065 1958; x_wconf 90' lang='lat' dir='ltr'><strong>in</strong></span> 
     </span>
     <span class='ocr_line' id='line_1_40' title="bbox 78 1976 1066 2019; baseline -0.004 -7"><span class='ocrx_word' id='word_1_265' title='bbox 78 1979 233 2012; x_wconf 85' lang='lat' dir='ltr'><strong>tenebris</strong></span> <span class='ocrx_word' id='word_1_266' title='bbox 258 1991 330 2011; x_wconf 86' lang='lat' dir='ltr'><strong>non</strong></span> <span class='ocrx_word' id='word_1_267' title='bbox 350 1985 498 2013; x_wconf 87' lang='lat' dir='ltr'><strong>maneat.</strong></span> <span class='ocrx_word' id='word_1_268' title='bbox 551 1976 646 2019; x_wconf 79' lang='lat' dir='ltr'><strong>Ergo</strong></span> <span class='ocrx_word' id='word_1_269' title='bbox 664 1979 828 2011; x_wconf 78' lang='lat' dir='ltr'><strong>tenebrae</strong></span> <span class='ocrx_word' id='word_1_270' title='bbox 843 1985 925 2011; x_wconf 83' lang='lat' dir='ltr'><strong>sunt</strong></span> <span class='ocrx_word' id='word_1_271' title='bbox 943 1978 1066 2010; x_wconf 78' lang='lat' dir='ltr'><strong>tantis-</strong></span> 
     </span>
     <span class='ocr_line' id='line_1_41' title="bbox 78 2027 1066 2073; baseline -0.002 -11"><span class='ocrx_word' id='word_1_272' title='bbox 78 2041 158 2073; x_wconf 85' lang='lat' dir='ltr'><strong>per,</strong></span> <span class='ocrx_word' id='word_1_273' title='bbox 187 2030 271 2062; x_wconf 88' lang='lat' dir='ltr'><strong>dum</strong></span> <span class='ocrx_word' id='word_1_274' title='bbox 296 2029 544 2061; x_wconf 82' lang='lat' dir='ltr'><strong>illuminentur</strong></span> <span class='ocrx_word' id='word_1_275' title='bbox 559 2028 634 2060; x_wconf 90' lang='lat' dir='ltr'><strong>luce</strong></span> <span class='ocrx_word' id='word_1_276' title='bbox 653 2027 796 2062; x_wconf 82' lang='lat' dir='ltr'><strong>Christi.</strong></span> <span class='ocrx_word' id='word_1_277' title='bbox 848 2028 928 2061; x_wconf 76' lang='lat' dir='ltr'><strong>Non</strong></span> <span class='ocrx_word' id='word_1_278' title='bbox 949 2028 1066 2061; x_wconf 79' lang='lat' dir='ltr'><strong>iudico</strong></span> 
     </span>
     <span class='ocr_line' id='line_1_42' title="bbox 79 2078 1065 2123; baseline -0.004 -10"><span class='ocrx_word' id='word_1_279' title='bbox 79 2092 176 2117; x_wconf 77' lang='lat' dir='ltr'><strong>eum.</strong></span> <span class='ocrx_word' id='word_1_280' title='bbox 203 2079 277 2113; x_wconf 87' lang='lat' dir='ltr'><strong>scil.</strong></span> <span class='ocrx_word' id='word_1_281' title='bbox 295 2079 376 2122; x_wconf 85' lang='lat' dir='ltr'><strong>quia</strong></span> <span class='ocrx_word' id='word_1_282' title='bbox 395 2078 462 2110; x_wconf 82' lang='lat' dir='ltr'><strong>iam</strong></span> <span class='ocrx_word' id='word_1_283' title='bbox 481 2085 560 2111; x_wconf 92' lang='lat' dir='ltr'><strong>ante</strong></span> <span class='ocrx_word' id='word_1_284' title='bbox 580 2078 753 2111; x_wconf 87' lang='lat' dir='ltr'><strong>iudicatus</strong></span> <span class='ocrx_word' id='word_1_285' title='bbox 771 2086 836 2112; x_wconf 78' lang='lat' dir='ltr'><strong>est.</strong></span> <span class='ocrx_word' id='word_1_286' title='bbox 865 2090 1065 2123; x_wconf 72' lang='lat' dir='ltr'><strong>quanquam</strong></span> 
     </span>
     <span class='ocr_line' id='line_1_43' title="bbox 79 2128 1068 2168; baseline -0.002 -6"><span class='ocrx_word' id='word_1_287' title='bbox 79 2130 248 2163; x_wconf 84' lang='lat' dir='ltr'><strong>iudicium</strong></span> <span class='ocrx_word' id='word_1_288' title='bbox 266 2130 425 2161; x_wconf 86' lang='lat' dir='ltr'><strong>nondum</strong></span> <span class='ocrx_word' id='word_1_289' title='bbox 444 2128 634 2161; x_wconf 82' lang='lat' dir='ltr'><strong>revelatum</strong></span> <span class='ocrx_word' id='word_1_290' title='bbox 652 2135 712 2161; x_wconf 86' lang='lat' dir='ltr'><strong>est.</strong></span> <span class='ocrx_word' id='word_1_291' title='bbox 733 2151 776 2155; x_wconf 92' lang='lat'><strong>—</strong></span> <span class='ocrx_word' id='word_1_292' title='bbox 808 2128 852 2162; x_wconf 90' lang='lat' dir='ltr'><strong>Ut</strong></span> <span class='ocrx_word' id='word_1_293' title='bbox 870 2129 1068 2168; x_wconf 81' lang='lat' dir='ltr'><strong>salvificem,</strong></span> 
     </span>
     <span class='ocr_line' id='line_1_44' title="bbox 78 2179 1095 2222; baseline -0.001 -9"><span class='ocrx_word' id='word_1_294' title='bbox 78 2181 152 2214; x_wconf 88' lang='lat' dir='ltr'><strong>scil.</strong></span> <span class='ocrx_word' id='word_1_295' title='bbox 178 2187 218 2214; x_wconf 84' lang='lat' dir='ltr'><strong>ut</strong></span> <span class='ocrx_word' id='word_1_296' title='bbox 243 2181 370 2213; x_wconf 88' lang='lat' dir='ltr'><strong>donem</strong></span> <span class='ocrx_word' id='word_1_297' title='bbox 397 2179 639 2211; x_wconf 80' lang='lat' dir='ltr'><strong>remissionem</strong></span> <span class='ocrx_word' id='word_1_298' title='bbox 665 2186 897 2222; x_wconf 77' lang='lat' dir='ltr'><strong>peccatorum,</strong></span> <span class='ocrx_word' id='word_1_299' title='bbox 949 2179 1068 2212; x_wconf 78' lang='lat' dir='ltr'><strong>Habet</strong></span> <span class='ocrx_word' id='word_1_300' title='bbox 1093 2212 1095 2215; x_wconf 76' lang='grc'>,</span> 
     </span>
     <span class='ocr_line' id='line_1_45' title="bbox 79 2229 1067 2276; baseline -0.002 -13"><span class='ocrx_word' id='word_1_301' title='bbox 79 2232 138 2276; x_wconf 90' lang='lat' dir='ltr'><strong>qui</strong></span> <span class='ocrx_word' id='word_1_302' title='bbox 160 2231 289 2264; x_wconf 88' lang='lat' dir='ltr'><strong>iudicet</strong></span> <span class='ocrx_word' id='word_1_303' title='bbox 309 2243 408 2266; x_wconf 75' lang='lat' dir='ltr'><strong>eum,</strong></span> <span class='ocrx_word' id='word_1_304' title='bbox 434 2229 510 2262; x_wconf 86' lang='lat' dir='ltr'><strong>scil.</strong></span> <span class='ocrx_word' id='word_1_305' title='bbox 532 2241 728 2262; x_wconf 87' lang='lat' dir='ltr'><strong>sermonem</strong></span> <span class='ocrx_word' id='word_1_306' title='bbox 747 2242 883 2269; x_wconf 89' lang='lat' dir='ltr'><strong>meum,</strong></span> <span class='ocrx_word' id='word_1_307' title='bbox 911 2229 969 2274; x_wconf 89' lang='lat' dir='ltr'><strong>qui</strong></span> <span class='ocrx_word' id='word_1_308' title='bbox 988 2242 1067 2261; x_wconf 89' lang='lat' dir='ltr'><strong>cum</strong></span> 
     </span>
     <span class='ocr_line' id='line_1_46' title="bbox 78 2280 1068 2325; baseline -0.002 -11"><span class='ocrx_word' id='word_1_309' title='bbox 78 2281 189 2325; x_wconf 80' lang='lat' dir='ltr'><strong>gloria</strong></span> <span class='ocrx_word' id='word_1_310' title='bbox 205 2281 268 2313; x_wconf 84' lang='lat' dir='ltr'><strong>filii</strong></span> <span class='ocrx_word' id='word_1_311' title='bbox 287 2281 521 2319; x_wconf 76' lang='lat' dir='ltr'><strong>revelabitur,</strong></span> <span class='ocrx_word' id='word_1_312' title='bbox 549 2280 758 2320; x_wconf 82' lang='lat' dir='ltr'><strong>declarabit,</strong></span> <span class='ocrx_word' id='word_1_313' title='bbox 786 2282 878 2325; x_wconf 91' lang='lat' dir='ltr'><strong>quod</strong></span> <span class='ocrx_word' id='word_1_314' title='bbox 901 2292 971 2312; x_wconf 89' lang='lat' dir='ltr'><strong>non</strong></span> <span class='ocrx_word' id='word_1_315' title='bbox 993 2292 1068 2312; x_wconf 82' lang='lat' dir='ltr'><strong>ere-</strong></span> 
     </span>
     <span class='ocr_line' id='line_1_47' title="bbox 79 2329 1096 2375; baseline -0.003 -10"><span class='ocrx_word' id='word_1_316' title='bbox 79 2333 248 2366; x_wconf 89' lang='lat' dir='ltr'><strong>diderunt</strong></span> <span class='ocrx_word' id='word_1_317' title='bbox 289 2332 357 2365; x_wconf 82' lang='lat' dir='ltr'><strong>isti.</strong></span> <span class='ocrx_word' id='word_1_318' title='bbox 420 2331 605 2365; x_wconf 86' lang='lat' dir='ltr'><strong>Accusabit</strong></span> <span class='ocrx_word' id='word_1_319' title='bbox 631 2329 661 2374; x_wconf 83' lang='lat'><strong>⁸)</strong></span> <span class='ocrx_word' id='word_1_320' title='bbox 693 2330 784 2363; x_wconf 87' lang='lat' dir='ltr'><strong>enim</strong></span> <span class='ocrx_word' id='word_1_321' title='bbox 817 2330 1096 2375; x_wconf 53' lang='lat' dir='ltr'><strong>damnabitquess</strong></span> 
     </span>
     <span class='ocr_line' id='line_1_48' title="bbox 79 2382 1068 2426; baseline -0.002 -10"><span class='ocrx_word' id='word_1_322' title='bbox 79 2383 325 2425; x_wconf 83' lang='lat' dir='ltr'><strong>incredulitas;</strong></span> <span class='ocrx_word' id='word_1_323' title='bbox 356 2395 437 2416; x_wconf 88' lang='lat' dir='ltr'><strong>nam</strong></span> <span class='ocrx_word' id='word_1_324' title='bbox 460 2382 526 2415; x_wconf 83' lang='lat' dir='ltr'><strong>alia</strong></span> <span class='ocrx_word' id='word_1_325' title='bbox 545 2388 680 2426; x_wconf 85' lang='lat' dir='ltr'><strong>peccata</strong></span> <span class='ocrx_word' id='word_1_326' title='bbox 701 2382 868 2414; x_wconf 89' lang='lat' dir='ltr'><strong>damnare</strong></span> <span class='ocrx_word' id='word_1_327' title='bbox 893 2394 963 2415; x_wconf 91' lang='lat' dir='ltr'><strong>non</strong></span> <span class='ocrx_word' id='word_1_328' title='bbox 989 2393 1068 2425; x_wconf 79' lang='lat' dir='ltr'><strong>pos-</strong></span> 
     </span>
    </p>
   </div>
   <div class='ocr_carea' id='block_1_9' title="bbox 83 2479 258 2484">
    <p class='ocr_par' dir='ltr' id='par_1_9' title="bbox 83 2479 258 2484">
     <span class='ocr_line' id='line_1_49' title="bbox 83 2479 258 2484; baseline 0 0"><span class='ocrx_word' id='word_1_329' title='bbox 83 2479 258 2484; x_wconf 95' lang='lat' dir='ltr'><strong> </strong></span> 
     </span>
    </p>
   </div>
   <div class='ocr_carea' id='block_1_10' title="bbox 115 2532 450 2594">
    <p class='ocr_par' dir='ltr' id='par_1_10' title="bbox 115 2532 450 2594">
     <span class='ocr_line' id='line_1_50' title="bbox 117 2532 450 2563; baseline -0.018 -5"><span class='ocrx_word' id='word_1_330' title='bbox 117 2535 146 2561; x_wconf 72' lang='grc'><strong>4)</strong></span> <span class='ocrx_word' id='word_1_331' title='bbox 166 2532 230 2563; x_wconf 64' lang='lat' dir='ltr'><strong>sieri</strong></span> <span class='ocrx_word' id='word_1_332' title='bbox 253 2533 331 2556; x_wconf 54' lang='lat' dir='ltr'><strong>abest</strong></span> <span class='ocrx_word' id='word_1_333' title='bbox 352 2537 368 2554; x_wconf 71' lang='lat' dir='ltr'><strong>a</strong></span> <span class='ocrx_word' id='word_1_334' title='bbox 387 2532 450 2554; x_wconf 49' lang='lat' dir='ltr'><strong>Tul»</strong></span> 
     </span>
     <span class='ocr_line' id='line_1_51' title="bbox 115 2568 408 2594; baseline -0.017 -2"><span class='ocrx_word' id='word_1_335' title='bbox 115 2569 147 2594; x_wconf 74' lang='lat'><strong>63)</strong></span> <span class='ocrx_word' id='word_1_336' title='bbox 168 2570 263 2591; x_wconf 69' lang='lat' dir='ltr'><strong>secer.</strong></span> <span class='ocrx_word' id='word_1_337' title='bbox 285 2568 408 2590; x_wconf 66' lang='lat' dir='ltr'><strong>vestrm,</strong></span> 
     </span>
    </p>
   </div>
   <div class='ocr_carea' id='block_1_11' title="bbox 556 2532 831 2561">
    <p class='ocr_par' dir='ltr' id='par_1_11' title="bbox 556 2532 831 2561">
     <span class='ocr_line' id='line_1_52' title="bbox 556 2532 831 2561; baseline -0.004 -6"><span class='ocrx_word' id='word_1_338' title='bbox 556 2533 585 2558; x_wconf 78' lang='lat'><strong>5)</strong></span> <span class='ocrx_word' id='word_1_339' title='bbox 608 2533 701 2554; x_wconf 53' lang='lat' dir='ltr'><strong>‚floren</strong></span> <span class='ocrx_word' id='word_1_340' title='bbox 723 2532 831 2561; x_wconf 58' lang='lat' dir='ltr'><strong>apione.</strong></span> 
     </span>
    </p>
   </div>
   <div class='ocr_carea' id='block_1_12' title="bbox 115 2598 1072 2697">
    <p class='ocr_par' dir='ltr' id='par_1_12' title="bbox 115 2598 1072 2697">
     <span class='ocr_line' id='line_1_53' title="bbox 117 2598 1072 2630; baseline -0.004 -5"><span class='ocrx_word' id='word_1_341' title='bbox 117 2603 147 2630; x_wconf 81' lang='grc'><strong>7)</strong></span> <span class='ocrx_word' id='word_1_342' title='bbox 171 2603 255 2625; x_wconf 80' lang='lat' dir='ltr'><strong>Totus</strong></span> <span class='ocrx_word' id='word_1_343' title='bbox 275 2601 363 2623; x_wconf 64' lang='lat' dir='ltr'><strong>lotus:</strong></span> <span class='ocrx_word' id='word_1_344' title='bbox 387 2601 416 2623; x_wconf 68' lang='lat'><strong>¹¹³</strong></span> <span class='ocrx_word' id='word_1_345' title='bbox 437 2601 572 2623; x_wconf 74' lang='lat' dir='ltr'><strong>nmndum</strong></span> <span class='ocrx_word' id='word_1_346' title='bbox 592 2602 656 2625; x_wconf 68' lang='lat' dir='ltr'><strong>reni</strong></span> <span class='ocrx_word' id='word_1_347' title='bbox 675 2613 708 2616; x_wconf 97' lang='lat'><strong>—</strong></span> <span class='ocrx_word' id='word_1_348' title='bbox 725 2612 754 2617; x_wconf 90' lang='lat'>—</span> <span class='ocrx_word' id='word_1_349' title='bbox 772 2612 800 2615; x_wconf 86' lang='lat'><strong>——</strong></span> <span class='ocrx_word' id='word_1_350' title='bbox 823 2599 936 2623; x_wconf 73' lang='lat' dir='ltr'><strong>audite.</strong></span> <span class='ocrx_word' id='word_1_351' title='bbox 957 2598 1072 2621; x_wconf 56' lang='lat' dir='ltr'><strong>&#39;redere</strong></span> 
     </span>
     <span class='ocr_line' id='line_1_54' title="bbox 151 2634 563 2667; baseline -0.01 -7"><span class='ocrx_word' id='word_1_352' title='bbox 151 2635 229 2667; x_wconf 75' lang='lat' dir='ltr'><strong>fi&#39;io.</strong></span> <span class='ocrx_word' id='word_1_353' title='bbox 251 2636 276 2657; x_wconf 82' lang='lat' dir='ltr'><strong>iu</strong></span> <span class='ocrx_word' id='word_1_354' title='bbox 297 2635 361 2658; x_wconf 75' lang='lat' dir='ltr'><strong>Tnb.</strong></span> <span class='ocrx_word' id='word_1_355' title='bbox 383 2641 434 2656; x_wconf 86' lang='lat' dir='ltr'><strong>non</strong></span> <span class='ocrx_word' id='word_1_356' title='bbox 458 2634 563 2658; x_wconf 63' lang='lat' dir='ltr'><strong>tegitur.</strong></span> 
     </span>
     <span class='ocr_line' id='line_1_55' title="bbox 115 2669 731 2697; baseline -0.005 -3"><span class='ocrx_word' id='word_1_357' title='bbox 115 2671 144 2694; x_wconf 57' lang='lat' dir='ltr'><strong>R!</strong></span> <span class='ocrx_word' id='word_1_358' title='bbox 168 2671 319 2694; x_wconf 63' lang='lat' dir='ltr'><strong>Accusatur</strong></span> <span class='ocrx_word' id='word_1_359' title='bbox 341 2669 437 2697; x_wconf 42' lang='lat' dir='ltr'><strong>scripsi</strong></span> <span class='ocrx_word' id='word_1_360' title='bbox 460 2674 508 2697; x_wconf 79' lang='lat' dir='ltr'><strong>pro</strong></span> <span class='ocrx_word' id='word_1_361' title='bbox 529 2669 731 2692; x_wconf 50' lang='lat' dir='ltr'><strong>Arent-nevum.</strong></span> 
     </span>
    </p>
   </div>
   <div class='ocr_carea' id='block_1_13' title="bbox 503 88 1827 129">
    <p class='ocr_par' dir='ltr' id='par_1_13' title="bbox 503 88 1827 129">
     <span class='ocr_line' id='line_1_56' title="bbox 503 88 1827 129; baseline -0.002 -1"><span class='ocrx_word' id='word_1_362' title='bbox 503 91 896 129; x_wconf 78' lang='lat' dir='ltr'><strong>ANNOTATIONES</strong></span> <span class='ocrx_word' id='word_1_363' title='bbox 918 91 988 127; x_wconf 84' lang='lat' dir='ltr'><strong>ET</strong></span> <span class='ocrx_word' id='word_1_364' title='bbox 1016 88 1292 126; x_wconf 81' lang='lat' dir='ltr'><strong>CONClONES</strong></span> <span class='ocrx_word' id='word_1_365' title='bbox 1321 89 1370 124; x_wconf 84' lang='lat' dir='ltr'><strong>IN</strong></span> <span class='ocrx_word' id='word_1_366' title='bbox 1397 89 1582 126; x_wconf 86' lang='lat' dir='ltr'><strong>EVANG.</strong></span> <span class='ocrx_word' id='word_1_367' title='bbox 1614 89 1827 126; x_wconf 77' lang='lat' dir='ltr'><strong>IOANNIS.</strong></span> 
     </span>
    </p>
   </div>
   <div class='ocr_carea' id='block_1_14' title="bbox 1093 216 1098 346">
    <p class='ocr_par' dir='ltr' id='par_1_14' title="bbox 1093 216 1098 346">
     <span class='ocr_line' id='line_1_57' title="bbox 1093 216 1098 346; baseline 0 2569"><span class='ocrx_word' id='word_1_368' title='bbox 1093 216 1098 346; x_wconf 95' lang='lat' dir='ltr'><strong> </strong></span> 
     </span>
    </p>
   </div>
   <div class='ocr_carea' id='block_1_15' title="bbox 1093 351 1096 454">
    <p class='ocr_par' dir='ltr' id='par_1_15' title="bbox 1093 351 1096 454">
     <span class='ocr_line' id='line_1_58' title="bbox 1093 351 1096 454; baseline 0 2461"><span class='ocrx_word' id='word_1_369' title='bbox 1093 351 1096 454; x_wconf 95' lang='lat' dir='ltr'><strong> </strong></span> 
     </span>
    </p>
   </div>
   <div class='ocr_carea' id='block_1_16' title="bbox 1092 481 1096 563">
    <p class='ocr_par' dir='ltr' id='par_1_16' title="bbox 1092 481 1096 563">
     <span class='ocr_line' id='line_1_59' title="bbox 1092 481 1096 563; baseline 0 2352"><span class='ocrx_word' id='word_1_370' title='bbox 1092 481 1096 563; x_wconf 95' lang='lat' dir='ltr'><strong> </strong></span> 
     </span>
    </p>
   </div>
   <div class='ocr_carea' id='block_1_17' title="bbox 1091 568 1096 648">
    <p class='ocr_par' dir='ltr' id='par_1_17' title="bbox 1091 568 1096 648">
     <span class='ocr_line' id='line_1_60' title="bbox 1091 568 1096 648; baseline 0 2267"><span class='ocrx_word' id='word_1_371' title='bbox 1091 568 1096 648; x_wconf 95' lang='lat' dir='ltr'><strong> </strong></span> 
     </span>
    </p>
   </div>
   <div class='ocr_carea' id='block_1_18' title="bbox 758 909 1095 1067">
    <p class='ocr_par' dir='ltr' id='par_1_18' title="bbox 758 909 1095 1067">
     <span class='ocr_line' id='line_1_61' title="bbox 758 909 1095 1067; baseline -0.006 -72"><span class='ocrx_word' id='word_1_372' title='bbox 758 962 831 995; x_wconf 86' lang='lat' dir='ltr'><strong>Deo</strong></span> <span class='ocrx_word' id='word_1_373' title='bbox 860 962 966 994; x_wconf 80' lang='lat' dir='ltr'><strong>fidere</strong></span> <span class='ocrx_word' id='word_1_374' title='bbox 993 974 1064 995; x_wconf 86' lang='lat' dir='ltr'><strong>non</strong></span> <span class='ocrx_word' id='word_1_375' title='bbox 1091 909 1095 1067; x_wconf 59' lang='grc' dir='ltr'><strong>ἱ</strong></span> 
     </span>
    </p>
   </div>
   <div class='ocr_carea' id='block_1_19' title="bbox 1093 1689 1554 1724">
    <p class='ocr_par' dir='ltr' id='par_1_19' title="bbox 1093 1689 1554 1724">
     <span class='ocr_line' id='line_1_62' title="bbox 1093 1689 1554 1724; baseline 0 -1"><span class='ocrx_word' id='word_1_376' title='bbox 1093 1718 1095 1723; x_wconf 94' lang='grc'><em>.</em></span> <span class='ocrx_word' id='word_1_377' title='bbox 1122 1692 1171 1724; x_wconf 83' lang='lat' dir='ltr'><strong>illi</strong></span> <span class='ocrx_word' id='word_1_378' title='bbox 1192 1692 1350 1723; x_wconf 87' lang='lat' dir='ltr'><strong>nondum</strong></span> <span class='ocrx_word' id='word_1_379' title='bbox 1368 1689 1554 1723; x_wconf 81' lang='lat' dir='ltr'><strong>revelatur.</strong></span> 
     </span>
    </p>
   </div>
   <div class='ocr_carea' id='block_1_20' title="bbox 2014 92 2108 129">
    <p class='ocr_par' dir='ltr' id='par_1_20' title="bbox 2014 92 2108 129">
     <span class='ocr_line' id='line_1_63' title="bbox 2014 92 2108 129; baseline 0.011 -1"><span class='ocrx_word' id='word_1_380' title='bbox 2014 92 2108 129; x_wconf 88' lang='lat'>1158</span> 
     </span>
    </p>
   </div>
   <div class='ocr_carea' id='block_1_21' title="bbox 1120 174 2108 519">
    <p class='ocr_par' dir='ltr' id='par_1_21' title="bbox 1120 174 2108 519">
     <span class='ocr_line' id='line_1_64' title="bbox 1125 174 2108 219; baseline 0.001 -11"><span class='ocrx_word' id='word_1_381' title='bbox 1125 182 1217 215; x_wconf 86' lang='lat' dir='ltr'><strong>sent,</strong></span> <span class='ocrx_word' id='word_1_382' title='bbox 1259 175 1287 208; x_wconf 88' lang='lat' dir='ltr'><strong>si</strong></span> <span class='ocrx_word' id='word_1_383' title='bbox 1323 176 1408 209; x_wconf 84' lang='lat' dir='ltr'><strong>fides</strong></span> <span class='ocrx_word' id='word_1_384' title='bbox 1439 176 1645 209; x_wconf 85' lang='lat' dir='ltr'><strong>accessisset.</strong></span> <span class='ocrx_word' id='word_1_385' title='bbox 1708 174 1822 219; x_wconf 86' lang='lat' dir='ltr'><strong>Quem</strong></span> <span class='ocrx_word' id='word_1_386' title='bbox 1857 177 1994 211; x_wconf 87' lang='lat' dir='ltr'><strong>locutus</strong></span> <span class='ocrx_word' id='word_1_387' title='bbox 2018 188 2108 219; x_wconf 75' lang='lat' dir='ltr'><strong>snm,</strong></span> 
     </span>
     <span class='ocr_line' id='line_1_65' title="bbox 1123 226 2107 269; baseline 0.002 -11"><span class='ocrx_word' id='word_1_388' title='bbox 1123 226 1196 258; x_wconf 84' lang='lat' dir='ltr'><strong>scil.</strong></span> <span class='ocrx_word' id='word_1_389' title='bbox 1221 237 1283 269; x_wconf 83' lang='lat' dir='ltr'><strong>ego</strong></span> <span class='ocrx_word' id='word_1_390' title='bbox 1310 226 1369 259; x_wconf 86' lang='lat' dir='ltr'><strong>lux</strong></span> <span class='ocrx_word' id='word_1_391' title='bbox 1394 227 1431 259; x_wconf 92' lang='lat' dir='ltr'><strong>in</strong></span> <span class='ocrx_word' id='word_1_392' title='bbox 1459 228 1631 260; x_wconf 91' lang='lat' dir='ltr'><strong>mnndum</strong></span> <span class='ocrx_word' id='word_1_393' title='bbox 1654 227 1746 262; x_wconf 82' lang='lat' dir='ltr'><strong>veni.</strong></span> <span class='ocrx_word' id='word_1_394' title='bbox 1806 228 1998 269; x_wconf 82' lang='lat' dir='ltr'><strong>Iudicabit,</strong></span> <span class='ocrx_word' id='word_1_395' title='bbox 2031 228 2054 260; x_wconf 88' lang='lat' dir='ltr'><strong>i.</strong></span> <span class='ocrx_word' id='word_1_396' title='bbox 2079 240 2107 264; x_wconf 78' lang='lat' dir='ltr'><strong>e,</strong></span> 
     </span>
     <span class='ocr_line' id='line_1_66' title="bbox 1121 276 2107 319; baseline 0.002 -10"><span class='ocrx_word' id='word_1_397' title='bbox 1121 277 1278 319; x_wconf 86' lang='lat' dir='ltr'><strong>coarguit</strong></span> <span class='ocrx_word' id='word_1_398' title='bbox 1295 288 1374 309; x_wconf 89' lang='lat' dir='ltr'><strong>eum</strong></span> <span class='ocrx_word' id='word_1_399' title='bbox 1392 277 1621 312; x_wconf 84' lang='lat' dir='ltr'><strong>infidelitatis.</strong></span> <span class='ocrx_word' id='word_1_400' title='bbox 1667 276 1708 310; x_wconf 90' lang='lat' dir='ltr'><strong>ln</strong></span> <span class='ocrx_word' id='word_1_401' title='bbox 1724 278 1915 312; x_wconf 86' lang='lat' dir='ltr'><strong>novissimo</strong></span> <span class='ocrx_word' id='word_1_402' title='bbox 1933 279 2006 319; x_wconf 86' lang='lat' dir='ltr'><strong>die,</strong></span> <span class='ocrx_word' id='word_1_403' title='bbox 2033 279 2107 315; x_wconf 84' lang='lat' dir='ltr'><strong>scil.</strong></span> 
     </span>
     <span class='ocr_line' id='line_1_67' title="bbox 1122 327 2107 369; baseline 0.005 -10"><span class='ocrx_word' id='word_1_404' title='bbox 1122 338 1200 360; x_wconf 89' lang='lat' dir='ltr'><strong>cum</strong></span> <span class='ocrx_word' id='word_1_405' title='bbox 1235 328 1411 360; x_wconf 88' lang='lat' dir='ltr'><strong>revelatur</strong></span> <span class='ocrx_word' id='word_1_406' title='bbox 1439 327 1549 369; x_wconf 80' lang='lat' dir='ltr'><strong>gloria</strong></span> <span class='ocrx_word' id='word_1_407' title='bbox 1574 328 1655 366; x_wconf 81' lang='lat' dir='ltr'><strong>filii,</strong></span> <span class='ocrx_word' id='word_1_408' title='bbox 1697 329 1960 362; x_wconf 87' lang='lat' dir='ltr'><strong>confundentur</strong></span> <span class='ocrx_word' id='word_1_409' title='bbox 1985 341 2107 364; x_wconf 85' lang='lat' dir='ltr'><strong>omnes</strong></span> 
     </span>
     <span class='ocr_line' id='line_1_68' title="bbox 1121 376 2106 420; baseline 0.003 -10"><span class='ocrx_word' id='word_1_410' title='bbox 1121 377 1231 420; x_wconf 89' lang='lat' dir='ltr'><strong>impii.</strong></span> <span class='ocrx_word' id='word_1_411' title='bbox 1285 376 1378 420; x_wconf 86' lang='lat' dir='ltr'><strong>Quia</strong></span> <span class='ocrx_word' id='word_1_412' title='bbox 1401 389 1441 410; x_wconf 86' lang='lat' dir='ltr'><strong>ex</strong></span> <span class='ocrx_word' id='word_1_413' title='bbox 1456 389 1510 409; x_wconf 91' lang='lat' dir='ltr'><strong>me</strong></span> <span class='ocrx_word' id='word_1_414' title='bbox 1529 377 1604 420; x_wconf 91' lang='lat' dir='ltr'><strong>ipso</strong></span> <span class='ocrx_word' id='word_1_415' title='bbox 1618 390 1690 410; x_wconf 91' lang='lat' dir='ltr'><strong>non</strong></span> <span class='ocrx_word' id='word_1_416' title='bbox 1707 390 1782 411; x_wconf 90' lang='lat' dir='ltr'><strong>sum</strong></span> <span class='ocrx_word' id='word_1_417' title='bbox 1801 380 1957 419; x_wconf 89' lang='lat' dir='ltr'><strong>locutus,</strong></span> <span class='ocrx_word' id='word_1_418' title='bbox 1985 380 2019 413; x_wconf 90' lang='lat' dir='ltr'><strong>id</strong></span> <span class='ocrx_word' id='word_1_419' title='bbox 2038 380 2106 413; x_wconf 77' lang='lat' dir='ltr'><strong>sci—</strong></span> 
     </span>
     <span class='ocr_line' id='line_1_69' title="bbox 1121 427 2105 470; baseline 0.004 -10"><span class='ocrx_word' id='word_1_420' title='bbox 1121 428 1200 461; x_wconf 81' lang='lat' dir='ltr'><strong>licet</strong></span> <span class='ocrx_word' id='word_1_421' title='bbox 1219 439 1297 461; x_wconf 88' lang='lat' dir='ltr'><strong>cum</strong></span> <span class='ocrx_word' id='word_1_422' title='bbox 1315 427 1540 462; x_wconf 82' lang='lat' dir='ltr'><strong>revelabitur.</strong></span> <span class='ocrx_word' id='word_1_423' title='bbox 1576 427 1800 470; x_wconf 85' lang='lat' dir='ltr'><strong>Mandatum,</strong></span> <span class='ocrx_word' id='word_1_424' title='bbox 1827 430 1973 464; x_wconf 85' lang='lat' dir='ltr'><strong>scilicet:</strong></span> <span class='ocrx_word' id='word_1_425' title='bbox 2000 430 2105 465; x_wconf 82' lang='lat' dir='ltr'><strong>Hunc</strong></span> 
     </span>
     <span class='ocr_line' id='line_1_70' title="bbox 1120 478 1525 519; baseline 0 -7"><span class='ocrx_word' id='word_1_426' title='bbox 1120 479 1258 519; x_wconf 86' lang='lat' dir='ltr'><strong>audite,</strong></span> <span class='ocrx_word' id='word_1_427' title='bbox 1285 480 1425 511; x_wconf 89' lang='lat' dir='ltr'><strong>credere</strong></span> <span class='ocrx_word' id='word_1_428' title='bbox 1441 478 1525 512; x_wconf 85' lang='lat' dir='ltr'><strong>filio.</strong></span> 
     </span>
    </p>
   </div>
   <div class='ocr_carea' id='block_1_22' title="bbox 1323 559 1905 602">
    <p class='ocr_par' dir='ltr' id='par_1_22' title="bbox 1323 559 1905 602">
     <span class='ocr_line' id='line_1_71' title="bbox 1323 559 1905 602; baseline 0.002 -5"><span class='ocrx_word' id='word_1_429' title='bbox 1323 559 1412 597; x_wconf 73' lang='lat' dir='ltr'><strong>N&#39;on</strong></span> <span class='ocrx_word' id='word_1_430' title='bbox 1437 561 1531 595; x_wconf 78' lang='lat' dir='ltr'><strong>enim</strong></span> <span class='ocrx_word' id='word_1_431' title='bbox 1558 561 1653 602; x_wconf 60' lang='lat' dir='ltr'><strong>veni,</strong></span> <span class='ocrx_word' id='word_1_432' title='bbox 1683 568 1720 596; x_wconf 80' lang='lat' dir='ltr'><strong>ul</strong></span> <span class='ocrx_word' id='word_1_433' title='bbox 1742 561 1905 598; x_wconf 83' lang='lat' dir='ltr'><strong>iudicem.</strong></span> 
     </span>
    </p>
   </div>
   <div class='ocr_carea' id='block_1_23' title="bbox 1120 627 2110 2182">
    <p class='ocr_par' dir='ltr' id='par_1_23' title="bbox 1120 627 2110 2182">
     <span class='ocr_line' id='line_1_72' title="bbox 1222 627 2106 676; baseline 0.006 -13"><span class='ocrx_word' id='word_1_434' title='bbox 1222 629 1328 673; x_wconf 86' lang='lat' dir='ltr'><strong>Quod</strong></span> <span class='ocrx_word' id='word_1_435' title='bbox 1344 631 1388 663; x_wconf 88' lang='lat' dir='ltr'><strong>sit</strong></span> <span class='ocrx_word' id='word_1_436' title='bbox 1404 627 1535 663; x_wconf 88' lang='lat' dir='ltr'><strong>Christi</strong></span> <span class='ocrx_word' id='word_1_437' title='bbox 1558 630 1731 670; x_wconf 86' lang='lat' dir='ltr'><strong>officium,</strong></span> <span class='ocrx_word' id='word_1_438' title='bbox 1765 643 1805 664; x_wconf 85' lang='lat' dir='ltr'><strong>ex</strong></span> <span class='ocrx_word' id='word_1_439' title='bbox 1831 633 1940 665; x_wconf 84' lang='lat' dir='ltr'><strong>verbo</strong></span> <span class='ocrx_word' id='word_1_440' title='bbox 1967 642 2106 676; x_wconf 85' lang='lat' dir='ltr'><strong>oportet</strong></span> 
     </span>
     <span class='ocr_line' id='line_1_73' title="bbox 1120 680 2105 726; baseline 0.004 -12"><span class='ocrx_word' id='word_1_441' title='bbox 1120 681 1281 725; x_wconf 84' lang='lat' dir='ltr'><strong>cognosci</strong></span> <span class='ocrx_word' id='word_1_442' title='bbox 1315 681 1411 726; x_wconf 86' lang='lat' dir='ltr'><strong>qnod</strong></span> <span class='ocrx_word' id='word_1_443' title='bbox 1448 681 1634 723; x_wconf 84' lang='lat' dir='ltr'><strong>praedicat.</strong></span> <span class='ocrx_word' id='word_1_444' title='bbox 1693 680 1877 716; x_wconf 87' lang='lat' dir='ltr'><strong>Praedicat</strong></span> <span class='ocrx_word' id='word_1_445' title='bbox 1909 690 2024 718; x_wconf 81' lang='lat' dir='ltr'><strong>autem</strong></span> <span class='ocrx_word' id='word_1_446' title='bbox 2051 698 2105 718; x_wconf 91' lang='lat' dir='ltr'><strong>re-</strong></span> 
     </span>
     <span class='ocr_line' id='line_1_74' title="bbox 1120 733 2106 775; baseline 0.004 -11"><span class='ocrx_word' id='word_1_447' title='bbox 1120 733 1321 765; x_wconf 86' lang='lat' dir='ltr'><strong>missionem</strong></span> <span class='ocrx_word' id='word_1_448' title='bbox 1347 738 1585 775; x_wconf 79' lang='lat' dir='ltr'><strong>peccatorum:</strong></span> <span class='ocrx_word' id='word_1_449' title='bbox 1624 743 1695 764; x_wconf 90' lang='lat' dir='ltr'><strong>non</strong></span> <span class='ocrx_word' id='word_1_450' title='bbox 1719 733 1879 767; x_wconf 87' lang='lat' dir='ltr'><strong>condidit</strong></span> <span class='ocrx_word' id='word_1_451' title='bbox 1905 734 2014 775; x_wconf 73' lang='lat' dir='ltr'><strong>legem</strong></span> <span class='ocrx_word' id='word_1_452' title='bbox 2041 737 2106 768; x_wconf 83' lang='lat' dir='ltr'><strong>ali-</strong></span> 
     </span>
     <span class='ocr_line' id='line_1_75' title="bbox 1121 779 2104 827; baseline 0.003 -12"><span class='ocrx_word' id='word_1_453' title='bbox 1121 795 1244 827; x_wconf 89' lang='lat' dir='ltr'><strong>quam,</strong></span> <span class='ocrx_word' id='word_1_454' title='bbox 1279 783 1338 815; x_wconf 88' lang='lat' dir='ltr'><strong>sed</strong></span> <span class='ocrx_word' id='word_1_455' title='bbox 1364 793 1399 815; x_wconf 91' lang='lat' dir='ltr'><strong>se</strong></span> <span class='ocrx_word' id='word_1_456' title='bbox 1421 779 1580 821; x_wconf 71' lang='lat' dir='ltr'><strong>exhibet,</strong></span> <span class='ocrx_word' id='word_1_457' title='bbox 1621 783 1830 824; x_wconf 83' lang='lat' dir='ltr'><strong>promittens</strong></span> <span class='ocrx_word' id='word_1_458' title='bbox 1864 785 2104 819; x_wconf 81' lang='lat' dir='ltr'><strong>remissionem</strong></span> 
     </span>
     <span class='ocr_line' id='line_1_76' title="bbox 1122 832 2106 876; baseline 0.004 -10"><span class='ocrx_word' id='word_1_459' title='bbox 1122 840 1338 876; x_wconf 86' lang='lat' dir='ltr'><strong>peccatorum</strong></span> <span class='ocrx_word' id='word_1_460' title='bbox 1364 832 1532 865; x_wconf 89' lang='lat' dir='ltr'><strong>omnibus</strong></span> <span class='ocrx_word' id='word_1_461' title='bbox 1556 833 1798 874; x_wconf 87' lang='lat' dir='ltr'><strong>credentibus,</strong></span> <span class='ocrx_word' id='word_1_462' title='bbox 1832 832 1899 867; x_wconf 91' lang='lat' dir='ltr'><strong>hoc</strong></span> <span class='ocrx_word' id='word_1_463' title='bbox 1920 843 1987 875; x_wconf 82' lang='lat' dir='ltr'><strong>est,</strong></span> <span class='ocrx_word' id='word_1_464' title='bbox 2014 837 2106 870; x_wconf 87' lang='lat' dir='ltr'><strong>acci-</strong></span> 
     </span>
     <span class='ocr_line' id='line_1_77' title="bbox 1120 881 2106 929; baseline 0.005 -14"><span class='ocrx_word' id='word_1_465' title='bbox 1120 884 1307 927; x_wconf 89' lang='lat' dir='ltr'><strong>pientibus.</strong></span> <span class='ocrx_word' id='word_1_466' title='bbox 1366 881 1610 916; x_wconf 85' lang='lat' dir='ltr'><strong>Conscientiae</strong></span> <span class='ocrx_word' id='word_1_467' title='bbox 1640 881 1825 916; x_wconf 90' lang='lat' dir='ltr'><strong>hominum</strong></span> <span class='ocrx_word' id='word_1_468' title='bbox 1856 885 2032 929; x_wconf 86' lang='lat' dir='ltr'><strong>sentiunt,</strong></span> <span class='ocrx_word' id='word_1_469' title='bbox 2072 900 2106 920; x_wconf 85' lang='lat' dir='ltr'><strong>se</strong></span> 
     </span>
     <span class='ocr_line' id='line_1_78' title="bbox 1120 933 2106 981; baseline 0.003 -14"><span class='ocrx_word' id='word_1_470' title='bbox 1120 941 1368 967; x_wconf 85' lang='lat' dir='ltr'><strong>consecuturos</strong></span> <span class='ocrx_word' id='word_1_471' title='bbox 1391 933 1532 976; x_wconf 85' lang='lat' dir='ltr'><strong>quidem</strong></span> <span class='ocrx_word' id='word_1_472' title='bbox 1551 933 1658 965; x_wconf 85' lang='lat' dir='ltr'><strong>vitam</strong></span> <span class='ocrx_word' id='word_1_473' title='bbox 1671 960 1679 973; x_wconf 90' lang='lat'><strong><em>‚</em></strong></span> <span class='ocrx_word' id='word_1_474' title='bbox 1706 934 1733 966; x_wconf 90' lang='lat' dir='ltr'><strong>si</strong></span> <span class='ocrx_word' id='word_1_475' title='bbox 1751 935 1859 978; x_wconf 81' lang='lat' dir='ltr'><strong>legem</strong></span> <span class='ocrx_word' id='word_1_476' title='bbox 1877 934 1942 969; x_wconf 90' lang='lat' dir='ltr'><strong>Dei</strong></span> <span class='ocrx_word' id='word_1_477' title='bbox 1962 937 2106 981; x_wconf 87' lang='lat' dir='ltr'><strong>imples-</strong></span> 
     </span>
     <span class='ocr_line' id='line_1_79' title="bbox 1121 981 2107 1028; baseline 0.002 -10"><span class='ocrx_word' id='word_1_478' title='bbox 1121 991 1213 1018; x_wconf 89' lang='lat' dir='ltr'><strong>sent:</strong></span> <span class='ocrx_word' id='word_1_479' title='bbox 1258 991 1291 1017; x_wconf 89' lang='lat' dir='ltr'><strong>at</strong></span> <span class='ocrx_word' id='word_1_480' title='bbox 1316 981 1480 1017; x_wconf 88' lang='lat' dir='ltr'><strong>Christus</strong></span> <span class='ocrx_word' id='word_1_481' title='bbox 1513 983 1644 1027; x_wconf 85' lang='lat' dir='ltr'><strong>inquit:</strong></span> <span class='ocrx_word' id='word_1_482' title='bbox 1683 982 1772 1017; x_wconf 70' lang='lat' dir='ltr'><strong>Eece</strong></span> <span class='ocrx_word' id='word_1_483' title='bbox 1798 983 1855 1018; x_wconf 89' lang='lat' dir='ltr'><strong>hic</strong></span> <span class='ocrx_word' id='word_1_484' title='bbox 1877 987 2020 1028; x_wconf 87' lang='lat' dir='ltr'><strong>adsum,</strong></span> <span class='ocrx_word' id='word_1_485' title='bbox 2053 989 2107 1021; x_wconf 88' lang='lat' dir='ltr'><strong>vi-</strong></span> 
     </span>
     <span class='ocr_line' id='line_1_80' title="bbox 1120 1031 2105 1082; baseline 0.003 -13"><span class='ocrx_word' id='word_1_486' title='bbox 1120 1043 1189 1070; x_wconf 86' lang='lat' dir='ltr'><strong>tam</strong></span> <span class='ocrx_word' id='word_1_487' title='bbox 1214 1034 1398 1078; x_wconf 88' lang='lat' dir='ltr'><strong>promitto:</strong></span> <span class='ocrx_word' id='word_1_488' title='bbox 1449 1031 1541 1066; x_wconf 82' lang='lat' dir='ltr'><strong>hanc</strong></span> <span class='ocrx_word' id='word_1_489' title='bbox 1567 1034 1676 1076; x_wconf 88' lang='lat' dir='ltr'><strong>ipsam</strong></span> <span class='ocrx_word' id='word_1_490' title='bbox 1702 1035 1747 1068; x_wconf 89' lang='lat' dir='ltr'><strong>ob</strong></span> <span class='ocrx_word' id='word_1_491' title='bbox 1769 1047 1926 1078; x_wconf 85' lang='lat' dir='ltr'><strong>causam,</strong></span> <span class='ocrx_word' id='word_1_492' title='bbox 1961 1039 2042 1082; x_wconf 88' lang='lat' dir='ltr'><strong>quia</strong></span> <span class='ocrx_word' id='word_1_493' title='bbox 2069 1047 2105 1073; x_wconf 88' lang='lat' dir='ltr'><strong>tn</strong></span> 
     </span>
     <span class='ocr_line' id='line_1_81' title="bbox 1120 1082 2105 1129; baseline 0.003 -10"><span class='ocrx_word' id='word_1_494' title='bbox 1120 1088 1230 1129; x_wconf 79' lang='lat' dir='ltr'><strong>legem</strong></span> <span class='ocrx_word' id='word_1_495' title='bbox 1265 1097 1336 1118; x_wconf 89' lang='lat' dir='ltr'><strong>non</strong></span> <span class='ocrx_word' id='word_1_496' title='bbox 1365 1084 1587 1128; x_wconf 83' lang='lat' dir='ltr'><strong>praestitisti,</strong></span> <span class='ocrx_word' id='word_1_497' title='bbox 1631 1082 1722 1117; x_wconf 86' lang='lat' dir='ltr'><strong>nihil</strong></span> <span class='ocrx_word' id='word_1_498' title='bbox 1751 1086 1868 1129; x_wconf 81' lang='lat' dir='ltr'><strong>exigo,</strong></span> <span class='ocrx_word' id='word_1_499' title='bbox 1917 1088 1974 1120; x_wconf 90' lang='lat' dir='ltr'><strong>sed</strong></span> <span class='ocrx_word' id='word_1_500' title='bbox 2000 1089 2105 1123; x_wconf 89' lang='lat' dir='ltr'><strong>vitam</strong></span> 
     </span>
     <span class='ocr_line' id='line_1_82' title="bbox 1121 1134 2107 1181; baseline 0.004 -12"><span class='ocrx_word' id='word_1_501' title='bbox 1121 1143 1255 1181; x_wconf 81' lang='lat' dir='ltr'><strong>praesto</strong></span> <span class='ocrx_word' id='word_1_502' title='bbox 1287 1135 1550 1179; x_wconf 87' lang='lat' dir='ltr'><strong>accipientibus.</strong></span> <span class='ocrx_word' id='word_1_503' title='bbox 1611 1134 1678 1168; x_wconf 89' lang='lat' dir='ltr'><strong>Per</strong></span> <span class='ocrx_word' id='word_1_504' title='bbox 1707 1135 1831 1169; x_wconf 83' lang='lat' dir='ltr'><strong>Mosen</strong></span> <span class='ocrx_word' id='word_1_505' title='bbox 1866 1138 1919 1170; x_wconf 87' lang='lat' dir='ltr'><strong>lex</strong></span> <span class='ocrx_word' id='word_1_506' title='bbox 1940 1140 2020 1172; x_wconf 86' lang='lat' dir='ltr'><strong>data</strong></span> <span class='ocrx_word' id='word_1_507' title='bbox 2046 1148 2107 1180; x_wconf 85' lang='lat' dir='ltr'><strong>est,</strong></span> 
     </span>
     <span class='ocr_line' id='line_1_83' title="bbox 1121 1185 2105 1231; baseline 0.005 -13"><span class='ocrx_word' id='word_1_508' title='bbox 1121 1200 1182 1231; x_wconf 84' lang='lat' dir='ltr'><strong>per</strong></span> <span class='ocrx_word' id='word_1_509' title='bbox 1198 1185 1376 1221; x_wconf 71' lang='lat' dir='ltr'><strong>Christum</strong></span> <span class='ocrx_word' id='word_1_510' title='bbox 1395 1186 1503 1226; x_wconf 73' lang='lat' dir='ltr'><strong>gratia</strong></span> <span class='ocrx_word' id='word_1_511' title='bbox 1523 1192 1556 1218; x_wconf 93' lang='lat' dir='ltr'><strong>et</strong></span> <span class='ocrx_word' id='word_1_512' title='bbox 1572 1186 1698 1219; x_wconf 84' lang='lat' dir='ltr'><strong>veritas</strong></span> <span class='ocrx_word' id='word_1_513' title='bbox 1715 1187 1801 1220; x_wconf 85' lang='lat' dir='ltr'><strong>sacta</strong></span> <span class='ocrx_word' id='word_1_514' title='bbox 1816 1195 1877 1221; x_wconf 87' lang='lat' dir='ltr'><strong>est.</strong></span> <span class='ocrx_word' id='word_1_515' title='bbox 1929 1188 2105 1229; x_wconf 87' lang='lat' dir='ltr'><strong>Secundo,</strong></span> 
     </span>
     <span class='ocr_line' id='line_1_84' title="bbox 1120 1235 2104 1282; baseline 0.003 -10"><span class='ocrx_word' id='word_1_516' title='bbox 1120 1251 1182 1272; x_wconf 89' lang='lat' dir='ltr'><strong>cur</strong></span> <span class='ocrx_word' id='word_1_517' title='bbox 1198 1245 1301 1277; x_wconf 77' lang='lat' dir='ltr'><strong>negat</strong></span> <span class='ocrx_word' id='word_1_518' title='bbox 1324 1249 1358 1269; x_wconf 91' lang='lat' dir='ltr'><strong>se</strong></span> <span class='ocrx_word' id='word_1_519' title='bbox 1375 1235 1537 1270; x_wconf 87' lang='lat' dir='ltr'><strong>Christus</strong></span> <span class='ocrx_word' id='word_1_520' title='bbox 1553 1237 1687 1268; x_wconf 81' lang='lat' dir='ltr'><strong>venisse</strong></span> <span class='ocrx_word' id='word_1_521' title='bbox 1706 1244 1743 1270; x_wconf 90' lang='lat' dir='ltr'><strong>ut</strong></span> <span class='ocrx_word' id='word_1_522' title='bbox 1762 1238 1913 1282; x_wconf 78' lang='lat' dir='ltr'><strong>iudicet,</strong></span> <span class='ocrx_word' id='word_1_523' title='bbox 1940 1247 2104 1275; x_wconf 88' lang='lat' dir='ltr'><strong>ettamen</strong></span> 
     </span>
     <span class='ocr_line' id='line_1_85' title="bbox 1120 1287 2107 1336; baseline 0.003 -14"><span class='ocrx_word' id='word_1_524' title='bbox 1120 1296 1200 1322; x_wconf 88' lang='lat' dir='ltr'><strong>ante</strong></span> <span class='ocrx_word' id='word_1_525' title='bbox 1224 1289 1329 1325; x_wconf 78' lang='lat' dir='ltr'><strong>dixit,</strong></span> <span class='ocrx_word' id='word_1_526' title='bbox 1357 1299 1451 1320; x_wconf 85' lang='lat' dir='ltr'><strong>nunc</strong></span> <span class='ocrx_word' id='word_1_527' title='bbox 1474 1298 1546 1319; x_wconf 90' lang='lat' dir='ltr'><strong>esse</strong></span> <span class='ocrx_word' id='word_1_528' title='bbox 1572 1287 1742 1320; x_wconf 86' lang='lat' dir='ltr'><strong>iudicium</strong></span> <span class='ocrx_word' id='word_1_529' title='bbox 1775 1289 1924 1322; x_wconf 81' lang='lat' dir='ltr'><strong>mnndi?</strong></span> <span class='ocrx_word' id='word_1_530' title='bbox 1960 1303 2107 1336; x_wconf 90' lang='lat' dir='ltr'><strong>respon-</strong></span> 
     </span>
     <span class='ocr_line' id='line_1_86' title="bbox 1121 1337 2106 1384; baseline 0.007 -15"><span class='ocrx_word' id='word_1_531' title='bbox 1121 1341 1205 1372; x_wconf 80' lang='lat' dir='ltr'><strong>deo:</strong></span> <span class='ocrx_word' id='word_1_532' title='bbox 1234 1337 1393 1372; x_wconf 87' lang='lat' dir='ltr'><strong>Christus</strong></span> <span class='ocrx_word' id='word_1_533' title='bbox 1408 1338 1586 1380; x_wconf 86' lang='lat' dir='ltr'><strong>praedicat</strong></span> <span class='ocrx_word' id='word_1_534' title='bbox 1604 1338 1761 1378; x_wconf 73' lang='lat' dir='ltr'><strong>verbum,</strong></span> <span class='ocrx_word' id='word_1_535' title='bbox 1789 1352 1858 1384; x_wconf 90' lang='lat' dir='ltr'><strong>quo</strong></span> <span class='ocrx_word' id='word_1_536' title='bbox 1874 1340 2006 1375; x_wconf 84' lang='lat' dir='ltr'><strong>iudicat</strong></span> <span class='ocrx_word' id='word_1_537' title='bbox 2024 1344 2106 1375; x_wconf 89' lang='lat' dir='ltr'><strong>nni-</strong></span> 
     </span>
     <span class='ocr_line' id='line_1_87' title="bbox 1121 1388 2105 1430; baseline 0.005 -9"><span class='ocrx_word' id='word_1_538' title='bbox 1121 1400 1258 1421; x_wconf 90' lang='lat' dir='ltr'><strong>versum</strong></span> <span class='ocrx_word' id='word_1_539' title='bbox 1279 1389 1470 1427; x_wconf 87' lang='lat' dir='ltr'><strong>mundum,</strong></span> <span class='ocrx_word' id='word_1_540' title='bbox 1498 1388 1532 1419; x_wconf 88' lang='lat' dir='ltr'><strong>id</strong></span> <span class='ocrx_word' id='word_1_541' title='bbox 1552 1394 1621 1426; x_wconf 88' lang='lat' dir='ltr'><strong>est,</strong></span> <span class='ocrx_word' id='word_1_542' title='bbox 1647 1388 1794 1430; x_wconf 86' lang='lat' dir='ltr'><strong>gloriam</strong></span> <span class='ocrx_word' id='word_1_543' title='bbox 1817 1392 1933 1423; x_wconf 88' lang='lat' dir='ltr'><strong>carnis</strong></span> <span class='ocrx_word' id='word_1_544' title='bbox 1953 1404 2026 1425; x_wconf 89' lang='lat' dir='ltr'><strong>esse</strong></span> <span class='ocrx_word' id='word_1_545' title='bbox 2044 1406 2105 1426; x_wconf 88' lang='lat' dir='ltr'><strong>ceu</strong></span> 
     </span>
     <span class='ocr_line' id='line_1_88' title="bbox 1121 1435 2108 1477; baseline 0.005 -5"><span class='ocrx_word' id='word_1_546' title='bbox 1121 1441 1275 1473; x_wconf 83' lang='lat' dir='ltr'><strong>foenum.</strong></span> <span class='ocrx_word' id='word_1_547' title='bbox 1330 1438 1400 1471; x_wconf 89' lang='lat' dir='ltr'><strong>Sed</strong></span> <span class='ocrx_word' id='word_1_548' title='bbox 1417 1435 1484 1470; x_wconf 90' lang='lat' dir='ltr'><strong>hoc</strong></span> <span class='ocrx_word' id='word_1_549' title='bbox 1502 1437 1672 1473; x_wconf 86' lang='lat' dir='ltr'><strong>iudicium</strong></span> <span class='ocrx_word' id='word_1_550' title='bbox 1694 1450 1765 1470; x_wconf 89' lang='lat' dir='ltr'><strong>non</strong></span> <span class='ocrx_word' id='word_1_551' title='bbox 1791 1441 1906 1473; x_wconf 85' lang='lat' dir='ltr'><strong>statim</strong></span> <span class='ocrx_word' id='word_1_552' title='bbox 1932 1443 2108 1477; x_wconf 87' lang='lat' dir='ltr'><strong>revelatur</strong></span> 
     </span>
     <span class='ocr_line' id='line_1_89' title="bbox 1121 1488 2107 1538; baseline 0 -16"><span class='ocrx_word' id='word_1_553' title='bbox 1121 1490 1310 1532; x_wconf 88' lang='lat' dir='ltr'><strong>impiorum</strong></span> <span class='ocrx_word' id='word_1_554' title='bbox 1327 1495 1359 1520; x_wconf 89' lang='lat' dir='ltr'><strong>et</strong></span> <span class='ocrx_word' id='word_1_555' title='bbox 1376 1488 1639 1521; x_wconf 87' lang='lat' dir='ltr'><strong>incredulorum</strong></span> <span class='ocrx_word' id='word_1_556' title='bbox 1659 1489 1841 1530; x_wconf 88' lang='lat' dir='ltr'><strong>cordibus,</strong></span> <span class='ocrx_word' id='word_1_557' title='bbox 1867 1493 1979 1526; x_wconf 88' lang='lat' dir='ltr'><strong>donec</strong></span> <span class='ocrx_word' id='word_1_558' title='bbox 1999 1505 2107 1538; x_wconf 86' lang='lat' dir='ltr'><strong>appa-</strong></span> 
     </span>
     <span class='ocr_line' id='line_1_90' title="bbox 1121 1538 2106 1588; baseline 0.005 -15"><span class='ocrx_word' id='word_1_559' title='bbox 1121 1540 1248 1574; x_wconf 88' lang='lat' dir='ltr'><strong>reatin</strong></span> <span class='ocrx_word' id='word_1_560' title='bbox 1277 1538 1466 1571; x_wconf 83' lang='lat' dir='ltr'><strong>maiestate:</strong></span> <span class='ocrx_word' id='word_1_561' title='bbox 1504 1550 1618 1582; x_wconf 87' lang='lat' dir='ltr'><strong>neque</strong></span> <span class='ocrx_word' id='word_1_562' title='bbox 1634 1539 1694 1572; x_wconf 80' lang='lat' dir='ltr'><strong>dat</strong></span> <span class='ocrx_word' id='word_1_563' title='bbox 1719 1539 1778 1579; x_wconf 87' lang='lat' dir='ltr'><strong>iis,</strong></span> <span class='ocrx_word' id='word_1_564' title='bbox 1804 1547 1843 1574; x_wconf 90' lang='lat' dir='ltr'><strong>ut</strong></span> <span class='ocrx_word' id='word_1_565' title='bbox 1868 1539 2021 1577; x_wconf 84' lang='lat' dir='ltr'><strong>habeant</strong></span> <span class='ocrx_word' id='word_1_566' title='bbox 2045 1558 2106 1588; x_wconf 88' lang='lat' dir='ltr'><strong>pro</strong></span> 
     </span>
     <span class='ocr_line' id='line_1_91' title="bbox 1121 1587 2106 1635; baseline 0.005 -12"><span class='ocrx_word' id='word_1_567' title='bbox 1121 1592 1211 1623; x_wconf 87' lang='lat' dir='ltr'><strong>iusto</strong></span> <span class='ocrx_word' id='word_1_568' title='bbox 1230 1589 1360 1621; x_wconf 87' lang='lat' dir='ltr'><strong>iudicio</strong></span> <span class='ocrx_word' id='word_1_569' title='bbox 1378 1587 1462 1629; x_wconf 78' lang='lat' dir='ltr'><strong>Dei,</strong></span> <span class='ocrx_word' id='word_1_570' title='bbox 1485 1589 1545 1621; x_wconf 85' lang='lat' dir='ltr'><strong>sed</strong></span> <span class='ocrx_word' id='word_1_571' title='bbox 1567 1600 1628 1630; x_wconf 88' lang='lat' dir='ltr'><strong>pro</strong></span> <span class='ocrx_word' id='word_1_572' title='bbox 1653 1589 1841 1626; x_wconf 84' lang='lat' dir='ltr'><strong>iniusticia.</strong></span> <span class='ocrx_word' id='word_1_573' title='bbox 1895 1591 1975 1626; x_wconf 92' lang='lat' dir='ltr'><strong>ldeo</strong></span> <span class='ocrx_word' id='word_1_574' title='bbox 1994 1603 2106 1635; x_wconf 77' lang='lat' dir='ltr'><strong>negat</strong></span> 
     </span>
     <span class='ocr_line' id='line_1_92' title="bbox 1121 1639 2106 1685; baseline 0.003 -12"><span class='ocrx_word' id='word_1_575' title='bbox 1121 1653 1156 1673; x_wconf 87' lang='lat' dir='ltr'><strong>se</strong></span> <span class='ocrx_word' id='word_1_576' title='bbox 1180 1641 1333 1673; x_wconf 81' lang='lat' dir='ltr'><strong>iudicare</strong></span> <span class='ocrx_word' id='word_1_577' title='bbox 1359 1651 1458 1677; x_wconf 83' lang='lat' dir='ltr'><strong>eum,</strong></span> <span class='ocrx_word' id='word_1_578' title='bbox 1494 1639 1552 1683; x_wconf 86' lang='lat' dir='ltr'><strong>qui</strong></span> <span class='ocrx_word' id='word_1_579' title='bbox 1581 1651 1652 1670; x_wconf 90' lang='lat' dir='ltr'><strong>non</strong></span> <span class='ocrx_word' id='word_1_580' title='bbox 1679 1641 1805 1684; x_wconf 86' lang='lat' dir='ltr'><strong>accipit</strong></span> <span class='ocrx_word' id='word_1_581' title='bbox 1832 1644 1997 1685; x_wconf 70' lang='lat' dir='ltr'><strong>xerbum,</strong></span> <span class='ocrx_word' id='word_1_582' title='bbox 2026 1658 2106 1678; x_wconf 65' lang='lat' dir='ltr'><strong>nam</strong></span> 
     </span>
     <span class='ocr_line' id='line_1_93' title="bbox 1607 1687 2108 1729; baseline 0.014 -7"><span class='ocrx_word' id='word_1_583' title='bbox 1607 1687 1800 1724; x_wconf 79' lang='lat' dir='ltr'><strong>Revelatur</strong></span> <span class='ocrx_word' id='word_1_584' title='bbox 1825 1700 1938 1726; x_wconf 86' lang='lat' dir='ltr'><strong>autem</strong></span> <span class='ocrx_word' id='word_1_585' title='bbox 1962 1692 2028 1728; x_wconf 82' lang='lat' dir='ltr'><strong>hoc</strong></span> <span class='ocrx_word' id='word_1_586' title='bbox 2054 1697 2108 1729; x_wconf 90' lang='lat' dir='ltr'><strong>iu-</strong></span> 
     </span>
     <span class='ocr_line' id='line_1_94' title="bbox 1122 1740 2106 1789; baseline 0 -15"><span class='ocrx_word' id='word_1_587' title='bbox 1122 1742 1252 1775; x_wconf 88' lang='lat' dir='ltr'><strong>dicium</strong></span> <span class='ocrx_word' id='word_1_588' title='bbox 1270 1740 1511 1780; x_wconf 86' lang='lat' dir='ltr'><strong>credentibus,</strong></span> <span class='ocrx_word' id='word_1_589' title='bbox 1539 1746 1578 1773; x_wconf 85' lang='lat' dir='ltr'><strong>ut</strong></span> <span class='ocrx_word' id='word_1_590' title='bbox 1595 1740 1654 1784; x_wconf 89' lang='lat' dir='ltr'><strong>qui</strong></span> <span class='ocrx_word' id='word_1_591' title='bbox 1673 1740 1785 1775; x_wconf 81' lang='lat' dir='ltr'><strong>fidunt</strong></span> <span class='ocrx_word' id='word_1_592' title='bbox 1803 1741 1963 1784; x_wconf 90' lang='lat' dir='ltr'><strong>Christo,</strong></span> <span class='ocrx_word' id='word_1_593' title='bbox 1998 1758 2106 1789; x_wconf 76' lang='lat' dir='ltr'><strong>agno-</strong></span> 
     </span>
     <span class='ocr_line' id='line_1_95' title="bbox 1121 1792 2108 1835; baseline 0.005 -9"><span class='ocrx_word' id='word_1_594' title='bbox 1121 1799 1223 1827; x_wconf 91' lang='lat' dir='ltr'><strong>scunt</strong></span> <span class='ocrx_word' id='word_1_595' title='bbox 1239 1798 1416 1835; x_wconf 84' lang='lat' dir='ltr'><strong>peccatum</strong></span> <span class='ocrx_word' id='word_1_596' title='bbox 1434 1802 1504 1823; x_wconf 89' lang='lat' dir='ltr'><strong>esse</strong></span> <span class='ocrx_word' id='word_1_597' title='bbox 1523 1802 1663 1823; x_wconf 86' lang='lat' dir='ltr'><strong>omnem</strong></span> <span class='ocrx_word' id='word_1_598' title='bbox 1681 1792 1827 1833; x_wconf 80' lang='lat' dir='ltr'><strong>gloriam</strong></span> <span class='ocrx_word' id='word_1_599' title='bbox 1848 1797 1972 1830; x_wconf 86' lang='lat' dir='ltr'><strong>carnis.</strong></span> <span class='ocrx_word' id='word_1_600' title='bbox 2017 1797 2108 1830; x_wconf 85' lang='lat' dir='ltr'><strong>Ter—</strong></span> 
     </span>
     <span class='ocr_line' id='line_1_96' title="bbox 1122 1841 2108 1887; baseline 0.004 -12"><span class='ocrx_word' id='word_1_601' title='bbox 1122 1844 1188 1883; x_wconf 88' lang='lat' dir='ltr'><strong>tio,</strong></span> <span class='ocrx_word' id='word_1_602' title='bbox 1222 1843 1399 1887; x_wconf 89' lang='lat' dir='ltr'><strong>quomodo</strong></span> <span class='ocrx_word' id='word_1_603' title='bbox 1426 1841 1492 1881; x_wconf 85' lang='lat' dir='ltr'><strong>ait,</strong></span> <span class='ocrx_word' id='word_1_604' title='bbox 1537 1853 1697 1874; x_wconf 83' lang='lat' dir='ltr'><strong>sermone</strong></span> <span class='ocrx_word' id='word_1_605' title='bbox 1719 1855 1782 1876; x_wconf 88' lang='lat' dir='ltr'><strong>suo</strong></span> <span class='ocrx_word' id='word_1_606' title='bbox 1804 1844 2013 1881; x_wconf 83' lang='lat' dir='ltr'><strong>iudicandos</strong></span> <span class='ocrx_word' id='word_1_607' title='bbox 2038 1861 2108 1881; x_wconf 69' lang='lat' dir='ltr'><strong>ess«⁸</strong></span> 
     </span>
     <span class='ocr_line' id='line_1_97' title="bbox 1122 1890 2106 1943; baseline 0.004 -16"><span class='ocrx_word' id='word_1_608' title='bbox 1122 1893 1348 1927; x_wconf 73' lang='lat' dir='ltr'><strong>incredulos?</strong></span> <span class='ocrx_word' id='word_1_609' title='bbox 1390 1891 1517 1925; x_wconf 82' lang='lat' dir='ltr'><strong>Nonne</strong></span> <span class='ocrx_word' id='word_1_610' title='bbox 1536 1890 1768 1933; x_wconf 76' lang='lat' dir='ltr'><strong>Evangelium</strong></span> <span class='ocrx_word' id='word_1_611' title='bbox 1789 1902 1839 1929; x_wconf 86' lang='lat' dir='ltr'><strong>est</strong></span> <span class='ocrx_word' id='word_1_612' title='bbox 1855 1898 2012 1930; x_wconf 84' lang='lat' dir='ltr'><strong>remissio</strong></span> <span class='ocrx_word' id='word_1_613' title='bbox 2031 1911 2106 1943; x_wconf 73' lang='lat' dir='ltr'><strong>pec·-</strong></span> 
     </span>
     <span class='ocr_line' id='line_1_98' title="bbox 1121 1943 2110 1989; baseline 0.003 -11"><span class='ocrx_word' id='word_1_614' title='bbox 1121 1945 1185 1978; x_wconf 86' lang='lat' dir='ltr'><strong>eati</strong></span> <span class='ocrx_word' id='word_1_615' title='bbox 1199 1971 1208 1987; x_wconf 88' lang='lat'><strong><em>‚</em></strong></span> <span class='ocrx_word' id='word_1_616' title='bbox 1236 1956 1323 1988; x_wconf 84' lang='lat' dir='ltr'><strong>quae</strong></span> <span class='ocrx_word' id='word_1_617' title='bbox 1341 1955 1356 1975; x_wconf 92' lang='lat' dir='ltr'><strong>a</strong></span> <span class='ocrx_word' id='word_1_618' title='bbox 1376 1943 1506 1976; x_wconf 88' lang='lat' dir='ltr'><strong>iudicio</strong></span> <span class='ocrx_word' id='word_1_619' title='bbox 1524 1943 1674 1975; x_wconf 78' lang='lat' dir='ltr'><strong>liberat?</strong></span> <span class='ocrx_word' id='word_1_620' title='bbox 1707 1943 1940 1989; x_wconf 75' lang='lat' dir='ltr'><strong>Respondet),</strong></span> <span class='ocrx_word' id='word_1_621' title='bbox 1970 1946 2035 1982; x_wconf 82' lang='lat' dir='ltr'><strong>hoc</strong></span> <span class='ocrx_word' id='word_1_622' title='bbox 2051 1959 2110 1988; x_wconf 70' lang='lat' dir='ltr'><strong>est,</strong></span> 
     </span>
     <span class='ocr_line' id='line_1_99' title="bbox 1123 1991 2108 2039; baseline 0.004 -11"><span class='ocrx_word' id='word_1_623' title='bbox 1123 1997 1158 2028; x_wconf 88' lang='lat' dir='ltr'><strong>in</strong></span> <span class='ocrx_word' id='word_1_624' title='bbox 1191 2007 1261 2039; x_wconf 91' lang='lat' dir='ltr'><strong>quo</strong></span> <span class='ocrx_word' id='word_1_625' title='bbox 1290 2005 1367 2037; x_wconf 90' lang='lat' dir='ltr'><strong>spes</strong></span> <span class='ocrx_word' id='word_1_626' title='bbox 1399 1993 1513 2026; x_wconf 89' lang='lat' dir='ltr'><strong>omnis</strong></span> <span class='ocrx_word' id='word_1_627' title='bbox 1548 1991 1759 2027; x_wconf 86' lang='lat' dir='ltr'><strong>christianae</strong></span> <span class='ocrx_word' id='word_1_628' title='bbox 1796 1998 1923 2030; x_wconf 85' lang='lat' dir='ltr'><strong>mentis</strong></span> <span class='ocrx_word' id='word_1_629' title='bbox 1952 2000 2015 2032; x_wconf 84' lang='lat' dir='ltr'><strong>sita</strong></span> <span class='ocrx_word' id='word_1_630' title='bbox 2049 2010 2108 2036; x_wconf 69' lang='lat' dir='ltr'><strong>est,</strong></span> 
     </span>
     <span class='ocr_line' id='line_1_100' title="bbox 1122 2043 2109 2091; baseline 0.006 -14"><span class='ocrx_word' id='word_1_631' title='bbox 1122 2048 1214 2091; x_wconf 86' lang='lat' dir='ltr'><strong>quod</strong></span> <span class='ocrx_word' id='word_1_632' title='bbox 1247 2043 1457 2087; x_wconf 80' lang='lat' dir='ltr'><strong>Evangelio,</strong></span> <span class='ocrx_word' id='word_1_633' title='bbox 1509 2055 1580 2076; x_wconf 90' lang='lat' dir='ltr'><strong>non</strong></span> <span class='ocrx_word' id='word_1_634' title='bbox 1614 2045 1686 2084; x_wconf 67' lang='lat' dir='ltr'><strong>lege</strong></span> <span class='ocrx_word' id='word_1_635' title='bbox 1719 2045 1932 2083; x_wconf 81' lang='lat' dir='ltr'><strong>iudicamur,</strong></span> <span class='ocrx_word' id='word_1_636' title='bbox 1983 2050 2016 2081; x_wconf 84' lang='lat' dir='ltr'><strong>id</strong></span> <span class='ocrx_word' id='word_1_637' title='bbox 2049 2060 2109 2088; x_wconf 71' lang='lat' dir='ltr'><strong>est,</strong></span> 
     </span>
     <span class='ocr_line' id='line_1_101' title="bbox 1121 2095 2109 2145; baseline 0.001 -17"><span class='ocrx_word' id='word_1_638' title='bbox 1121 2097 1214 2141; x_wconf 85' lang='lat' dir='ltr'><strong>quod</strong></span> <span class='ocrx_word' id='word_1_639' title='bbox 1239 2095 1319 2128; x_wconf 90' lang='lat' dir='ltr'><strong>fidei</strong></span> <span class='ocrx_word' id='word_1_640' title='bbox 1345 2102 1378 2129; x_wconf 89' lang='lat' dir='ltr'><strong>et</strong></span> <span class='ocrx_word' id='word_1_641' title='bbox 1404 2095 1683 2135; x_wconf 84' lang='lat' dir='ltr'><strong>incredulitatis,</strong></span> <span class='ocrx_word' id='word_1_642' title='bbox 1719 2108 1789 2130; x_wconf 89' lang='lat' dir='ltr'><strong>non</strong></span> <span class='ocrx_word' id='word_1_643' title='bbox 1817 2110 1964 2141; x_wconf 83' lang='lat' dir='ltr'><strong>operum</strong></span> <span class='ocrx_word' id='word_1_644' title='bbox 1994 2114 2109 2145; x_wconf 68' lang='lat' dir='ltr'><strong>resp-3-</strong></span> 
     </span>
     <span class='ocr_line' id='line_1_102' title="bbox 1121 2153 1285 2182; baseline 0.006 -1"><span class='ocrx_word' id='word_1_645' title='bbox 1121 2154 1196 2181; x_wconf 90' lang='lat' dir='ltr'><strong>ctus</strong></span> <span class='ocrx_word' id='word_1_646' title='bbox 1224 2153 1285 2182; x_wconf 85' lang='lat' dir='ltr'><strong>est.</strong></span> 
     </span>
    </p>
   </div>
   <div class='ocr_carea' id='block_1_24' title="bbox 1466 2246 1757 2298">
    <p class='ocr_par' dir='ltr' id='par_1_24' title="bbox 1466 2246 1757 2298">
     <span class='ocr_line' id='line_1_103' title="bbox 1466 2246 1757 2298; baseline 0 -11"><span class='ocrx_word' id='word_1_647' title='bbox 1466 2246 1599 2298; x_wconf 85' lang='lat' dir='ltr'><strong>Caput</strong></span> <span class='ocrx_word' id='word_1_648' title='bbox 1638 2248 1757 2287; x_wconf 78' lang='lat' dir='ltr'><strong>xm.</strong></span> 
     </span>
    </p>
   </div>
   <div class='ocr_carea' id='block_1_25' title="bbox 1227 2327 2009 2377">
    <p class='ocr_par' dir='ltr' id='par_1_25' title="bbox 1227 2327 2009 2377">
     <span class='ocr_line' id='line_1_104' title="bbox 1227 2327 2009 2377; baseline 0.008 -14"><span class='ocrx_word' id='word_1_649' title='bbox 1227 2329 1318 2363; x_wconf 70' lang='lat' dir='ltr'><strong>Aule</strong></span> <span class='ocrx_word' id='word_1_650' title='bbox 1334 2331 1476 2377; x_wconf 74' lang='lat' dir='ltr'><strong>festum</strong></span> <span class='ocrx_word' id='word_1_651' title='bbox 1498 2327 1660 2376; x_wconf 75' lang='lat' dir='ltr'><strong>paschae</strong></span> <span class='ocrx_word' id='word_1_652' title='bbox 1683 2330 1799 2363; x_wconf 74' lang='lat' dir='ltr'><strong>sciens</strong></span> <span class='ocrx_word' id='word_1_653' title='bbox 1821 2329 1926 2366; x_wconf 77' lang='lat' dir='ltr'><strong>Iesus</strong></span> <span class='ocrx_word' id='word_1_654' title='bbox 1950 2340 2009 2370; x_wconf 78' lang='lat' dir='ltr'><strong>elc.</strong></span> 
     </span>
    </p>
   </div>
   <div class='ocr_carea' id='block_1_26' title="bbox 1124 2395 2115 2698">
    <p class='ocr_par' dir='ltr' id='par_1_26' title="bbox 1124 2395 2115 2689">
     <span class='ocr_line' id='line_1_105' title="bbox 1224 2395 2111 2445; baseline 0.008 -15"><span class='ocrx_word' id='word_1_655' title='bbox 1224 2397 1422 2430; x_wconf 84' lang='lat' dir='ltr'><strong>Praemittit</strong></span> <span class='ocrx_word' id='word_1_656' title='bbox 1451 2395 1619 2429; x_wconf 79' lang='lat' dir='ltr'><strong>historiae</strong></span> <span class='ocrx_word' id='word_1_657' title='bbox 1645 2398 1816 2439; x_wconf 81' lang='lat' dir='ltr'><strong>passionis</strong></span> <span class='ocrx_word' id='word_1_658' title='bbox 1841 2400 2111 2445; x_wconf 82' lang='lat' dir='ltr'><strong>descriptionem</strong></span> 
     </span>
     <span class='ocr_line' id='line_1_106' title="bbox 1124 2446 2111 2492; baseline 0.002 -10"><span class='ocrx_word' id='word_1_659' title='bbox 1124 2449 1267 2482; x_wconf 85' lang='lat' dir='ltr'><strong>lotionis</strong></span> <span class='ocrx_word' id='word_1_660' title='bbox 1288 2449 1426 2491; x_wconf 83' lang='lat' dir='ltr'><strong>pedum.</strong></span> <span class='ocrx_word' id='word_1_661' title='bbox 1487 2446 1568 2479; x_wconf 79' lang='lat' dir='ltr'><strong>Fuit</strong></span> <span class='ocrx_word' id='word_1_662' title='bbox 1600 2449 1692 2480; x_wconf 85' lang='lat' dir='ltr'><strong>enim</strong></span> <span class='ocrx_word' id='word_1_663' title='bbox 1720 2446 1803 2482; x_wconf 85' lang='lat' dir='ltr'><strong>haec</strong></span> <span class='ocrx_word' id='word_1_664' title='bbox 1825 2452 1996 2492; x_wconf 81' lang='lat' dir='ltr'><strong>passionis</strong></span> <span class='ocrx_word' id='word_1_665' title='bbox 2020 2456 2111 2489; x_wconf 70' lang='lat' dir='ltr'><strong>velut</strong></span> 
     </span>
     <span class='ocr_line' id='line_1_107' title="bbox 1124 2497 2115 2544; baseline 0.009 -14"><span class='ocrx_word' id='word_1_666' title='bbox 1124 2506 1228 2544; x_wconf 71' lang='lat' dir='ltr'><strong>typus</strong></span> <span class='ocrx_word' id='word_1_667' title='bbox 1260 2499 1415 2543; x_wconf 78' lang='lat' dir='ltr'><strong>quidam.</strong></span> <span class='ocrx_word' id='word_1_668' title='bbox 1484 2497 1611 2531; x_wconf 83' lang='lat' dir='ltr'><strong>Deiicit</strong></span> <span class='ocrx_word' id='word_1_669' title='bbox 1643 2511 1677 2532; x_wconf 84' lang='lat' dir='ltr'><strong>se</strong></span> <span class='ocrx_word' id='word_1_670' title='bbox 1709 2497 1870 2534; x_wconf 70' lang='lat' dir='ltr'><strong>(hristus</strong></span> <span class='ocrx_word' id='word_1_671' title='bbox 1910 2503 2000 2537; x_wconf 81' lang='lat' dir='ltr'><strong>infra</strong></span> <span class='ocrx_word' id='word_1_672' title='bbox 2034 2517 2115 2539; x_wconf 87' lang='lat' dir='ltr'><strong>suos</strong></span> 
     </span>
     <span class='ocr_line' id='line_1_108' title="bbox 1125 2549 2115 2593; baseline 0.008 -11"><span class='ocrx_word' id='word_1_673' title='bbox 1125 2562 1265 2589; x_wconf 89' lang='lat' dir='ltr'><strong>omnes,</strong></span> <span class='ocrx_word' id='word_1_674' title='bbox 1299 2561 1412 2593; x_wconf 75' lang='lat' dir='ltr'><strong>neque</strong></span> <span class='ocrx_word' id='word_1_675' title='bbox 1440 2549 1472 2581; x_wconf 90' lang='lat' dir='ltr'><strong>id</strong></span> <span class='ocrx_word' id='word_1_676' title='bbox 1501 2560 1560 2580; x_wconf 83' lang='lat' dir='ltr'><strong>sua</strong></span> <span class='ocrx_word' id='word_1_677' title='bbox 1587 2549 1704 2593; x_wconf 82' lang='lat' dir='ltr'><strong>aliqua</strong></span> <span class='ocrx_word' id='word_1_678' title='bbox 1735 2562 1857 2592; x_wconf 83' lang='lat' dir='ltr'><strong>causa,</strong></span> <span class='ocrx_word' id='word_1_679' title='bbox 1888 2556 1945 2586; x_wconf 86' lang='lat' dir='ltr'><strong>sed</strong></span> <span class='ocrx_word' id='word_1_680' title='bbox 1971 2563 2007 2589; x_wconf 92' lang='lat' dir='ltr'><strong>ut</strong></span> <span class='ocrx_word' id='word_1_681' title='bbox 2035 2557 2115 2589; x_wconf 93' lang='lat' dir='ltr'><strong>illo-</strong></span> 
     </span>
     <span class='ocr_line' id='line_1_109' title="bbox 1126 2598 2114 2644; baseline 0.014 -17"><span class='ocrx_word' id='word_1_682' title='bbox 1126 2613 1202 2633; x_wconf 77' lang='lat' dir='ltr'><strong>rum</strong></span> <span class='ocrx_word' id='word_1_683' title='bbox 1223 2601 1324 2643; x_wconf 85' lang='lat' dir='ltr'><strong>pedes</strong></span> <span class='ocrx_word' id='word_1_684' title='bbox 1343 2600 1443 2632; x_wconf 74' lang='lat' dir='ltr'><strong>lavet.</strong></span> <span class='ocrx_word' id='word_1_685' title='bbox 1500 2598 1557 2632; x_wconf 77' lang='lat' dir='ltr'><strong>Sic</strong></span> <span class='ocrx_word' id='word_1_686' title='bbox 1583 2600 1675 2631; x_wconf 90' lang='lat' dir='ltr'><strong>enim</strong></span> <span class='ocrx_word' id='word_1_687' title='bbox 1700 2600 1734 2632; x_wconf 89' lang='lat' dir='ltr'><strong>in</strong></span> <span class='ocrx_word' id='word_1_688' title='bbox 1762 2603 1922 2644; x_wconf 83' lang='lat' dir='ltr'><strong>passione</strong></span> <span class='ocrx_word' id='word_1_689' title='bbox 1941 2605 2050 2640; x_wconf 78' lang='lat' dir='ltr'><strong>sactus</strong></span> <span class='ocrx_word' id='word_1_690' title='bbox 2067 2617 2114 2641; x_wconf 76' lang='lat' dir='ltr'><strong>est</strong></span> 
     </span>
     <span class='ocr_line' id='line_1_110' title="bbox 1126 2649 2018 2698; baseline 0.007 -15"><span class='ocrx_word' id='word_1_691' title='bbox 1126 2652 1285 2683; x_wconf 82' lang='lat' dir='ltr'><strong>omnium</strong></span> <span class='ocrx_word' id='word_1_692' title='bbox 1314 2649 1547 2687; x_wconf 86' lang='lat' dir='ltr'><strong>novissimus,</strong></span> <span class='ocrx_word' id='word_1_693' title='bbox 1576 2651 1705 2683; x_wconf 64' lang='lat' dir='ltr'><strong>xermis</strong></span> <span class='ocrx_word' id='word_1_694' title='bbox 1735 2659 1764 2684; x_wconf 89' lang='lat' dir='ltr'><strong>et</strong></span> <span class='ocrx_word' id='word_1_695' title='bbox 1794 2665 1865 2686; x_wconf 90' lang='lat' dir='ltr'><strong>non</strong></span> <span class='ocrx_word' id='word_1_696' title='bbox 1895 2652 2018 2698; x_wconf 82' lang='lat' dir='ltr'><strong>homo,</strong></span> 
     </span>
    </p>
   </div>
   <div class='ocr_carea' id='block_1_27' title="bbox 1414 2697 1497 2732">
    <p class='ocr_par' dir='ltr' id='par_1_27' title="bbox 1414 2697 1497 2732">
     <span class='ocr_line' id='line_1_111' title="bbox 1414 2697 1497 2732; baseline 0 0"><span class='ocrx_word' id='word_1_697' title='bbox 1414 2697 1497 2732; x_wconf 72' lang='lat'><strong>73*</strong></span> 
     </span>
    </p>
   </div>
   <div class='ocr_carea' id='block_1_28' title="bbox 2055 2661 2116 2691">
    <p class='ocr_par' dir='ltr' id='par_1_28' title="bbox 2055 2661 2116 2691">
     <span class='ocr_line' id='line_1_112' title="bbox 2055 2661 2116 2691; baseline 0 -2"><span class='ocrx_word' id='word_1_698' title='bbox 2055 2661 2116 2691; x_wconf 77' lang='lat' dir='ltr'><strong>ob-</strong></span> 
     </span>
    </p>
   </div>
  </div>
 </body>
</html>
