2409 2915
0 529 2 570 l

0 171 1 174 Ἴ
57 122 131 159 969

292 119 375 156 xn.

158 205 255 240 Haec
271 213 321 241 cst
334 216 460 250 magna
483 204 676 239 consolatio
701 203 780 248 piis.
828 202 973 239 Certum
993 207 1044 236 est

58 270 194 303 semper
220 257 374 302 aliquam
400 267 474 290 esse
500 255 643 289 electam
669 253 882 296 Ecclesiam,
908 262 941 289 et
958 252 1044 288 haec

58 315 193 343 tantum
219 314 270 342 est
295 308 389 342 inter
413 304 495 348 hos,
521 306 583 352 qui
605 305 757 340 audiunt
779 317 900 339 vocem
922 303 1042 340 Evan-

57 360 152 403 gelii.

209 422 319 460 Unus
336 427 386 458 est
401 419 592 469 Magister·
608 426 728 459 vester.

209 473 289 522 Qui
303 478 353 509 est
369 473 489 510 maior
502 474 596 508 inter
612 486 691 516 cos,
719 473 767 508 sit
790 473 958 508 minister
979 477 1040 510 etc.

157 542 199 577 In
218 543 375 588 proxima
394 542 564 576 concione
581 541 713 576 dictum
739 549 790 576 est
816 544 858 577 de
883 543 1042 577 ministe-

55 593 108 627 rio
124 591 327 636 Evangelii,
355 594 448 638 quod
468 599 628 638 oporteat
651 604 723 626 esse
748 593 889 627 unicam
908 593 1041 628 doctri-

57 656 138 678 nam
163 656 182 677 a
203 644 282 677 Deo
308 644 492 684 traditam,
533 650 566 677 et
593 644 688 689 quod
713 656 785 677 non
807 645 853 678 sit
881 657 1041 678 corrum-

56 694 170 739 penda
189 705 249 738 per
265 694 472 728 traditiones
499 691 691 735 humanas,
721 702 751 728 et
771 696 864 739 quod
883 694 978 729 Deus
996 696 1040 729 sit

53 743 172 778 efficax
201 756 263 788 per
293 745 545 786 ministerium,
585 746 680 790 quod
712 745 875 781 instituit.
944 745 1040 779 Haec

54 794 142 828 scire
164 794 200 827 in
220 792 375 829 Ecclesia
392 796 493 829 valde
517 807 655 829 necesse
679 803 747 838 est,
781 805 813 830 et
838 796 1039 830 dulcissima

54 845 246 880 consolatio
263 852 324 881 est.

155 902 229 937 Iam
253 915 336 936 vero
361 903 485 947 incipit
514 903 624 936 multa
656 903 742 936 vitia
777 911 913 943 taxare,
952 917 1040 950 quae

55 961 286 998 corrumpunt
308 960 340 987 et
357 955 510 998 perdunt
527 951 731 988 Ecclesiam.

154 1011 314 1046 Primum
332 1017 383 1045 est
398 1011 612 1051 idololatria,
636 1011 671 1044 id
689 1018 751 1052 est,
774 1011 859 1045 falsa
870 1011 1040 1048 doctrina.

155 1068 326 1104 Prohibet
341 1070 450 1114 igitur
467 1071 618 1103 condere
637 1071 861 1111 traditiones,
880 1077 911 1104 et
929 1083 1040 1104 novos

53 1122 168 1156 cultus
186 1122 379 1156 instituere.
434 1120 515 1153 Ideo
543 1121 645 1154 dicit:
682 1120 782 1154 Unus
806 1128 855 1155 est
873 1120 1041 1164 Magister

52 1179 175 1206 vester.
228 1171 280 1205 De
298 1170 363 1204 hac
379 1178 477 1215 parte
494 1183 607 1215 nuper
623 1171 754 1205 dictum
772 1178 840 1212 est,
870 1180 900 1206 et
920 1184 1040 1205 rursus

52 1235 153 1267 saepe
171 1223 359 1257 dicendum
378 1222 455 1255 erit.
476 1252 481 1257 .

455 1310 631 1341 Ambitio.

155 1370 357 1405 Secundum
373 1377 571 1414 peccatum,
597 1371 640 1404 de
669 1383 740 1416 quo
769 1382 850 1403 mox
867 1368 925 1403 hic
943 1370 1039 1409 dicit,

51 1429 100 1457 est
117 1421 263 1455 ambitio
293 1432 353 1454 seu
377 1421 593 1462 dominatio,
621 1433 710 1466 quae
727 1421 765 1453 in
783 1420 937 1454 Ecclesia
953 1433 1039 1454 con-

49 1472 209 1508 stituitur
237 1477 417 1516 praetextu
448 1471 650 1513 doctrinae,
690 1471 745 1505 vel
769 1478 950 1516 praetextu
972 1471 1038 1504 mi-

49 1523 199 1558 nisterii.

150 1572 198 1607 Et
213 1570 271 1606 hic
289 1571 532 1616 principaliter
548 1573 693 1606 damnat
709 1571 839 1616 Papam
863 1579 897 1606 et
917 1584 1040 1606 omnes

50 1624 264 1669 Episcopos,
297 1622 359 1667 qui
385 1629 568 1656 verterunt
591 1623 827 1656 ministerium
859 1624 896 1656 in
919 1635 1039 1667 regna,

49 1675 287 1721 principatus,
315 1679 349 1706 et
364 1673 642 1706 dominationem
663 1675 890 1707 mundanam.

151 1733 219 1766 Hic
246 1732 355 1775 igitur
385 1732 538 1776 primum
563 1733 805 1777 quaerendum
838 1741 907 1772 est,
952 1734 1037 1779 quid

50 1786 189 1820 differat
209 1789 359 1828 potestas
382 1782 526 1827 politica
553 1794 571 1816 a
598 1783 806 1817 ministerio.
870 1783 952 1818 Ideo
984 1785 1039 1818 di-

52 1848 125 1871 cam
145 1835 296 1880 primum
314 1834 357 1866 de
376 1833 500 1866 officiis
519 1834 698 1877 potestatis
721 1834 896 1881 politicae.

150 1894 307 1928 Potestas
326 1892 468 1937 politica
486 1899 536 1926 est
560 1899 708 1937 potestas
730 1894 891 1928 ordinata
914 1905 933 1927 a
951 1892 1038 1935 Deo,

49 1954 89 1982 ut
112 1946 155 1980 sit
179 1951 292 1978 custos
316 1942 522 1987 disciplinae
546 1950 579 1977 et
602 1945 714 1987 pacis,
756 1951 788 1978 et
817 1945 942 1989 puniat
965 1957 1038 1978 non

50 1997 252 2032 obedientes
269 1995 396 2038 gladio.
450 1993 536 2028 Vult
552 1995 645 2027 enim
663 1993 759 2028 Deus
776 1996 846 2039 regi
865 1993 1037 2036 bomines,

49 2049 111 2083 tali
130 2055 269 2080 externa
286 2045 552 2089 gubernatione.

152 2105 331 2144 Primum,
358 2110 396 2137 ut
414 2103 456 2137 sit
474 2103 662 2147 disciplina
689 2104 726 2137 in
751 2104 904 2139 externis
926 2105 1038 2139 mori-

53 2160 119 2192 bus
137 2157 230 2190 iuxta
254 2153 371 2187 omnia
397 2160 578 2197 praecepta
598 2154 781 2199 Decalogi‚
802 2163 840 2189 ut
864 2157 980 2189 doceri
1006 2163 1036 2189 et

50 2207 189 2243 institui
219 2203 380 2238 homines
407 2204 540 2247 possint
563 2205 605 2237 de
630 2205 725 2245 Deo,
760 2213 793 2239 et
810 2207 853 2239 de
869 2207 941 2239 filio
959 2206 1037 2247 Dei,

50 2260 137 2306 quia»
152 2257 212 2291 ubi
234 2268 305 2289 non
325 2261 373 2288 est
391 2254 575 2298 disciplina
588 2279 596 2292 ‚
623 2255 671 2287 ibi
691 2256 779 2289 fiunt
796 2254 957 2289 homines
973 2257 1036 2289 furi

50 2318 83 2345 et
109 2307 287 2347 bestiales,
320 2306 390 2338 imo
423 2304 607 2344 diabolici,
639 2306 729 2340 sicut
752 2307 915 2341 vixerunt
933 2307 1037 2348 Nero,

49 2359 224 2404 Caligula,
250 2364 283 2391 et
301 2356 400 2390 multi
418 2355 550 2388 similes
567 2353 740 2391 Diabolis.

148 2417 311 2453 Secundo
327 2414 400 2448 vult
418 2413 514 2447 Deus
537 2414 608 2457 regi
633 2412 795 2448 homines
819 2415 878 2449 illa
895 2422 1035 2450 externa

49 2468 321 2516 gubernatione,
347 2472 385 2499 ut
408 2465 451 2499 sit
475 2477 560 2508 pax,
587 2465 670 2509 quia
692 2477 763 2498 non
787 2478 966 2510 possemus
989 2467 1036 2500 si-

50 2522 124 2555 mul
150 2521 187 2553 in
211 2519 374 2552 societate
398 2516 535 2556 vivere,
563 2515 590 2548 si
616 2528 688 2549 non
715 2518 960 2551 coe'rcerentur
985 2517 1034 2551 la-

51 2570 199 2607 trocinia
220 2576 253 2603 et
270 2569 360 2601 furta
377 2573 409 2600 et
430 2566 612 2611 multiplex
632 2567 812 2603 violentia.

151 2629 243 2663 Sunt
271 2627 377 2671 igitur
401 2622 487 2658 baec
511 2625 576 2659 tria
600 2626 714 2660 officia
738 2627 918 2670 potestatis
943 2627 1034 2671 poli-

49 2683 148 2717 tieae.

429 115 824 155 ANNOTATIONES
855 116 923 154 ET
956 113 1238 154 CONCIONES
1272 118 1322 154 IN
1357 118 1541 158 EVANG.
1575 118 1855 158 MATTHAEI.

2009 122 2083 157 970

1195 202 1372 246 Primum,
1419 212 1459 240 ut
1487 212 1672 251 proponat·
1692 206 1823 251 populo
1852 203 2082 250 Decalogum‚

1094 253 1175 299 quia
1191 252 1385 298 Decalogus
1401 257 1504 290 debet
1520 268 1592 290 esse
1615 257 1693 290 fons
1718 264 1751 292 et
1774 268 1897 291 norma
1920 257 2080 291 omnium

1095 304 1222 349 legum.
1274 303 1322 340 Et
1343 307 1564 349 magistratus
1591 314 1640 341 est
1662 308 1742 341 ideo
1759 307 1949 342 collocatus
1967 308 2005 341 in
2021 318 2081 350 ge-

1094 367 1177 389 nere
1194 353 1361 397 bumano,
1388 363 1427 390 ut
1443 356 1488 391 sit
1502 369 1567 390 vox
1583 357 1653 391 Dei
1668 369 1795 393 sonans
1811 358 2025 403 Decalogum
2043 357 2080 390 in

1094 412 1235 441 externa
1252 407 1517 450 gubernatione.

1193 456 1396 491 Secundum
1430 458 1601 491 officium:
1655 455 1751 491 Deus
1782 459 1885 492 etiam
1914 458 2080 503 politicae

1094 507 1255 552 potestati
1272 508 1368 542 dedit
1384 506 1476 541 hanc
1492 508 1733 549 autoritatem,
1760 516 1798 543 ut
1814 510 1973 554 proprias
1990 509 2080 552 leges

1094 559 1240 600 condat,
1283 570 1356 591 non
1386 559 1528 603 quidem
1561 565 1755 602 pugnantes
1784 571 1863 592 cum
1895 558 2081 601 Decalogo‚

1093 610 1152 643 sed
1172 621 1260 654 quae
1276 609 1511 643 determinent
1529 609 1683 654 aliquam
1702 609 1998 643 circumstantiam
2008 607 2080 642 De-

1093 660 1214 703 calogi.
1269 659 1317 694 Ut
1332 659 1527 703 Decalogus
1551 667 1687 694 tantum
1704 660 1805 694 dicit:
1841 659 1922 693 Non
1946 661 2080 693 furtum

1093 711 1209 746 facies.
1241 709 1364 744 Postea
1382 717 1534 754 potestas
1550 711 1649 744 addit
1665 721 1790 754 genera
1807 722 1999 755 poenarum
2017 717 2080 745 etc.

1195 760 1356 794 Tertium
1376 761 1547 794 officium:
1583 759 1737 805 Oportet
1759 767 1962 805 potestatem
1988 760 2080 804 poli-

1094 812 1196 846 ticam
1213 823 1285 845 esse
1302 811 1498 851 vindicem,
1526 819 1560 846 et
1583 811 1794 855 punitricem
1819 811 1933 844 omnis
1955 812 2080 844 inobe-

1094 862 1246 896 dientiae
1262 869 1424 896 externae
1442 874 1503 907 per
1518 862 1674 906 gladium
1700 869 1733 896 et
1755 862 1840 895 alias
1856 873 1986 906 poenas
2002 873 2081 894 cor-

1094 912 1245 956 porales.
1305 911 1399 954 Quia
1430 913 1484 946 lex
1507 913 1583 946 sine
1609 913 1733 957 poenis
1756 918 1806 946 est
1830 912 1977 945 inutilis,
2035 909 2081 945 Et

1093 962 1189 997 Deus
1205 962 1421 996 severissime
1446 963 1614 1008 praecipit
1634 962 1740 999 Deut.
1763 962 1836 997 10.:
1873 962 1953 996 Non
1976 961 2080 995 mise-

1094 1015 1227 1048 reberis
1244 1014 1317 1047 eius
1335 1020 1398 1047 etc.

1199 1063 1247 1099 Ut
1265 1071 1380 1097 autem
1407 1063 1515 1107 possit
1537 1063 1736 1108 corporales
1759 1074 1890 1107 poenas
1913 1073 2081 1103 exercere,

1093 1115 1204 1160 possit
1226 1115 1402 1159 depellere
1418 1114 1614 1155 latrocinia,
1640 1120 1779 1159 oportet
1796 1113 2007 1147 constituere
2025 1113 2080 1146 iu-

1093 1167 1202 1207 dicia,
1230 1173 1263 1199 et
1289 1172 1491 1209 potestatem
1511 1171 1679 1198 armatam
1706 1175 1778 1198 esse
1800 1164 1992 1204 militibus,
2019 1175 2080 1207 pe-

1093 1217 1196 1250 cunia
1220 1223 1253 1250 et
1283 1215 1526 1249 instrumentis
1553 1215 1685 1249 multis.
1747 1214 1830 1248 Ideo
1853 1221 1991 1260 oportet
2017 1226 2080 1258 po-

1092 1274 1250 1301 testatem
1270 1267 1448 1310 politicam
1464 1264 1591 1300 babere
1607 1266 1740 1299 tributa
1759 1273 1820 1300 etc.

1194 1316 1294 1350 Talis
1323 1324 1373 1351 est
1393 1314 1540 1350 honesta
1563 1323 1716 1360 potestas
1740 1315 1903 1360 politica,
1936 1315 2078 1360 quando

1092 1372 1184 1400 recte
1198 1367 1282 1400 facit
1298 1367 1465 1400 officium.
1516 1365 1562 1400 Et
1577 1374 1693 1400 tamen
1711 1366 1812 1410 pauci
1831 1372 1913 1399 sunt
1928 1365 2023 1399 tales.

1195 1415 1346 1450 Plurimi
1371 1428 1453 1450 vero
1485 1423 1566 1450 sunt
1591 1417 1754 1462 tyranni,
1787 1423 1821 1450 et
1844 1416 1905 1461 qui
1929 1416 1999 1449 sint
2024 1422 2078 1461 ty-

1092 1466 1208 1508 ranni,
1235 1479 1275 1501 ex
1292 1465 1347 1501 bis
1362 1467 1477 1501 tribus
1490 1467 1614 1500 officiis
1629 1466 1778 1510 intelligi
1796 1472 1923 1511 potest,
1950 1465 1989 1500 Si
2005 1478 2079 1500 non

1092 1524 1300 1562 proponunt
1315 1517 1543 1561 Decalogum,
1563 1519 1622 1551 sed
1640 1517 1849 1550 confirmant
1867 1517 1971 1557 idola,
2000 1528 2079 1560 per-

1092 1575 1288 1613 sequuntur
1304 1568 1484 1602 veritatem
1510 1575 1576 1604 etc.
1627 1567 1664 1601 Si
1687 1567 1902 1601 interficiunt
1918 1565 2079 1601 homines

1092 1619 1239 1659 iniuste,
1271 1620 1298 1652 si
1322 1631 1396 1652 non
1420 1619 1574 1663 puniunt
1596 1618 1783 1659 adulteria,
1809 1624 1874 1651 etc.
1927 1617 1965 1651 Si
1989 1618 2079 1661 leges

1092 1670 1209 1703 ferunt
1228 1670 1393 1712 iniustas,
1429 1676 1461 1703 et
1484 1675 1620 1703 tantum
1646 1669 1801 1713 expilant
1826 1667 2016 1712 populum,
2045 1675 2078 1702 et

1092 1732 1165 1753 non
1181 1726 1340 1753 exercent
1358 1719 1487 1752 iudicia
1499 1744 1508 1757 ,
1537 1725 1570 1752 et
1588 1731 1660 1752 non
1676 1718 1832 1763 puniunt
1845 1718 2043 1753 latrocinia.

1195 1769 1266 1802 lam
1285 1770 1357 1803 dixi
1374 1771 1416 1803 de
1433 1769 1572 1813 politica
1590 1776 1769 1814 potestate,
1792 1769 1974 1803 videamus
1991 1770 2076 1814 quid

1092 1820 1136 1854 sit
1151 1819 1392 1854 Ministerium
1411 1820 1663 1864 evangelicum.

1192 1869 1256 1905 Est
1274 1871 1367 1904 enim
1390 1877 1421 1904 et
1438 1868 1505 1903 boc
1530 1870 1764 1904 ministerium
1783 1870 1953 1915 quaedam
1971 1882 2077 1903 vene·

1090 1922 1198 1955 randa
1215 1928 1382 1965 potestas,
1409 1921 1582 1954 divinitus
1603 1921 1783 1961 ordinata,
1811 1921 1870 1953 sed
1895 1920 2076 1954 dissimilis

1090 1972 1273 2016 politicae,
1300 1973 1374 2004 sine
1396 1971 1531 2016 gladio,
1558 1972 1632 2004 sine
1651 1971 1841 2012 militibus,
1868 1971 1943 2004 sine
1960 1972 2076 2011 armis,

1090 2024 1165 2056 sine
1183 2023 1370 2063 opulentia.

1191 2072 1288 2115 Quid
1325 2079 1375 2106 est
1410 2072 1540 2115 igitur?
1589 2070 1653 2105 Est
1690 2072 1895 2106 mandatum
1925 2072 2073 2105 docendi

1090 2122 1292 2165 Evangelii,
1320 2123 1590 2156 administrandi
1609 2122 1847 2166 Sacramenta,
1874 2123 2074 2156 remittendi

1090 2174 1236 2215 peccati,
1278 2181 1310 2208 ct
1339 2173 1509 2218 puniendi
1538 2174 1663 2213 verbo,
1711 2173 1786 2206 sine
1819 2173 1851 2205 vi
1887 2173 2072 2216 corporali.

1089 2224 1215 2257 Differt
1234 2225 1314 2258 item
1336 2225 1372 2257 in
1391 2224 1510 2257 multis
1534 2225 1638 2257 rebus
1655 2236 1672 2256 a
1690 2229 1858 2267 potestate
1881 2224 2072 2258 mundana.

1192 2274 1369 2315 Primum,
1395 2274 1475 2320 quia
1506 2275 1604 2307 docet
1621 2272 1872 2316 Evangelium,
1900 2280 1931 2307 et
1952 2274 2071 2306 remit-

1090 2325 1129 2359 tit
1150 2333 1285 2369 pcccata
1302 2337 1416 2359 coram
1434 2323 1528 2362 Deo,
1557 2321 1640 2357 haec
1665 2330 1814 2367 potestas
1832 2334 1975 2368 prorsus
1999 2336 2069 2357 non

1089 2384 1139 2410 est
1164 2376 1385 2419 magistratus
1402 2374 1546 2419 politici.

1186 2426 1368 2463 Secundo,
1411 2437 1483 2458 non
1517 2425 1621 2458 debet
1650 2425 1799 2458 condere
1831 2424 1940 2467 leges,
1981 2423 2071 2459 sicut

1087 2484 1237 2521 potestas
1259 2476 1402 2521 politica
1426 2482 1539 2520 potest
1566 2476 1656 2518 leges
1678 2488 1717 2509 ex
1741 2486 1842 2509 causa
1867 2475 2068 2509 rationabili

1087 2530 1248 2562 condere.

1190 2578 1334 2618 Tertio,
1370 2576 1497 2609 modus
1520 2587 1652 2619 poenae
1677 2581 1727 2609 est
1749 2575 1939 2609 dissimilis.

1994 2575 2067 2609 Mi-

1087 2628 1196 2661 nister
1212 2627 1395 2670 Evangelii
1414 2633 1550 2660 tantum
1574 2627 1677 2669 punit
1694 2626 1803 2660 verbo
1819 2633 1851 2660 et
1868 2638 2068 2660 excommu-

1087 2679 1283 2720 nicatione,
1307 2679 1365 2711 sed
1389 2677 1608 2720 magistratus
1625 2677 1754 2720 gladio.
