2409 2915
45 354 50 362 ·
102 346 200 380 mina
233 348 403 383 ciborum.

104 109 178 148 47⁷
640 110 722 148 XII.

105 195 150 230 sit
177 206 198 230 a
229 197 380 242 templo,
414 193 462 231 ita
493 201 615 231 eontra
643 195 755 241 legem
783 197 828 231 de
851 197 929 232 cibo
953 198 1085 238 fecisse,

103 252 145 280 ut
159 248 360 281 ostenderet
375 247 480 281 finem
493 258 565 280 esse
578 247 720 291 politiae
730 247 900 289 Iudaicae,
923 255 955 282 et
964 247 1085 282 Evan-

103 296 233 340 gelium
249 298 292 331 ad
309 304 427 341 gentes
443 309 584 343 quoque
598 298 791 342 pertinere,
817 305 851 333 et
865 299 943 332 tolli
960 300 1084 333 discri-

469 346 640 382 Locustae
670 349 763 382 enim
792 349 917 383 usitate
941 361 1084 383 cancros

104 397 318 441 significant,
346 397 474 442 quibus
495 409 569 431 non
587 398 715 434 licebat
731 400 822 433 vesci
839 400 970 444 populo
988 400 1083 443 legis,

104 454 375 482 consentaneum
398 454 448 482 est
471 455 586 482 autem
602 447 796 483 Iohannem
821 461 923 483 usum
941 462 1011 483 esse
1028 462 1083 483 re-

102 498 169 532 bus
199 495 314 531 obviis
337 498 381 530 ad
406 497 610 540 Iordanem,
643 500 707 534 ubi
730 501 918 544 piscatores
943 501 975 534 ei
1000 513 1084 534 can-

103 559 179 582 cros
200 547 349 587 dabant,
378 560 465 593 quos
490 549 624 595 alioqui
647 562 721 583 non
737 551 947 585 vendebant.
999 551 1083 585 Μο-

101 609 187 631 veor
218 604 252 632 et
283 599 536 641 significatione
568 601 732 634 locustae.
783 600 949 635 Naturale
979 602 1082 635 dissi-

100 648 199 681 dium
224 655 274 682 est
297 649 451 683 locustae
477 662 555 683 cum
578 651 818 695 serpentibus,
847 658 880 685 et
898 652 1027 686 dicitur
1044 652 1081 685 in

98 709 217 742 pugna
238 705 311 733 arte
335 697 553 743 prehendere
571 702 699 734 collum
717 702 897 745 serpentis.
950 702 1008 736 Sic
1026 701 1082 736 Io-

99 745 213 783 hanni
243 750 427 784 dissidium
458 751 526 785 fuit
550 763 629 786 cum
651 749 865 793 Pharisaeis,
900 759 931 786 et
953 750 1080 786 horum

100 799 210 838 colla,
236 800 273 833 id
301 807 371 841 est,
398 801 613 843 doctrinam,
639 803 881 846 strangulavit.
943 802 980 837 Si
1005 803 1082 848 quis

99 856 216 884 autem
245 851 381 885 mavult
412 851 582 887 locustam
610 852 760 897 intelligi
785 853 976 894 insectum,
1009 865 1081 887 non

95 910 267 945 repugno-

199 975 356 1010 Maxime
378 974 469 1012 ‘vero
501 989 597 1012 mors
627 978 705 1012 talis
735 978 804 1011 viri
829 978 1082 1013 consideranda

100 1032 162 1062 est.
213 1025 286 1060 Nec
309 1034 448 1062 tantum
472 1029 555 1062 inde
579 1036 762 1062 sumantur
783 1026 867 1062 haec
883 1035 967 1062 nota
982 1041 1082 1073 prae-

98 1083 216 1121 cepta,
244 1079 339 1122 quod
358 1086 516 1122 oporteat
533 1091 613 1112 vera
629 1080 769 1119 docere,
797 1085 830 1112 et
846 1079 960 1122 potius
975 1091 1082 1123 oppe-

10 1143 11 1150 κ
63 1172 66 1173 ⁷
97 1133 172 1160 tere
194 1135 364 1167 mortem,
401 1141 506 1173 quam
531 1129 681 1162 abiicere
704 1129 957 1162 confessionem
981 1141 1083 1163 verae

98 1179 310 1218 sententiae,
338 1179 432 1211 iuxta
457 1179 563 1213 illud:
593 1177 664 1221 Qui
689 1191 761 1212 non
786 1179 1007 1213 confitebitur
1028 1192 1083 1214 me

98 1239 216 1261 coram
259 1225 482 1270 hominibus,
521 1241 595 1262 non
632 1229 825 1263 confitebor
856 1240 935 1262 eum
966 1241 1081 1263 coram

96 1284 196 1321 patre
223 1289 301 1311 meo
324 1279 475 1312 coelesti.
528 1278 598 1312 Sed
621 1279 733 1312 multo
757 1279 867 1321 magis
883 1277 949 1312 hoc
967 1280 1082 1312 consi-

97 1327 293 1361 derandum
317 1334 382 1361 est:
410 1340 518 1372 quare
541 1339 615 1361 non
639 1339 775 1371 semper
797 1326 894 1360 Deus
918 1329 1080 1362 defendat

97 1388 179 1411 suos
214 1378 380 1410 adversus
416 1385 598 1423 tyrannos.
675 1377 771 1410 Haec
809 1378 940 1420 species
980 1379 1081 1412 valde

96 1427 246 1461 offendit
270 1425 424 1461 humana
446 1428 587 1461 iudicia.
641 1426 710 1461 Sed
735 1426 791 1460 hic
808 1428 982 1462 discamus
999 1441 1082 1473 pro-

95 1478 210 1522 priam
228 1475 405 1511 Ecclesiae
428 1478 634 1522 sapientiam
658 1490 747 1516 csse,
775 1478 970 1521 intelligere
986 1480 1080 1525 quod

97 1528 142 1562 sit
159 1528 314 1562 subiecta
332 1529 427 1562 cruci
439 1555 448 1570 ,
476 1536 509 1563 et
527 1540 589 1562 cur
603 1529 647 1563 sit
665 1528 818 1563 subiecta
838 1529 944 1565 cruci.

199 1602 269 1638 Sed
292 1604 336 1637 de
361 1602 417 1638 his
442 1605 591 1639 ducibus
617 1605 654 1637 in
673 1604 870 1638 ministerio
887 1604 1004 1643 verbi,
1033 1612 1082 1638 est

97 1653 274 1698 singulare
301 1655 481 1699 quiddam.
541 1655 733 1698 Praecipua
757 1666 857 1688 causa
884 1661 952 1695 est,
987 1657 1080 1699 quod

96 1704 194 1740 Deus
231 1716 294 1748 per
330 1702 394 1738 hos
433 1706 617 1738 ostendere
653 1705 728 1738 vult
766 1705 1006 1738 testimonium
1038 1706 1080 1737 de

96 1757 216 1790 futuro
248 1755 391 1791 iudicio.
444 1754 587 1789 Constat
619 1767 659 1789 ex
687 1755 832 1798 priorib.
862 1755 1082 1796 testimoniis,

96 1806 172 1840 Deo
195 1817 275 1838 vere
300 1805 435 1849 placere
458 1803 616 1844 Esaiam,
647 1805 849 1845 Ieremiam,
877 1801 1081 1846 Iohannem,

97 1856 268 1895 Paulum,
295 1862 328 1888 et
353 1856 493 1888 similes.
546 1854 618 1889 Nec
641 1855 849 1899 approbavit
868 1867 926 1887 eos
945 1862 1080 1889 tantum

97 1914 137 1941 ut
170 1906 239 1940 sint
269 1905 408 1946 miseri,
442 1918 481 1939 ac
510 1907 716 1949 redigantur
741 1906 776 1938 in
803 1902 976 1946 nihilum,
1010 1905 1081 1939 Nec

98 1957 178 1990 ideo
202 1955 314 1989 reiicit
334 1956 477 2000 impios,
503 1963 541 1990 ut
559 1968 695 2000 semper
715 1956 784 1989 sint
802 1956 981 1989 florentes:
1010 1956 1081 1988 imo

99 2008 166 2041 erit
188 2007 380 2051 aliquando
406 2006 605 2041 discrimen.
658 2004 752 2048 Ergo
778 2018 856 2038 cum
874 2017 955 2039 suos
972 2006 1080 2040 inter-

98 2058 153 2091 fici
177 2057 280 2097 sinit,
307 2063 453 2090 testatur
475 2064 605 2090 restare
624 2056 719 2090 aliud
740 2056 930 2096 iudicium,
956 2056 993 2089 in
1011 2069 1080 2101 quo

98 2106 279 2152 patefaciet
302 2106 389 2139 iram
415 2119 512 2140 suam
535 2109 700 2140 adversus
720 2107 866 2150 impios,
891 2113 923 2140 et
941 2107 1082 2140 ornabit

99 2157 209 2202 gloria
236 2168 334 2194 suos,
361 2157 451 2190 sicut
475 2158 609 2190 dictum
634 2157 701 2190 fuit
721 2158 764 2190 ad
787 2156 893 2190 Cain:
931 2156 969 2191 Si
993 2158 1081 2190 hene

99 2207 242 2248 feceris,
269 2206 435 2250 recipies:
461 2207 516 2240 sin
541 2214 655 2240 autem
681 2207 772 2239 male
794 2206 932 2244 feceris,
960 2218 1081 2250 peeca—

101 2265 173 2292 tum
204 2264 303 2291 tuum
330 2258 503 2302 quiescet,
538 2258 649 2290 donec
675 2256 897 2292 revelabitur.
958 2256 1081 2290 Testa-

100 2316 158 2343 tur
182 2308 274 2341 enim
302 2305 396 2340 Deus
418 2319 498 2340 vere
523 2318 558 2340 se
583 2307 735 2350 recipere
761 2307 887 2347 iustos,
922 2313 955 2340 et
980 2307 1081 2340 irasci

99 2365 256 2404 peccato,
287 2359 345 2390 sed
362 2358 503 2390 differre
521 2358 708 2396 iudicium,
730 2363 762 2390 et
778 2353 861 2389 haec
880 2368 977 2389 mora
996 2369 1080 2390 con-

100 2410 215 2443 firmat
238 2409 455 2442 securitatem
475 2408 511 2441 in
531 2408 667 2452 impiis:
696 2407 774 2440 ideo
788 2407 890 2447 dicit,
915 2405 1080 2449 Quiescet

101 2466 299 2505 peccatum,
326 2460 383 2492 sed
411 2466 526 2492 tamen
553 2465 669 2501 postea
695 2457 831 2501 patefiet
850 2457 900 2489 ira
916 2458 1080 2491 adversus

101 2516 291 2554 peccatum.
359 2508 475 2542 Huius
500 2509 638 2543 venturi
660 2508 782 2541 iudicii
808 2507 956 2540 illustria
983 2508 1080 2542 testi-

101 2561 220 2594 monia
243 2566 323 2593 sunt
347 2570 447 2592 neces
471 2571 610 2599 eorum,
635 2570 722 2604 quos
738 2557 832 2592 Deus
857 2557 925 2590 sibi
945 2558 1080 2602 placere

104 2611 204 2644 certis
234 2609 445 2644 testimoniis
475 2610 637 2645 ostendit.
709 2607 827 2644 Habes
857 2608 1080 2654 praecipuam

105 2670 254 2696 causam·

780 107 1174 148 ANNOTATIONES
1199 107 1252 147 IN
1276 109 1577 148 EVANGELIA.

2043 109 2116 146 478

1235 196 1359 232 Postea
1382 205 1464 232 sunt
1487 205 1521 232 et
1542 196 1630 231 aliae
1653 196 1785 232 causae.
1837 194 1934 230 Deus
1957 195 2032 230 vult
2059 207 2117 230 eos

1133 249 1336 289 ostendere,
1364 249 1458 293 quod
1475 249 1566 281 serio
1582 254 1614 281 et
1630 259 1668 280 ex
1690 248 1809 280 animo
1827 247 1978 281 sentiant
1997 258 2114 279 veram

1134 310 1206 332 esse
1224 299 1435 332 doctrinam.
1475 297 1566 330 Nam
1583 298 1611 330 si
1635 298 1804 341 professio
1822 297 2002 330 doctrinae
2020 294 2112 329 nihil

1133 350 1285 383 adferret
1303 348 1461 392 periculi,
1487 359 1560 380 non
1578 353 1691 390 posset
1708 347 1788 380 sciri
1803 359 1847 380 an
1864 347 1953 380 serio
1970 347 2017 379 sic
2034 358 2113 380 sen-

1133 400 1231 434 tiant.
1284 398 1386 432 Nunc
1410 410 1490 431 cum
1507 398 1598 431 vitae
1621 397 1838 437 anteferunt,
1863 398 2053 430 ostendunt
2078 409 2113 430 se

1133 449 1222 483 serio
1239 449 1288 482 sic
1312 449 1459 490 sentire,
1484 448 1674 482 ostendunt
1696 453 1730 480 et
1750 444 1835 486 hoc,
1862 447 2113 490 professionem

1132 500 1242 544 magis
1259 500 1488 533 necessariam
1506 510 1594 539 esse,
1621 509 1725 543 quam
1745 497 1864 531 vitam.

1235 549 1354 583 Tertia
1376 561 1477 582 causa
1495 555 1560 587 est,
1587 549 1664 582 vult
1688 547 1792 581 etiarn
1816 546 1991 590 conspici,
2018 548 2114 590 quod

1132 601 1206 635 Deo
1229 613 1301 634 non
1320 600 1473 633 serviant
1497 599 1688 636 serviliter,
1714 609 1787 630 non
1811 603 1985 641 captantes
2009 593 2114 629 huius

1131 652 1224 685 vitae
1249 650 1557 695 tranquillitatem,
1585 649 1644 682 sed
1667 649 1761 693 quod
1780 659 1862 681 vcro
1886 659 2003 680 amore
2021 647 2115 680 noti-

1133 702 1221 735 ciam
1239 701 1309 736 Dei
1325 701 1520 734 anteferant
1537 699 1701 732 omnibus
1717 698 1832 732 rebus.

1235 751 1370 795 Quarta
1395 762 1498 785 causa
1523 756 1591 788 est,
1624 755 1664 783 ut
1685 749 1771 782 fiant
1795 747 1925 782 similes
1952 745 2115 790 imaginis

1131 801 1217 835 Filii
1232 802 1309 837 Dei.

1236 852 1368 895 Quinta
1385 863 1486 886 causa
1505 857 1576 891 est,
1603 850 1697 895 quod
1714 849 1961 883 universaliter
1977 852 2115 880 sancto-

1132 915 1211 937 rum
1238 915 1332 936 mors
1360 909 1526 942 testatur,
1560 901 1736 945 reliquum
1769 911 1840 933 esse
1873 905 2051 943 peccatum
2078 897 2116 927 in

1133 961 1258 988 natura
1275 952 1439 993 hominis,
1466 957 1611 996 propter
1628 951 1723 996 quod
1739 960 1861 984 omnes
1876 949 2041 982 omnibus
2059 957 2116 978 ca—

1134 1004 1349 1038 lamitatibus
1369 1002 1516 1036 subiecti
1540 1012 1679 1044 sumus,
1708 1013 1793 1045 quas
1815 1007 1930 1033 tamen
1949 997 2043 1031 Deus
2061 996 2116 1028 iu-

1133 1055 1243 1088 firmis
1258 1054 1413 1097 mitigat,
1439 1053 1528 1086 sicut
1546 1052 1582 1083 in
1598 1050 1737 1084 Psalmo
1754 1050 1899 1084 dicitur:
1928 1049 1966 1083 Si
1982 1047 2117 1091 iniqui-

1134 1112 1220 1138 tates
1241 1104 1501 1143 observaveris,
1533 1100 1707 1142 Domine,
1730 1102 1809 1145 quis
1829 1098 2042 1134 sustinebit?
2078 1097 2114 1129 id

1136 1162 1197 1195 est,
1225 1155 1254 1188 si
1274 1155 1471 1187 effunderes
1489 1153 1577 1185 iram
1595 1158 1689 1185 tuam
1708 1153 1875 1184 adversus
1891 1150 2018 1182 molem
2035 1159 2118 1191 pec-

1134 1212 1290 1239 catorum
1314 1211 1537 1243 nostrorum,
1564 1209 1596 1235 et
1615 1202 1733 1235 onmia
1755 1213 1818 1246 pro
1841 1200 1966 1233 merito
1991 1199 2118 1242 punire

1135 1255 1261 1292 velles,
1301 1265 1422 1287 omnes
1453 1253 1569 1286 subito
1598 1253 1802 1289 interirent,
1841 1258 1872 1284 et
1906 1255 2048 1283 ruerent
2079 1248 2114 1279 in

1134 1312 1290 1337 aeternas
1313 1314 1460 1348 poenas,
1494 1305 1553 1336 sed
1578 1303 1690 1347 parcis
1719 1308 1863 1346 propter
1887 1300 2118 1333 mediatorem

1134 1354 1277 1388 Filium.

1236 1402 1398 1437 Omnino
1426 1403 1574 1447 insignis
1591 1399 1708 1436 schola
1727 1408 1777 1435 est
1798 1398 2031 1434 consideratio
2056 1408 2118 1429 nc-

1134 1455 1182 1488 cis
1207 1461 1427 1494 sanctorum,
1453 1461 1487 1488 et
1509 1455 1551 1487 de
1575 1453 1720 1486 summis
1741 1453 1845 1485 rebus
1861 1462 1926 1484 nos
1943 1451 2118 1486 admonet,

1133 1506 1176 1538 de
1197 1505 1318 1538 futuro
1344 1504 1495 1544 iudicio,
1529 1504 1572 1537 de
1603 1509 1743 1547 peccato
1766 1501 1947 1535 communi
1969 1506 2117 1532 naturae

1133 1553 1326 1596 humanae,
1358 1556 1401 1587 de
1427 1554 1583 1587 mirabili
1607 1552 1756 1586 consilio
1780 1551 1864 1589 Dei,
1901 1563 1971 1596 quo
1993 1547 2117 1582 Eccle-

1133 1606 1220 1639 siam
1236 1605 1313 1639 vult
1330 1616 1401 1637 esse
1419 1605 1609 1638 subiectam
1630 1603 1735 1637 cruci.
1778 1601 1874 1644 Quid
1896 1607 1946 1633 est
1964 1597 2118 1632 dissimi-

1133 1656 1220 1697 lius,
1245 1667 1350 1700 quam
1367 1653 1459 1687 Nero
1479 1661 1512 1687 et
1529 1653 1683 1687 Paulus?
1717 1659 1750 1686 et
1773 1659 1888 1686 tamen
1907 1650 2036 1683 Paulus
2061 1655 2116 1682 to-

1134 1706 1197 1739 ties
1222 1712 1322 1739 antea
1351 1711 1526 1742 servatus,
1558 1703 1731 1736 laceratur
1753 1703 1797 1735 ab
1827 1701 1886 1734 illa
1916 1698 2118 1733 foedissima

1133 1756 1254 1790 hestia.
1321 1754 1417 1797 Quid
1451 1753 1656 1787 dissimilius
1687 1752 1830 1786 Herode
1865 1757 1898 1784 et
1932 1747 2117 1794 Baptista?

1134 1818 1236 1852 quem
1259 1812 1381 1839 natum
1403 1804 1573 1847 singulari
1590 1803 1659 1837 Dei
1679 1811 1802 1847 opere,
1828 1809 1861 1835 et
1885 1807 2045 1835 vocatum
2072 1799 2117 1830 ad

1133 1868 1309 1890 summum
1325 1855 1581 1891 ministerium,
1610 1860 1643 1887 et
1664 1860 1826 1886 ornatum
1847 1850 2016 1894 singulari
2040 1849 2117 1881 luce

1132 1905 1336 1949 Evangelii,
1362 1905 1526 1938 interficit
1547 1910 1719 1948 tyrannus
1737 1910 1805 1936 tarn
1825 1902 1910 1935 cito:
1941 1899 2117 1933 lohannes

1133 1957 1227 1990 enim
1242 1968 1316 1989 non
1333 1962 1407 1989 toto
1428 1953 1572 1988 biennio
1597 1953 1824 1987 concionatus
1845 1959 1896 1985 est
1914 1952 1950 1984 in
1969 1952 2118 1988 desei-tm

1134 2007 1215 2052 quia
1250 2006 1389 2040 circiter
1417 2005 1608 2038 secundum
1640 2001 1790 2043 Pascha,
1831 2009 1909 2045 post
1938 2001 2114 2034 incoatam

1133 2056 1430 2100 praedicationem
1460 2055 1662 2088 interfectus
1685 2060 1754 2095 est,
1787 2060 1826 2086 ut
1850 2052 1983 2085 indicat
2011 2050 2115 2084 series

1133 2106 1300 2141 historiae
1326 2105 1555 2149 evangelicae.

1185 2205 1470 2260 Evangelium
1501 2203 1567 2244 die
1601 2201 1857 2243 visitationis
1888 2199 2067 2240 Mariae.

1539 2277 1654 2311 Lucae
1675 2277 1706 2310 1.

1184 2353 1234 2390 In
1251 2354 1377 2389 diebus
1394 2353 1485 2394 illis,
1510 2363 1688 2397 exurgens
1698 2349 1831 2385 illaria
1848 2349 1941 2383 abiit
1957 2350 1995 2383 in
2012 2361 2115 2383 mon-

1233 2410 1325 2439 tana
1356 2417 1432 2439 cum
1450 2402 1693 2450 seslinalione
1723 2402 1761 2435 in
1793 2400 1970 2434 ciuitatem
2002 2398 2114 2439 Iuda,

1234 2461 1264 2490 el
1284 2456 1434 2489 intravit
1453 2455 1490 2487 in
1507 2452 1650 2487 domum
1663 2449 1884 2492 Zachariae,
1897 2455 1927 2483 e!
1936 2449 2115 2484 salutavit

1235 2502 1447 2540 Elisabeth.
1485 2503 1692 2551 Elfaclum
1712 2507 1773 2540 est,
1795 2506 1832 2534 αἱ
1850 2498 1991 2534 audivit
2008 2501 2115 2535 salu-

1234 2557 1406 2591 tationem
1432 2553 1590 2588 ]lIariae
1613 2548 1831 2591 Elisabeth,
1859 2550 1964 2585 saliit
1983 2554 2115 2604 infans

1235 2608 1272 2641 in
1290 2612 1387 2641 utero
1404 2605 1497 2645 eius,
1525 2604 1578 2637 Et
1597 2603 1730 2650 repleta
1756 2606 1805 2635 es!
1822 2600 1964 2649 Spiritu
1988 2608 2116 2640 sancto

1234 2654 1446 2694 Elisabeth,
1483 2654 1536 2690 Et
1559 2652 1780 2691 exclamavit
1799 2664 1876 2688 voce
1897 2665 2038 2702 magna
2053 2685 2061 2699 ‚
2084 2663 2114 2691 et
