2409 2915
87 93 180 129 1161
355 91 435 127 XII.
491 88 879 127 ANNOTATIONES
906 88 974 126 ET
1000 86 1278 126 CONCIONES
1312 90 1361 125 IN
1395 89 1579 127 EVANG.
1608 89 1820 128 IOANNIS.
2013 92 2108 126 1162

83 192 185 220 nem,
214 181 273 214 sed
294 181 368 226 ipse
392 194 461 215 una
490 181 711 222 mortificari,
732 185 925 225 *gnoscere
946 181 1073 213 volun·
1097 186 1102 225 J
1124 185 1157 212 et
1174 178 1340 215 Proverb.
1358 179 1470 215 XIV.:
1506 177 1569 213 Est
1591 179 1666 219 via,
1695 190 1783 224 quae
1805 177 1946 211 videtur
1971 174 2107 209 homini

83 239 189 266 tatem
208 233 336 275 patris,
363 243 463 275 agere
480 232 608 275 gratias
624 244 689 276 pro
706 238 799 266 tanta
822 231 1072 268 misericordia,
1124 229 1212 263 iusta
1239 238 1300 265 etc.
1315 258 1323 270 ,
1366 237 1581 274 monentque
1611 227 1696 262 haec
1725 229 1901 272 exempla,
1937 235 1977 261 ut
2000 228 2108 260 verbo

83 283 177 327 quod
204 282 316 315 filium
343 283 480 316 dederit
502 294 565 324 pro
591 283 738 325 peccatis
762 283 906 323 mundi,
940 289 972 315 et
989 281 1072 314 reli·
1121 279 1191 313 Dei
1225 288 1347 314 contra
1378 292 1518 314 sensum
1550 280 1665 313 carnis
1695 281 1895 320 credamus,
1930 278 2034 316 item,
2070 284 2108 311 ut

83 344 151 377 qua
175 343 264 377 quae
286 334 393 366 sentit
414 345 475 366 cor
496 344 577 365 vere
601 333 785 376 poenitens
810 339 843 366 et
869 344 948 365 vere
967 330 1071 365 Chri·
1122 342 1226 374 opera
1242 330 1306 365 Dei
1330 332 1564 365 sustineamus
1583 338 1702 364 contra
1720 330 1834 363 carnis
1851 329 2033 363 iudicium.

82 389 174 416 stum
196 393 396 425 agnoscens.
454 381 550 416 Haec
571 390 622 416 est
646 384 740 416 enim
766 384 897 426 agnitio
927 380 1072 422 Christi,

83 433 212 466 sentire
247 435 343 478 quod
378 433 468 466 infra
503 445 567 466 uos
590 431 798 467 humiliatus
823 434 867 467 sit
898 431 1070 473 Christus,

81 484 176 529 quod
196 483 288 517 infra
311 495 376 517 nos
399 483 553 521 assistat,
581 491 620 517 ut
643 495 843 525 cernamus,
874 485 969 529 quod
997 495 1070 516 non
1102 490 1107 494 ’
1223 480 1291 514 Hic
1306 480 1470 516 Christus
1489 483 1663 522 ostendit,
1691 482 1770 526 quis
1795 482 1839 515 sit
1864 481 2008 515 lotionis
2031 481 2108 513 fru—

80 541 159 578 agat
178 535 363 568 domiuum
382 535 441 567 sed
464 534 688 575 ministrum,
723 535 783 580 qui
811 546 876 567 nos
901 534 1012 577 pluris
1035 545 1070 566 se
1122 538 1211 570 ctus,
1238 532 1380 573 scilicet,
1403 535 1497 577 quod
1518 531 1602 565 haec
1616 533 1703 565 lotio
1719 538 1952 575 repraesentet
1967 533 2110 575 adsper-

80 585 178 619 facit.
222 584 364 625 Tertio,
391 585 506 625 vides,
533 585 707 618 carnalem
728 585 861 618 cultum
880 596 951 617 esse
970 585 1070 628 igno·
1122 583 1256 615 sionem
1276 584 1478 625 sanguinis,
1505 595 1574 628 qua
1593 583 1783 616 sanctificat
1798 580 1959 615 Christus
1975 582 2107 615 fideles:

81 635 253 669 rationem
278 635 470 669 voluntatis
494 635 647 670 divinae.
700 633 873 678 Arguitur
891 635 984 668 enim
1003 633 1069 667 Pe·
1091 643 1099 1167 ζ
1122 634 1219 678 quasi
1241 633 1289 666 sic
1307 634 1454 667 diceret:
1491 632 1598 675 Quod
1619 631 1685 666 hoc
1711 630 1799 665 mihi
1823 631 1969 665 honoris
1992 630 2111 671 habes,

1250 413 1296 448 Si
1323 427 1396 449 non
1420 414 1541 448 lavero
1567 420 1615 457 le,
1646 427 1717 448 non
1741 411 1893 448 habebis
1921 418 1979 447 etc.

82 693 173 719 trus:
203 684 307 728 Quod
328 686 417 719 facio
432 692 470 719 tu
487 686 598 719 nescis
620 693 683 720 etc.
736 685 889 729 Quarto,
915 687 958 718 ad
976 683 1070 718 hunc
1121 696 1165 716 ne
1181 684 1361 728 permittas
1385 691 1418 717 te
1445 684 1571 724 lavari,
1604 684 1769 717 iustificas
1793 691 1826 717 et
1848 683 2038 716 sanctificas
2065 690 2108 717 te.

81 737 225 770 modum
257 747 393 780 semper
428 736 621 769 offenditur
650 748 730 769 caro
761 737 894 770 vilitate
927 733 1070 775 Christi,
1121 734 1212 768 Caro
1230 735 1323 767 enim
1344 735 1506 768 iustificat
1523 746 1558 767 se
1580 735 1643 768 tali
1669 735 1776 769 cultu.
1830 734 1903 776 Age
1926 746 2026 773 vero,
2055 745 2110 766 er-

80 787 372 831 persequiturque
394 799 494 827 eum,
523 787 617 831 quod
635 799 699 830 pro
720 784 862 820 Christo
881 797 1069 830 agnoscere
1121 797 1192 825 ras3
1213 797 1328 830 neque
1352 786 1445 818 enim
1471 785 1534 818 tali
1557 785 1653 818 cultu
1676 785 1936 823 iustificaberis,
1971 784 2038 817 nisi
2060 785 2111 817 la—

80 849 153 870 non
168 837 275 880 possit
293 836 509 870 crucifixum.
545 836 591 870 Et
608 838 714 870 corda
733 844 851 870 nostra
864 862 873 875 ,
901 837 982 881 quia
997 847 1069 869 una
1122 848 1197 868 vem
1217 843 1248 869 te
1260 860 1269 874 ‚
1296 836 1364 868 nisi
1382 836 1454 879 ipse
1472 836 1700 868 mortificatus
1718 836 1887 878 sanguine
1904 842 1937 869 te
1953 847 2030 870 meo
2047 836 2110 868 ad-

81 900 161 921 eum
177 885 319 920 Christo
337 887 538 921 mortificari
557 895 712 931 oportet,
739 899 812 920 non
829 894 975 931 possunt
990 898 1069 919 sen-
1121 898 1279 930 spersum
1295 887 1525 926 sanctificem,
1552 898 1625 920 nou
1651 886 1903 919 iustificaberis.

79 938 167 979 tire,
194 950 273 972 eum
294 949 365 970 esse
383 938 608 978 salvatorem,
643 939 703 983 qui
726 939 867 971 damnet
890 944 924 971 et
945 937 1070 971 morti-

80 989 160 1022 ficet
178 988 297 1022 omnia
322 995 459 1028 nostra,
486 988 682 1026 iusticiam,
705 988 931 1032 sapientiam,
954 985 1070 1021 hono-

80 1051 174 1077 rem,
200 1040 287 1072 sicut
305 1051 368 1071 nec
390 1039 453 1071 filii
480 1037 588 1072 lsrae'l
612 1040 753 1072 credere
776 1045 956 1082 poterant,
989 1050 1068 1072 cum

80 1090 199 1124 educti
216 1090 252 1122 in
271 1090 447 1123 desertum
472 1089 673 1123 laborarent
691 1089 850 1123 omnium
872 1101 989 1123 rerum
1009 1101 1070 1133 pe-

80 1141 184 1174 nuria
197 1167 206 1181 ,
233 1140 327 1185 quod
347 1152 364 1172 a
384 1140 529 1173 domino
557 1140 688 1173 evocati
715 1147 827 1173 essent
841 1152 881 1172 ex
899 1139 1070 1185 Aegypto,

80 1191 141 1224 sed
158 1190 314 1225 humano
331 1189 443 1224 Mosis
464 1190 612 1224 consilio
639 1191 843 1224 iudicabant
868 1202 902 1224 se
927 1191 1069 1223 eductos
1093 1205 1098 1254 ¹
1122 1204 1264 1225 cernere
1287 1186 1565 1224 consili-um'Dei
1590 1203 1634 1224 ne
1660 1191 1808 1224 velimus
1835 1191 2002 1236 quidem,
2036 1190 2110 1234 ipse

81 1253 164 1275 esse.
1092 1256 1099 1665 ἶ
1123 1244 1272 1283 exitum,
1300 1243 1373 1286 ipse
1399 1243 1492 1274 viam
1517 1242 1675 1275 iuventat
1692 1241 1722 1288 ³)
1746 1254 1809 1285 pro
1833 1254 1893 1275 sua
1918 1242 2098 1275 voluntate

1319 969 1498 1013 Domine,
1526 983 1598 1004 non
1622 975 1765 1004 lantum
1788 967 1906 1017 pedes.

1222 1039 1386 1075 Remiuit
1414 1039 1538 1073 Petrus
1561 1039 1800 1083 pertinaciam.
1854 1038 1912 1072 Sic
1937 1039 2031 1071 enim
2055 1049 2111 1070 so-

1122 1091 1168 1123 let
1192 1091 1276 1123 fides
1302 1089 1458 1123 exhiberi
1485 1102 1548 1123 nos
1572 1090 1746 1123 voluntati
1770 1090 1911 1122 divinae
1935 1096 2044 1129 totos,
2071 1096 2111 1122 ut

1122 1142 1305 1174 nobiscum
1330 1148 1407 1183 agat
1430 1141 1489 1174 illa
1514 1148 1692 1185 utcunque
1714 1141 1854 1173 tandem
1881 1140 1978 1175 libet.
2037 1139 2110 1172 Nos

1123 1292 1236 1335 Quale
1263 1300 1312 1326 est
1336 1293 1423 1325 illud
1450 1292 1681 1326 Davidicum:
1718 1292 1757 1326 Si
1775 1292 1904 1325 dixeris
1929 1290 2015 1325 mihi
2037 1304 2110 1325 nou

1124 1344 1253 1385 places,
1299 1349 1436 1385 praesto
1468 1355 1544 1375 sum
1569 1342 1610 1385 6).
1664 1343 1778 1387 Atque
1805 1341 1862 1377 hic
1886 1350 1937 1377 est
1959 1355 2110 1381 cernere,

1121 1404 1210 1437 quae
1227 1393 1278 1425 vis
1295 1393 1374 1425 fidei
1391 1393 1454 1431 sit,
1487 1404 1575 1436 quae
1601 1400 1756 1425 tentante
1775 1394 1920 1427 domiuo
1937 1394 1985 1427 sic
2002 1405 2036 1426 se
2055 1405 2110 1426 re-

1122 1444 1233 1485 signet
1264 1443 1340 1482 itti,
1382 1449 1415 1476 et
1449 1441 1614 1477 confidat.
1682 1442 1815 1488 Estque
1843 1441 1901 1476 hic
1934 1444 2048 1477 cultus
2078 1451 2110 1476 et

1121 1494 1256 1526 iusticia
1283 1506 1386 1537 quam
1411 1493 1535 1537 probat
1557 1492 1671 1531 Deus,
1705 1505 1777 1527 non
1802 1494 1860 1527 illa
1883 1494 2033 1528 carnalis
2056 1506 2109 1527 re-

1121 1550 1289 1578 verentia.

326 1313 440 1363 Quod
462 1327 527 1362 ego
544 1314 672 1364 facio,
699 1316 823 1349 nescis.

181 1393 249 1427 Hic
265 1393 425 1436 arguitur
451 1392 649 1435 ignorantia
669 1391 813 1430 Petrus,
841 1403 885 1424 ne
907 1392 986 1436 quis
1003 1403 1069 1435 pu-

80 1452 148 1483 tet,
174 1444 407 1478 reverentiam
433 1454 452 1476 a
477 1442 593 1475 carnis
616 1441 858 1476 aestimatione
878 1443 1069 1486 profectam

80 1496 234 1544 Spiritus
252 1494 362 1527 sancti
378 1504 466 1536 opus
483 1493 606 1532 fuisse,
633 1492 693 1536 qui
709 1499 800 1526 certe
816 1500 890 1526 erat
905 1492 1068 1526 inpetro.

79 1546 248 1580 Nondum
265 1551 382 1577 tamen
399 1549 519 1576 contra
535 1542 739 1575 scandalum
757 1543 870 1576 crucis
886 1543 968 1576 satis
985 1555 1069 1576 con-

79 1598 239 1630 firmatus
263 1601 358 1634 erat,
390 1593 425 1625 id
452 1593 547 1636 quod
570 1592 703 1626 indicat
727 1600 761 1627 et
785 1592 896 1626 Lucas
920 1592 1069 1631 Xx‘tll„

81 1659 161 1681 cum
178 1644 341 1679 Christus
360 1643 573 1688 praediceret
595 1643 790 1686 passionem
816 1643 973 1677 subiicit:
1003 1644 1069 1688 ipsi

80 1710 163 1731 vero
184 1695 275 1729 nihil
292 1693 420 1728 horum
438 1694 698 1728 intellexerunt.

1343 1617 1420 1667 Qui
1443 1618 1539 1653 lotus
1565 1625 1614 1653 est
1638 1633 1710 1655 non
1735 1619 1885 1666 indiget.

1224 1688 1490 1733 Simplicissime
1507 1689 1646 1723 videtur
1661 1690 1709 1723 sic
1726 1690 1876 1733 intelligi
1894 1703 2007 1734 posse:
2037 1692 2109 1726 Το-

1122 1747 1177 1774 tus
1194 1740 1285 1773 lotus
1303 1752 1337 1773 es
1357 1747 1493 1783 praeter
1515 1741 1639 1784 pedes,
1666 1741 1702 1774 id
1720 1749 1786 1782 est,
1813 1743 1921 1776 sancti
1938 1743 2000 1776 loti
2019 1753 2109 1783 sunt,

1121 1791 1330 1824 sanctificari
1349 1797 1556 1834 coeperunt,
1580 1793 1740 1825 nondum
1767 1800 1881 1826 tamen
1905 1802 2108 1828 evacuatum

1122 1848 1172 1875 est
1197 1848 1395 1885 peccatum,
1430 1849 1619 1875 evacuatur
1644 1849 1759 1876 autem
1785 1855 1864 1876 cum
1889 1844 1982 1878 lavat
2003 1843 2110 1878 Chri—

1121 1899 1212 1930 stus,
1240 1890 1306 1925 hoc
1328 1899 1397 1932 est,
1428 1904 1506 1925 cum
1526 1893 1713 1927 mortificat
1729 1906 1867 1927 carnem
1884 1901 1917 1928 et
1933 1895 2109 1940 adspergit

1122 1954 1188 1975 nos
1205 1943 1376 1984 sanguine
1400 1949 1464 1977 etc.
1526 1942 1617 1977 Sunt
1640 1951 1756 1977 autem
1781 1945 1952 1989 reliquiae
1978 1949 2107 1990 peccati

1123 1994 1159 2025 in
1180 1993 1346 2037 pedibus,
1374 1993 1397 2027 i.
1413 2004 1441 2026 e.
1464 1993 1500 2025 in
1523 2001 1660 2037 mente,
1688 2006 1776 2039 quae
1803 1996 1873 2038 agit
1898 2003 1931 2029 et
1957 1996 2022 2029 sert
2045 2009 2108 2032 nos

1123 2042 1294 2076 homines.
1356 2043 1552 2087 Significari
1589 2045 1681 2077 enim
1715 2053 1866 2079 mentem
1901 2047 2046 2090 pedibus
2070 2061 2108 2082 ex

78 2103 114 2136 id
132 2107 199 2141 est,
225 2098 438 2136 reverentia,
475 2109 562 2142 quae
586 2098 649 2131 tibi
675 2100 840 2139 debetur,
874 2111 947 2132 non
973 2101 1070 2141 sinis,
1095 2114 1098 2146 1
1124 2092 1286 2137 Ephesiis
1306 2094 1431 2138 liquet:
1457 2093 1605 2128 Calciati
1624 2096 1726 2138 pedes
1744 2096 1781 2128 in
1798 2095 1989 2140 Evangelio
2007 2100 2108 2141 pacis.

77 2159 118 2188 ut
132 2151 353 2197 permittam,
380 2155 447 2182 ate
462 2146 550 2180 mihi
570 2148 678 2181 lavari
695 2149 812 2192 pedeS.
867 2148 949 2183 Ideo
973 2153 1070 2195 quod
1095 2152 1097 2158 ⁴
1123 2144 1253 2184 Porr0‚
1280 2146 1374 2189 quod
1398 2145 1465 2185 ait,
1494 2146 1552 2190 qui
1581 2146 1671 2178 lotus
1696 2153 1765 2186 est,
1804 2147 1917 2189 palam
1945 2149 2108 2188 declarat,

79 2215 142 2247 ego
158 2202 270 2240 facio,
305 2201 341 2233 id
368 2206 437 2239 est,
474 2199 569 2243 quod
595 2199 744 2232 deiicior
769 2199 860 2233 infra
886 2207 938 2242 te,
974 2203 1068 2246 qnod
1094 2161 1098 2236 i
1123 2207 1158 2228 se
1192 2195 1288 2239 loqui
1314 2197 1357 2228 de
1387 2196 1561 2238 spirituali
1592 2196 1735 2231 lotione.
1801 2197 1986 2242 Secundo,
2029 2202 2109 2234 vide

78 2265 158 2288 meo
187 2251 345 2295 exemplo
379 2250 528 2284 ostendo
561 2249 808 2293 glorificandos
829 2262 901 2284 esse
931 2259 1070 2286 sanctos
1123 2246 1194 2278 Vim
1209 2246 1349 2289 gratiae·
1401 2245 1472 2278 lam
1499 2253 1659 2288 negarat·
1695 2259 1752 2280 ⁰0⁵
1776 2250 1928 2281 mundos
1951 2262 2043 2288 ⁸⁵⁵⁰·
2071 2260 2107 2285 υἱ

364 1776 463 1811 Scies
491 1781 610 1811 autem
639 1781 777 1824 postea,

80 1850 212 1884 scilicet
236 1847 298 1881 ubi
328 1846 457 1880 videris
485 1853 519 1880 et
548 1852 697 1879 mortem
722 1853 753 1879 et
778 1847 1068 1881 resurrectionem

80 1913 206 1934 meam.
280 1897 508 1941 Experientia
548 1897 642 1929 enim
684 1897 890 1930 tentationis
919 1899 1071 1939 docebit,

79 1958 243 1997 oportere
258 1960 323 1982 nos
339 1947 445 1981 deiici
460 1954 492 1980 et
510 1959 572 1992 per
587 1959 724 1980 crucem
741 1948 941 1991 glorificari,

346 2029 406 2064 Tu
427 2027 524 2063 mihi
544 2029 651 2064 lavas
673 2028 805 2078 pedes?

78 2316 141 2350 per
160 2314 311 2338 crucem.
1122 2308 1272 2341 quorum
1304 2297 1408 2340 pedes
1446 2297 1604 2329 nondum
1629 2297 1690 2330 loti
1717 2305 1846 2338 essent,
1880 2306 1911 2332 et
1943 2300 1978 2333 in
2005 2301 2108 2337 Petro

410 2384 416 2391 ,
504 2384 510 2391 ,
548 2384 554 2391 ,
715 2383 722 2390 .
1093 2364 1097 2404 i
1123 2347 1189 2380 iam
1206 2354 1382 2391 peccatum
1402 2345 1690 2389 reprehenderat3
1718 2355 1836 2391 postea
1850 2350 2006 2384 subiicit:
2038 2352 2108 2387 Vos

179 2386 269 2423 N⁰⁷²
287 2384 433 2420 lm'ab15
457 2382 551 2419 'mh‘
576 2381 682 2431 Pede-⁹
707 2396 746 2417 ἠ
766 2389 964 2421 aeternum·
1093 2412 1097 2456 ν
1122 2398 1246 2430 mundi
1266 2398 1365 2437 estis,
1393 2403 1431 2429 ut
1455 2398 1594 2437 doceat,
1621 2399 1736 2442 quod,
1771 2411 1971 2444 quanquam
2000 2403 2044 2436 sit
2072 2404 2107 2437 in

179 2454 390 2500 Exemplum
422 2453 634 2498 pertinaciae
657 2459 689 2486 et
713 2453 923 2496 opinionum
955 2455 1069 2488 carnis
1093 2469 1096 2500 ᾖ
1121 2460 1224 2481 carne
1241 2454 1437 2491 peccatum,
1465 2455 1578 2480 tamen
1602 2449 1710 2490 gratia
1728 2450 1907 2483 absorberi
1924 2458 1958 2485 et
1975 2456 2108 2488 condo-

77 2516 110 2543 et
138 2506 310 2541 iustitiae.
376 2504 465 2538 Nam
497 2504 702 2549 priusquam
727 2504 973 2537 illuminemur
995 2517 1068 2539 non
1093 2541 1096 2555 1
1120 2499 1197 2531 nari
1222 2499 1300 2533 f¹de·
1359 2497 1459 2531 Sicut
1483 2496 1587 2532 ROm·
1614 2498 1711 2532 v111·
1735 2501 1851 2534 docet:
1891 2500 1989 2536 Nihil
2012 2516 2107 2540 nunc

77 2568 262 2602 possumus
279 2567 352 2589 non
370 2555 520 2599 probare
536 2555 658 2587 florem
689 2565 749 2588 seu
774 2555 922 2597 gloriam
941 2557 1066 2591 carnis.
1093 2559 1096 2584 ¹

76 2610 167 2644 Nota
194 2615 245 2641 est
268 2605 456 2651 pertinacia
481 2603 641 2638 Thomae
660 2604 801 2638 Ioannis
819 2604 917 2644 XV„
946 2613 976 2638 et
995 2605 1067 2640 Da·
1093 2610 1095 2614 ⁴
1154 2639 1260 2665 53Tut1
1296 2638 1417 2662 innon-at

80 2661 170 2694 vidis
188 2661 219 2694 1.
237 2657 389 2702 ParaliP·
407 2654 522 2697 XX¹·‚
549 2662 581 2690 θῑ
598 2656 719 2690 Iosuae
735 2657 768 2689 2·
782 2655 1067 2703 paralip-XXV„
1156 2673 1187 2701 6)
1208 2673 1273 2696 ΤιιΙ).
1300 2673 1325 2696 ει·
1344 2673 1456 2697 dia-eris
1475 2674 1545 2698 milui
1561 2676 1679 2705 praesto
1699 2682 1776 2706 sum,
1795 2682 1849 2701 non
1866 2678 1970 2708 places.
