2409 2915
115 117 186 156 665
349 116 430 152 XII.

113 216 150 237 ea
177 201 273 236 Deus
295 201 389 235 misit
412 200 514 234 nobis
537 198 650 233 filium
675 209 778 231 suum
801 195 996 231 Dominum
1027 211 1092 232 no-

113 261 223 288 strum
241 252 352 286 lesum
364 250 562 288 Christum,
589 255 628 282 ut
646 255 733 282 esset
750 248 913 282 defensor
929 256 961 283 et
978 256 1091 282 custos

111 302 310 346 Ecclesiae,
335 315 353 337 a
370 314 440 346 quo
455 300 621 333 sciremus
637 310 701 331 nos
717 298 808 342 regi,
832 300 970 346 protegi
987 306 1018 333 et
1036 300 1089 333 iu-

111 354 206 394 vari,
234 354 338 386 modo
355 363 433 384 vere
454 355 485 382 et
509 349 600 382 serio
628 349 829 382 invocantes
853 349 966 393 ipsum
994 357 1090 393 peta-

111 415 189 437 mus
211 404 377 437 auxilium
399 407 431 434 et
454 399 743 442 gubernationem
768 399 947 441 divinam,
976 407 1007 434 et
1026 401 1088 433 ab-

109 454 269 487 iiciamus
284 465 320 486 ea
335 451 478 491 delicta,
505 461 593 494 quae
610 450 805 493 impediunt
830 450 1087 484 invocationem

111 511 213 548 atque
229 503 389 546 polluunt
405 500 665 540 conscientiam,
691 512 754 533 nec
771 499 808 532 in
823 500 1005 534 securitate
1018 501 1087 545 Cy-

110 554 240 597 clopica
273 552 430 585 furenter
459 561 645 594 pergamus
676 549 858 593 indulgere
879 562 919 583 ac
944 551 1087 584 obedire

108 602 271 637 omnibus
285 601 401 646 pravis
420 600 713 634 inclinationibus
735 606 770 634 et
793 600 928 634 vitiosis
951 601 1087 645 cupidi-

109 653 248 687 tatibus.

206 700 257 734 Ita
276 699 450 734 Dominus
467 700 539 744 ipse
557 700 641 733 dicit
659 697 854 744 Apostolis:
883 699 1033 744 Vigilate
1055 711 1087 733 et

105 759 220 792 orate,
254 763 297 784 ne
315 751 451 784 intretis
467 751 504 783 in
522 750 762 784 tentationem.
816 749 921 789 Item,
957 750 1086 783 Paulus

104 802 238 847 inquit:
267 801 466 834 Ambuletis
486 808 662 842 accurate,
689 813 761 834 non
781 808 820 834 ut
835 801 940 841 fatui,
967 801 1024 833 sed
1048 807 1086 834 nt

103 854 292 896 sapientes,
332 852 370 884 in
402 851 529 896 quibus
552 850 647 884 Deus
678 851 779 884 initia
811 863 892 885 suae
914 851 1002 885 lucis
1029 863 1084 884 ac-

103 903 232 936 cendit.

203 951 298 985 Haec
317 951 434 983 omnia
459 951 646 993 diligenter
666 951 767 984 vobis
792 950 994 995 proponite,
1022 963 1085 984 nec

102 1009 237 1046 sperate
254 1002 352 1035 istius
369 1001 557 1034 dissolutae
575 1001 665 1034 vitae
680 999 902 1046 Cyclopicam
918 1002 1084 1035 securita—

100 1059 169 1085 tem
196 1060 229 1086 et
255 1051 515 1091 temulentiam,
554 1051 631 1084 sine
654 1051 862 1084 tristissimis
887 1052 1023 1086 casibus
1053 1058 1085 1085 et

101 1101 336 1136 humanarum
364 1102 605 1139 miseriarum,
645 1108 678 1134 et
708 1102 962 1134 diabolicarum
998 1102 1083 1134 insi-

101 1154 240 1186 diarum
260 1152 434 1185 abituram
454 1162 537 1185 esse.
591 1150 660 1183 Nec
680 1151 807 1184 frustra
831 1149 915 1184 haec
935 1152 1083 1195 insignis

101 1211 132 1236 et
153 1202 392 1236 memorabilis
411 1200 582 1234 sententia
606 1201 773 1234 inseritur
793 1199 977 1242 historiae,
1003 1214 1081 1234 eum

100 1252 276 1287 Israelitae
297 1250 440 1285 choreas
467 1257 664 1284 exercerent
685 1251 815 1283 circum
840 1251 944 1284 vituli
966 1252 1084 1296 Aegy-

100 1304 254 1346 ptiorum
281 1302 476 1334 imitatione
500 1300 580 1333 facti
601 1301 849 1341 simulacrum,
883 1301 945 1333 ubi
969 1307 1082 1334 textus

74 1374 78 1375 ν
99 1353 199 1386 dicit:
227 1352 326 1386 Sedit
343 1351 493 1395 populus
514 1351 724 1383 manducare
742 1358 776 1384 et
792 1350 931 1391 bibere,
956 1357 990 1384 et
1005 1362 1082 1383 sur—

98 1403 186 1435 rexit
204 1403 334 1436 ludere.

197 1451 299 1485 Certe
321 1449 447 1483 borum
473 1457 670 1493 temporum
690 1449 812 1493 ingens
836 1456 887 1483 est
908 1450 1080 1483 moestitia

97 1503 132 1535 in
151 1502 255 1535 tantis
278 1500 461 1545 periculis,
487 1506 519 1532 et
545 1499 695 1543 publicis
719 1499 886 1538 miseriis,
914 1507 947 1533 et
966 1513 1077 1545 quan-

96 1565 200 1597 quam
234 1552 411 1584 iuniorum
436 1549 572 1582 animos
593 1562 666 1582 non
692 1550 793 1582 valde
816 1558 959 1584 movent
984 1551 1077 1583 diffi-

96 1604 241 1636 cultates
257 1609 466 1644 temporum,
485 1607 515 1632 et
531 1600 754 1632 confusiones
772 1600 1078 1643 gubernationum,

95 1660 211 1686 tamen
236 1652 389 1684 seniores
414 1651 449 1682 in
475 1657 569 1682 tanta
593 1662 709 1682 rerum
735 1650 895 1693 angustia
919 1650 1076 1683 tristissi-

94 1705 230 1747 misque
256 1712 445 1745 poenarum
471 1699 692 1742 spectaculis,
717 1707 749 1732 et
771 1699 1000 1733 maximarum
1018 1712 1075 1733 ca-

94 1754 290 1786 lamitatum
317 1758 427 1788 metu,
470 1749 623 1791 profecto
648 1750 823 1783 debebant
853 1757 927 1783 tum
953 1762 1075 1784 excru-

93 1803 177 1836 ciari
202 1809 342 1846 propter
369 1798 542 1832 horrenda
569 1799 680 1838 bella,
709 1807 851 1843 propter
866 1800 1074 1834 vastationes

90 1851 349 1891 Ecclesiarum‚
379 1857 410 1883 et
429 1849 656 1893 imperiorum
682 1850 899 1891 collisiones,
925 1857 999 1884 tum
1021 1851 1072 1883 af—

90 1904 145 1936 fici
171 1902 259 1942 suis,
287 1909 388 1945 atque
413 1899 611 1932 domesticis
634 1899 917 1940 difficultatibus,
938 1900 1072 1944 inopia,

90 1953 236 1991 morbis,
265 1951 466 1985 infelicitate
483 1949 687 1989 liberorum,
715 1951 1002 1995 detrimentisque
1018 1952 1069 1984 fa-

90 2003 276 2045 cultatum,
323 2009 361 2034 ut
395 2013 473 2034 curn
507 1999 732 2033 solicitudine
764 2002 807 2032 de
840 2001 1003 2044 procellis
1037 2009 1069 2034 et

91 2054 267 2087 aerumnis
297 2049 500 2084 huiusmodi
534 2050 743 2092 cogitantes,
785 2057 818 2083 et
850 2051 885 2083 in
915 2051 1068 2084 vitandis

92 2103 246 2147 lapsibus
264 2101 388 2134 intenti
406 2100 515 2142 magis
536 2112 574 2133 ac
596 2099 858 2145 circumspecti,
884 2108 917 2135 et
933 2101 969 2133 in
988 2113 1068 2145 pre-

90 2157 202 2189 cando
220 2151 436 2185 ardentiores
452 2156 574 2183 essent.

189 2203 262 2236 Has
279 2202 392 2245 itaque
406 2210 524 2232 causas
540 2199 670 2242 publici
690 2200 803 2233 luctus
820 2206 850 2233 et
873 2201 1067 2234 moestitiae

88 2255 323 2297 singulm-mn,
352 2250 441 2282 serio
459 2260 654 2293 magnoque
672 2250 869 2282 animorum
888 2257 985 2283 motu
1007 2263 1066 2286 ιο-

88 2307 250 2350 gitantes,
276 2303 466 2335 clamemus
483 2302 524 2331 ad
542 2298 653 2331 Deum
675 2300 711 2332 iu
729 2297 791 2332 bac
809 2300 994 2342 petitione,
1022 2313 1065 2333 ne

87 2357 177 2390 sinat
196 2366 258 2387 nos
278 2348 431 2396 pertrahi
451 2350 485 2382 in
503 2349 642 2393 laqueos
660 2349 805 2388 diaboli,
829 2361 891 2382 nec
905 2361 1064 2383 succum-

87 2408 168 2441 bere
195 2404 310 2449 pravis
341 2400 650 2439 inclinationibus,
689 2412 752 2433 nec
783 2401 819 2431 in
852 2401 1064 2443 superbiam,

85 2458 230 2494 fastum,
263 2452 494 2495 fiduciamque
518 2449 627 2482 nostri
652 2461 773 2490 ruere,
807 2461 869 2482 nec
894 2450 929 2482 in
954 2451 1062 2485 tristi-

87 2509 170 2542 tiam
188 2513 221 2539 et
238 2502 514 2547 desperationem
534 2500 659 2543 mergi,
688 2512 750 2533 nec
766 2500 842 2533 aliis
860 2501 1060 2535 tentationi-

87 2559 166 2598 bus,
192 2568 279 2601 quae
296 2554 425 2586 multae
443 2550 627 2595 variaeque
642 2557 722 2584 sunt
735 2578 744 2591 ,
771 2550 934 2594 opprimi.

187 2607 306 2649 Quare
340 2601 568 2637 recitantibus
602 2602 705 2633 verba
742 2599 846 2634 liuius
883 2602 1060 2644 petitionis

86 2668 185 2702 saepe
201 2657 316 2690 veniat
331 2655 367 2687 in
387 2659 537 2686 mentem
555 2650 723 2685 similium
747 2652 933 2685 verborum
952 2651 1058 2686 Chri-

487 110 875 150 ANNOTATIONES
901 111 969 148 ET
996 111 1274 148 CONCIONES
1309 113 1356 148 IN
1391 114 1574 150 EVANG.
1603 114 1881 151 MATTIIAEI.

2051 119 2124 153 666

1143 197 1207 236 sti,
1239 199 1367 242 quibus
1391 199 1428 231 in
1452 211 1562 242 agone
1587 200 1629 232 ad
1652 206 1808 234 montem
1831 201 2004 235 olivarum
2022 203 2126 236 disci-

1145 247 1246 291 pulos
1261 246 1469 282 adhortatur
1486 251 1527 282 ad
1548 252 1778 292 precandum,
1805 251 1985 297 inquiens:
2014 251 2124 287 Orate

1143 310 1186 330 ne
1219 298 1356 332 intretis
1383 299 1418 330 in
1444 300 1691 340 tentationem,
1728 302 1762 334 id
1788 308 1856 341 est,
1892 314 1936 335 ne
1961 303 2123 338 diabolus

1141 348 1290 381 excutiat
1313 349 1413 381 vobis
1438 349 1560 390 fidem,
1588 357 1620 382 et
1641 351 1766 384 avellat
1783 364 1844 385 vos
1860 363 1879 385 a
1894 351 1969 386 Deo
1988 366 2050 397 per
2067 355 2123 387 in-

1141 399 1265 436 sidias,
1308 399 1536 442 imposturas,
1578 401 1779 442 praestigias
1815 409 1918 448 atque
1947 405 2122 445 scaudala,

1141 460 1229 494 quae
1247 449 1490 493 multipliciter
1507 450 1654 483 excitare
1672 457 1795 494 potest.

1404 532 1479 569 Sed
1494 533 1609 569 libera
1629 546 1693 569 nos
1711 546 1733 569 a
1752 537 1864 571 malo.

1244 599 1339 633 Haec
1358 607 1407 634 est
1431 601 1553 644 petitio
1577 602 1765 644 generalis,
1793 610 1825 637 et
1843 610 2009 649 tanquam
2028 605 2122 637 clan-

1141 650 1234 691 sula,
1261 662 1349 695 quae
1373 651 1514 696 quidem
1538 652 1715 695 aptissime
1732 651 1893 688 cohaeret
1910 661 1943 688 et
1960 655 2122 697 congruit

1141 712 1219 734 curn
1250 701 1407 743 proxima
1437 703 1664 745 praecedente
1694 704 1875 746 petitione.
1937 704 2121 739 Caeterum

1141 762 1213 783 non
1236 751 1422 796 loquemur
1445 752 1514 784 iam
1532 753 1574 785 de
1593 750 1773 794 Ethnicis,
1801 753 1946 796 Turcis‚
1974 763 2006 790 et
2023 755 2121 788 simi-

1139 801 1232 834 libus
1248 801 1374 845 impiis,
1409 800 1455 834 Hi
1474 802 1567 835 enim
1584 814 1656 835 non
1674 803 1871 837 liberantur
1889 817 1906 837 a
1924 806 2034 845 malo,
2063 806 2121 838 sed

1140 858 1283 885 manent
1298 852 1455 899 oppressi
1472 853 1636 895 peccatis,
1663 853 1714 886 ira
1732 853 1816 897 Dei,
1841 855 2028 899 tyrannide
2045 856 2120 888 dia-

1139 902 1230 941 boli,
1257 908 1290 934 et
1312 902 1462 934 aeternis
1480 903 1620 945 poenis,
1647 903 1719 936 sive
1736 904 1882 938 floreant
1902 905 1938 937 in
1957 903 2021 938 hac
2040 906 2122 945 vita,

1137 952 1209 984 sive
1222 952 1414 985 sustineant
1431 964 1572 995 magnas
1588 953 1756 988 miserias.
1810 954 1856 988 Ut
1871 954 1996 989 Caesar
2011 955 2120 988 Tibe-

1139 1002 1211 1034 rius
1235 1002 1388 1035 suaviter
1410 1002 1516 1043 vixit,
1543 1003 1609 1036 suit
1632 1015 1778 1047 magnus
1805 1011 1837 1038 et
1862 1012 1985 1048 potens
2008 1005 2119 1049 impe-

1138 1059 1251 1090 rator,
1286 1050 1407 1084 babuit
1438 1053 1553 1085 omnis
1584 1055 1720 1095 generis
1744 1055 1959 1098 voluptates,
1993 1056 2118 1100 polluit

1139 1114 1173 1135 se
1197 1103 1465 1135 confusionibus
1483 1103 1693 1143 libidinum,
1718 1105 1845 1138 iniuste
1862 1107 1990 1140 multos
2008 1107 2117 1139 inter-

1135 1153 1225 1185 fecit.
1261 1151 1356 1184 Idem
1377 1159 1599 1198 posteaquam
1617 1161 1865 1195 consenuerat,
1893 1156 2028 1200 placide
2045 1157 2118 1189 sine

1134 1202 1301 1235 violentia
1318 1209 1477 1236 mortuus
1496 1211 1562 1244 est;
1597 1216 1659 1236 nec
1676 1210 1792 1237 tamen
1811 1205 1890 1238 ideo
1910 1213 2116 1239 consecutus

1134 1259 1182 1285 est
1206 1252 1449 1285 liberationem
1475 1265 1514 1285 ex
1535 1254 1679 1287 summis
1696 1261 1729 1287 et
1747 1255 1897 1289 aeternis
1913 1257 2029 1296 malis,
2057 1258 2117 1290 sed

1134 1301 1237 1345 periit
1253 1302 1408 1335 abiectus
1424 1302 1460 1334 in
1477 1300 1691 1344 horrendos,
1719 1305 1962 1339 acerbissimos
1977 1313 2008 1340 et
2024 1319 2115 1340 seni-

1134 1351 1290 1394 piternos
1313 1352 1494 1385 cruciatus.
1564 1353 1805 1395 Quamobrem
1832 1354 1922 1389 nihil
1948 1354 2014 1389 hoc
2037 1358 2114 1390 loco

1132 1402 1174 1433 de
1192 1399 1354 1434 Etbnicis
1378 1403 1545 1446 exemplis
1569 1403 1757 1436 dicendum
1783 1406 1860 1440 erit.
1913 1404 2113 1448 Quantum-

1132 1451 1183 1484 vis
1215 1452 1308 1483 enim
1333 1449 1478 1485 Ethnici
1509 1452 1643 1487 solicite
1667 1453 1829 1498 serioque
1854 1456 2020 1490 clament:
2055 1455 2113 1490 Ah

1132 1500 1283 1534 Domine
1305 1500 1400 1535 Deus
1429 1503 1523 1547 eripe
1552 1516 1616 1536 nos
1643 1516 1683 1537 ex
1708 1505 1871 1548 periculis
1897 1513 1929 1539 et
1952 1507 2114 1546 miseriis,

1130 1559 1247 1584 tamen
1275 1552 1432 1596 ipsorum
1456 1554 1624 1587 clamores
1647 1561 1729 1587 sunt
1755 1553 1937 1589 horribilis
1963 1564 1995 1591 et
2020 1570 2112 1591 mera

1129 1602 1291 1642 coecitas,
1325 1602 1474 1647 ideoque
1507 1606 1629 1637 inanes
1659 1611 1691 1637 et
1724 1605 1842 1639 irritos
1870 1618 1942 1639 esse
1967 1607 2112 1640 minime

1129 1653 1365 1685 dubitandum
1394 1661 1454 1686 est.
1515 1653 1595 1686 Non
1620 1655 1713 1686 enim
1736 1655 1967 1700 alloquuntur
1989 1669 2110 1690 verum

1127 1701 1261 1742 Deum,
1313 1702 1384 1735 imo
1423 1703 1535 1737 filium
1576 1703 1642 1737 Dei
1683 1707 1904 1739 contumeliis
1941 1706 2109 1741 afficiunt.

1128 1751 1308 1785 Praeterea
1347 1764 1426 1785 cum
1464 1754 1526 1787 diu
1557 1754 1659 1786 anxie
1689 1754 1949 1795 clamaverunt,
1993 1764 2108 1790 tamen

1125 1802 1235 1834 animi
1248 1803 1502 1837 tumultuantes
1513 1816 1551 1837 ac
1564 1804 1776 1847 trepidantes
1789 1806 1979 1850 disputant,
1996 1806 2110 1841 Deum

1125 1864 1198 1884 non
1231 1864 1353 1885 curare
1385 1855 1552 1895 gemitus,
1584 1854 1774 1899 lacrymas,
1809 1856 1980 1890 clamores
2006 1858 2109 1891 invo-

1124 1902 1296 1941 cantium,
1324 1915 1395 1935 non
1415 1905 1529 1936 valere
1546 1915 1607 1936 nec
1625 1905 1731 1947 recipi
1748 1916 1826 1938 suas
1842 1918 1958 1950 preces
1971 1933 1978 1947 ‚
2007 1908 2105 1941 ideo-

1122 1964 1190 1990 que
1209 1964 1279 1984 non
1297 1961 1493 1995 exspectant
1517 1966 1534 1986 a
1554 1952 1636 1986 Deo
1659 1955 1840 1989 auxilium.
1893 1956 2011 1999 Quare
2028 1965 2106 1991 tan—

1121 2004 1199 2034 dem
1232 2000 1394 2035 horribili
1424 2004 1568 2037 fremitu
1597 2005 1798 2039 irascuntur
1828 2014 1861 2041 et
1890 2008 2105 2042 maledicunt

1119 2051 1207 2088 Deo.

1221 2101 1298 2135 Iloc
1315 2102 1421 2145 igitur
1438 2103 1515 2136 loco
1533 2110 1666 2138 tantum
1684 2106 1727 2139 de
1743 2106 1832 2140 vivis
1847 2119 1885 2141 ac
1897 2109 1987 2142 veris
1997 2107 2103 2142 Chri-

1119 2152 1161 2185 sti
1178 2153 1360 2193 membris,
1386 2154 1498 2198 deque
1515 2155 1653 2200 piorum
1671 2168 1709 2189 ac
1724 2163 1923 2191 sanctorum
1942 2160 2102 2193 afflictio—

1120 2203 1224 2236 nibus
1243 2205 1347 2235 verba
1367 2204 1542 2240 faciemus,

1219 2251 1314 2286 Deus
1337 2251 1528 2287 Ecclesiam
1556 2267 1653 2288 suam
1679 2256 1825 2290 subiecit
1851 2259 1962 2299 cruci,
1996 2261 2100 2293 adeo-

1119 2313 1186 2346 que
1209 2303 1344 2336 duriter
1367 2312 1516 2344 exercet,
1543 2313 1580 2339 ut
1606 2307 1661 2339 vix
1685 2307 1757 2339 ullo
1778 2315 1931 2351 tempore
1953 2321 2023 2342 non
2041 2323 2099 2343 ex-

1119 2351 1273 2395 periatur
1301 2354 1359 2387 illa
1394 2355 1547 2397 insignes
1576 2367 1615 2388 ac
1642 2357 1853 2400 miiltiplices
1877 2358 2097 2399 calamitates,

1117 2403 1176 2435 scd
1200 2403 1289 2436 idem
1314 2412 1442 2438 tantam
1461 2406 1588 2438 molem
1609 2406 1826 2440 miseriarum
1846 2409 2095 2443 inaestimabili

1116 2452 1270 2488 bonitate
1293 2455 1342 2487 sic
1367 2455 1502 2498 mitigat
1525 2463 1557 2489 et
1581 2456 1685 2495 lenit,
1713 2465 1749 2490 ut
1774 2458 1882 2503 aliqui
1902 2466 2014 2492 tamen
2032 2458 2095 2493 lio-

1116 2503 1227 2537 mines
1252 2512 1412 2538 maneant
1440 2505 1474 2537 in
1500 2506 1566 2539 vita
1592 2508 1808 2550 superstites,
1836 2509 1964 2553 quibus
1982 2518 2009 2542 et
2032 2512 2094 2543 bo-

1115 2565 1194 2586 nam
1221 2555 1456 2588 valetudinem
1479 2562 1512 2589 et
1532 2557 1659 2590 victum
1680 2558 1843 2600 largitur,
1872 2572 1941 2603 qno
1959 2560 2094 2594 labores

1113 2605 1341 2638 vocationum
1365 2606 1532 2649 perferre,
1558 2619 1596 2639 ac
1620 2608 1750 2640 servire
1774 2615 1806 2641 et
1831 2611 1991 2652 prodesse
2015 2624 2094 2653 pos-

1112 2653 1182 2689 si'nt
1205 2656 1301 2694 aliis,
1330 2656 1423 2689 iuxta
1445 2657 1574 2690 dictum
1596 2656 1741 2691 Psalmi:
1769 2658 1850 2692 Non
1869 2662 1997 2694 mortui
2017 2662 2093 2695 lau-
