2409 2915
285 100 360 140 385

286 197 381 225 satur
405 184 568 221 diabolus
591 181 758 215 adversus
771 177 984 220 Ecclesiam,
1018 183 1051 210 et
1077 182 1158 210 sunt
1182 176 1267 209 assi-

287 242 348 276 dui
369 237 543 272 tumultus
561 233 597 265 in
625 230 775 270 mundo,
809 228 938 273 quibus
961 225 1109 260 liuinani
1132 226 1268 270 generis

288 295 424 336 peccata
441 286 577 320 assidua
596 280 815 315 horribiliter
841 279 1054 322 puniuntur,
1090 278 1182 310 inter
1206 277 1269 309 lios

289 339 461 376 tumultus
486 341 600 370 servat
625 332 720 367 Deus
743 328 936 364 Ecclesiam
961 340 1081 370 snam,
1113 335 1152 362 ut
1175 335 1271 361 stan-

289 401 358 427 tem
382 390 418 422 in
444 387 533 420 mari
558 385 667 418 rubro
693 381 862 415 servabat.
921 377 967 413 Et
992 385 1109 412 manet
1133 390 1270 422 corpus,

290 440 427 476 etiamsi
443 438 559 482 aliqua
577 434 734 468 membra
750 431 992 469 trucidantur,
1005 436 1045 463 ut
1061 435 1177 462 manet
1200 428 1270 462 Da-

288 492 380 525 vidis
397 489 585 525 exercitus,
612 482 748 518 etiamsi
773 480 883 526 aliqui
910 481 1038 514 milites
1063 480 1272 524 praeliantes

290 541 568 578 interficiuntur,
605 535 686 580 quia
710 541 747 566 nt
771 532 873 564 toties
899 531 1030 564 dictum
1054 538 1122 571 est,
1157 527 1272 562 adbuc

288 593 442 628 subiecta
461 596 510 622 est
529 587 623 620 cruci
639 582 806 618 Ecclesia.

390 641 557 683 Magnam
576 637 683 680 igitur
701 632 976 667 consolationem
993 636 1272 676 proponuntno·

290 695 344 729 bis
363 690 428 725 hae
448 687 704 734 promissiones.
758 683 936 727 Angiinur
952 683 989 716 in
1009 683 1114 717 tantis
1140 679 1272 714 tumul-

289 746 384 780 tibus
411 739 660 785 imperiorum,
688 736 730 768 de
752 736 832 768 sede
849 732 1044 776 Ecclesiae,
1072 733 1114 766 de
1130 731 1272 765 studiis:

288 795 350 829 etsi
367 800 483 826 autern
501 789 570 823 alia
585 795 742 831 tempora
764 785 843 819 aliis
866 793 947 819 sunt
970 782 1215 828 tranquilliora
1241 787 1273 814 et

289 845 445 879 feliciora
457 867 466 881 ‚
492 848 610 874 tamen
628 838 798 877 sciamus,
825 836 939 868 sedem
957 833 1134 868 Ecclesiae
1152 839 1184 865 et
1200 839 1274 865 stu-

289 897 429 930 diorum
447 891 522 926 Deo
539 901 641 924 curae
668 889 827 921 futurum
855 897 943 926 csse,
970 885 1173 927 ubicunque
1196 883 1273 923 erit,

288 954 327 981 ut
345 947 381 979 in
402 942 504 978 Esaia
519 941 662 974 dicitur:
692 937 733 970 ln
749 944 849 971 utero
866 948 942 969 meo
960 934 1164 979 portamini.
1208 932 1271 967 Se-

290 1002 488 1031 nescentem
506 990 697 1025 Ecclesiam
712 987 870 1031 portabo.
913 986 1015 1019 ltem:
1034 983 1181 1018 Etiamsi
1197 996 1271 1016 ma-

290 1057 343 1083 ter
373 1044 665 1080 obliviscerentur
695 1038 759 1070 filii
792 1037 867 1077 sui,
901 1049 962 1080 ego
988 1048 1061 1069 non
1085 1034 1274 1068 obliviscar

291 1099 363 1138 tui,
398 1093 530 1140 pugillo
561 1100 684 1124 manus
718 1099 815 1121 meae
851 1088 1060 1132 complectar
1095 1093 1139 1119 te.
1200 1083 1274 1117 Has

289 1146 547 1183 consolationes
570 1153 670 1185 saepe
695 1139 799 1173 nobis
823 1150 1082 1183 proponamus,
1115 1142 1156 1169 ut
1180 1136 1273 1169 bona

289 1212 367 1233 cum
387 1209 446 1241 spe
463 1203 692 1240 propagemus
716 1190 934 1231 doctrinam,
967 1195 999 1222 et
1023 1188 1090 1222 fide
1113 1193 1274 1231 petamus

290 1249 374 1284 llaec
394 1250 486 1281 bona
502 1258 519 1278 a
538 1244 624 1277 Deo.

392 1306 513 1341 Tertia
533 1303 640 1345 igitur
663 1311 764 1334 causa
791 1306 857 1339 est,
892 1310 954 1331 cur
978 1295 1044 1330 bae
1069 1296 1275 1341 promissio—

291 1372 352 1394 nes
371 1357 518 1392 traditae
543 1355 632 1390 sint‚
659 1357 699 1385 ut
723 1351 794 1384 sint
818 1349 981 1382 exercitia
1006 1348 1085 1380 fidei
1114 1354 1145 1380 et
1173 1347 1275 1378 invo-

291 1409 455 1445 cationis:
488 1405 563 1438 vult
581 1402 676 1437 Deus
702 1414 736 1434 se
753 1400 893 1444 agnosci
919 1411 980 1443 per
1006 1397 1276 1431 invocationem.

292 1461 377 1495 Ideo
411 1458 518 1491 multa
551 1452 754 1500 proposuit,
787 1462 874 1496 quae
898 1461 962 1482 nos
985 1450 1028 1482 de
1052 1448 1275 1481 invocatione

291 1513 516 1545 admoneant.
581 1503 747 1538 Tradidit
775 1501 1027 1546 promissiones
1061 1499 1208 1543 gratiae,
1244 1505 1276 1532 et

289 1561 541 1596 beneficiorum
561 1554 815 1599 corporalium,
839 1559 870 1585 et
887 1551 978 1584 vitae
995 1557 1173 1589 aeternae,
1201 1549 1275 1582 vult

291 1625 356 1646 nos
375 1613 415 1645 ad
439 1622 473 1643 se
490 1608 692 1648 confugere,
720 1604 823 1637 etiam
843 1614 921 1635 cum
941 1614 957 1634 a
977 1608 1048 1635 tota
1067 1613 1184 1634 rerum
1212 1611 1276 1632 na-

291 1673 368 1698 tura
387 1659 515 1696 deserti
533 1665 565 1691 et
581 1654 727 1701 proiecti
746 1653 919 1687 videmur.
972 1651 1072 1686 Sicut
1088 1650 1202 1683 David
1221 1650 1277 1682 in-

291 1715 382 1760 quit:
410 1712 514 1746 Pater
530 1715 562 1742 et
582 1713 692 1740 mater
712 1703 902 1749 dereliquit
922 1715 996 1740 me,
1023 1701 1198 1737 Dominus
1216 1713 1278 1734 au-

296 1774 364 1800 tem
384 1761 534 1806 suscepit
557 1771 621 1792 me.

636 1842 658 1866 D
679 1847 693 1864 c
729 1847 744 1870 q
765 1846 782 1864 u
802 1844 818 1862 a
838 1845 851 1862 r
870 1839 880 1862 t
905 1843 928 1862 o.

535 1892 606 1932 Quo
631 1891 747 1921 ordine
770 1890 838 1918 sint
859 1885 1034 1926 petendae.

395 1952 498 1987 Ordo
529 1952 566 1984 in
592 1949 686 1982 dicto
711 1945 843 1980 Cbristi
870 1945 961 1978 clare
986 1943 1189 1988 propositus
1214 1949 1281 1976 est:

293 2007 452 2042 Primum
471 2001 627 2048 quaerite
646 2010 790 2042 regnum
810 1995 894 2037 Dei,
911 2002 944 2029 et
959 2001 1092 2028 caetera
1110 1994 1280 2027 adiicien-

293 2066 352 2093 tur
380 2055 490 2089 vobis.
560 2051 676 2085 Prima
700 2049 743 2082 sit
767 2060 866 2088 cura,
900 2054 937 2081 ut
963 2044 1037 2079 Deo
1062 2045 1280 2083 obediamus,

294 2108 509 2143 celebremus
526 2115 602 2136 cum
624 2112 704 2133 vera
730 2099 898 2132 discendo
925 2104 958 2130 et
979 2097 1152 2130 docendo.
1205 2095 1279 2128 lmo

295 2160 400 2193 etiam
422 2157 574 2201 primuni
595 2159 773 2196 petamus,
801 2156 838 2182 ut
853 2149 1021 2182 accendat
1039 2147 1074 2179 in
1093 2147 1197 2179 nobis
1221 2158 1281 2179 ve-

296 2223 370 2244 ram
395 2210 505 2242 lucein
533 2203 667 2248 Spiritu
695 2207 813 2234 sancto
841 2211 903 2232 suo
930 2205 1072 2242 propter
1087 2195 1281 2233 Christum,

297 2262 382 2294 sicut
402 2256 628 2303 praecipitur:
656 2252 786 2291 Petite,
813 2257 845 2283 et
865 2249 1052 2293 accipietis,
1106 2249 1142 2281 Si
1166 2246 1281 2281 bomi-

297 2324 357 2345 nes
378 2315 519 2355 possunt
541 2308 632 2339 bona
649 2306 731 2336 dare
757 2301 981 2340 bominibus,
1017 2306 1147 2345 quanto
1174 2299 1284 2342 inagis

299 2370 395 2407 pater
413 2358 569 2394 con-lestis
585 2355 682 2388 dabit
700 2354 872 2397 Spiritum
888 2358 1048 2385 sanctum
1064 2350 1285 2395 petentibus?

400 2421 457 2452 Sir
482 2426 512 2450 et
535 2415 650 2449 David
681 2421 856 2456 promturz
897 2410 964 2443 Fac
990 2422 1067 2443 cum
1095 2421 1196 2442 servo
1223 2417 1283 2442 tuo

300 2473 492 2506 secundnm
511 2464 784 2500 misericordi-un
817 2470 931 2501 tuam,
961 2469 992 2495 et
1022 2461 1283 2493 iustificationes

304 2533 380 2556 tuas
399 2527 484 2553 «lore
502 2533 565 2551 πω,

401 2573 456 2605 Sic
476 2579 505 2603 et
524 2570 692 2601 &domno
715 2566 897 2601 landatur,
928 2565 1020 2608 qnod
1043 2563 1194 2608 pritnnin
1221 2573 1280 2604 pe·

299 2625 375 2657 nisit
403 2622 625 2666 sapientiam,
665 2626 692 2650 et
719 2616 879 2649 additur:
921 2615 1001 2648 ldeo
1021 2615 1122 2648 etiam
1141 2613 1282 2645 ‹lixitias

879 89 1005 127 PHlL.
1034 88 1148 126 MEL.
1179 86 1390 125 SCRIPTA
1417 86 1718 125 EXEGETICA.

2229 87 2303 123 336

1421 172 1468 209 Et
1492 174 1661 211 Proverb.
1686 175 1746 210 30.
1771 172 1970 207 ostenditur
1991 172 2096 207 ordo:
2139 171 2218 206 Duo
2241 185 2300 206 ro-

1320 225 1399 269 gavi
1423 232 1475 267 te,
1508 226 1698 260 vanitatem
1716 231 1750 259 et
1767 223 1988 257 mendacium
2005 223 2109 266 longe
2126 222 2259 266 depelle
2282 235 2301 257 a

1322 288 1388 312 ine.
1449 275 1726 310 Mendacitatem
1752 282 1784 309 et
1808 274 1953 307 divitias
1974 286 2019 307 ne
2044 273 2181 307 dederis
2204 271 2304 310 milii.

1321 325 1364 360 Et
1381 338 1499 360 causas
1516 327 1639 360 recitat
1651 353 1659 367 ‚
1685 338 1748 359 cur
1764 325 2041 359 mediocritatem
2060 330 2168 368 optat.
2211 321 2304 366 Quia

1322 377 1482 421 opulenti
1499 377 1638 411 facilius
1655 375 1839 419 indulgent
1856 375 1972 420 pravis
1989 374 2252 419 cupiditatibuS‚
2271 380 2305 408 et

1323 428 1416 462 inter
1446 427 1642 472 voluptates
1671 427 1930 460 obliviscuntur
1952 424 2039 467 Dei,
2080 433 2114 460 et
2136 424 2304 470 paulatim

1324 478 1460 522 langius
1489 485 1609 513 ruunt.
1662 477 1762 512 Sicut
1785 475 1910 512 Ezeeh.
1941 476 2000 511 16.
2027 477 2175 511 dicitur:
2210 473 2306 508 Haec

1324 529 1392 563 fuit
1420 529 1589 573 iniquitas
1614 527 1808 569 Sodomae,
1842 527 2024 572 superbia,
2059 527 2222 561 saturitas
2247 537 2307 569 pa-

1325 581 1399 620 nis,
1432 579 1667 619 abundantia,
1699 579 1836 618 ocium,
1871 585 1904 612 et
1927 590 2072 611 manum
2097 576 2209 621 egenti
2235 586 2307 609 non

1325 630 1563 675 porrigebant.
1618 629 1700 663 ldeo
1720 628 1844 662 elevati
1861 635 1962 668 sunt,
1989 635 2021 662 et
2044 629 2202 662 feceruut
2224 627 2308 660 abo-

1327 681 1550 714 minationes.
1604 679 1650 714 Et
1668 680 1741 713 noti
1760 686 1842 713 sunt
1862 679 2042 713 versiculi:

1364 739 1527 768 Luxuriant
1550 738 1636 766 animi
1659 739 1744 766 rebus
1766 737 1933 776 plerunque
1956 737 2100 772 secundis,

1409 781 1473 809 Nec
1494 780 1581 809 facile
1603 787 1647 809 est
1669 789 1763 819 acqua
1787 780 1936 808 commoda
1959 786 2058 809 mente
2081 779 2149 817 pati.

1327 832 1434 866 ltem:

1367 892 1489 920 Pectora
1513 891 1582 919 dum
1605 890 1750 928 gaudent,
1773 899 1828 919 nec
1850 896 1917 918 sunt
1940 891 2074 918 abstricta
2098 889 2199 918 dolore

1410 933 1475 971 lpsa
1499 938 1618 970 patent,
1650 933 1757 960 blanda
1780 940 1848 960 tunc
1871 933 1946 961 subit
1967 939 2029 960 arte
2053 932 2163 961 Venus.

1325 985 1406 1019 Ideo
1425 984 1595 1018 Salomon
1630 995 1703 1016 non
1730 983 1814 1027 petit
1839 984 2080 1027 opulentiam,
2115 984 2172 1016 sed
2198 989 2312 1017 tamen
2359 979 2364 983 ”

1325 1036 1411 1079 petit
1443 1034 1633 1068 necessaria
1664 1034 1792 1071 victui,
1834 1041 1874 1068 ut
1906 1041 2017 1068 textus
2049 1034 2222 1079 loquitur,
2270 1046 2314 1067 ne

1325 1088 1417 1120 furta
1434 1093 1489 1120 aut
1518 1085 1672 1129 periuria
1692 1085 1919 1119 committam.
1970 1084 2059 1118 Nam
2077 1092 2115 1119 ut
2131 1085 2311 1128 opulentia

1325 1138 1389 1172 alit
1405 1137 1612 1180 voluptates,
1627 1135 1676 1169 sic
1695 1142 1848 1173 econtra,
1865 1140 1995 1179 egestas
2013 1135 2142 1169 multos
2161 1136 2311 1180 impellit

1326 1190 1370 1222 ad
1388 1188 1496 1221 malas
1513 1195 1615 1221 artes.

1427 1238 1523 1272 Haec
1541 1237 1693 1281 pericula
1708 1236 1924 1280 prospiciant
1942 1234 2109 1270 honestae
2126 1243 2259 1270 mentes
2280 1236 2316 1269 in

1327 1296 1475 1334 utraque
1500 1294 1616 1333 parte,
1649 1293 1690 1320 ut
1716 1293 1837 1334 petant
1863 1299 1881 1319 a
1906 1286 1984 1320 Deo
2011 1287 2224 1328 necessaria,
2257 1287 2317 1320 sed

1327 1340 1471 1380 ordine,
1499 1346 1537 1372 ut
1556 1338 1689 1371 dictum
1709 1344 1769 1370 est.
1812 1336 1931 1372 Sciant
1949 1338 2050 1375 item,
2079 1349 2156 1370 cnm
2175 1335 2239 1371 hac
2256 1350 2318 1383 pe-

1328 1392 1452 1425 titione
1483 1389 1691 1422 facultatum
1722 1388 1891 1431 postulari
1925 1389 2082 1421 laborem
2118 1385 2318 1427 honestum,

1328 1443 1421 1476 iuxta
1442 1439 1675 1477 vocationem,
1690 1438 1779 1472 sicut
1795 1450 1896 1482 saepe
1914 1439 2140 1487 praecipitur,
2163 1439 2194 1473 1.
2207 1437 2315 1474 Thes.

1327 1492 1380 1526 4.:
1411 1489 1656 1525 Adhortamur
1682 1501 1762 1528 vos,
1790 1497 1828 1523 ut
1845 1490 1880 1522 iu
1908 1487 1973 1523 hac
1998 1502 2035 1523 re
2062 1489 2256 1528 excelletis,
2284 1498 2318 1524 et

1327 1543 1512 1576 ambitiose
1532 1538 1598 1574 hoc
1615 1540 1740 1584 agatis,
1769 1540 1931 1574 videlicet
1950 1541 2100 1574 retinere
2116 1541 2320 1586 tranquilli-

1328 1601 1451 1634 tatem,
1483 1600 1515 1626 et
1539 1592 1651 1625 facere
1676 1591 1862 1638 proprium
1887 1591 2061 1632 officium,
2094 1598 2125 1625 et
2158 1592 2320 1625 laborare

1329 1644 1493 1677 manibus
1513 1642 1647 1676 vestris.
1703 1640 1798 1675 Haec
1815 1642 1931 1675 brevis
1947 1641 2119 1676 sententia
2145 1642 2246 1687 plena
2270 1649 2321 1677 est

1331 1695 1492 1739 politicae
1523 1692 1733 1737 sapientiae,
1767 1699 1801 1726 et
1831 1692 2020 1735 diligenter
2054 1693 2320 1730 consideranda.

1330 1745 1419 1779 Nam
1442 1744 1608 1778 omnibus
1629 1743 1830 1778 civitatibus
1854 1743 2002 1776 maxime
2020 1743 2215 1790 periculosa
2238 1751 2322 1778 sunt

1332 1796 1472 1839 ingenia
1498 1794 1654 1839 inquieta
1684 1801 1716 1827 et
1741 1791 2086 1841 πολυπραγμοιίκὰ.
2147 1793 2194 1829 Ut
2219 1795 2322 1829 multi

1331 1855 1431 1888 sunt,
1458 1846 1519 1891 qui
1538 1845 1618 1890 quia
1636 1842 1763 1877 babent
1782 1844 1920 1887 ingenia
1939 1844 2110 1889 inquieta,
2138 1846 2248 1879 multa
2268 1857 2323 1879 re-

1332 1910 1409 1941 gere
1437 1902 1626 1933 conantur,
1654 1901 1685 1928 et
1712 1895 1871 1929 condunt
1893 1895 2020 1928 multas
2044 1907 2152 1929 novas
2174 1897 2322 1930 ordina-

1333 1949 1465 1987 tiones,
1491 1947 1619 1979 deinde
1637 1957 1699 1979 nec
1719 1953 1861 1979 manent
1879 1946 1970 1979 intra
1991 1954 2099 1980 metas
2124 1947 2177 1980 sui
2203 1947 2324 1988 officii,

1332 2007 1363 2032 et
1386 1998 1562 2041 attingunt
1583 1997 1709 2030 aliena.
1764 1996 1822 2030 Sic
1840 1996 2038 2030 Alcibiades
2063 2004 2095 2030 et
2115 1996 2323 2032 Demosthe·

1333 2062 1393 2084 nes
1419 2054 1619 2082 everterunt
1635 2045 1804 2083 Athenas.
1858 2046 2016 2081 Tantum
2034 2048 2128 2081 enim
2148 2049 2227 2082 ideo
2246 2061 2322 2082 mo—

1333 2107 1458 2134 verunt
1482 2112 1554 2132 non
1580 2099 1794 2132 necessarios
1818 2099 2008 2139 tumultus,
2042 2099 2122 2145 qnia
2150 2097 2325 2135 habebant

1334 2159 1477 2185 naturas
1496 2149 1682 2196 inquietas.
1737 2148 1817 2183 ldeo
1845 2150 2012 2194 praecipit
2040 2149 2188 2192 Paulus,
2216 2158 2255 2185 ut
2277 2151 2325 2185 si-

1334 2215 1411 2236 mus
1428 2202 1558 2247 quieti,
1585 2213 1657 2234 non
1678 2201 1893 2242 turbulenti,
1918 2201 1950 2233 id
1972 2208 2036 2244 est,
2065 2199 2156 2234 nihil
2176 2202 2242 2235 nisi
2263 2213 2324 2235 ne-

1334 2253 1477 2288 cessaria
1498 2263 1718 2289 moveamus,
1746 2250 1835 2284 niliil
1862 2259 1954 2284 extra
1976 2252 2191 2285 vocatiouem
2212 2259 2324 2286 tente-

1335 2317 1420 2338 mus.
1447 2304 1579 2337 Seneca
1599 2303 1718 2336 recitat
1736 2315 1774 2335 ex
1793 2301 1926 2335 Catone
1941 2303 2091 2336 dictum:
2129 2300 2236 2336 Emas
2251 2316 2323 2337 non

1334 2358 1426 2401 quod
1446 2366 1534 2399 iuius
1551 2360 1597 2387 est
1613 2381 1621 2393 ,
1645 2355 1703 2386 scd
1722 2355 1815 2398 qnod
1837 2364 1973 2385 necesse
1991 2361 2053 2386 est.
2091 2352 2187 2386 Idem
2210 2354 2245 2387 in
2263 2367 2325 2388 ne-
2371 2366 2374 2401 j

1334 2407 1441 2450 gociis
1459 2413 1627 2439 servetur.
1682 2403 1760 2437 Non
1778 2404 1890 2436 solnm
1909 2404 1994 2450 quid
2019 2405 2126 2447 prosit
2151 2412 2212 2439 aot
2237 2417 2325 2450 opus

1334 2459 1376 2491 sit
1403 2465 1615 2499 spen-trinus„
1643 2456 1700 2487 sed
1725 2455 1808 2499 qnid
1839 2466 1975 2487 necesse
2008 2455 2049 2488 sit
2077 2456 2220 2490 moveri.
2283 2455 2326 2491 Et

1335 2510 1425 2553 apud
1447 2505 1687 2552 'l'lincydiden
1708 2506 1857 2541 dicitur,
1885 2512 2048 2553 oportere
2064 2518 2135 2539 esse
2152 2514 2324 2541 amantem
2369 2537 2371 2543 Α

1335 2557 1616 2603 tranquillitatis
1646 2564 1676 2589 et
1696 2564 1873 2589 tuncrum
1896 2569 2032 2590 neco-sse
2049 2565 2096 2590 est
2114 2558 2249 2603 aliquid
2268 2570 2326 2602 ge·
2370 2578 2371 2594 1

1336 2624 1409 2643 rere
1429 2622 1562 2645 acrem.
1592 2620 1661 2641 non
1680 2608 1922 2641 tnrliuleutnin
1949 2608 1983 2640 in
2013 2610 2204 2643 movendo.
2234 2617 2263 2643 et
2291 2610 2326 2643 in

1336 2662 1472 2704 agendo
1490 2671 1643 2701 segnem.
