2409 2915
280 91 325 125 71

281 186 355 207 non
377 180 426 207 est
450 171 604 206 hominis
625 170 680 202 via
705 168 799 206 eius,
826 167 862 200 id
884 173 952 208 est,
986 166 1134 201 vocatio.
1185 166 1266 200 Non

283 225 377 258 enim
396 224 498 262 dicit,
527 220 625 256 Nihil
643 230 743 262 agere
761 215 940 259 homines,
966 219 1026 251 sed
1043 218 1119 252 sine
1135 218 1267 251 auxilio

283 274 367 314 Dei,
397 285 510 318 neque
527 270 672 306 consilia
690 280 805 314 neque
820 268 975 302 actiones
990 269 1107 302 felices
1125 280 1210 302 esse.

385 332 530 375 Semper
546 330 653 374 igitur
667 326 758 361 hanc
774 328 929 371 regulam
948 328 1150 361 intueamur
1161 353 1170 367 ‚
1197 327 1269 361 Ne-

286 383 431 417 cessaria
462 389 495 415 et
528 379 727 425 praesentia
751 386 842 413 recte
867 378 1025 411 facienda
1053 390 1143 419 esse,
1180 390 1268 424 quae

285 434 437 478 postulat
453 432 559 465 officii
577 430 679 471 ratio,
697 436 729 463 et
745 442 763 463 a
775 428 849 462 Deo
867 429 1057 471 petendum
1077 440 1149 461 esse
1169 429 1268 463 auxi-

286 485 372 517 linm
384 511 392 523 ,
414 495 459 516 ne
476 482 597 516 confisi
614 480 743 514 nostris
761 479 896 511 viribus
912 485 974 512 aut
989 479 1093 513 stulta
1115 491 1174 523 spe
1194 492 1270 513 mo-

285 545 428 568 veamus
451 545 524 567 non
547 531 757 569 necessaria,
783 529 873 562 sicut
888 528 1033 563 Periclis
1058 531 1170 564 movit
1190 531 1271 563 bel-

284 586 359 619 lum
388 596 462 617 non
487 582 719 616 necessarium
742 579 919 613 levissima
943 592 1062 620 causa,
1095 593 1184 625 quae
1209 593 1271 614 ne-

285 635 367 679 gligi
403 635 536 678 potuit,
570 638 609 665 ut
634 637 718 663 tunc
746 642 888 675 quoque
919 631 1022 664 multi
1053 631 1270 665 iudicabant.

285 686 487 720 Alcibiades
515 681 650 715 traiecit
678 680 906 714 in'Siciliam
941 681 1017 714 sine
1057 682 1271 716 necessitate.

285 734 469 770 Hannibal
488 732 662 767 Romanis
677 731 947 765 intulit.bellum
965 732 1041 764 sine
1059 733 1270 766 necessitate.

286 785 477 829 Pompeius
502 789 638 828 poterat
665 781 816 815 retinere
834 794 953 825 pacem
971 781 1129 816 honestis
1148 785 1272 816 condi-

285 836 456 870 tionibus.
519 833 614 868 Haec
638 833 729 867 bella
753 834 871 865 omnia
898 833 1098 867 civitatibus
1124 833 1271 867 istorum

286 886 439 920 exitialia
463 886 618 920 fuerunt.
671 882 818 918 Carolus
833 883 1049 927 Burgundus
1075 885 1150 918 sine
1171 897 1273 918 causa

286 938 409 971 intulit
426 937 558 970 bellum
573 932 792 978 Lotharingo
808 941 842 968 et
857 934 1046 973 Helvetiis,
1076 935 1112 967 in
1131 947 1201 980 quo
1219 937 1274 968 in-

285 988 433 1022 feliciter
450 987 622 1020 dimicans
635 987 672 1019 in
689 985 760 1018 acie
777 985 980 1019 interfectus
998 992 1058 1019 est.
1111 985 1274 1031 Denique

286 1038 495 1082 regulariter
523 1037 646 1070 infelix
681 1043 733 1070 est
756 1033 1118 1084 πολυπραγμοσύνη,
1154 1037 1187 1070 id
1215 1044 1276 1078 est,

285 1090 399 1122 facere
433 1101 506 1121 non
540 1087 733 1121 necessaria
764 1087 868 1120 stulta
898 1099 976 1132 spe,
1011 1088 1101 1121 sicut
1130 1088 1275 1122 dicitur:

287 1136 439 1184 μάταιοι
457 1135 600 1183 μάταια
617 1135 827 1185 λογίζονται
843 1135 886 1172 δι’
907 1136 1122 1183 ἐπιθυμίας.

365 1205 438 1239 Has
454 1205 716 1240 admonitiones
730 1205 768 1237 in
779 1204 848 1238 vita
866 1205 1090 1238 considerare
1108 1205 1195 1238 utile
1217 1212 1278 1245 est,

287 1258 331 1291 ad
352 1268 438 1302 quas
461 1257 566 1290 etiam
591 1256 742 1300 pertinet
758 1253 892 1290 Christi
914 1257 1067 1290 dictum:
1094 1254 1278 1289 Crastinus

288 1308 363 1341 dies
387 1319 452 1352 pro
477 1318 551 1340 sese
573 1306 731 1340 solicitus
746 1306 822 1342 erit.
876 1306 1014 1341 Sufficit
1041 1307 1111 1340 diei
1134 1307 1278 1340 afflictio

289 1370 368 1399 sua,
395 1358 432 1391 id
448 1364 517 1398 est,
543 1357 648 1391 facito
672 1356 866 1390 necessaria
892 1357 929 1390 in
945 1357 1160 1405 praesentia,
1188 1369 1278 1402 quae

288 1421 351 1454 per
369 1420 441 1442 sese
460 1408 543 1442 satis
560 1405 693 1442 habent
717 1407 964 1441 difficultatum
977 1433 986 1446 ,
1014 1414 1047 1441 et
1065 1420 1137 1441 non
1157 1420 1280 1441 cumu-

289 1461 339 1494 les
355 1459 580 1493 difficultates
598 1459 697 1492 inani
714 1458 988 1493 ratiocinatione
1005 1466 1038 1493 et
1055 1459 1280 1492 solicitudine

290 1512 333 1544 de
349 1511 454 1544 rebus
470 1510 608 1544 futuris.

340 1608 464 1646 Grave
491 1614 540 1643 est
569 1620 724 1648 saxum,
754 1613 784 1642 el
817 1605 1023 1654 ponderosa
1058 1621 1192 1643 arena:
1218 1607 1285 1644 sed

395 1660 452 1693 ira
477 1658 586 1693 stulti
601 1659 756 1704 gravior
775 1663 825 1691 est
843 1663 998 1704 utraque
1016 1671 1062 1691 re.

392 1733 503 1778 Saepe
529 1732 714 1776 cogitanda
745 1737 827 1765 sunt
860 1731 1065 1764 discrimina
1090 1732 1280 1765 sententia-

289 1797 381 1821 rum.
443 1784 545 1818 Aliae
577 1795 736 1828 expresse
777 1782 998 1827 praecipiunt
1026 1783 1181 1828 aliquid,
1222 1789 1280 1817 aut

291 1834 502 1881 prohibent,
530 1835 618 1868 aliae
633 1841 713 1867 sunt
730 1834 981 1878 promissiones
1003 1841 1064 1867 aut
1084 1834 1279 1867 commina-

291 1887 405 1921 tiones
430 1886 591 1924 divinae,
619 1885 708 1918 aliae
733 1891 878 1918 narrant
904 1882 1074 1918 Eventus.
1130 1883 1205 1917 Hae
1233 1885 1279 1917 si-

293 1937 367 1971 mul
385 1944 473 1971 tecte
495 1943 657 1977 monent,
690 1937 868 1981 quomodo
901 1936 1068 1968 adversus
1094 1947 1152 1969 eos
1175 1948 1280 1968 even-

294 1995 350 2022 tus
367 1988 549 2021 muniendi
565 1988 636 2020 sint
654 1987 775 2019 animi.
829 1986 879 2020 lta
899 1983 982 2020 haee
1005 1987 1178 2020 sententia
1200 1999 1279 2019 uar-

293 2040 383 2074 ratio
400 2046 449 2072 est
465 2039 508 2071 de
528 2045 676 2077 eventu,
705 2036 866 2070 videlicet
888 2039 930 2069 de
953 2038 1132 2070 communi
1156 2039 1280 2071 morbo

295 2091 509 2129 multorum,
536 2089 595 2133 qni
620 2095 701 2121 sunt
721 2087 980 2125 iracundiores,
1007 2094 1040 2121 et
1065 2088 1182 2120 minus
1206 2088 1280 2132 pla-

294 2142 433 2175 cabiles.
485 2140 590 2173 'l'ales
610 2140 688 2173 irati
707 2139 903 2183 plerunque
926 2145 1008 2171 sunt
1025 2139 1085 2183 qni
1110 2146 1191 2172 sunt
1210 2146 1281 2172 sto-

295 2193 439 2225 lidiores
462 2199 494 2225 ct
520 2191 774 2235 imperitiores,
800 2191 860 2235 qui
884 2202 954 2222 non
979 2190 1202 2223 considerant
1227 2190 1280 2223 iu-

295 2243 492 2276 firmitatem
512 2240 698 2275 bominum
712 2269 720 2282 ,
734 2249 766 2275 et
785 2254 856 2273 non
873 2241 1026 2283 cogitant
1038 2268 1047 2280 ,
1064 2242 1172 2274 multa
1191 2241 1279 2274 alio-

296 2306 374 2327 rum
391 2301 502 2327 errata
517 2294 648 2336 placid«-
668 2294 847 2326 toleranda
865 2299 896 2325 ct
913 2294 1070 2325 sananda
1088 2304 1170 2325 esse.
1200 2291 1280 2325 ideo

296 2346 426 2379 dictum
446 2351 510 2377 est:
534 2343 888 2388 imperitonnnqnam
908 2343 1096 2389 quicquam
1116 2344 1281 2377 iniustius

297 2404 356 2431 est.
397 2395 465 2428 Sed
487 2401 525 2428 nt
545 2395 578 2427 in
598 2395 669 2428 Deo
690 2395 817 2428 eminet
837 2395 994 2431 bonitas.
1015 2401 1047 2428 et
1068 2395 1189 2428 tolerat
1210 2395 1280 2439 ipse

297 2447 332 2479 in
360 2447 429 2479 suis
447 2458 587 2491 quoqne
608 2447 738 2479 1111111115
755 2447 914 2482 morbos.
943 2453 974 2479 et
996 2447 1179 2490 praeripit:
1211 2446 1279 2479 tiv-

297 2498 422 2529 minine
447 2504 475 2529 et
502 2498 697 2529 remitto-tur
720 2497 831 2530 vohis.
894 2496 940 2529 lta
972 2498 1146 2540 sapientes
1171 2498 1280 2539 magis

297 2548 436 2579 flectunt
456 2549 590 2580 animos
609 2550 649 2580 ad
670 2548 880 2586 bonitatem,
907 2554 937 2580 et
955 2549 1107 2590 cogitant
1125 2550 1167 2581 ‹le
1183 2561 1278 2581 coin-

295 2599 393 2630 mnni
421 2599 620 2631 infirmitate
642 2612 702 2632 sna
730 2607 762 2633 et
780 2599 913 2636 aliena,
943 2606 973 2631 et
998 2608 1078 2633 sunt
1107 2612 1278 2633 memores

1301 2628 1304 2651 Ι

856 76 1003 118 PHIL.
1029 79 1146 119 MEL.
1172 81 1380 118 SCRIPTA
1404 82 1705 120 EXEGETICA.

1304 2497 1305 2534 s
1333 2511 1471 2544 cunque
1499 2500 1636 2531 asinum
1663 2511 1736 2532 sors
1768 2509 1888 2541 aspera
1929 2497 2028 2534 fen-it,

2261 82 2310 117 ⁷2

1321 167 1392 202 Nec
1411 175 1522 213 potest
1540 169 1713 204 illustrior
1728 168 1844 211 imago
1866 168 1910 201 de
1936 166 2074 201 stolidis
2099 166 2310 212 implacabi-

1320 219 1416 253 libus
1434 219 1543 264 pingi,
1558 233 1663 266 quam
1683 220 1720 253 in
1729 219 1921 262 Evangelio
1933 218 2111 263 proposita
2128 225 2179 252 est
2193 218 2308 260 imago

1322 270 1413 303 servi
1429 271 1598 310 crudelis,
1624 272 1685 316 qui
1703 272 1852 305 debebat
1870 269 2048 313 sexaginta
2072 275 2196 302 tonnas
2219 268 2310 305 auri.

1425 328 1639 375 Quanquam
1654 337 1770 364 autem
1790 327 1874 362 baec
1889 328 2062 362 sententia
2077 327 2115 360 in
2134 324 2201 361 hoe
2215 327 2310 361 libro

1323 379 1524 414 Salomonis
1540 387 1677 415 tantum
1694 381 1851 414 narratio
1879 386 1931 413 est
1946 381 1989 412 de
2005 377 2167 419 Eventu,
2193 385 2311 413 tamen

1324 430 1433 464 multa
1458 438 1593 465 monet:
1622 430 1725 465 lubet
1750 430 1975 464 considerare
2001 428 2192 463 humanam
2212 429 2312 462 infir-

1324 481 1500 521 mitatem,
1525 489 1559 516 et
1582 482 1783 516 meminisse
1806 481 1980 525 praecepti
1998 481 2042 514 de
2066 477 2252 525 ἐπιεικείᾳ,
2280 486 2315 513 et

1325 532 1500 565 moderari
1520 533 1756 567 iracundiam:
1787 531 1913 566 Monet
1930 533 2012 565 item
2024 531 2134 564 vitare
2151 532 2312 569 stolidos,

1325 583 1386 627 qui
1426 595 1542 628 neque
1574 595 1783 627 cognoscere
1818 594 1932 628 neque
1963 583 2143 626 ignoscere
2170 588 2316 616 norunt.

1326 633 1405 667 Huc
1422 635 1531 668 multa
1549 634 1640 668 dicta
1659 634 1853 679 pertinent:

1408 693 1473 725 Quo
1500 693 1622 730 quisque
1645 698 1690 721 est
1712 693 1818 729 maior,
1841 692 1932 729 magis
1955 696 2000 719 est
2025 690 2174 728 placabilis
2196 691 2274 727 irae,

1495 742 1533 770 Et
1556 742 1656 771 faciles
1680 749 1775 771 motus
1797 751 1879 770 mens
1903 750 2045 779 generosa
2068 741 2156 779 capit.

1427 792 1474 827 Et
1501 792 1633 829 Seneca
1656 795 1790 840 inquit:
1826 791 1926 827 Nihil
1944 803 2111 836 magnum
2131 793 2224 838 quod
2243 803 2317 824 non

1327 851 1378 878 est
1396 844 1587 887 placidum.
1638 845 1685 880 Et
1703 845 1898 879 dulcissimi
1924 851 2007 878 sunt
2031 855 2152 877 versus
2169 842 2317 876 Homeri

1328 896 1363 930 7.
1382 894 1530 940 odyss:

1411 953 1524 990 Hospes
1547 953 1606 980 tale
1627 953 1697 981 mihi
1719 959 1821 991 pectus
1844 962 1881 982 ne
1904 953 2025 982 duxeris
2047 961 2127 989 esse,

1410 1004 1495 1037 Quod
1519 1010 1632 1032 temere
1654 1011 1703 1033 aut
1726 1006 1845 1033 nimium
1869 1005 2003 1043 flagranti
2025 1009 2179 1033 exaestuet
2202 1003 2254 1031 ira.

1413 1055 1554 1083 Omnibus
1577 1055 1607 1082 in
1630 1056 1717 1083 rebus
1739 1056 1840 1083 modus
1862 1061 1906 1084 est
1929 1056 2104 1093 pulcerrima
2127 1055 2228 1083 virtus.

1372 1103 1444 1140 ’ξεῖν’
1468 1102 1505 1135 οὗ
1527 1107 1585 1145 μοὶ
1609 1106 1758 1136 τοιοῦτον
1781 1104 1825 1136 ἐνὶ
1850 1104 2001 1143 στήθεσι-ι
2026 1107 2122 1145 φίλον
2141 1106 2199 1144 '‘Z-'9

1371 1156 1535 1195 μαψιδίως
1556 1157 1772 1195 κεχολῶσθαι.
1816 1158 1948 1194 Λμείνω
1971 1153 2003 1186 <³³
2026 1155 2142 1195 αἴσιμα
2164 1154 2277 1186 πάντα.

1430 1206 1477 1241 Et
1503 1207 1640 1241 Plinius
1666 1208 1797 1253 inquit:
1828 1208 1900 1250 Qui
1928 1208 2011 1241 vitia
2035 1209 2130 1248 odit,
2157 1205 2320 1241 homines

1331 1259 1417 1293 odit.
1470 1258 1540 1293 Sed
1559 1266 1675 1293 tamen
1694 1259 1729 1292 id
1746 1259 1878 1292 dictum
1902 1259 2096 1302 prudenter
2119 1257 2323 1302 intelligen-

1332 1311 1416 1343 dum
1435 1316 1496 1343 est.
1550 1309 1631 1343 Non
1651 1310 1745 1343 enim
1763 1309 1922 1355 loquitur
1939 1308 2077 1342 Plinius
2095 1309 2138 1342 de
2162 1308 2322 1341 enormi-

1332 1361 1398 1393 bus
1416 1361 1530 1398 vitiis,
1559 1373 1622 1394 nec
1646 1362 1689 1394 de
1707 1360 1983 1405 approbatione,
2011 1361 2071 1393 sed
2094 1361 2138 1393 de
2166 1360 2322 1393 toleran—

1332 1412 1387 1444 dis
1404 1411 1588 1444 affectibus
1598 1411 1820 1456 aliquantum
1831 1411 2078 1444 aberrantibus
2095 1411 2171 1444 sine
2181 1410 2322 1446 scelere.

1332 1462 1515 1497 Caeterum
1533 1475 1604 1495 non
1630 1463 1700 1497 sint
1725 1467 1906 1507 praecepta
1933 1462 2105 1496 divinitus
2126 1461 2255 1496 tradita
2279 1462 2324 1495 de

1333 1515 1549 1597 moqlelranda
1568 1514 1617 1547 ira
1631 1541 1639 1555 ‚
1664 1521 1703 1548 ut
1724 1511 1852 1548 Mattb.
1871 1511 1906 1549 5.
1924 1519 1957 1547 et
1975 1513 2011 1547 8.
2044 1512 2130 1547 Item
2147 1512 2253 1548 Rom.
2266 1513 2324 1549 12.

1333 1571 1365 1598 et
1381 1577 1397 1597 a
1418 1565 1426 1597 i
1457 1564 1478 1600 i.

1384 1655 1486 1690 Sicut
1505 1657 1586 1690 acis
1609 1655 1772 1690 deserens
1795 1653 1923 1689 nidum
1948 1668 2074 1689 suum:
2105 1655 2158 1690 sic
2180 1660 2231 1690 est
2257 1655 2324 1695 vir,

1437 1706 1601 1742 deserens
1619 1707 1736 1741 locum
1753 1720 1873 1743 suum.

1437 1783 1584 1816 Nullum
1607 1783 1699 1816 vitae
1724 1793 1853 1825 genus,
1890 1781 1987 1813 nulla
2010 1780 2146 1814 functio
2168 1787 2218 1814 est
2244 1781 2323 1815 sine

1334 1834 1456 1867 multis
1474 1833 1644 1867 molestiis
1664 1840 1696 1867 et
1714 1833 1894 1877 periculis,
1923 1832 2002 1863 ideo
2021 1831 2090 1864 cito
2109 1831 2144 1864 in
2162 1832 2323 1877 quolibet

1334 1885 1425 1917 vitae
1440 1896 1566 1927 genere
1583 1886 1757 1927 obrepunt
1776 1883 1913 1916 fastidia
1927 1908 1934 1921 ‚
1965 1883 2059 1915 iuxta
2078 1883 2183 1915 illud:
2211 1881 2324 1927 Optat

1333 1933 1498 1980 ephippia
1518 1936 1579 1968 bos
1597 1936 1711 1979 piger,
1739 1941 1837 1978 optat
1853 1947 1951 1967 arare
1974 1933 2142 1967 caballus.
2198 1933 2323 1968 Monet

1334 1987 1458 2029 igitur,
1485 1999 1528 2019 ne
1553 1987 1651 2019 fracti
1677 1986 1825 2019 fastidiis
1852 1992 1982 2019 temere
2006 1986 2208 2018 deseramus
2231 1985 2323 2019 vitae

1333 2050 1463 2081 genus,
1490 2039 1532 2071 ad
1560 2039 1653 2083 quod
1680 2045 1772 2071 recte
1791 2038 1902 2070 vocati
1925 2048 2058 2072 snmuS.
2112 2035 2244 2069 Paulus
2266 2037 2325 2069 in·

1333 2090 1427 2133 quit:
1459 2088 1708 2134 Unusquisque
1729 2089 1764 2122 in
1781 2089 1982 2128 vocatione,
2007 2099 2074 2133 qna
2092 2094 2235 2121 vocatus
2260 2094 2324 2129 est,

1334 2146 1471 2173 maneat
1487 2143 1579 2183 apud
1605 2139 1728 2173 Deum.

1437 2189 1513 2223 lluc
1533 2191 1708 2234 pertinent
1724 2192 1832 2223 multa
1853 2197 2033 2234 praecepta
2057 2190 2184 2224 tradita
2200 2197 2321 2224 contra

1334 2242 1625 2278 inconstantiam,
1650 2241 1764 2287 qualis
1781 2248 1829 2274 est
1851 2242 1885 2273 in
1905 2243 1975 2274 vita
1994 2241 2205 2279 desultoria,
2233 2253 2322 2287 qnae

1333 2293 1483 2326 subinde
1511 2301 1622 2327 mutat
1654 2293 1832 2327 instituta:
1872 2292 1916 2327 [t
1945 2292 2032 2335 lapis
2055 2303 2156 2335 saepe
2183 2293 2322 2326 voluta·

1334 2353 1388 2377 tus
1419 2357 1490 2377 non
1524 2345 1716 2378 obducitur
1748 2355 1885 2383 musco,
1922 2341 2029 2381 λίθος
2054 2340 2207 2377 κυλινδό
2257 2356 2322 2384 νος

1337 2394 1373 2428 ro
1390 2398 1508 2440 ([ῦκως
1524 2394 1568 2429 οὐ
1588 2397 1692 2431 froin.
1723 2395 1825 2429 item:
1846 2394 1967 2427 Planta
1982 2406 2071 2439 quae
2088 2406 2190 2439 saepe
2205 2402 2320 2429 trans-

1334 2449 1463 2487 fertur,
1489 2461 1559 2480 nnn
1585 2448 1758 2481 coalescit,
1814 2445 1915 2479 ΙΙΝΙΙῙ
1952 2446 2008 2478 Sis
2031 2446 2169 2486 asinus,
2195 2459 2320 2491 quent—

2078 2497 2149 2539 Qui
2183 2499 2319 2541 placide

1331 2557 1459 2582 sortem
1484 2551 1572 2583 ferre
1595 2551 1675 2588 scit„
1703 2550 1761 2582 ille
1785 2549 1885 2591 sapit.
1943 2549 2046 2582 ltem:
2086 2548 2152 2581 Pro
2170 2549 2318 2591 eleganti

1333 2600 1472 2634 Mean-0
1498 2602 1610 2634 mains
1629 2600 1751 2635 Poeta:
1788 2599 1868 2634 cirri
1892 2598 2085 2644 χυρίινιυς
2107 2599 2238 2644 ἰατροῦ
2252 2613 2318 2635 κα-

293 2650 404 2681 ‹livini
438 2650 626 2693 praecepti:
670 2649 852 2685 Hcmiuite
883 2657 915 2683 et
949 2651 1145 2685 remittetur
1170 2651 1277 2684 vobis.
1299 2656 1303 2694 ζ
1329 2650 1391 2689 κὸς
1414 2649 1573 2697 ποιητής.
