<?xml version="1.0" encoding="UTF-8"?>
<!DOCTYPE html PUBLIC "-//W3C//DTD XHTML 1.0 Transitional//EN"
    "http://www.w3.org/TR/xhtml1/DTD/xhtml1-transitional.dtd">
<html xmlns="http://www.w3.org/1999/xhtml" xml:lang="en" lang="en">
 <head>
  <title>
</title>
<meta http-equiv="Content-Type" content="text/html;charset=utf-8" />
  <meta name='ocr-system' content='tesseract 3.04.00' />
  <meta name='ocr-capabilities' content='ocr_page ocr_carea ocr_par ocr_line ocrx_word'/>
</head>
<body>
  <div class='ocr_page' id='page_1' title='image "./operaquaesupersu14melauoft/operaquaesupersu14melauoft_0308.png"; bbox 0 0 2409 2915; ppageno 0'>
   <div class='ocr_carea' id='block_1_1' title="bbox 231 101 1646 144">
    <p class='ocr_par' dir='ltr' id='par_1_1' title="bbox 231 101 1646 144">
     <span class='ocr_line' id='line_1_1' title="bbox 231 101 1646 144; baseline -0.003 0"><span class='ocrx_word' id='word_1_1' title='bbox 231 110 306 144; x_wconf 82' lang='lat'>599</span> <span class='ocrx_word' id='word_1_2' title='bbox 818 104 945 140; x_wconf 87' lang='lat' dir='ltr'>PHlL.</span> <span class='ocrx_word' id='word_1_3' title='bbox 973 103 1088 141; x_wconf 86' lang='lat' dir='ltr'><strong>MEL.</strong></span> <span class='ocrx_word' id='word_1_4' title='bbox 1114 102 1321 142; x_wconf 88' lang='lat' dir='ltr'><strong>SCRIPTA</strong></span> <span class='ocrx_word' id='word_1_5' title='bbox 1347 101 1646 140; x_wconf 83' lang='lat' dir='ltr'><strong>ExEGEthA.</strong></span> 
     </span>
    </p>
   </div>
   <div class='ocr_carea' id='block_1_2' title="bbox 236 189 1218 336">
    <p class='ocr_par' dir='ltr' id='par_1_2' title="bbox 236 189 1218 336">
     <span class='ocr_line' id='line_1_2' title="bbox 237 189 1218 235; baseline -0.002 -9"><span class='ocrx_word' id='word_1_6' title='bbox 237 193 340 235; x_wconf 84' lang='lat' dir='ltr'>leges.</span> <span class='ocrx_word' id='word_1_7' title='bbox 393 192 571 234; x_wconf 82' lang='lat' dir='ltr'>Augustus</span> <span class='ocrx_word' id='word_1_8' title='bbox 593 189 826 234; x_wconf 87' lang='lat' dir='ltr'>practicabat,</span> <span class='ocrx_word' id='word_1_9' title='bbox 852 197 892 224; x_wconf 88' lang='lat' dir='ltr'>ut</span> <span class='ocrx_word' id='word_1_10' title='bbox 914 189 1051 224; x_wconf 86' lang='lat' dir='ltr'>Drusus</span> <span class='ocrx_word' id='word_1_11' title='bbox 1074 191 1140 225; x_wconf 82' lang='lat' dir='ltr'>sibi</span> <span class='ocrx_word' id='word_1_12' title='bbox 1162 203 1218 225; x_wconf 93' lang='lat' dir='ltr'>ce-</span> 
     </span>
     <span class='ocr_line' id='line_1_3' title="bbox 236 240 1217 285; baseline -0.001 -10"><span class='ocrx_word' id='word_1_13' title='bbox 236 245 332 275; x_wconf 86' lang='lat' dir='ltr'>deret</span> <span class='ocrx_word' id='word_1_14' title='bbox 349 240 500 276; x_wconf 72' lang='lat' dir='ltr'>Liviam.</span> <span class='ocrx_word' id='word_1_15' title='bbox 553 240 655 273; x_wconf 88' lang='lat' dir='ltr'>Talia</span> <span class='ocrx_word' id='word_1_16' title='bbox 683 252 784 285; x_wconf 86' lang='lat' dir='ltr'>saepe</span> <span class='ocrx_word' id='word_1_17' title='bbox 807 247 842 274; x_wconf 89' lang='lat' dir='ltr'>et</span> <span class='ocrx_word' id='word_1_18' title='bbox 865 241 1014 274; x_wconf 87' lang='lat' dir='ltr'>multum</span> <span class='ocrx_word' id='word_1_19' title='bbox 1038 241 1127 276; x_wconf 83' lang='lat' dir='ltr'>facta</span> <span class='ocrx_word' id='word_1_20' title='bbox 1146 253 1217 275; x_wconf 90' lang='lat' dir='ltr'>esse</span> 
     </span>
     <span class='ocr_line' id='line_1_4' title="bbox 236 290 1048 336; baseline 0 -11"><span class='ocrx_word' id='word_1_21' title='bbox 236 293 327 336; x_wconf 86' lang='lat' dir='ltr'>apud</span> <span class='ocrx_word' id='word_1_22' title='bbox 347 290 476 325; x_wconf 88' lang='lat' dir='ltr'>Indaos</span> <span class='ocrx_word' id='word_1_23' title='bbox 494 302 653 336; x_wconf 86' lang='lat' dir='ltr'>quoque,</span> <span class='ocrx_word' id='word_1_24' title='bbox 680 291 782 325; x_wconf 89' lang='lat' dir='ltr'>valde</span> <span class='ocrx_word' id='word_1_25' title='bbox 801 291 968 325; x_wconf 78' lang='lat' dir='ltr'>credibile</span> <span class='ocrx_word' id='word_1_26' title='bbox 986 298 1048 325; x_wconf 91' lang='lat' dir='ltr'>est.</span> 
     </span>
    </p>
   </div>
   <div class='ocr_carea' id='block_1_3' title="bbox 237 348 1219 445">
    <p class='ocr_par' dir='ltr' id='par_1_3' title="bbox 237 348 1219 445">
     <span class='ocr_line' id='line_1_5' title="bbox 338 348 1219 395; baseline 0 -13"><span class='ocrx_word' id='word_1_27' title='bbox 338 348 412 383; x_wconf 87' lang='lat' dir='ltr'>Has</span> <span class='ocrx_word' id='word_1_28' title='bbox 427 350 584 384; x_wconf 73' lang='lat' dir='ltr'>levitates</span> <span class='ocrx_word' id='word_1_29' title='bbox 602 356 694 384; x_wconf 87' lang='lat' dir='ltr'>taxat</span> <span class='ocrx_word' id='word_1_30' title='bbox 710 348 891 391; x_wconf 87' lang='lat' dir='ltr'>Christus,</span> <span class='ocrx_word' id='word_1_31' title='bbox 918 350 1000 395; x_wconf 87' lang='lat' dir='ltr'>quia</span> <span class='ocrx_word' id='word_1_32' title='bbox 1025 350 1126 383; x_wconf 89' lang='lat' dir='ltr'>valde</span> <span class='ocrx_word' id='word_1_33' title='bbox 1147 350 1219 383; x_wconf 86' lang='lat' dir='ltr'>‹lis—</span> 
     </span>
     <span class='ocr_line' id='line_1_6' title="bbox 237 400 925 445; baseline 0.001 -12"><span class='ocrx_word' id='word_1_34' title='bbox 237 400 367 445; x_wconf 87' lang='lat' dir='ltr'>plicent</span> <span class='ocrx_word' id='word_1_35' title='bbox 385 401 462 434; x_wconf 91' lang='lat' dir='ltr'>Deo</span> <span class='ocrx_word' id='word_1_36' title='bbox 479 400 704 434; x_wconf 84' lang='lat' dir='ltr'>confusiones</span> <span class='ocrx_word' id='word_1_37' title='bbox 719 401 925 435; x_wconf 85' lang='lat' dir='ltr'>libidinum.</span> 
     </span>
    </p>
   </div>
   <div class='ocr_carea' id='block_1_4' title="bbox 236 457 1220 654">
    <p class='ocr_par' dir='ltr' id='par_1_4' title="bbox 236 457 1220 654">
     <span class='ocr_line' id='line_1_7' title="bbox 338 457 1219 493; baseline -0.002 -1"><span class='ocrx_word' id='word_1_38' title='bbox 338 457 420 492; x_wconf 86' lang='lat' dir='ltr'>ldeo</span> <span class='ocrx_word' id='word_1_39' title='bbox 439 460 519 492; x_wconf 91' lang='lat' dir='ltr'>volo</span> <span class='ocrx_word' id='word_1_40' title='bbox 536 459 661 493; x_wconf 88' lang='lat' dir='ltr'>ordine</span> <span class='ocrx_word' id='word_1_41' title='bbox 679 460 721 492; x_wconf 92' lang='lat' dir='ltr'>de</span> <span class='ocrx_word' id='word_1_42' title='bbox 737 457 801 492; x_wconf 88' lang='lat' dir='ltr'>hac</span> <span class='ocrx_word' id='word_1_43' title='bbox 819 459 965 493; x_wconf 85' lang='lat' dir='ltr'>materia</span> <span class='ocrx_word' id='word_1_44' title='bbox 982 459 1110 493; x_wconf 81' lang='lat' dir='ltr'>dicere.</span> <span class='ocrx_word' id='word_1_45' title='bbox 1137 457 1219 491; x_wconf 84' lang='lat' dir='ltr'>Pri-</span> 
     </span>
     <span class='ocr_line' id='line_1_8' title="bbox 236 508 1219 553; baseline -0.001 -11"><span class='ocrx_word' id='word_1_46' title='bbox 236 521 353 549; x_wconf 90' lang='lat' dir='ltr'>mum,</span> <span class='ocrx_word' id='word_1_47' title='bbox 382 510 425 543; x_wconf 89' lang='lat' dir='ltr'>de</span> <span class='ocrx_word' id='word_1_48' title='bbox 444 509 610 543; x_wconf 86' lang='lat' dir='ltr'>castitate.</span> <span class='ocrx_word' id='word_1_49' title='bbox 644 509 827 550; x_wconf 88' lang='lat' dir='ltr'>Secundo,</span> <span class='ocrx_word' id='word_1_50' title='bbox 853 510 896 543; x_wconf 92' lang='lat' dir='ltr'>de</span> <span class='ocrx_word' id='word_1_51' title='bbox 913 510 1088 553; x_wconf 88' lang='lat' dir='ltr'>coningio.</span> <span class='ocrx_word' id='word_1_52' title='bbox 1129 508 1219 541; x_wconf 88' lang='lat' dir='ltr'>Ter-</span> 
     </span>
     <span class='ocr_line' id='line_1_9' title="bbox 237 559 1220 603; baseline -0.001 -10"><span class='ocrx_word' id='word_1_53' title='bbox 237 560 305 600; x_wconf 90' lang='lat' dir='ltr'>tio,</span> <span class='ocrx_word' id='word_1_54' title='bbox 333 561 376 593; x_wconf 89' lang='lat' dir='ltr'>de</span> <span class='ocrx_word' id='word_1_55' title='bbox 392 559 559 595; x_wconf 89' lang='lat' dir='ltr'>divortio.</span> <span class='ocrx_word' id='word_1_56' title='bbox 613 559 749 602; x_wconf 88' lang='lat' dir='ltr'>Quarto</span> <span class='ocrx_word' id='word_1_57' title='bbox 764 586 773 601; x_wconf 94' lang='lat'>,</span> <span class='ocrx_word' id='word_1_58' title='bbox 797 561 840 593; x_wconf 88' lang='lat' dir='ltr'>de</span> <span class='ocrx_word' id='word_1_59' title='bbox 856 560 972 593; x_wconf 83' lang='lat' dir='ltr'>officio</span> <span class='ocrx_word' id='word_1_60' title='bbox 982 559 1220 603; x_wconf 79' lang='lat' dir='ltr'>MagistratuS,</span> 
     </span>
     <span class='ocr_line' id='line_1_10' title="bbox 238 610 1090 654; baseline 0.001 -12"><span class='ocrx_word' id='word_1_61' title='bbox 238 611 273 642; x_wconf 92' lang='lat' dir='ltr'>in</span> <span class='ocrx_word' id='word_1_62' title='bbox 294 610 482 654; x_wconf 84' lang='lat' dir='ltr'>puniendis</span> <span class='ocrx_word' id='word_1_63' title='bbox 503 610 705 652; x_wconf 81' lang='lat' dir='ltr'>adulteriis,</span> <span class='ocrx_word' id='word_1_64' title='bbox 732 617 765 644; x_wconf 92' lang='lat' dir='ltr'>et</span> <span class='ocrx_word' id='word_1_65' title='bbox 781 610 860 644; x_wconf 88' lang='lat' dir='ltr'>aliis</span> <span class='ocrx_word' id='word_1_66' title='bbox 872 610 1090 645; x_wconf 77' lang='lat' dir='ltr'>libidinibus.</span> 
     </span>
    </p>
   </div>
   <div class='ocr_carea' id='block_1_5' title="bbox 516 709 939 816">
    <p class='ocr_par' dir='ltr' id='par_1_5' title="bbox 516 709 939 816">
     <span class='ocr_line' id='line_1_11' title="bbox 516 709 939 747; baseline 0.007 -3"><span class='ocrx_word' id='word_1_67' title='bbox 516 709 543 744; x_wconf 92' lang='lat'>1.</span> <span class='ocrx_word' id='word_1_68' title='bbox 583 712 649 745; x_wconf 82' lang='lat' dir='ltr'>De</span> <span class='ocrx_word' id='word_1_69' title='bbox 677 712 939 747; x_wconf 72' lang='lat' dir='ltr'>Gastitate.</span> 
     </span>
     <span class='ocr_line' id='line_1_12' title="bbox 578 782 873 816; baseline 0.003 -7"><span class='ocrx_word' id='word_1_70' title='bbox 578 785 654 816; x_wconf 73' lang='lat' dir='ltr'>Quid</span> <span class='ocrx_word' id='word_1_71' title='bbox 671 786 714 810; x_wconf 74' lang='lat' dir='ltr'>ese</span> <span class='ocrx_word' id='word_1_72' title='bbox 731 782 873 810; x_wconf 72' lang='lat' dir='ltr'>castitas?</span> 
     </span>
    </p>
   </div>
   <div class='ocr_carea' id='block_1_6' title="bbox 237 842 1221 990">
    <p class='ocr_par' dir='ltr' id='par_1_6' title="bbox 237 842 1221 990">
     <span class='ocr_line' id='line_1_13' title="bbox 338 842 1221 889; baseline 0 -10"><span class='ocrx_word' id='word_1_73' title='bbox 338 844 400 880; x_wconf 88' lang='lat' dir='ltr'>Est</span> <span class='ocrx_word' id='word_1_74' title='bbox 417 844 561 878; x_wconf 89' lang='lat' dir='ltr'>obedire</span> <span class='ocrx_word' id='word_1_75' title='bbox 578 842 652 878; x_wconf 90' lang='lat' dir='ltr'>Deo</span> <span class='ocrx_word' id='word_1_76' title='bbox 670 844 706 877; x_wconf 92' lang='lat' dir='ltr'>in</span> <span class='ocrx_word' id='word_1_77' title='bbox 725 842 792 878; x_wconf 92' lang='lat' dir='ltr'>hoc</span> <span class='ocrx_word' id='word_1_78' title='bbox 809 856 929 889; x_wconf 89' lang='lat' dir='ltr'>opere,</span> <span class='ocrx_word' id='word_1_79' title='bbox 951 852 990 879; x_wconf 89' lang='lat' dir='ltr'>ut</span> <span class='ocrx_word' id='word_1_80' title='bbox 1008 846 1063 879; x_wconf 84' lang='lat' dir='ltr'>vel</span> <span class='ocrx_word' id='word_1_81' title='bbox 1082 846 1119 879; x_wconf 90' lang='lat' dir='ltr'>in</span> <span class='ocrx_word' id='word_1_82' title='bbox 1135 858 1221 880; x_wconf 92' lang='lat' dir='ltr'>con-</span> 
     </span>
     <span class='ocr_line' id='line_1_14' title="bbox 238 895 1221 940; baseline 0 -10"><span class='ocrx_word' id='word_1_83' title='bbox 238 896 354 940; x_wconf 82' lang='lat' dir='ltr'>iugio,</span> <span class='ocrx_word' id='word_1_84' title='bbox 389 895 444 928; x_wconf 90' lang='lat' dir='ltr'>vel</span> <span class='ocrx_word' id='word_1_85' title='bbox 480 901 574 928; x_wconf 88' lang='lat' dir='ltr'>extra</span> <span class='ocrx_word' id='word_1_86' title='bbox 607 895 810 938; x_wconf 80' lang='lat' dir='ltr'>coniugium</span> <span class='ocrx_word' id='word_1_87' title='bbox 843 895 1016 929; x_wconf 78' lang='lat' dir='ltr'>abstineas</span> <span class='ocrx_word' id='word_1_88' title='bbox 1045 896 1091 930; x_wconf 91' lang='lat' dir='ltr'>ab</span> <span class='ocrx_word' id='word_1_89' title='bbox 1121 897 1221 930; x_wconf 91' lang='lat' dir='ltr'>omni</span> 
     </span>
     <span class='ocr_line' id='line_1_15' title="bbox 237 943 868 990; baseline -0.006 -9"><span class='ocrx_word' id='word_1_90' title='bbox 237 945 486 981; x_wconf 78' lang='lat' dir='ltr'>commixtione</span> <span class='ocrx_word' id='word_1_91' title='bbox 502 943 681 990; x_wconf 86' lang='lat' dir='ltr'>prohibita</span> <span class='ocrx_word' id='word_1_92' title='bbox 700 945 773 988; x_wconf 86' lang='lat' dir='ltr'>lege</span> <span class='ocrx_word' id='word_1_93' title='bbox 789 944 868 977; x_wconf 87' lang='lat' dir='ltr'>Dei.</span> 
     </span>
    </p>
   </div>
   <div class='ocr_carea' id='block_1_7' title="bbox 237 1003 1222 1190">
    <p class='ocr_par' dir='ltr' id='par_1_7' title="bbox 237 1003 1222 1190">
     <span class='ocr_line' id='line_1_16' title="bbox 344 1003 1222 1047; baseline 0.001 -9"><span class='ocrx_word' id='word_1_94' title='bbox 344 1003 416 1038; x_wconf 90' lang='lat' dir='ltr'>Nec</span> <span class='ocrx_word' id='word_1_95' title='bbox 441 1011 578 1038; x_wconf 82' lang='lat' dir='ltr'>tantum</span> <span class='ocrx_word' id='word_1_96' title='bbox 603 1003 786 1046; x_wconf 85' lang='lat' dir='ltr'>virginitas</span> <span class='ocrx_word' id='word_1_97' title='bbox 810 1010 952 1047; x_wconf 90' lang='lat' dir='ltr'>putetur</span> <span class='ocrx_word' id='word_1_98' title='bbox 977 1014 1050 1037; x_wconf 86' lang='lat' dir='ltr'>esse</span> <span class='ocrx_word' id='word_1_99' title='bbox 1072 1005 1222 1046; x_wconf 80' lang='lat' dir='ltr'>castitas,</span> 
     </span>
     <span class='ocr_line' id='line_1_17' title="bbox 237 1053 1221 1098; baseline -0.001 -8"><span class='ocrx_word' id='word_1_100' title='bbox 237 1055 296 1090; x_wconf 89' lang='lat' dir='ltr'>sed</span> <span class='ocrx_word' id='word_1_101' title='bbox 323 1055 393 1088; x_wconf 79' lang='lat' dir='ltr'>vita</span> <span class='ocrx_word' id='word_1_102' title='bbox 420 1055 612 1098; x_wconf 85' lang='lat' dir='ltr'>coniugalis</span> <span class='ocrx_word' id='word_1_103' title='bbox 636 1065 751 1087; x_wconf 89' lang='lat' dir='ltr'>coram</span> <span class='ocrx_word' id='word_1_104' title='bbox 773 1053 853 1087; x_wconf 83' lang='lat' dir='ltr'>Deo</span> <span class='ocrx_word' id='word_1_105' title='bbox 877 1065 958 1086; x_wconf 84' lang='lat' dir='ltr'>vere</span> <span class='ocrx_word' id='word_1_106' title='bbox 989 1061 1040 1088; x_wconf 90' lang='lat' dir='ltr'>est</span> <span class='ocrx_word' id='word_1_107' title='bbox 1071 1056 1221 1096; x_wconf 79' lang='lat' dir='ltr'>castitas,</span> 
     </span>
     <span class='ocr_line' id='line_1_18' title="bbox 239 1103 1221 1151; baseline 0.003 -14"><span class='ocrx_word' id='word_1_108' title='bbox 239 1105 382 1151; x_wconf 86' lang='lat' dir='ltr'>qnando</span> <span class='ocrx_word' id='word_1_109' title='bbox 398 1111 556 1138; x_wconf 87' lang='lat' dir='ltr'>servatur</span> <span class='ocrx_word' id='word_1_110' title='bbox 578 1104 663 1138; x_wconf 86' lang='lat' dir='ltr'>fides</span> <span class='ocrx_word' id='word_1_111' title='bbox 686 1103 861 1148; x_wconf 87' lang='lat' dir='ltr'>coniugii,</span> <span class='ocrx_word' id='word_1_112' title='bbox 887 1110 920 1138; x_wconf 91' lang='lat' dir='ltr'>et</span> <span class='ocrx_word' id='word_1_113' title='bbox 937 1116 1009 1138; x_wconf 91' lang='lat' dir='ltr'>non</span> <span class='ocrx_word' id='word_1_114' title='bbox 1030 1105 1221 1140; x_wconf 79' lang='lat' dir='ltr'>miscentur</span> 
     </span>
     <span class='ocr_line' id='line_1_19' title="bbox 237 1155 420 1190; baseline 0 0"><span class='ocrx_word' id='word_1_115' title='bbox 237 1155 420 1190; x_wconf 84' lang='lat' dir='ltr'>adulteria.</span> 
     </span>
    </p>
   </div>
   <div class='ocr_carea' id='block_1_8' title="bbox 238 1211 1223 1659">
    <p class='ocr_par' dir='ltr' id='par_1_8' title="bbox 238 1211 1223 1659">
     <span class='ocr_line' id='line_1_20' title="bbox 340 1211 1221 1262; baseline 0.001 -15"><span class='ocrx_word' id='word_1_116' title='bbox 340 1212 447 1247; x_wconf 90' lang='lat' dir='ltr'>Hunc</span> <span class='ocrx_word' id='word_1_117' title='bbox 472 1212 635 1246; x_wconf 88' lang='lat' dir='ltr'>ordinem</span> <span class='ocrx_word' id='word_1_118' title='bbox 659 1212 706 1246; x_wconf 91' lang='lat' dir='ltr'>ita</span> <span class='ocrx_word' id='word_1_119' title='bbox 732 1213 847 1248; x_wconf 84' lang='lat' dir='ltr'>sanxit</span> <span class='ocrx_word' id='word_1_120' title='bbox 871 1211 986 1255; x_wconf 87' lang='lat' dir='ltr'>Deus,</span> <span class='ocrx_word' id='word_1_121' title='bbox 1013 1214 1089 1248; x_wconf 87' lang='lat' dir='ltr'>vult</span> <span class='ocrx_word' id='word_1_122' title='bbox 1109 1226 1221 1262; x_wconf 89' lang='lat' dir='ltr'>genus</span> 
     </span>
     <span class='ocr_line' id='line_1_21' title="bbox 238 1263 1222 1306; baseline 0 -8"><span class='ocrx_word' id='word_1_123' title='bbox 238 1263 434 1298; x_wconf 89' lang='lat' dir='ltr'>humanum</span> <span class='ocrx_word' id='word_1_124' title='bbox 473 1263 667 1306; x_wconf 88' lang='lat' dir='ltr'>intelligere</span> <span class='ocrx_word' id='word_1_125' title='bbox 714 1264 925 1304; x_wconf 82' lang='lat' dir='ltr'>castitatem,</span> <span class='ocrx_word' id='word_1_126' title='bbox 973 1271 1012 1298; x_wconf 91' lang='lat' dir='ltr'>ut</span> <span class='ocrx_word' id='word_1_127' title='bbox 1053 1265 1222 1304; x_wconf 91' lang='lat' dir='ltr'>sciamus,</span> 
     </span>
     <span class='ocr_line' id='line_1_22' title="bbox 239 1314 1223 1361; baseline 0 -12"><span class='ocrx_word' id='word_1_128' title='bbox 239 1315 334 1361; x_wconf 89' lang='lat' dir='ltr'>quod</span> <span class='ocrx_word' id='word_1_129' title='bbox 359 1315 432 1359; x_wconf 90' lang='lat' dir='ltr'>ipse</span> <span class='ocrx_word' id='word_1_130' title='bbox 449 1314 494 1348; x_wconf 87' lang='lat' dir='ltr'>sit</span> <span class='ocrx_word' id='word_1_131' title='bbox 513 1320 628 1347; x_wconf 87' lang='lat' dir='ltr'>castus</span> <span class='ocrx_word' id='word_1_132' title='bbox 651 1314 815 1358; x_wconf 89' lang='lat' dir='ltr'>spiritus,</span> <span class='ocrx_word' id='word_1_133' title='bbox 841 1321 874 1348; x_wconf 89' lang='lat' dir='ltr'>et</span> <span class='ocrx_word' id='word_1_134' title='bbox 900 1315 937 1348; x_wconf 88' lang='lat' dir='ltr'>in</span> <span class='ocrx_word' id='word_1_135' title='bbox 961 1315 1223 1359; x_wconf 80' lang='lat' dir='ltr'>precationibus</span> 
     </span>
     <span class='ocr_line' id='line_1_23' title="bbox 238 1363 1221 1409; baseline 0 -10"><span class='ocrx_word' id='word_1_136' title='bbox 238 1365 370 1399; x_wconf 89' lang='lat' dir='ltr'>nostris</span> <span class='ocrx_word' id='word_1_137' title='bbox 387 1365 627 1398; x_wconf 78' lang='lat' dir='ltr'>discernamus</span> <span class='ocrx_word' id='word_1_138' title='bbox 643 1364 756 1398; x_wconf 91' lang='lat' dir='ltr'>Deum</span> <span class='ocrx_word' id='word_1_139' title='bbox 782 1377 801 1398; x_wconf 91' lang='lat' dir='ltr'>a</span> <span class='ocrx_word' id='word_1_140' title='bbox 826 1365 979 1399; x_wconf 86' lang='lat' dir='ltr'>diabolis</span> <span class='ocrx_word' id='word_1_141' title='bbox 1003 1363 1068 1398; x_wconf 89' lang='lat' dir='ltr'>hac</span> <span class='ocrx_word' id='word_1_142' title='bbox 1092 1366 1221 1409; x_wconf 84' lang='lat' dir='ltr'>cogita-</span> 
     </span>
     <span class='ocr_line' id='line_1_24' title="bbox 239 1413 1223 1460; baseline 0.001 -12"><span class='ocrx_word' id='word_1_143' title='bbox 239 1416 346 1449; x_wconf 82' lang='lat' dir='ltr'>tione.</span> <span class='ocrx_word' id='word_1_144' title='bbox 413 1413 615 1458; x_wconf 79' lang='lat' dir='ltr'>Cogitemus</span> <span class='ocrx_word' id='word_1_145' title='bbox 643 1426 708 1448; x_wconf 90' lang='lat' dir='ltr'>nos</span> <span class='ocrx_word' id='word_1_146' title='bbox 741 1415 871 1460; x_wconf 86' lang='lat' dir='ltr'>alloqui</span> <span class='ocrx_word' id='word_1_147' title='bbox 902 1415 1035 1457; x_wconf 87' lang='lat' dir='ltr'>Deum,</span> <span class='ocrx_word' id='word_1_148' title='bbox 1078 1416 1139 1460; x_wconf 85' lang='lat' dir='ltr'>qui</span> <span class='ocrx_word' id='word_1_149' title='bbox 1172 1423 1223 1450; x_wconf 91' lang='lat' dir='ltr'>est</span> 
     </span>
     <span class='ocr_line' id='line_1_25' title="bbox 239 1464 1223 1511; baseline 0 -11"><span class='ocrx_word' id='word_1_150' title='bbox 239 1473 354 1500; x_wconf 89' lang='lat' dir='ltr'>castus</span> <span class='ocrx_word' id='word_1_151' title='bbox 377 1472 410 1499; x_wconf 88' lang='lat' dir='ltr'>et</span> <span class='ocrx_word' id='word_1_152' title='bbox 432 1477 534 1498; x_wconf 86' lang='lat' dir='ltr'>verax</span> <span class='ocrx_word' id='word_1_153' title='bbox 560 1471 593 1498; x_wconf 88' lang='lat' dir='ltr'>et</span> <span class='ocrx_word' id='word_1_154' title='bbox 616 1464 810 1505; x_wconf 81' lang='lat' dir='ltr'>beneficus,</span> <span class='ocrx_word' id='word_1_155' title='bbox 844 1478 916 1499; x_wconf 93' lang='lat' dir='ltr'>non</span> <span class='ocrx_word' id='word_1_156' title='bbox 940 1465 1074 1511; x_wconf 85' lang='lat' dir='ltr'>alloqui</span> <span class='ocrx_word' id='word_1_157' title='bbox 1097 1466 1223 1500; x_wconf 87' lang='lat' dir='ltr'>diabo-</span> 
     </span>
     <span class='ocr_line' id='line_1_26' title="bbox 240 1513 1223 1561; baseline 0.001 -12"><span class='ocrx_word' id='word_1_158' title='bbox 240 1517 332 1557; x_wconf 90' lang='lat' dir='ltr'>lum,</span> <span class='ocrx_word' id='word_1_159' title='bbox 364 1515 424 1561; x_wconf 88' lang='lat' dir='ltr'>qui</span> <span class='ocrx_word' id='word_1_160' title='bbox 458 1522 509 1549; x_wconf 90' lang='lat' dir='ltr'>est</span> <span class='ocrx_word' id='word_1_161' title='bbox 542 1516 710 1555; x_wconf 86' lang='lat' dir='ltr'>mendax,</span> <span class='ocrx_word' id='word_1_162' title='bbox 748 1513 941 1557; x_wconf 85' lang='lat' dir='ltr'>homicida,</span> <span class='ocrx_word' id='word_1_163' title='bbox 975 1516 1124 1560; x_wconf 89' lang='lat' dir='ltr'>cupidus</span> <span class='ocrx_word' id='word_1_164' title='bbox 1158 1528 1223 1550; x_wconf 86' lang='lat' dir='ltr'>no-</span> 
     </span>
     <span class='ocr_line' id='line_1_27' title="bbox 241 1563 1223 1609; baseline 0 -9"><span class='ocrx_word' id='word_1_165' title='bbox 241 1567 361 1608; x_wconf 87' lang='lat' dir='ltr'>cendi,</span> <span class='ocrx_word' id='word_1_166' title='bbox 388 1573 421 1599; x_wconf 92' lang='lat' dir='ltr'>et</span> <span class='ocrx_word' id='word_1_167' title='bbox 438 1565 520 1599; x_wconf 86' lang='lat' dir='ltr'>odio</span> <span class='ocrx_word' id='word_1_168' title='bbox 538 1563 603 1598; x_wconf 88' lang='lat' dir='ltr'>Dei</span> <span class='ocrx_word' id='word_1_169' title='bbox 625 1565 746 1599; x_wconf 89' lang='lat' dir='ltr'>incitat</span> <span class='ocrx_word' id='word_1_170' title='bbox 762 1563 924 1599; x_wconf 90' lang='lat' dir='ltr'>homines</span> <span class='ocrx_word' id='word_1_171' title='bbox 947 1567 990 1600; x_wconf 92' lang='lat' dir='ltr'>ad</span> <span class='ocrx_word' id='word_1_172' title='bbox 1014 1577 1116 1609; x_wconf 87' lang='lat' dir='ltr'>vagas</span> <span class='ocrx_word' id='word_1_173' title='bbox 1141 1567 1223 1600; x_wconf 91' lang='lat' dir='ltr'>libi-</span> 
     </span>
     <span class='ocr_line' id='line_1_28' title="bbox 240 1615 915 1659; baseline 0.001 -10"><span class='ocrx_word' id='word_1_174' title='bbox 240 1617 360 1657; x_wconf 83' lang='lat' dir='ltr'>dines,</span> <span class='ocrx_word' id='word_1_175' title='bbox 387 1623 421 1650; x_wconf 86' lang='lat' dir='ltr'>et</span> <span class='ocrx_word' id='word_1_176' title='bbox 436 1615 531 1649; x_wconf 86' lang='lat' dir='ltr'>varie</span> <span class='ocrx_word' id='word_1_177' title='bbox 548 1615 739 1659; x_wconf 92' lang='lat' dir='ltr'>polluenda</span> <span class='ocrx_word' id='word_1_178' title='bbox 758 1627 915 1659; x_wconf 85' lang='lat' dir='ltr'>corpora.</span> 
     </span>
    </p>
   </div>
   <div class='ocr_carea' id='block_1_9' title="bbox 240 1672 1226 2123">
    <p class='ocr_par' dir='ltr' id='par_1_9' title="bbox 240 1672 1226 2123">
     <span class='ocr_line' id='line_1_29' title="bbox 341 1672 1225 1719; baseline -0.001 -11"><span class='ocrx_word' id='word_1_179' title='bbox 341 1673 510 1717; x_wconf 82' lang='lat' dir='ltr'>Cogitetis</span> <span class='ocrx_word' id='word_1_180' title='bbox 527 1673 635 1717; x_wconf 87' lang='lat' dir='ltr'>igitur</span> <span class='ocrx_word' id='word_1_181' title='bbox 649 1673 838 1717; x_wconf 83' lang='lat' dir='ltr'>diligenter</span> <span class='ocrx_word' id='word_1_182' title='bbox 853 1681 885 1709; x_wconf 91' lang='lat' dir='ltr'>et</span> <span class='ocrx_word' id='word_1_183' title='bbox 901 1686 1002 1719; x_wconf 86' lang='lat' dir='ltr'>saepe</span> <span class='ocrx_word' id='word_1_184' title='bbox 1019 1672 1085 1709; x_wconf 90' lang='lat' dir='ltr'>hoc</span> <span class='ocrx_word' id='word_1_185' title='bbox 1100 1675 1225 1708; x_wconf 87' lang='lat' dir='ltr'>discri-</span> 
     </span>
     <span class='ocr_line' id='line_1_30' title="bbox 245 1724 1226 1769; baseline 0 -11"><span class='ocrx_word' id='word_1_186' title='bbox 245 1737 325 1758; x_wconf 86' lang='lat' dir='ltr'>men</span> <span class='ocrx_word' id='word_1_187' title='bbox 340 1724 405 1759; x_wconf 89' lang='lat' dir='ltr'>Dei</span> <span class='ocrx_word' id='word_1_188' title='bbox 426 1732 458 1758; x_wconf 90' lang='lat' dir='ltr'>et</span> <span class='ocrx_word' id='word_1_189' title='bbox 475 1724 698 1758; x_wconf 84' lang='lat' dir='ltr'>diabolorum</span> <span class='ocrx_word' id='word_1_190' title='bbox 711 1751 719 1763; x_wconf 79' lang='grc'>,</span> <span class='ocrx_word' id='word_1_191' title='bbox 746 1731 780 1758; x_wconf 90' lang='lat' dir='ltr'>et</span> <span class='ocrx_word' id='word_1_192' title='bbox 795 1724 832 1757; x_wconf 91' lang='lat' dir='ltr'>in</span> <span class='ocrx_word' id='word_1_193' title='bbox 850 1726 1050 1769; x_wconf 85' lang='lat' dir='ltr'>precatione</span> <span class='ocrx_word' id='word_1_194' title='bbox 1067 1726 1226 1768; x_wconf 77' lang='lat' dir='ltr'>cogitate,</span> 
     </span>
     <span class='ocr_line' id='line_1_31' title="bbox 241 1773 1224 1820; baseline -0.001 -11"><span class='ocrx_word' id='word_1_195' title='bbox 241 1776 326 1820; x_wconf 82' lang='lat' dir='ltr'>qnid</span> <span class='ocrx_word' id='word_1_196' title='bbox 353 1776 467 1810; x_wconf 89' lang='lat' dir='ltr'>velitis</span> <span class='ocrx_word' id='word_1_197' title='bbox 488 1775 633 1820; x_wconf 86' lang='lat' dir='ltr'>alloqui.</span> <span class='ocrx_word' id='word_1_198' title='bbox 686 1774 766 1808; x_wconf 87' lang='lat' dir='ltr'>Non</span> <span class='ocrx_word' id='word_1_199' title='bbox 790 1773 1087 1819; x_wconf 83' lang='lat' dir='ltr'>apprehendimus</span> <span class='ocrx_word' id='word_1_200' title='bbox 1109 1774 1224 1809; x_wconf 90' lang='lat' dir='ltr'>Deum</span> 
     </span>
     <span class='ocr_line' id='line_1_32' title="bbox 240 1824 1226 1871; baseline 0 -12"><span class='ocrx_word' id='word_1_201' title='bbox 240 1824 405 1866; x_wconf 86' lang='lat' dir='ltr'>brachiis,</span> <span class='ocrx_word' id='word_1_202' title='bbox 421 1827 480 1859; x_wconf 92' lang='lat' dir='ltr'>sed</span> <span class='ocrx_word' id='word_1_203' title='bbox 500 1832 638 1869; x_wconf 84' lang='lat' dir='ltr'>oportet</span> <span class='ocrx_word' id='word_1_204' title='bbox 654 1832 770 1858; x_wconf 90' lang='lat' dir='ltr'>mente</span> <span class='ocrx_word' id='word_1_205' title='bbox 787 1837 867 1859; x_wconf 91' lang='lat' dir='ltr'>eum</span> <span class='ocrx_word' id='word_1_206' title='bbox 885 1826 1018 1871; x_wconf 86' lang='lat' dir='ltr'>alloqui</span> <span class='ocrx_word' id='word_1_207' title='bbox 1036 1833 1069 1860; x_wconf 93' lang='lat' dir='ltr'>et</span> <span class='ocrx_word' id='word_1_208' title='bbox 1085 1826 1226 1868; x_wconf 89' lang='lat' dir='ltr'>intueri,</span> 
     </span>
     <span class='ocr_line' id='line_1_33' title="bbox 244 1875 1224 1921; baseline 0 -12"><span class='ocrx_word' id='word_1_209' title='bbox 244 1884 277 1909; x_wconf 85' lang='lat' dir='ltr'>et</span> <span class='ocrx_word' id='word_1_210' title='bbox 294 1877 458 1920; x_wconf 85' lang='lat' dir='ltr'>cogitate,</span> <span class='ocrx_word' id='word_1_211' title='bbox 485 1876 598 1921; x_wconf 87' lang='lat' dir='ltr'>qualis</span> <span class='ocrx_word' id='word_1_212' title='bbox 619 1875 681 1913; x_wconf 87' lang='lat' dir='ltr'>sit,</span> <span class='ocrx_word' id='word_1_213' title='bbox 709 1882 741 1909; x_wconf 89' lang='lat' dir='ltr'>et</span> <span class='ocrx_word' id='word_1_214' title='bbox 760 1875 950 1910; x_wconf 80' lang='lat' dir='ltr'>discernite</span> <span class='ocrx_word' id='word_1_215' title='bbox 974 1888 1053 1909; x_wconf 91' lang='lat' dir='ltr'>enm</span> <span class='ocrx_word' id='word_1_216' title='bbox 1078 1877 1123 1909; x_wconf 88' lang='lat' dir='ltr'>ab</span> <span class='ocrx_word' id='word_1_217' title='bbox 1148 1889 1224 1909; x_wconf 92' lang='lat' dir='ltr'>om-</span> 
     </span>
     <span class='ocr_line' id='line_1_34' title="bbox 244 1925 1222 1968; baseline -0.002 -8"><span class='ocrx_word' id='word_1_218' title='bbox 244 1927 348 1960; x_wconf 89' lang='lat' dir='ltr'>nibus</span> <span class='ocrx_word' id='word_1_219' title='bbox 367 1926 552 1966; x_wconf 83' lang='lat' dir='ltr'>creaturis,</span> <span class='ocrx_word' id='word_1_220' title='bbox 580 1932 612 1958; x_wconf 84' lang='lat' dir='ltr'>et</span> <span class='ocrx_word' id='word_1_221' title='bbox 630 1925 800 1964; x_wconf 85' lang='lat' dir='ltr'>diabolis,</span> <span class='ocrx_word' id='word_1_222' title='bbox 828 1926 872 1958; x_wconf 89' lang='lat' dir='ltr'>ab</span> <span class='ocrx_word' id='word_1_223' title='bbox 895 1926 1029 1968; x_wconf 81' lang='lat' dir='ltr'>angelis</span> <span class='ocrx_word' id='word_1_224' title='bbox 1054 1933 1085 1959; x_wconf 88' lang='lat' dir='ltr'>et</span> <span class='ocrx_word' id='word_1_225' title='bbox 1105 1925 1222 1958; x_wconf 86' lang='lat' dir='ltr'>homi-</span> 
     </span>
     <span class='ocr_line' id='line_1_35' title="bbox 243 1974 1224 2017; baseline -0.003 -6"><span class='ocrx_word' id='word_1_226' title='bbox 243 1977 367 2017; x_wconf 86' lang='lat' dir='ltr'>nibus,</span> <span class='ocrx_word' id='word_1_227' title='bbox 400 1983 432 2009; x_wconf 91' lang='lat' dir='ltr'>et</span> <span class='ocrx_word' id='word_1_228' title='bbox 457 1975 535 2009; x_wconf 91' lang='lat' dir='ltr'>aliis</span> <span class='ocrx_word' id='word_1_229' title='bbox 559 1975 664 2008; x_wconf 89' lang='lat' dir='ltr'>rebus</span> <span class='ocrx_word' id='word_1_230' title='bbox 693 1975 870 2009; x_wconf 87' lang='lat' dir='ltr'>omnibus.</span> <span class='ocrx_word' id='word_1_231' title='bbox 931 1974 995 2009; x_wconf 86' lang='lat' dir='ltr'>Est</span> <span class='ocrx_word' id='word_1_232' title='bbox 1016 1983 1130 2009; x_wconf 89' lang='lat' dir='ltr'>autem</span> <span class='ocrx_word' id='word_1_233' title='bbox 1159 1974 1224 2009; x_wconf 84' lang='lat' dir='ltr'>hoc</span> 
     </span>
     <span class='ocr_line' id='line_1_36' title="bbox 244 2025 1225 2069; baseline -0.001 -8"><span class='ocrx_word' id='word_1_234' title='bbox 244 2025 310 2061; x_wconf 90' lang='lat' dir='ltr'>hoc</span> <span class='ocrx_word' id='word_1_235' title='bbox 341 2026 529 2061; x_wconf 77' lang='lat' dir='ltr'>discrimen</span> <span class='ocrx_word' id='word_1_236' title='bbox 564 2025 784 2069; x_wconf 87' lang='lat' dir='ltr'>perspicuum</span> <span class='ocrx_word' id='word_1_237' title='bbox 817 2032 970 2059; x_wconf 84' lang='lat' dir='ltr'>sumtum</span> <span class='ocrx_word' id='word_1_238' title='bbox 1010 2038 1028 2059; x_wconf 85' lang='lat' dir='ltr'>a</span> <span class='ocrx_word' id='word_1_239' title='bbox 1059 2026 1225 2068; x_wconf 83' lang='lat' dir='ltr'>castitate,</span> 
     </span>
     <span class='ocr_line' id='line_1_37' title="bbox 244 2073 1040 2123; baseline 0.003 -15"><span class='ocrx_word' id='word_1_240' title='bbox 244 2090 311 2123; x_wconf 84' lang='lat' dir='ltr'>qua</span> <span class='ocrx_word' id='word_1_241' title='bbox 331 2078 548 2111; x_wconf 79' lang='lat' dir='ltr'>discernatur</span> <span class='ocrx_word' id='word_1_242' title='bbox 570 2087 588 2109; x_wconf 91' lang='lat' dir='ltr'>a</span> <span class='ocrx_word' id='word_1_243' title='bbox 608 2075 757 2108; x_wconf 86' lang='lat' dir='ltr'>diabolis</span> <span class='ocrx_word' id='word_1_244' title='bbox 774 2082 805 2109; x_wconf 92' lang='lat' dir='ltr'>et</span> <span class='ocrx_word' id='word_1_245' title='bbox 824 2073 1040 2111; x_wconf 84' lang='lat' dir='ltr'>hominibus.</span> 
     </span>
    </p>
   </div>
   <div class='ocr_carea' id='block_1_10' title="bbox 241 2134 1225 2703">
    <p class='ocr_par' dir='ltr' id='par_1_10' title="bbox 243 2134 1225 2383">
     <span class='ocr_line' id='line_1_38' title="bbox 345 2134 1224 2179; baseline -0.001 -9"><span class='ocrx_word' id='word_1_246' title='bbox 345 2134 391 2170; x_wconf 85' lang='lat' dir='ltr'>Et</span> <span class='ocrx_word' id='word_1_247' title='bbox 408 2136 558 2169; x_wconf 88' lang='lat' dir='ltr'>sciamus</span> <span class='ocrx_word' id='word_1_248' title='bbox 573 2135 796 2178; x_wconf 88' lang='lat' dir='ltr'>simpliciter,</span> <span class='ocrx_word' id='word_1_249' title='bbox 824 2137 918 2179; x_wconf 83' lang='lat' dir='ltr'>qnod</span> <span class='ocrx_word' id='word_1_250' title='bbox 939 2136 1021 2168; x_wconf 77' lang='lat' dir='ltr'>velit</span> <span class='ocrx_word' id='word_1_251' title='bbox 1047 2147 1111 2168; x_wconf 88' lang='lat' dir='ltr'>nos</span> <span class='ocrx_word' id='word_1_252' title='bbox 1129 2134 1224 2169; x_wconf 86' lang='lat' dir='ltr'>Deus</span> 
     </span>
     <span class='ocr_line' id='line_1_39' title="bbox 244 2183 1225 2229; baseline -0.003 -8"><span class='ocrx_word' id='word_1_253' title='bbox 244 2187 373 2221; x_wconf 74' lang='lat' dir='ltr'>servire</span> <span class='ocrx_word' id='word_1_254' title='bbox 398 2187 464 2220; x_wconf 89' lang='lat' dir='ltr'>sibi</span> <span class='ocrx_word' id='word_1_255' title='bbox 492 2186 528 2218; x_wconf 92' lang='lat' dir='ltr'>in</span> <span class='ocrx_word' id='word_1_256' title='bbox 553 2183 619 2219; x_wconf 88' lang='lat' dir='ltr'>hoc</span> <span class='ocrx_word' id='word_1_257' title='bbox 644 2197 770 2229; x_wconf 84' lang='lat' dir='ltr'>opere,</span> <span class='ocrx_word' id='word_1_258' title='bbox 796 2186 924 2219; x_wconf 78' lang='lat' dir='ltr'>scilicet</span> <span class='ocrx_word' id='word_1_259' title='bbox 951 2187 1159 2219; x_wconf 81' lang='lat' dir='ltr'>abstinendo</span> <span class='ocrx_word' id='word_1_260' title='bbox 1182 2187 1225 2219; x_wconf 84' lang='lat' dir='ltr'>ab</span> 
     </span>
     <span class='ocr_line' id='line_1_40' title="bbox 243 2235 1224 2281; baseline 0 -12"><span class='ocrx_word' id='word_1_261' title='bbox 243 2239 408 2271; x_wconf 84' lang='lat' dir='ltr'>omnibns</span> <span class='ocrx_word' id='word_1_262' title='bbox 427 2235 617 2281; x_wconf 82' lang='lat' dir='ltr'>prohibitis</span> <span class='ocrx_word' id='word_1_263' title='bbox 634 2235 855 2271; x_wconf 79' lang='lat' dir='ltr'>libidinibns.</span> <span class='ocrx_word' id='word_1_264' title='bbox 906 2235 999 2269; x_wconf 85' lang='lat' dir='ltr'>llaec</span> <span class='ocrx_word' id='word_1_265' title='bbox 1023 2244 1072 2270; x_wconf 88' lang='lat' dir='ltr'>cst</span> <span class='ocrx_word' id='word_1_266' title='bbox 1098 2237 1224 2270; x_wconf 77' lang='lat' dir='ltr'>volun-</span> 
     </span>
     <span class='ocr_line' id='line_1_41' title="bbox 244 2287 1223 2331; baseline -0.001 -10"><span class='ocrx_word' id='word_1_267' title='bbox 244 2296 294 2322; x_wconf 90' lang='lat' dir='ltr'>tas</span> <span class='ocrx_word' id='word_1_268' title='bbox 322 2289 396 2321; x_wconf 84' lang='lat' dir='ltr'>eins</span> <span class='ocrx_word' id='word_1_269' title='bbox 420 2299 577 2331; x_wconf 78' lang='lat' dir='ltr'>expressa</span> <span class='ocrx_word' id='word_1_270' title='bbox 605 2287 642 2320; x_wconf 86' lang='lat' dir='ltr'>in</span> <span class='ocrx_word' id='word_1_271' title='bbox 669 2287 881 2331; x_wconf 80' lang='lat' dir='ltr'>praeceptis,</span> <span class='ocrx_word' id='word_1_272' title='bbox 916 2294 947 2321; x_wconf 89' lang='lat' dir='ltr'>et</span> <span class='ocrx_word' id='word_1_273' title='bbox 981 2288 1154 2321; x_wconf 83' lang='lat' dir='ltr'>declarata</span> <span class='ocrx_word' id='word_1_274' title='bbox 1188 2288 1223 2320; x_wconf 93' lang='lat' dir='ltr'>in</span> 
     </span>
     <span class='ocr_line' id='line_1_42' title="bbox 243 2340 377 2383; baseline 0.007 -11"><span class='ocrx_word' id='word_1_275' title='bbox 243 2340 377 2383; x_wconf 82' lang='lat' dir='ltr'>poenis.</span> 
     </span>
    </p>

    <p class='ocr_par' dir='ltr' id='par_1_11' title="bbox 244 2393 1224 2593">
     <span class='ocr_line' id='line_1_43' title="bbox 346 2393 1224 2441; baseline -0.001 -10"><span class='ocrx_word' id='word_1_276' title='bbox 346 2397 532 2441; x_wconf 83' lang='lat' dir='ltr'>Praecepta</span> <span class='ocrx_word' id='word_1_277' title='bbox 548 2404 645 2430; x_wconf 88' lang='lat' dir='ltr'>sunt:</span> <span class='ocrx_word' id='word_1_278' title='bbox 672 2395 750 2430; x_wconf 88' lang='lat' dir='ltr'>Non</span> <span class='ocrx_word' id='word_1_279' title='bbox 767 2393 1017 2436; x_wconf 84' lang='lat' dir='ltr'>moechaberis,</span> <span class='ocrx_word' id='word_1_280' title='bbox 1036 2395 1224 2432; x_wconf 77' lang='lat' dir='ltr'>Dcut.25.:</span> 
     </span>
     <span class='ocr_line' id='line_1_44' title="bbox 244 2447 1224 2492; baseline 0 -10"><span class='ocrx_word' id='word_1_281' title='bbox 244 2448 457 2482; x_wconf 74' lang='lat' dir='ltr'>Maledictus</span> <span class='ocrx_word' id='word_1_282' title='bbox 483 2447 541 2491; x_wconf 81' lang='lat' dir='ltr'>qni</span> <span class='ocrx_word' id='word_1_283' title='bbox 566 2447 694 2480; x_wconf 84' lang='lat' dir='ltr'>dormit</span> <span class='ocrx_word' id='word_1_284' title='bbox 721 2460 799 2480; x_wconf 80' lang='lat' dir='ltr'>cnm</span> <span class='ocrx_word' id='word_1_285' title='bbox 825 2460 931 2481; x_wconf 84' lang='lat' dir='ltr'>uxore</span> <span class='ocrx_word' id='word_1_286' title='bbox 955 2448 1120 2492; x_wconf 83' lang='lat' dir='ltr'>proximi.</span> <span class='ocrx_word' id='word_1_287' title='bbox 1178 2449 1224 2482; x_wconf 84' lang='lat' dir='ltr'>Et</span> 
     </span>
     <span class='ocr_line' id='line_1_45' title="bbox 249 2495 1224 2539; baseline 0.001 -7"><span class='ocrx_word' id='word_1_288' title='bbox 249 2495 497 2533; x_wconf 84' lang='lat' dir='ltr'>1.Corinth.6.</span> <span class='ocrx_word' id='word_1_289' title='bbox 515 2498 658 2531; x_wconf 82' lang='lat' dir='ltr'>dicitur:</span> <span class='ocrx_word' id='word_1_290' title='bbox 687 2497 803 2531; x_wconf 82' lang='lat' dir='ltr'>Nolite</span> <span class='ocrx_word' id='word_1_291' title='bbox 819 2510 945 2539; x_wconf 84' lang='lat' dir='ltr'>errare,</span> <span class='ocrx_word' id='word_1_292' title='bbox 969 2505 1176 2533; x_wconf 82' lang='lat' dir='ltr'>scortatores</span> <span class='ocrx_word' id='word_1_293' title='bbox 1193 2507 1224 2534; x_wconf 85' lang='lat' dir='ltr'>ct</span> 
     </span>
     <span class='ocr_line' id='line_1_46' title="bbox 244 2548 994 2593; baseline 0.003 -12"><span class='ocrx_word' id='word_1_294' title='bbox 244 2551 391 2583; x_wconf 79' lang='lat' dir='ltr'>adulteri</span> <span class='ocrx_word' id='word_1_295' title='bbox 412 2562 482 2581; x_wconf 85' lang='lat' dir='ltr'>non</span> <span class='ocrx_word' id='word_1_296' title='bbox 503 2549 729 2593; x_wconf 82' lang='lat' dir='ltr'>possidebunt</span> <span class='ocrx_word' id='word_1_297' title='bbox 751 2561 895 2590; x_wconf 74' lang='lat' dir='ltr'>regnum</span> <span class='ocrx_word' id='word_1_298' title='bbox 917 2548 994 2584; x_wconf 79' lang='lat' dir='ltr'>Dei.</span> 
     </span>
    </p>

    <p class='ocr_par' dir='ltr' id='par_1_12' title="bbox 241 2605 1223 2703">
     <span class='ocr_line' id='line_1_47' title="bbox 345 2605 1223 2652; baseline 0 -11"><span class='ocrx_word' id='word_1_299' title='bbox 345 2605 618 2641; x_wconf 73' lang='lat' dir='ltr'>Aul(&#39;1alatas5.:</span> <span class='ocrx_word' id='word_1_300' title='bbox 640 2607 711 2650; x_wconf 85' lang='lat' dir='ltr'>Qni</span> <span class='ocrx_word' id='word_1_301' title='bbox 729 2608 809 2642; x_wconf 85' lang='lat' dir='ltr'>talia</span> <span class='ocrx_word' id='word_1_302' title='bbox 829 2609 973 2647; x_wconf 71' lang='lat' dir='ltr'>faciunt,</span> <span class='ocrx_word' id='word_1_303' title='bbox 1002 2619 1146 2652; x_wconf 78' lang='lat' dir='ltr'>regnum</span> <span class='ocrx_word' id='word_1_304' title='bbox 1158 2606 1223 2642; x_wconf 84' lang='lat' dir='ltr'>Dei</span> 
     </span>
     <span class='ocr_line' id='line_1_48' title="bbox 241 2659 570 2703; baseline 0.006 -12"><span class='ocrx_word' id='word_1_305' title='bbox 241 2671 312 2691; x_wconf 82' lang='lat' dir='ltr'>non</span> <span class='ocrx_word' id='word_1_306' title='bbox 331 2659 570 2703; x_wconf 84' lang='lat' dir='ltr'>possidebunt.</span> 
     </span>
    </p>
   </div>
   <div class='ocr_carea' id='block_1_11' title="bbox 2171 104 2247 142">
    <p class='ocr_par' dir='ltr' id='par_1_13' title="bbox 2171 104 2247 142">
     <span class='ocr_line' id='line_1_49' title="bbox 2171 104 2247 142; baseline -0.053 0"><span class='ocrx_word' id='word_1_307' title='bbox 2171 104 2247 142; x_wconf 87' lang='grc'>600</span> 
     </span>
    </p>
   </div>
   <div class='ocr_carea' id='block_1_12' title="bbox 1271 188 2246 284">
    <p class='ocr_par' dir='ltr' id='par_1_14' title="bbox 1271 188 2246 284">
     <span class='ocr_line' id='line_1_50' title="bbox 1372 188 2246 234; baseline 0 -11"><span class='ocrx_word' id='word_1_308' title='bbox 1372 188 1467 223; x_wconf 88' lang='lat' dir='ltr'>Haec</span> <span class='ocrx_word' id='word_1_309' title='bbox 1484 196 1664 234; x_wconf 86' lang='lat' dir='ltr'>praecepta</span> <span class='ocrx_word' id='word_1_310' title='bbox 1681 195 1912 230; x_wconf 86' lang='lat' dir='ltr'>mementote,</span> <span class='ocrx_word' id='word_1_311' title='bbox 1939 195 1972 222; x_wconf 89' lang='lat' dir='ltr'>et</span> <span class='ocrx_word' id='word_1_312' title='bbox 1995 200 2067 222; x_wconf 91' lang='lat' dir='ltr'>non</span> <span class='ocrx_word' id='word_1_313' title='bbox 2089 197 2246 225; x_wconf 87' lang='lat' dir='ltr'>contem-</span> 
     </span>
     <span class='ocr_line' id='line_1_51' title="bbox 1271 239 2245 284; baseline 0.001 -11"><span class='ocrx_word' id='word_1_314' title='bbox 1271 239 1362 273; x_wconf 88' lang='lat' dir='ltr'>natis</span> <span class='ocrx_word' id='word_1_315' title='bbox 1381 252 1438 280; x_wconf 90' lang='lat' dir='ltr'>ea,</span> <span class='ocrx_word' id='word_1_316' title='bbox 1465 240 1548 284; x_wconf 88' lang='lat' dir='ltr'>quia</span> <span class='ocrx_word' id='word_1_317' title='bbox 1575 252 1647 273; x_wconf 87' lang='lat' dir='ltr'>non</span> <span class='ocrx_word' id='word_1_318' title='bbox 1673 240 1820 273; x_wconf 90' lang='lat' dir='ltr'>dubium</span> <span class='ocrx_word' id='word_1_319' title='bbox 1842 247 1908 279; x_wconf 84' lang='lat' dir='ltr'>est,</span> <span class='ocrx_word' id='word_1_320' title='bbox 1935 239 2021 284; x_wconf 88' lang='lat' dir='ltr'>quin</span> <span class='ocrx_word' id='word_1_321' title='bbox 2041 239 2084 272; x_wconf 88' lang='lat' dir='ltr'>sit</span> <span class='ocrx_word' id='word_1_322' title='bbox 2110 241 2245 280; x_wconf 85' lang='lat' dir='ltr'>veritas,</span> 
     </span>
    </p>
   </div>
   <div class='ocr_carea' id='block_1_13' title="bbox 1244 277 2245 341">
    <p class='ocr_par' dir='ltr' id='par_1_15' title="bbox 1244 277 2245 341">
     <span class='ocr_line' id='line_1_52' title="bbox 1244 277 2245 341; baseline 0 -18"><span class='ocrx_word' id='word_1_323' title='bbox 1244 277 1247 341; x_wconf 51' lang='grc'>1</span> <span class='ocrx_word' id='word_1_324' title='bbox 1271 291 1366 335; x_wconf 92' lang='lat' dir='ltr'>quod</span> <span class='ocrx_word' id='word_1_325' title='bbox 1388 302 1460 323; x_wconf 92' lang='lat' dir='ltr'>non</span> <span class='ocrx_word' id='word_1_326' title='bbox 1487 290 1556 323; x_wconf 89' lang='lat' dir='ltr'>sint</span> <span class='ocrx_word' id='word_1_327' title='bbox 1578 291 1732 324; x_wconf 87' lang='lat' dir='ltr'>membra</span> <span class='ocrx_word' id='word_1_328' title='bbox 1750 288 1900 329; x_wconf 86' lang='lat' dir='ltr'>Christi,</span> <span class='ocrx_word' id='word_1_329' title='bbox 1929 296 2184 332; x_wconf 80' lang='lat' dir='ltr'>perseverantes</span> <span class='ocrx_word' id='word_1_330' title='bbox 2207 291 2245 323; x_wconf 88' lang='lat' dir='ltr'>iu</span> 
     </span>
    </p>
   </div>
   <div class='ocr_carea' id='block_1_14' title="bbox 1270 338 2259 2704">
    <p class='ocr_par' dir='ltr' id='par_1_16' title="bbox 1270 338 2072 387">
     <span class='ocr_line' id='line_1_53' title="bbox 1270 338 2072 387; baseline 0.001 -13"><span class='ocrx_word' id='word_1_331' title='bbox 1270 340 1452 374; x_wconf 90' lang='lat' dir='ltr'>adulteriis</span> <span class='ocrx_word' id='word_1_332' title='bbox 1469 346 1527 372; x_wconf 87' lang='lat' dir='ltr'>aut</span> <span class='ocrx_word' id='word_1_333' title='bbox 1549 340 1627 374; x_wconf 85' lang='lat' dir='ltr'>aliis</span> <span class='ocrx_word' id='word_1_334' title='bbox 1645 338 1836 387; x_wconf 77' lang='lat' dir='ltr'>prohibitis</span> <span class='ocrx_word' id='word_1_335' title='bbox 1853 341 2072 375; x_wconf 77' lang='lat' dir='ltr'>ltbnlnnbus.</span> 
     </span>
    </p>

    <p class='ocr_par' dir='ltr' id='par_1_17' title="bbox 1271 387 2252 636">
     <span class='ocr_line' id='line_1_54' title="bbox 1373 387 2249 434; baseline -0.003 -11"><span class='ocrx_word' id='word_1_336' title='bbox 1373 389 1553 424; x_wconf 88' lang='lat' dir='ltr'>Praeterea</span> <span class='ocrx_word' id='word_1_337' title='bbox 1579 402 1709 434; x_wconf 89' lang='lat' dir='ltr'>poenas</span> <span class='ocrx_word' id='word_1_338' title='bbox 1735 391 1962 424; x_wconf 86' lang='lat' dir='ltr'>considerate.</span> <span class='ocrx_word' id='word_1_339' title='bbox 2024 390 2074 424; x_wconf 91' lang='lat' dir='ltr'>De</span> <span class='ocrx_word' id='word_1_340' title='bbox 2099 387 2249 422; x_wconf 82' lang='lat' dir='ltr'>aeternis</span> 
     </span>
     <span class='ocr_line' id='line_1_55' title="bbox 1272 439 2250 485; baseline -0.003 -12"><span class='ocrx_word' id='word_1_341' title='bbox 1272 441 1340 474; x_wconf 90' lang='lat' dir='ltr'>iam</span> <span class='ocrx_word' id='word_1_342' title='bbox 1363 440 1494 474; x_wconf 91' lang='lat' dir='ltr'>dictum</span> <span class='ocrx_word' id='word_1_343' title='bbox 1512 447 1574 476; x_wconf 86' lang='lat' dir='ltr'>est.</span> <span class='ocrx_word' id='word_1_344' title='bbox 1607 439 1726 475; x_wconf 89' lang='lat' dir='ltr'>Ruent</span> <span class='ocrx_word' id='word_1_345' title='bbox 1743 441 1780 474; x_wconf 90' lang='lat' dir='ltr'>in</span> <span class='ocrx_word' id='word_1_346' title='bbox 1796 449 1953 475; x_wconf 86' lang='lat' dir='ltr'>aeternas</span> <span class='ocrx_word' id='word_1_347' title='bbox 1972 451 2100 485; x_wconf 87' lang='lat' dir='ltr'>poenas</span> <span class='ocrx_word' id='word_1_348' title='bbox 2116 449 2250 476; x_wconf 80' lang='lat' dir='ltr'>omnes,</span> 
     </span>
     <span class='ocr_line' id='line_1_56' title="bbox 1271 487 2250 536; baseline -0.005 -11"><span class='ocrx_word' id='word_1_349' title='bbox 1271 491 1421 536; x_wconf 90' lang='lat' dir='ltr'>quinon</span> <span class='ocrx_word' id='word_1_350' title='bbox 1440 497 1715 531; x_wconf 80' lang='lat' dir='ltr'>convertuntur,</span> <span class='ocrx_word' id='word_1_351' title='bbox 1741 499 1779 525; x_wconf 91' lang='lat' dir='ltr'>ut</span> <span class='ocrx_word' id='word_1_352' title='bbox 1796 491 1864 524; x_wconf 90' lang='lat' dir='ltr'>iam</span> <span class='ocrx_word' id='word_1_353' title='bbox 1891 493 2022 526; x_wconf 88' lang='lat' dir='ltr'>dictum</span> <span class='ocrx_word' id='word_1_354' title='bbox 2049 497 2115 523; x_wconf 86' lang='lat' dir='ltr'>est:</span> <span class='ocrx_word' id='word_1_355' title='bbox 2144 487 2250 523; x_wconf 88' lang='lat' dir='ltr'>Scor-</span> 
     </span>
     <span class='ocr_line' id='line_1_57' title="bbox 1272 537 2252 585; baseline -0.004 -10"><span class='ocrx_word' id='word_1_356' title='bbox 1272 548 1401 575; x_wconf 89' lang='lat' dir='ltr'>tatores</span> <span class='ocrx_word' id='word_1_357' title='bbox 1425 547 1460 574; x_wconf 89' lang='lat' dir='ltr'>et</span> <span class='ocrx_word' id='word_1_358' title='bbox 1483 540 1633 574; x_wconf 89' lang='lat' dir='ltr'>adulteri</span> <span class='ocrx_word' id='word_1_359' title='bbox 1660 552 1732 574; x_wconf 86' lang='lat' dir='ltr'>non</span> <span class='ocrx_word' id='word_1_360' title='bbox 1757 541 1986 585; x_wconf 87' lang='lat' dir='ltr'>possidebunt</span> <span class='ocrx_word' id='word_1_361' title='bbox 2010 552 2156 584; x_wconf 86' lang='lat' dir='ltr'>regnum</span> <span class='ocrx_word' id='word_1_362' title='bbox 2172 537 2252 579; x_wconf 80' lang='lat' dir='ltr'>Dei,</span> 
     </span>
     <span class='ocr_line' id='line_1_58' title="bbox 1272 591 1880 636; baseline 0.002 -11"><span class='ocrx_word' id='word_1_363' title='bbox 1272 591 1422 632; x_wconf 85' lang='lat' dir='ltr'>scilicet,</span> <span class='ocrx_word' id='word_1_364' title='bbox 1449 591 1508 636; x_wconf 92' lang='lat' dir='ltr'>qui</span> <span class='ocrx_word' id='word_1_365' title='bbox 1527 603 1598 624; x_wconf 92' lang='lat' dir='ltr'>non</span> <span class='ocrx_word' id='word_1_366' title='bbox 1615 598 1880 626; x_wconf 81' lang='lat' dir='ltr'>convertuntur.</span> 
     </span>
    </p>

    <p class='ocr_par' dir='ltr' id='par_1_18' title="bbox 1272 636 2252 984">
     <span class='ocr_line' id='line_1_59' title="bbox 1374 636 2250 686; baseline -0.005 -11"><span class='ocrx_word' id='word_1_367' title='bbox 1374 641 1443 675; x_wconf 90' lang='lat' dir='ltr'>Sed</span> <span class='ocrx_word' id='word_1_368' title='bbox 1471 642 1632 675; x_wconf 90' lang='lat' dir='ltr'>addenda</span> <span class='ocrx_word' id='word_1_369' title='bbox 1653 648 1704 675; x_wconf 86' lang='lat' dir='ltr'>est</span> <span class='ocrx_word' id='word_1_370' title='bbox 1725 642 1885 676; x_wconf 89' lang='lat' dir='ltr'>doctrina</span> <span class='ocrx_word' id='word_1_371' title='bbox 1909 643 1951 675; x_wconf 89' lang='lat' dir='ltr'>de</span> <span class='ocrx_word' id='word_1_372' title='bbox 1974 640 2097 686; x_wconf 86' lang='lat' dir='ltr'>poenis</span> <span class='ocrx_word' id='word_1_373' title='bbox 2124 640 2161 673; x_wconf 92' lang='lat' dir='ltr'>in</span> <span class='ocrx_word' id='word_1_374' title='bbox 2186 636 2250 672; x_wconf 81' lang='lat' dir='ltr'>hac</span> 
     </span>
     <span class='ocr_line' id='line_1_60' title="bbox 1273 689 2250 737; baseline -0.002 -14"><span class='ocrx_word' id='word_1_375' title='bbox 1273 692 1353 727; x_wconf 86' lang='lat' dir='ltr'>vita.</span> <span class='ocrx_word' id='word_1_376' title='bbox 1412 691 1493 725; x_wconf 91' lang='lat' dir='ltr'>Non</span> <span class='ocrx_word' id='word_1_377' title='bbox 1515 693 1621 725; x_wconf 90' lang='lat' dir='ltr'>debes</span> <span class='ocrx_word' id='word_1_378' title='bbox 1651 692 1831 732; x_wconf 87' lang='lat' dir='ltr'>dubitare,</span> <span class='ocrx_word' id='word_1_379' title='bbox 1865 692 1949 737; x_wconf 89' lang='lat' dir='ltr'>quin</span> <span class='ocrx_word' id='word_1_380' title='bbox 1972 691 2065 726; x_wconf 86' lang='lat' dir='ltr'>Deus</span> <span class='ocrx_word' id='word_1_381' title='bbox 2088 691 2191 724; x_wconf 84' lang='lat' dir='ltr'>etiam</span> <span class='ocrx_word' id='word_1_382' title='bbox 2213 689 2250 721; x_wconf 88' lang='lat' dir='ltr'>in</span> 
     </span>
     <span class='ocr_line' id='line_1_61' title="bbox 1272 739 2252 786; baseline -0.004 -11"><span class='ocrx_word' id='word_1_383' title='bbox 1272 740 1337 775; x_wconf 82' lang='lat' dir='ltr'>hac</span> <span class='ocrx_word' id='word_1_384' title='bbox 1354 741 1423 775; x_wconf 81' lang='lat' dir='ltr'>vita</span> <span class='ocrx_word' id='word_1_385' title='bbox 1441 742 1565 785; x_wconf 89' lang='lat' dir='ltr'>puniat</span> <span class='ocrx_word' id='word_1_386' title='bbox 1589 742 1761 776; x_wconf 90' lang='lat' dir='ltr'>adulteria</span> <span class='ocrx_word' id='word_1_387' title='bbox 1785 749 1818 775; x_wconf 93' lang='lat' dir='ltr'>et</span> <span class='ocrx_word' id='word_1_388' title='bbox 1842 743 1928 776; x_wconf 87' lang='lat' dir='ltr'>alias</span> <span class='ocrx_word' id='word_1_389' title='bbox 1951 739 2146 786; x_wconf 87' lang='lat' dir='ltr'>prohibitas</span> <span class='ocrx_word' id='word_1_390' title='bbox 2169 739 2252 772; x_wconf 89' lang='lat' dir='ltr'>libi-</span> 
     </span>
     <span class='ocr_line' id='line_1_62' title="bbox 1273 789 2250 837; baseline -0.003 -11"><span class='ocrx_word' id='word_1_391' title='bbox 1273 793 1391 833; x_wconf 78' lang='lat' dir='ltr'>dines,</span> <span class='ocrx_word' id='word_1_392' title='bbox 1434 793 1556 836; x_wconf 91' lang='lat' dir='ltr'>poenis</span> <span class='ocrx_word' id='word_1_393' title='bbox 1585 793 1845 837; x_wconf 76' lang='lat' dir='ltr'>corporalibus,</span> <span class='ocrx_word' id='word_1_394' title='bbox 1895 799 1929 827; x_wconf 86' lang='lat' dir='ltr'>et</span> <span class='ocrx_word' id='word_1_395' title='bbox 1958 792 2094 825; x_wconf 87' lang='lat' dir='ltr'>animae</span> <span class='ocrx_word' id='word_1_396' title='bbox 2127 789 2250 835; x_wconf 79' lang='lat' dir='ltr'>plagis.</span> 
     </span>
     <span class='ocr_line' id='line_1_63' title="bbox 1274 839 2252 887; baseline -0.004 -11"><span class='ocrx_word' id='word_1_397' title='bbox 1274 843 1358 877; x_wconf 91' lang='lat' dir='ltr'>Ideo</span> <span class='ocrx_word' id='word_1_398' title='bbox 1380 843 1547 887; x_wconf 85' lang='lat' dir='ltr'>scriptum</span> <span class='ocrx_word' id='word_1_399' title='bbox 1566 850 1631 877; x_wconf 89' lang='lat' dir='ltr'>est:</span> <span class='ocrx_word' id='word_1_400' title='bbox 1660 843 1878 877; x_wconf 88' lang='lat' dir='ltr'>Scortatores</span> <span class='ocrx_word' id='word_1_401' title='bbox 1900 849 1934 877; x_wconf 88' lang='lat' dir='ltr'>et</span> <span class='ocrx_word' id='word_1_402' title='bbox 1956 842 2134 876; x_wconf 89' lang='lat' dir='ltr'>adulteros</span> <span class='ocrx_word' id='word_1_403' title='bbox 2158 839 2252 874; x_wconf 88' lang='lat' dir='ltr'>iudi-</span> 
     </span>
     <span class='ocr_line' id='line_1_64' title="bbox 1273 888 2252 937; baseline -0.005 -10"><span class='ocrx_word' id='word_1_404' title='bbox 1273 893 1366 927; x_wconf 87' lang='lat' dir='ltr'>cabit</span> <span class='ocrx_word' id='word_1_405' title='bbox 1382 892 1498 933; x_wconf 89' lang='lat' dir='ltr'>Deus,</span> <span class='ocrx_word' id='word_1_406' title='bbox 1525 893 1674 933; x_wconf 89' lang='lat' dir='ltr'>scilicet,</span> <span class='ocrx_word' id='word_1_407' title='bbox 1700 900 1732 927; x_wconf 88' lang='lat' dir='ltr'>et</span> <span class='ocrx_word' id='word_1_408' title='bbox 1754 893 1790 926; x_wconf 89' lang='lat' dir='ltr'>in</span> <span class='ocrx_word' id='word_1_409' title='bbox 1809 891 1875 928; x_wconf 88' lang='lat' dir='ltr'>hac</span> <span class='ocrx_word' id='word_1_410' title='bbox 1891 894 1980 932; x_wconf 80' lang='lat' dir='ltr'>vita,</span> <span class='ocrx_word' id='word_1_411' title='bbox 2009 899 2042 926; x_wconf 94' lang='lat' dir='ltr'>et</span> <span class='ocrx_word' id='word_1_412' title='bbox 2062 898 2140 937; x_wconf 88' lang='lat' dir='ltr'>post</span> <span class='ocrx_word' id='word_1_413' title='bbox 2162 888 2252 924; x_wconf 89' lang='lat' dir='ltr'>banc</span> 
     </span>
     <span class='ocr_line' id='line_1_65' title="bbox 1274 943 1830 984; baseline 0.005 -8"><span class='ocrx_word' id='word_1_414' title='bbox 1274 945 1402 984; x_wconf 86' lang='lat' dir='ltr'>vitam,</span> <span class='ocrx_word' id='word_1_415' title='bbox 1428 943 1456 976; x_wconf 90' lang='lat' dir='ltr'>si</span> <span class='ocrx_word' id='word_1_416' title='bbox 1475 955 1546 977; x_wconf 92' lang='lat' dir='ltr'>non</span> <span class='ocrx_word' id='word_1_417' title='bbox 1566 943 1622 977; x_wconf 82' lang='lat' dir='ltr'>fiet</span> <span class='ocrx_word' id='word_1_418' title='bbox 1636 944 1830 979; x_wconf 82' lang='lat' dir='ltr'>conversio.</span> 
     </span>
    </p>

    <p class='ocr_par' dir='ltr' id='par_1_19' title="bbox 1376 991 2167 1041">
     <span class='ocr_line' id='line_1_66' title="bbox 1376 991 2167 1041; baseline 0.001 -15"><span class='ocrx_word' id='word_1_419' title='bbox 1376 993 1449 1026; x_wconf 90' lang='lat' dir='ltr'>lam</span> <span class='ocrx_word' id='word_1_420' title='bbox 1465 994 1545 1027; x_wconf 88' lang='lat' dir='ltr'>vide</span> <span class='ocrx_word' id='word_1_421' title='bbox 1562 994 1717 1037; x_wconf 88' lang='lat' dir='ltr'>exempla</span> <span class='ocrx_word' id='word_1_422' title='bbox 1736 1005 1930 1041; x_wconf 86' lang='lat' dir='ltr'>poenarum</span> <span class='ocrx_word' id='word_1_423' title='bbox 1948 994 1984 1026; x_wconf 88' lang='lat' dir='ltr'>in</span> <span class='ocrx_word' id='word_1_424' title='bbox 2003 991 2067 1027; x_wconf 88' lang='lat' dir='ltr'>hac</span> <span class='ocrx_word' id='word_1_425' title='bbox 2084 992 2167 1027; x_wconf 81' lang='lat' dir='ltr'>vita.</span> 
     </span>
    </p>

    <p class='ocr_par' dir='ltr' id='par_1_20' title="bbox 1273 1042 2254 1190">
     <span class='ocr_line' id='line_1_67' title="bbox 1378 1042 2254 1086; baseline -0.003 -9"><span class='ocrx_word' id='word_1_426' title='bbox 1378 1043 1475 1077; x_wconf 87' lang='lat' dir='ltr'>Inter</span> <span class='ocrx_word' id='word_1_427' title='bbox 1496 1055 1614 1077; x_wconf 88' lang='lat' dir='ltr'>causas</span> <span class='ocrx_word' id='word_1_428' title='bbox 1636 1044 1760 1077; x_wconf 88' lang='lat' dir='ltr'>diluvii</span> <span class='ocrx_word' id='word_1_429' title='bbox 1784 1045 1948 1078; x_wconf 87' lang='lat' dir='ltr'>recitatur</span> <span class='ocrx_word' id='word_1_430' title='bbox 1972 1042 2039 1078; x_wconf 89' lang='lat' dir='ltr'>hoc</span> <span class='ocrx_word' id='word_1_431' title='bbox 2064 1049 2254 1086; x_wconf 86' lang='lat' dir='ltr'>peccatum,</span> 
     </span>
     <span class='ocr_line' id='line_1_68' title="bbox 1274 1092 2254 1140; baseline -0.004 -11"><span class='ocrx_word' id='word_1_432' title='bbox 1274 1096 1368 1140; x_wconf 83' lang='lat' dir='ltr'>quod</span> <span class='ocrx_word' id='word_1_433' title='bbox 1387 1092 1548 1127; x_wconf 89' lang='lat' dir='ltr'>homines</span> <span class='ocrx_word' id='word_1_434' title='bbox 1567 1094 1744 1139; x_wconf 86' lang='lat' dir='ltr'>praecipui</span> <span class='ocrx_word' id='word_1_435' title='bbox 1764 1095 1798 1128; x_wconf 91' lang='lat' dir='ltr'>in</span> <span class='ocrx_word' id='word_1_436' title='bbox 1818 1094 1972 1129; x_wconf 88' lang='lat' dir='ltr'>Ecclesia</span> <span class='ocrx_word' id='word_1_437' title='bbox 1991 1094 2170 1137; x_wconf 84' lang='lat' dir='ltr'>coeperint</span> <span class='ocrx_word' id='word_1_438' title='bbox 2193 1104 2254 1125; x_wconf 78' lang='lat' dir='ltr'>va-</span> 
     </span>
     <span class='ocr_line' id='line_1_69' title="bbox 1273 1144 2154 1190; baseline 0 -13"><span class='ocrx_word' id='word_1_439' title='bbox 1273 1157 1331 1188; x_wconf 73' lang='lat' dir='ltr'>gas</span> <span class='ocrx_word' id='word_1_440' title='bbox 1348 1145 1514 1178; x_wconf 86' lang='lat' dir='ltr'>libidines</span> <span class='ocrx_word' id='word_1_441' title='bbox 1531 1156 1704 1185; x_wconf 87' lang='lat' dir='ltr'>exercere,</span> <span class='ocrx_word' id='word_1_442' title='bbox 1730 1145 1858 1188; x_wconf 66' lang='lat' dir='ltr'>auertet)</span> <span class='ocrx_word' id='word_1_443' title='bbox 1877 1144 2006 1190; x_wconf 59' lang='lat' dir='ltr'>nngudn</span> <span class='ocrx_word' id='word_1_444' title='bbox 2024 1145 2154 1179; x_wconf 74' lang='lat' dir='ltr'>treiben.</span> 
     </span>
    </p>

    <p class='ocr_par' dir='ltr' id='par_1_21' title="bbox 1276 1194 2257 1440">
     <span class='ocr_line' id='line_1_70' title="bbox 1376 1194 2257 1230; baseline -0.005 0"><span class='ocrx_word' id='word_1_445' title='bbox 1376 1198 1414 1230; x_wconf 74' lang='lat'>2.</span> <span class='ocrx_word' id='word_1_446' title='bbox 1441 1194 1563 1229; x_wconf 86' lang='lat' dir='ltr'>Postea</span> <span class='ocrx_word' id='word_1_447' title='bbox 1574 1195 1726 1229; x_wconf 88' lang='lat' dir='ltr'>Sodoma</span> <span class='ocrx_word' id='word_1_448' title='bbox 1743 1202 1776 1229; x_wconf 88' lang='lat' dir='ltr'>et</span> <span class='ocrx_word' id='word_1_449' title='bbox 1792 1197 1880 1229; x_wconf 86' lang='lat' dir='ltr'>aliae</span> <span class='ocrx_word' id='word_1_450' title='bbox 1898 1197 2000 1229; x_wconf 88' lang='lat' dir='ltr'>urbes</span> <span class='ocrx_word' id='word_1_451' title='bbox 2017 1195 2178 1229; x_wconf 84' lang='lat' dir='ltr'>funditus</span> <span class='ocrx_word' id='word_1_452' title='bbox 2194 1194 2257 1226; x_wconf 93' lang='lat' dir='ltr'>de-</span> 
     </span>
     <span class='ocr_line' id='line_1_71' title="bbox 1276 1244 2256 1291; baseline -0.003 -12"><span class='ocrx_word' id='word_1_453' title='bbox 1276 1247 1404 1280; x_wconf 89' lang='lat' dir='ltr'>lentur.</span> <span class='ocrx_word' id='word_1_454' title='bbox 1464 1244 1510 1279; x_wconf 91' lang='lat' dir='ltr'>Et</span> <span class='ocrx_word' id='word_1_455' title='bbox 1537 1246 1679 1291; x_wconf 90' lang='lat' dir='ltr'>quidem</span> <span class='ocrx_word' id='word_1_456' title='bbox 1710 1246 1784 1290; x_wconf 90' lang='lat' dir='ltr'>ipse</span> <span class='ocrx_word' id='word_1_457' title='bbox 1809 1246 1921 1280; x_wconf 90' lang='lat' dir='ltr'>Filius</span> <span class='ocrx_word' id='word_1_458' title='bbox 1943 1246 2008 1280; x_wconf 90' lang='lat' dir='ltr'>Dei</span> <span class='ocrx_word' id='word_1_459' title='bbox 2039 1252 2089 1279; x_wconf 90' lang='lat' dir='ltr'>est</span> <span class='ocrx_word' id='word_1_460' title='bbox 2123 1244 2159 1277; x_wconf 86' lang='lat' dir='ltr'>in</span> <span class='ocrx_word' id='word_1_461' title='bbox 2193 1244 2256 1277; x_wconf 92' lang='lat' dir='ltr'>illo</span> 
     </span>
     <span class='ocr_line' id='line_1_72' title="bbox 1278 1293 2256 1340; baseline -0.001 -11"><span class='ocrx_word' id='word_1_462' title='bbox 1278 1297 1405 1330; x_wconf 89' lang='lat' dir='ltr'>itinere</span> <span class='ocrx_word' id='word_1_463' title='bbox 1421 1297 1514 1340; x_wconf 91' lang='lat' dir='ltr'>apud</span> <span class='ocrx_word' id='word_1_464' title='bbox 1532 1293 1712 1329; x_wconf 84' lang='lat' dir='ltr'>Abraham</span> <span class='ocrx_word' id='word_1_465' title='bbox 1724 1323 1733 1336; x_wconf 86' lang='lat'>,</span> <span class='ocrx_word' id='word_1_466' title='bbox 1761 1304 1793 1331; x_wconf 91' lang='lat' dir='ltr'>et</span> <span class='ocrx_word' id='word_1_467' title='bbox 1810 1297 1847 1331; x_wconf 88' lang='lat' dir='ltr'>fit</span> <span class='ocrx_word' id='word_1_468' title='bbox 1864 1303 2027 1330; x_wconf 86' lang='lat' dir='ltr'>executor</span> <span class='ocrx_word' id='word_1_469' title='bbox 2050 1294 2156 1329; x_wconf 88' lang='lat' dir='ltr'>huius</span> <span class='ocrx_word' id='word_1_470' title='bbox 2172 1306 2256 1339; x_wconf 87' lang='lat' dir='ltr'>poe-</span> 
     </span>
     <span class='ocr_line' id='line_1_73' title="bbox 1276 1346 2256 1392; baseline -0.001 -13"><span class='ocrx_word' id='word_1_471' title='bbox 1276 1359 1341 1379; x_wconf 91' lang='lat' dir='ltr'>nae</span> <span class='ocrx_word' id='word_1_472' title='bbox 1357 1358 1420 1379; x_wconf 89' lang='lat' dir='ltr'>suo</span> <span class='ocrx_word' id='word_1_473' title='bbox 1437 1358 1562 1386; x_wconf 82' lang='lat' dir='ltr'>manu,</span> <span class='ocrx_word' id='word_1_474' title='bbox 1588 1353 1628 1379; x_wconf 94' lang='lat' dir='ltr'>ut</span> <span class='ocrx_word' id='word_1_475' title='bbox 1644 1348 1822 1386; x_wconf 82' lang='lat' dir='ltr'>ostendat,</span> <span class='ocrx_word' id='word_1_476' title='bbox 1851 1348 1945 1392; x_wconf 90' lang='lat' dir='ltr'>quod</span> <span class='ocrx_word' id='word_1_477' title='bbox 1969 1346 2070 1379; x_wconf 87' lang='lat' dir='ltr'>valde</span> <span class='ocrx_word' id='word_1_478' title='bbox 2088 1346 2256 1379; x_wconf 87' lang='lat' dir='ltr'>irascatur</span> 
     </span>
     <span class='ocr_line' id='line_1_74' title="bbox 1276 1396 1711 1440; baseline -0.002 -10"><span class='ocrx_word' id='word_1_479' title='bbox 1276 1397 1405 1430; x_wconf 86' lang='lat' dir='ltr'>talibus</span> <span class='ocrx_word' id='word_1_480' title='bbox 1420 1396 1711 1440; x_wconf 89' lang='lat' dir='ltr'>turpitudinibus.</span> 
     </span>
    </p>

    <p class='ocr_par' dir='ltr' id='par_1_22' title="bbox 1278 1446 2256 1542">
     <span class='ocr_line' id='line_1_75' title="bbox 1377 1446 2256 1491; baseline -0.001 -11"><span class='ocrx_word' id='word_1_481' title='bbox 1377 1447 1413 1482; x_wconf 80' lang='lat'>8.</span> <span class='ocrx_word' id='word_1_482' title='bbox 1448 1446 1592 1480; x_wconf 88' lang='lat' dir='ltr'>Numeri</span> <span class='ocrx_word' id='word_1_483' title='bbox 1611 1446 1672 1482; x_wconf 79' lang='lat'>25.</span> <span class='ocrx_word' id='word_1_484' title='bbox 1698 1446 1797 1481; x_wconf 87' lang='lat' dir='ltr'>Iubet</span> <span class='ocrx_word' id='word_1_485' title='bbox 1816 1446 1910 1480; x_wconf 88' lang='lat' dir='ltr'>Deus</span> <span class='ocrx_word' id='word_1_486' title='bbox 1934 1446 2100 1491; x_wconf 86' lang='lat' dir='ltr'>suspendi</span> <span class='ocrx_word' id='word_1_487' title='bbox 2125 1446 2256 1480; x_wconf 82' lang='lat' dir='ltr'>multos</span> 
     </span>
     <span class='ocr_line' id='line_1_76' title="bbox 1278 1497 2049 1542; baseline -0.001 -12"><span class='ocrx_word' id='word_1_488' title='bbox 1278 1497 1454 1542; x_wconf 89' lang='lat' dir='ltr'>principes</span> <span class='ocrx_word' id='word_1_489' title='bbox 1471 1504 1613 1541; x_wconf 89' lang='lat' dir='ltr'>propter</span> <span class='ocrx_word' id='word_1_490' title='bbox 1634 1504 1807 1541; x_wconf 85' lang='lat' dir='ltr'>stupratas</span> <span class='ocrx_word' id='word_1_491' title='bbox 1824 1497 2049 1531; x_wconf 81' lang='lat' dir='ltr'>Moabitidas.</span> 
     </span>
    </p>

    <p class='ocr_par' dir='ltr' id='par_1_23' title="bbox 1278 1546 2259 1683">
     <span class='ocr_line' id='line_1_77' title="bbox 1380 1546 2258 1586; baseline -0.001 -5"><span class='ocrx_word' id='word_1_492' title='bbox 1380 1547 1412 1582; x_wconf 72' lang='lat'>4.</span> <span class='ocrx_word' id='word_1_493' title='bbox 1449 1546 1534 1581; x_wconf 89' lang='lat' dir='ltr'>Fere</span> <span class='ocrx_word' id='word_1_494' title='bbox 1565 1554 1636 1580; x_wconf 91' lang='lat' dir='ltr'>tota</span> <span class='ocrx_word' id='word_1_495' title='bbox 1672 1548 1784 1581; x_wconf 84' lang='lat' dir='ltr'>tribus</span> <span class='ocrx_word' id='word_1_496' title='bbox 1816 1547 2000 1581; x_wconf 85' lang='lat' dir='ltr'>Beniamin</span> <span class='ocrx_word' id='word_1_497' title='bbox 2044 1548 2157 1581; x_wconf 86' lang='lat' dir='ltr'>deleta</span> <span class='ocrx_word' id='word_1_498' title='bbox 2189 1553 2258 1586; x_wconf 79' lang='lat' dir='ltr'>est,</span> 
     </span>
     <span class='ocr_line' id='line_1_78' title="bbox 1278 1597 2259 1642; baseline -0.001 -11"><span class='ocrx_word' id='word_1_499' title='bbox 1278 1604 1472 1641; x_wconf 85' lang='lat' dir='ltr'>propterea,</span> <span class='ocrx_word' id='word_1_500' title='bbox 1494 1598 1589 1642; x_wconf 90' lang='lat' dir='ltr'>qnod</span> <span class='ocrx_word' id='word_1_501' title='bbox 1606 1598 1748 1642; x_wconf 89' lang='lat' dir='ltr'>quidam</span> <span class='ocrx_word' id='word_1_502' title='bbox 1765 1597 1965 1632; x_wconf 87' lang='lat' dir='ltr'>Nebulones</span> <span class='ocrx_word' id='word_1_503' title='bbox 1982 1604 2259 1642; x_wconf 88' lang='lat' dir='ltr'>compresserant</span> 
     </span>
     <span class='ocr_line' id='line_1_79' title="bbox 1279 1648 1602 1683; baseline -0.006 -1"><span class='ocrx_word' id='word_1_504' title='bbox 1279 1648 1421 1682; x_wconf 77' lang='lat' dir='ltr'>Levitae</span> <span class='ocrx_word' id='word_1_505' title='bbox 1446 1660 1602 1683; x_wconf 86' lang='lat' dir='ltr'>uxorem.</span> 
     </span>
    </p>

    <p class='ocr_par' dir='ltr' id='par_1_24' title="bbox 1278 1696 2259 1833">
     <span class='ocr_line' id='line_1_80' title="bbox 1379 1696 2258 1745; baseline -0.002 -14"><span class='ocrx_word' id='word_1_506' title='bbox 1379 1697 1413 1731; x_wconf 85' lang='lat'>5.</span> <span class='ocrx_word' id='word_1_507' title='bbox 1446 1696 1559 1731; x_wconf 87' lang='lat' dir='ltr'>David</span> <span class='ocrx_word' id='word_1_508' title='bbox 1582 1698 1730 1745; x_wconf 86' lang='lat' dir='ltr'>pellitur</span> <span class='ocrx_word' id='word_1_509' title='bbox 1755 1710 1793 1732; x_wconf 88' lang='lat' dir='ltr'>ex</span> <span class='ocrx_word' id='word_1_510' title='bbox 1817 1710 1924 1742; x_wconf 81' lang='lat' dir='ltr'>regno</span> <span class='ocrx_word' id='word_1_511' title='bbox 1948 1710 1967 1732; x_wconf 86' lang='lat' dir='ltr'>a</span> <span class='ocrx_word' id='word_1_512' title='bbox 1990 1698 2081 1738; x_wconf 81' lang='lat' dir='ltr'>filio,</span> <span class='ocrx_word' id='word_1_513' title='bbox 2109 1703 2141 1730; x_wconf 87' lang='lat' dir='ltr'>et</span> <span class='ocrx_word' id='word_1_514' title='bbox 2166 1696 2258 1730; x_wconf 81' lang='lat' dir='ltr'>filius</span> 
     </span>
     <span class='ocr_line' id='line_1_81' title="bbox 1280 1747 2259 1794; baseline 0.001 -14"><span class='ocrx_word' id='word_1_515' title='bbox 1280 1749 1387 1782; x_wconf 86' lang='lat' dir='ltr'>violat</span> <span class='ocrx_word' id='word_1_516' title='bbox 1410 1761 1535 1781; x_wconf 83' lang='lat' dir='ltr'>uxores</span> <span class='ocrx_word' id='word_1_517' title='bbox 1559 1749 1684 1791; x_wconf 88' lang='lat' dir='ltr'>patris,</span> <span class='ocrx_word' id='word_1_518' title='bbox 1717 1761 1804 1794; x_wconf 88' lang='lat' dir='ltr'>qnae</span> <span class='ocrx_word' id='word_1_519' title='bbox 1838 1749 2015 1783; x_wconf 87' lang='lat' dir='ltr'>calamitas</span> <span class='ocrx_word' id='word_1_520' title='bbox 2046 1759 2159 1793; x_wconf 82' lang='lat' dir='ltr'>poena</span> <span class='ocrx_word' id='word_1_521' title='bbox 2191 1747 2259 1781; x_wconf 77' lang='lat' dir='ltr'>suit</span> 
     </span>
     <span class='ocr_line' id='line_1_82' title="bbox 1278 1797 1617 1833; baseline 0.003 -1"><span class='ocrx_word' id='word_1_522' title='bbox 1278 1799 1441 1832; x_wconf 80' lang='lat' dir='ltr'>adulterii</span> <span class='ocrx_word' id='word_1_523' title='bbox 1459 1797 1617 1833; x_wconf 78' lang='lat' dir='ltr'>Davidis.</span> 
     </span>
    </p>

    <p class='ocr_par' dir='ltr' id='par_1_25' title="bbox 1278 1846 2259 1994">
     <span class='ocr_line' id='line_1_83' title="bbox 1379 1846 2257 1894; baseline -0.002 -12"><span class='ocrx_word' id='word_1_524' title='bbox 1379 1849 1413 1884; x_wconf 88' lang='lat'>6.</span> <span class='ocrx_word' id='word_1_525' title='bbox 1443 1847 1607 1882; x_wconf 86' lang='lat' dir='ltr'>Ieremias</span> <span class='ocrx_word' id='word_1_526' title='bbox 1622 1849 1712 1882; x_wconf 88' lang='lat' dir='ltr'>inter</span> <span class='ocrx_word' id='word_1_527' title='bbox 1728 1860 1847 1882; x_wconf 84' lang='lat' dir='ltr'>causas</span> <span class='ocrx_word' id='word_1_528' title='bbox 1863 1848 1957 1881; x_wconf 84' lang='lat' dir='ltr'>exilii</span> <span class='ocrx_word' id='word_1_529' title='bbox 1977 1846 2184 1894; x_wconf 78' lang='lat' dir='ltr'>Babylonici</span> <span class='ocrx_word' id='word_1_530' title='bbox 2203 1858 2257 1880; x_wconf 82' lang='lat' dir='ltr'>re-</span> 
     </span>
     <span class='ocr_line' id='line_1_84' title="bbox 1278 1897 2259 1945; baseline -0.003 -13"><span class='ocrx_word' id='word_1_531' title='bbox 1278 1900 1361 1933; x_wconf 86' lang='lat' dir='ltr'>citat</span> <span class='ocrx_word' id='word_1_532' title='bbox 1382 1899 1566 1933; x_wconf 86' lang='lat' dir='ltr'>adulteria.</span> <span class='ocrx_word' id='word_1_533' title='bbox 1626 1899 1683 1932; x_wconf 87' lang='lat' dir='ltr'>Sic</span> <span class='ocrx_word' id='word_1_534' title='bbox 1715 1907 1748 1933; x_wconf 90' lang='lat' dir='ltr'>et</span> <span class='ocrx_word' id='word_1_535' title='bbox 1772 1899 1832 1932; x_wconf 85' lang='lat' dir='ltr'>alii</span> <span class='ocrx_word' id='word_1_536' title='bbox 1857 1897 2053 1945; x_wconf 81' lang='lat' dir='ltr'>Prophetae</span> <span class='ocrx_word' id='word_1_537' title='bbox 2082 1909 2182 1942; x_wconf 85' lang='lat' dir='ltr'>saepe</span> <span class='ocrx_word' id='word_1_538' title='bbox 2215 1898 2259 1930; x_wconf 86' lang='lat' dir='ltr'>de</span> 
     </span>
     <span class='ocr_line' id='line_1_85' title="bbox 1279 1949 1895 1994; baseline 0 -11"><span class='ocrx_word' id='word_1_539' title='bbox 1279 1950 1401 1990; x_wconf 87' lang='lat' dir='ltr'>poenis</span> <span class='ocrx_word' id='word_1_540' title='bbox 1416 1949 1668 1983; x_wconf 78' lang='lat' dir='ltr'>adulteriorum</span> <span class='ocrx_word' id='word_1_541' title='bbox 1688 1949 1895 1994; x_wconf 83' lang='lat' dir='ltr'>loquuntur.</span> 
     </span>
    </p>

    <p class='ocr_par' dir='ltr' id='par_1_26' title="bbox 1279 1998 2257 2139">
     <span class='ocr_line' id='line_1_86' title="bbox 1379 1998 2257 2043; baseline 0 -12"><span class='ocrx_word' id='word_1_542' title='bbox 1379 2000 1414 2034; x_wconf 88' lang='grc'>7.</span> <span class='ocrx_word' id='word_1_543' title='bbox 1459 1999 1635 2033; x_wconf 85' lang='lat' dir='ltr'>Historiae</span> <span class='ocrx_word' id='word_1_544' title='bbox 1660 2000 1820 2033; x_wconf 91' lang='lat' dir='ltr'>omnium</span> <span class='ocrx_word' id='word_1_545' title='bbox 1850 1998 2006 2043; x_wconf 85' lang='lat' dir='ltr'>gentium</span> <span class='ocrx_word' id='word_1_546' title='bbox 2032 1998 2155 2043; x_wconf 85' lang='lat' dir='ltr'>plenae</span> <span class='ocrx_word' id='word_1_547' title='bbox 2176 2006 2257 2032; x_wconf 92' lang='lat' dir='ltr'>sunt</span> 
     </span>
     <span class='ocr_line' id='line_1_87' title="bbox 1279 2047 2257 2094; baseline 0 -12"><span class='ocrx_word' id='word_1_548' title='bbox 1279 2050 1457 2093; x_wconf 80' lang='lat' dir='ltr'>exemplis,</span> <span class='ocrx_word' id='word_1_549' title='bbox 1483 2049 1591 2083; x_wconf 83' lang='lat' dir='ltr'>Troia</span> <span class='ocrx_word' id='word_1_550' title='bbox 1608 2051 1782 2085; x_wconf 83' lang='lat' dir='ltr'>destructa</span> <span class='ocrx_word' id='word_1_551' title='bbox 1800 2058 1849 2084; x_wconf 89' lang='lat' dir='ltr'>est</span> <span class='ocrx_word' id='word_1_552' title='bbox 1868 2056 2011 2094; x_wconf 89' lang='lat' dir='ltr'>propter</span> <span class='ocrx_word' id='word_1_553' title='bbox 2028 2056 2166 2093; x_wconf 82' lang='lat' dir='ltr'>raptum</span> <span class='ocrx_word' id='word_1_554' title='bbox 2185 2047 2257 2082; x_wconf 78' lang='lat' dir='ltr'>He·</span> 
     </span>
     <span class='ocr_line' id='line_1_88' title="bbox 1280 2098 2108 2139; baseline -0.001 -6"><span class='ocrx_word' id='word_1_555' title='bbox 1280 2101 1393 2139; x_wconf 77' lang='lat' dir='ltr'>lenae„</span> <span class='ocrx_word' id='word_1_556' title='bbox 1420 2108 1451 2134; x_wconf 91' lang='lat' dir='ltr'>et</span> <span class='ocrx_word' id='word_1_557' title='bbox 1470 2100 1553 2133; x_wconf 84' lang='lat' dir='ltr'>tales</span> <span class='ocrx_word' id='word_1_558' title='bbox 1571 2098 1736 2133; x_wconf 81' lang='lat' dir='ltr'>historiae</span> <span class='ocrx_word' id='word_1_559' title='bbox 1753 2101 1855 2134; x_wconf 84' lang='lat' dir='ltr'>valde</span> <span class='ocrx_word' id='word_1_560' title='bbox 1871 2101 2001 2133; x_wconf 84' lang='lat' dir='ltr'>multae</span> <span class='ocrx_word' id='word_1_561' title='bbox 2017 2107 2108 2133; x_wconf 88' lang='lat' dir='ltr'>sunt.</span> 
     </span>
    </p>

    <p class='ocr_par' dir='ltr' id='par_1_27' title="bbox 1279 2149 2257 2398">
     <span class='ocr_line' id='line_1_89' title="bbox 1382 2149 2256 2195; baseline -0.002 -10"><span class='ocrx_word' id='word_1_562' title='bbox 1382 2152 1413 2185; x_wconf 90' lang='lat'>8.</span> <span class='ocrx_word' id='word_1_563' title='bbox 1450 2149 1678 2184; x_wconf 75' lang='lat' dir='ltr'>Considerate</span> <span class='ocrx_word' id='word_1_564' title='bbox 1709 2152 1812 2184; x_wconf 81' lang='lat' dir='ltr'>etiam</span> <span class='ocrx_word' id='word_1_565' title='bbox 1845 2151 2000 2194; x_wconf 59' lang='lat' dir='ltr'>ext-inplet</span> <span class='ocrx_word' id='word_1_566' title='bbox 2037 2149 2256 2195; x_wconf 73' lang='lat' dir='ltr'>quotidiana.</span> 
     </span>
     <span class='ocr_line' id='line_1_90' title="bbox 1282 2200 2257 2246; baseline -0.001 -12"><span class='ocrx_word' id='word_1_567' title='bbox 1282 2201 1416 2234; x_wconf 64' lang='lat' dir='ltr'>Videtis</span> <span class='ocrx_word' id='word_1_568' title='bbox 1440 2202 1586 2239; x_wconf 66' lang='lat' dir='ltr'>multas,</span> <span class='ocrx_word' id='word_1_569' title='bbox 1624 2214 1765 2242; x_wconf 71' lang='lat' dir='ltr'>magnas</span> <span class='ocrx_word' id='word_1_570' title='bbox 1789 2209 1819 2235; x_wconf 91' lang='lat' dir='ltr'>et</span> <span class='ocrx_word' id='word_1_571' title='bbox 1845 2212 1968 2246; x_wconf 78' lang='lat' dir='ltr'>parvas</span> <span class='ocrx_word' id='word_1_572' title='bbox 1992 2201 2143 2235; x_wconf 77' lang='lat' dir='ltr'>familias</span> <span class='ocrx_word' id='word_1_573' title='bbox 2167 2200 2257 2233; x_wconf 77' lang='lat' dir='ltr'>inle-</span> 
     </span>
     <span class='ocr_line' id='line_1_91' title="bbox 1281 2250 2256 2298; baseline -0.001 -14"><span class='ocrx_word' id='word_1_574' title='bbox 1281 2252 1371 2289; x_wconf 77' lang='lat' dir='ltr'>rire‚</span> <span class='ocrx_word' id='word_1_575' title='bbox 1400 2259 1543 2298; x_wconf 83' lang='lat' dir='ltr'>propter</span> <span class='ocrx_word' id='word_1_576' title='bbox 1562 2252 1739 2288; x_wconf 84' lang='lat' dir='ltr'>libidines.</span> <span class='ocrx_word' id='word_1_577' title='bbox 1792 2251 1837 2286; x_wconf 87' lang='lat' dir='ltr'>Et</span> <span class='ocrx_word' id='word_1_578' title='bbox 1863 2264 1934 2286; x_wconf 88' lang='lat' dir='ltr'>non</span> <span class='ocrx_word' id='word_1_579' title='bbox 1956 2251 2141 2291; x_wconf 79' lang='lat' dir='ltr'>dubitetis,</span> <span class='ocrx_word' id='word_1_580' title='bbox 2168 2250 2256 2295; x_wconf 86' lang='lat' dir='ltr'>quin</span> 
     </span>
     <span class='ocr_line' id='line_1_92' title="bbox 1280 2301 2255 2345; baseline -0.001 -10"><span class='ocrx_word' id='word_1_581' title='bbox 1280 2301 1373 2336; x_wconf 87' lang='lat' dir='ltr'>Deus</span> <span class='ocrx_word' id='word_1_582' title='bbox 1392 2303 1470 2336; x_wconf 88' lang='lat' dir='ltr'>talia</span> <span class='ocrx_word' id='word_1_583' title='bbox 1492 2303 1618 2335; x_wconf 73' lang='lat' dir='ltr'>scelera</span> <span class='ocrx_word' id='word_1_584' title='bbox 1637 2304 1739 2336; x_wconf 88' lang='lat' dir='ltr'>etiam</span> <span class='ocrx_word' id='word_1_585' title='bbox 1759 2304 1793 2337; x_wconf 90' lang='lat' dir='ltr'>in</span> <span class='ocrx_word' id='word_1_586' title='bbox 1817 2301 1879 2337; x_wconf 85' lang='lat' dir='ltr'>hac</span> <span class='ocrx_word' id='word_1_587' title='bbox 1897 2303 1966 2336; x_wconf 70' lang='lat' dir='ltr'>vita</span> <span class='ocrx_word' id='word_1_588' title='bbox 1990 2313 2107 2336; x_wconf 73' lang='lat' dir='ltr'>severe</span> <span class='ocrx_word' id='word_1_589' title='bbox 2134 2301 2255 2345; x_wconf 77' lang='lat' dir='ltr'>puniat</span> 
     </span>
     <span class='ocr_line' id='line_1_93' title="bbox 1279 2353 1673 2398; baseline 0 -12"><span class='ocrx_word' id='word_1_590' title='bbox 1279 2353 1521 2398; x_wconf 79' lang='lat' dir='ltr'>corporalibus</span> <span class='ocrx_word' id='word_1_591' title='bbox 1541 2353 1673 2397; x_wconf 86' lang='lat' dir='ltr'>poenis.</span> 
     </span>
    </p>

    <p class='ocr_par' dir='ltr' id='par_1_28' title="bbox 1277 2403 2255 2704">
     <span class='ocr_line' id='line_1_94' title="bbox 1382 2403 2255 2450; baseline -0.003 -12"><span class='ocrx_word' id='word_1_592' title='bbox 1382 2404 1416 2438; x_wconf 88' lang='grc'>9.</span> <span class='ocrx_word' id='word_1_593' title='bbox 1445 2403 1586 2438; x_wconf 80' lang='lat' dir='ltr'>Praeter</span> <span class='ocrx_word' id='word_1_594' title='bbox 1603 2417 1731 2448; x_wconf 83' lang='lat' dir='ltr'>poenas</span> <span class='ocrx_word' id='word_1_595' title='bbox 1746 2404 1945 2447; x_wconf 76' lang='lat' dir='ltr'>corporales</span> <span class='ocrx_word' id='word_1_596' title='bbox 1971 2410 2050 2436; x_wconf 89' lang='lat' dir='ltr'>sunt</span> <span class='ocrx_word' id='word_1_597' title='bbox 2069 2410 2101 2436; x_wconf 91' lang='lat' dir='ltr'>et</span> <span class='ocrx_word' id='word_1_598' title='bbox 2121 2413 2255 2450; x_wconf 77' lang='lat' dir='ltr'>poenae</span> 
     </span>
     <span class='ocr_line' id='line_1_95' title="bbox 1279 2453 2254 2499; baseline -0.002 -12"><span class='ocrx_word' id='word_1_599' title='bbox 1279 2455 1489 2499; x_wconf 79' lang='lat' dir='ltr'>spirituales.</span> <span class='ocrx_word' id='word_1_600' title='bbox 1543 2454 1673 2488; x_wconf 81' lang='lat' dir='ltr'>Paulus</span> <span class='ocrx_word' id='word_1_601' title='bbox 1688 2457 1730 2488; x_wconf 78' lang='lat' dir='ltr'>ad</span> <span class='ocrx_word' id='word_1_602' title='bbox 1746 2453 1915 2499; x_wconf 72' lang='lat' dir='ltr'>Ephesios</span> <span class='ocrx_word' id='word_1_603' title='bbox 1933 2455 1966 2488; x_wconf 76' lang='lat'>⁴.</span> <span class='ocrx_word' id='word_1_604' title='bbox 1985 2454 2068 2487; x_wconf 89' lang='lat' dir='ltr'>dicit</span> <span class='ocrx_word' id='word_1_605' title='bbox 2084 2453 2254 2486; x_wconf 73' lang='lat' dir='ltr'>contami-</span> 
     </span>
     <span class='ocr_line' id='line_1_96' title="bbox 1280 2503 2253 2554; baseline -0.002 -17"><span class='ocrx_word' id='word_1_606' title='bbox 1280 2514 1378 2539; x_wconf 82' lang='lat' dir='ltr'>natos</span> <span class='ocrx_word' id='word_1_607' title='bbox 1408 2507 1502 2547; x_wconf 70' lang='lat' dir='ltr'>vagis</span> <span class='ocrx_word' id='word_1_608' title='bbox 1538 2505 1744 2539; x_wconf 78' lang='lat' dir='ltr'>libidinibns</span> <span class='ocrx_word' id='word_1_609' title='bbox 1776 2505 1895 2554; x_wconf 86' lang='lat' dir='ltr'>puniri</span> <span class='ocrx_word' id='word_1_610' title='bbox 1928 2505 2110 2542; x_wconf 77' lang='lat' dir='ltr'>coecitate.</span> <span class='ocrx_word' id='word_1_611' title='bbox 2150 2503 2253 2536; x_wconf 85' lang='lat' dir='ltr'>indo-</span> 
     </span>
     <span class='ocr_line' id='line_1_97' title="bbox 1279 2556 2251 2599; baseline 0 -10"><span class='ocrx_word' id='word_1_612' title='bbox 1279 2556 1382 2589; x_wconf 83' lang='lat' dir='ltr'>lentia</span> <span class='ocrx_word' id='word_1_613' title='bbox 1420 2565 1452 2590; x_wconf 83' lang='lat' dir='ltr'>et</span> <span class='ocrx_word' id='word_1_614' title='bbox 1485 2556 1768 2599; x_wconf 78' lang='lat' dir='ltr'>impoenitentia.</span> <span class='ocrx_word' id='word_1_615' title='bbox 1817 2558 1875 2591; x_wconf 79' lang='lat' dir='ltr'>mit</span> <span class='ocrx_word' id='word_1_616' title='bbox 1906 2556 2061 2594; x_wconf 73' lang='lat' dir='ltr'>blinbbeit</span> <span class='ocrx_word' id='word_1_617' title='bbox 2091 2558 2155 2589; x_wconf 73' lang='lat' dir='ltr'>vttb</span> <span class='ocrx_word' id='word_1_618' title='bbox 2185 2562 2251 2589; x_wconf 63' lang='lat' dir='ltr'>vet*</span> 
     </span>
     <span class='ocr_line' id='line_1_98' title="bbox 1277 2605 2255 2653; baseline -0.004 -11"><span class='ocrx_word' id='word_1_619' title='bbox 1277 2607 1437 2652; x_wconf 74' lang='lat' dir='ltr'>stoctung,</span> <span class='ocrx_word' id='word_1_620' title='bbox 1462 2607 1495 2639; x_wconf 84' lang='lat' dir='ltr'>id</span> <span class='ocrx_word' id='word_1_621' title='bbox 1516 2613 1575 2645; x_wconf 76' lang='lat' dir='ltr'>est,</span> <span class='ocrx_word' id='word_1_622' title='bbox 1592 2607 1679 2641; x_wconf 77' lang='lat' dir='ltr'>liunt</span> <span class='ocrx_word' id='word_1_623' title='bbox 1696 2608 1788 2642; x_wconf 78' lang='lat' dir='ltr'>coeci</span> <span class='ocrx_word' id='word_1_624' title='bbox 1806 2607 2061 2653; x_wconf 79' lang='lat' dir='ltr'>multiplicibus</span> <span class='ocrx_word' id='word_1_625' title='bbox 2075 2605 2255 2640; x_wconf 73' lang='lat' dir='ltr'>furoribus</span> 
     </span>
     <span class='ocr_line' id='line_1_99' title="bbox 1277 2657 1644 2704; baseline -0.003 -13"><span class='ocrx_word' id='word_1_626' title='bbox 1277 2659 1487 2704; x_wconf 81' lang='lat' dir='ltr'>opinionum</span> <span class='ocrx_word' id='word_1_627' title='bbox 1504 2665 1536 2692; x_wconf 85' lang='lat' dir='ltr'>et</span> <span class='ocrx_word' id='word_1_628' title='bbox 1555 2657 1644 2691; x_wconf 86' lang='lat' dir='ltr'>aliis.</span> 
     </span>
    </p>
   </div>
   <div class='ocr_carea' id='block_1_15' title="bbox 2369 0 2401 1006">
    <p class='ocr_par' dir='ltr' id='par_1_29' title="bbox 2369 0 2401 1006">
     <span class='ocr_line' id='line_1_100' title="bbox 2369 0 2401 1006; baseline 0 0"><span class='ocrx_word' id='word_1_629' title='bbox 2369 0 2401 1006; x_wconf 95' lang='lat' dir='ltr'> </span> 
     </span>
    </p>
   </div>
  </div>
 </body>
</html>
