2409 2915
278 83 351 118 327

435 165 497 199 Ill.
523 164 692 208 Quinque
709 163 812 196 rebus
829 162 988 196 abundat
1002 159 1249 204 iusticiaspiri-

485 216 588 249 tualis
610 225 715 258 supra
741 212 960 246 rationalem.
1016 213 1047 245 1.
1075 210 1254 244 Poniten-

488 267 547 300 tia.
618 266 653 298 2.
688 264 788 299 Fide.
849 263 884 298 3.
918 262 1082 296 Novitate
1108 262 1266 306 spiritus,

484 316 520 351 4.
563 315 790 350 Successibus
813 314 851 347 in
876 314 1069 347 vocatione.
1132 310 1168 348 5.
1203 311 1267 344 vi-

494 366 613 400 ctoriis
629 367 795 399 adversus
811 364 1004 398 diabolum.

435 417 519 451 llll.
555 416 662 460 Quod
695 417 747 450 lex
777 415 933 460 requirat
963 414 1149 460 perfectam
1168 412 1269 456 ‚obe-

489 468 671 502 dientiam.

438 519 480 555 V.
510 518 700 561 Quomodo
723 518 856 561 placeat
877 514 962 549 haec
986 514 1185 548 obedientia
1214 513 1270 545 in-

494 576 589 602 coata
609 576 641 602 et
656 569 873 612 imperfecta.

442 619 504 654 Vl.
531 619 584 652 De
603 619 768 652 vindicta.

438 668 521 704 tlt.
555 669 662 712 Quod
694 668 911 703 ceremoniae
941 679 1013 700 non
1045 665 1202 710 prosint,
1242 664 1271 696 si

491 726 613 753 contra
655 719 905 754 conscientiam
941 718 1053 751 violes
1089 722 1272 761 praecepta

484 771 643 806 moralia.

438 819 536 856 Vlll.
566 821 623 854 De
639 821 721 854 odio
739 827 771 854 et
789 821 832 854 de
850 819 1150 853 reconciliatione.

651 905 709 929 De
737 902 903 933 primo.

388 956 649 991 Testimonium
683 955 907 988 manifestum
937 961 1006 994 est,
1039 954 1135 998 quod
1166 965 1273 997 opor-

286 1015 356 1044 teat
390 1009 509 1041 adesse
532 1007 705 1041 iusticiam
730 1018 895 1050 operum,
929 1004 1010 1049 quia
1034 1016 1139 1048 supra
1166 1004 1270 1038 dicit:

284 1059 365 1093 Non
383 1059 462 1092 veni
483 1058 617 1092 solvere
635 1058 765 1100 legem,
793 1064 826 1091 et
844 1053 902 1088 hic
924 1055 1075 1099 requirit
1097 1054 1272 1088 iusticiam

285 1111 453 1143 maiorem
471 1109 696 1148 Scribarum,
731 1119 810 1151 ergo
835 1105 1032 1151 requiritur
1053 1103 1111 1139 hic
1136 1105 1272 1139 iusticia

285 1162 398 1195 bonae
423 1160 675 1200 conscientiae,
702 1166 737 1193 et
761 1158 924 1202 amplius.
978 1154 1058 1190 Huc
1084 1155 1274 1200 pertinent,

285 1218 318 1245 et
334 1209 418 1245 haec
434 1211 539 1244 dicta:
576 1210 695 1244 Nolite
711 1221 844 1250 errare,
877 1207 1048 1245 adulteri,
1080 1207 1274 1240 fornicato-

286 1274 358 1304 res,
389 1259 609 1303 homicidae,
636 1273 709 1294 non
726 1259 957 1305 possidebunt
975 1269 1122 1302 regnum
1143 1257 1221 1293 Dei.

614 1345 672 1369 De
708 1344 942 1369 secundo.

388 1397 518 1432 Extare
540 1398 576 1430 in
594 1396 749 1430 Ecclesia
774 1407 912 1429 necesse
934 1402 983 1429 est
1006 1395 1193 1429 discrimen
1218 1395 1273 1428 di-

288 1449 458 1493 sciplinae
475 1448 677 1488 rationalis,
713 1459 801 1492 quae
820 1454 967 1480 vocatur
984 1447 1121 1480 iusticia
1147 1446 1273 1486 carnis,

286 1507 319 1533 et
353 1500 511 1533 iusticiae
548 1498 752 1543 spiritualis·
819 1496 1015 1541 Disciplina
1050 1504 1099 1530 est
1134 1497 1273 1530 ratione

286 1552 446 1584 co'e‘rcere
465 1551 621 1583 membra
633 1577 642 1590 ,
659 1562 702 1582 ne
719 1549 909 1582 admittant
923 1555 1062 1581 externa
1080 1549 1168 1581 facta
1187 1560 1273 1581 con·

287 1608 339 1635 tra
364 1601 471 1644 legem
498 1599 585 1641 Dei,
621 1600 757 1633 etiamsi
783 1611 843 1632 cor
867 1606 918 1633 est
942 1599 1017 1631 sine
1040 1610 1123 1632 vero
1147 1599 1273 1632 timore

285 1651 372 1693 Dei,
406 1652 480 1685 sine
499 1650 737 1695 poenitentia,
772 1649 849 1683 sine
873 1649 960 1690 fide,
996 1649 1142 1693 plenum
1168 1650 1272 1682 dubi-

286 1703 470 1739 tationum,
532 1700 634 1735 Hanc
669 1701 891 1745 disciplinam
924 1700 1111 1734 tradebant
1145 1697 1272 1733 Phari—

285 1754 373 1797 saei,
410 1761 441 1787 et
471 1753 641 1798 putabant
665 1763 737 1785 esse
763 1751 848 1794 legis
873 1751 1117 1795 impletionem
1159 1757 1191 1784 et
1218 1751 1272 1783 iu—

285 1805 420 1838 sticiam
454 1816 570 1838 coram
595 1803 682 1838 Deo.
742 1802 813 1835 Nec
846 1799 1075 1845 reprehendit
1109 1799 1273 1835 Christus

286 1855 507 1899 disciplinam
524 1882 532 1895 ‚
561 1855 619 1887 sed
646 1865 800 1893 errores,
838 1864 926 1897 quos
951 1853 1129 1886 addebant
1146 1849 1272 1885 Phari-

287 1907 374 1946 saei,
405 1912 437 1939 et
453 1905 716 1938 immunditiem
737 1903 953 1936 interiorem.

645 1988 700 2012 De
738 1985 910 2011 tertio.

389 2040 586 2084 Diligenter
616 2039 875 2073 observandum
910 2046 979 2079 est,
1013 2038 1143 2083 quibus
1168 2039 1272 2072 rebus

285 2093 441 2128 abundet
473 2091 609 2125 iusticia
636 2090 839 2134 spiritualis.
899 2089 1059 2123 Primum
1087 2090 1272 2133 poeniten-

287 2145 348 2178 tia:
385 2154 522 2176 necesse
539 2149 587 2175 est
606 2141 699 2175 enim
720 2141 754 2173 in
776 2141 880 2173 corde
904 2152 1004 2173 veros
1028 2152 1174 2184 pavores
1198 2141 1272 2174 exi-

286 2203 374 2229 stere
392 2207 431 2227 ex
450 2193 630 2237 agnitione
649 2193 720 2225 irae
737 2190 802 2225 Dei
821 2192 988 2224 adversus
1015 2199 1211 2234 peccatum,
1239 2198 1271 2225 et

286 2251 448 2288 agnoscat
467 2257 526 2278 cor
543 2257 614 2277 non
635 2250 770 2277 tanturn
787 2248 928 2275 externa
953 2242 1079 2275 delicta
1099 2254 1172 2276 esse
1191 2255 1270 2287 pec-

285 2306 377 2336 cata,
407 2297 464 2329 scd
485 2295 586 2328 etiam
604 2293 843 2327 dubitationes
861 2294 904 2326 de
916 2291 1010 2333 Deo,
1038 2294 1271 2334 securitatem,

285 2347 517 2387 dissidentiam
531 2371 538 2382 ,
567 2358 734 2391 quaerere
751 2343 904 2378 bumana
923 2344 1095 2391 praesidia
1114 2356 1153 2377 ex
1177 2345 1271 2378 disfi-

286 2399 402 2432 d··ntia
430 2405 460 2431 et
489 2397 706 2438 neglectione
730 2394 807 2431 Dei.
871 2394 956 2429 ltem
981 2395 1192 2439 multiplices
1215 2409 1270 2429 er—

286 2458 399 2484 rantes
435 2456 568 2488 motus,
609 2454 641 2480 vt
677 2454 878 2491 perpetuam
915 2453 1061 2481 naturae
1096 2443 1270 2480 humanae

285 2501 543 2534 contumaciam
562 2505 682 2531 contra
704 2498 811 2539 tvgom
826 2496 904 2531 Dei.

385 2552 550 2584 Secundo
569 2550 725 2582 abundat
746 2549 880 2581 iusticia
897 2548 1109 2592 spiritualis,
1132 2549 1214 2587 lide,
1234 2548 1265 2581 id

284 2609 331 2634 est
348 2629 355 2641 ,
376 2602 500 2635 fiducia
521 2600 782 2634 misericordiae
802 2600 992 2644 promissae
1011 2597 1266 2643 propterChri-

284 2661 393 2691 stum,
421 2666 486 2697 qua
505 2654 569 2685 side
586 2652 756 2696 accipitur
774 2651 1033 2691 reconciliatio,
1070 2658 1102 2685 rt
1129 2651 1163 2684 fit
1189 2663 1266 2684 vera

874 75 1000 113 PHIL.
1026 74 1142 110 MEL.
1175 73 1386 110 SCRIPTA
1419 71 1718 109 EXEGETICA.

2233 77 2306 112 328

1318 160 1507 195 invocatio.
1565 159 1654 193 Nam
1686 158 1749 193 ubi
1775 156 1860 192 haec
1889 158 1973 192 fides
2008 170 2083 193 non
2116 161 2305 204 praelucet,

1318 211 1416 244 nulla
1436 218 1486 244 est
1505 210 1694 244 invocatio,

1398 276 1400 278 ·
1422 260 1544 294 Tertio
1562 261 1721 295 abundat
1737 260 1892 293 novitate
1908 259 2074 304 spiritus,
2100 260 2137 294 id
2155 267 2224 302 est,
2249 261 2306 295 in-

1321 319 1416 346 coata
1441 312 1640 345 obedientia
1665 311 1854 351 interiore,
1883 311 2010 344 timore
2025 310 2112 352 Dei,
2139 312 2225 352 fide,
2252 313 2307 345 di-

1323 363 1491 404 lectione,
1519 361 1761 402 invocatione‚
1788 361 1976 405 patientia,
2001 361 2174 403 castitate,
2190 374 2308 396 amore

1323 414 1499 454 veritatis,
1534 412 1774 447 misericordia
1807 423 1887 455 erga
1920 413 2025 453 alios,
2067 412 2163 447 iuxta
2198 413 2306 447 illud:

1322 463 1394 507 Qui
1409 465 1536 508 spiritu
1553 462 1621 497 Dei
1636 469 1806 506 aguntur,
1832 459 1872 495 hi
1892 470 1975 498 sunt
1995 463 2060 496 filii
2077 462 2156 499 Dei.

1422 514 1578 558 Quarto,
1614 513 1831 548 successibus
1860 513 2018 548 abundat
2047 514 2086 547 in
2112 515 2309 554 vocatione,

1321 564 1437 599 David
1469 566 1536 599 fide
1568 565 1726 599 munitus
1750 576 1805 597 res
1829 564 1998 598 salutares
2021 572 2054 599 et
2076 565 2180 599 utiles
2208 566 2309 610 gerit.

1323 615 1407 650 Saul
1423 617 1505 661 quia
1523 616 1598 649 sine
1612 617 1679 649 fide
1696 621 1768 656 est,
1787 626 1859 647 non
1876 616 1981 649 audet
1996 615 2182 657 dimicare,
2199 629 2308 662 quae-

1323 667 1370 701 rit
1387 667 1535 701 consilia
1553 667 1703 710 magica,
1720 672 1752 699 et
1769 665 1881 699 multa
1898 666 2041 709 negocia
2057 673 2200 710 propter
2215 667 2310 700 disfi-

1324 718 1479 752 dentiam
1494 718 1706 761 corrumpit,
1733 716 1822 750 sicut
1839 717 1881 749 de
1897 716 2016 761 impiis
2039 717 2184 750 dicitur:
2213 716 2311 751 Con—

1323 769 1421 804 tritio
1441 775 1474 802 et
1489 768 1674 802 infelicitas
1692 768 1728 800 in
1748 767 1814 800 viis
1830 778 1963 800 eorum.
1988 767 2141 802 Econtra
2159 769 2201 802 de
2215 768 2310 802 fideli

1324 820 1469 854 dicitur:
1497 818 1678 864 Quicquid
1701 818 1805 852 faciet
1831 819 2117 863 prosperabitur,
2145 819 2310 853 videlicet

1325 871 1361 903 in
1381 870 1574 904 vocatione.

1425 920 1607 954 Postremo
1625 921 1782 954 abundat
1796 920 1934 954 iusticia
1956 921 2057 961 fidei,
2082 920 2165 966 quia
2190 921 2310 955 multi-

1324 972 1465 1015 pliciter
1495 971 1606 1005 vincit
1638 971 1785 1004 insidias
1815 971 1969 1012 diaboli,
2003 983 2081 1006 cum
2106 969 2311 1017 hypocritae
2360 979 2364 984 '

1324 1021 1547 1056 horribiliter
1574 1022 1805 1056 succumbant
1831 1028 1865 1055 et
1897 1028 2110 1057 evertantur.
2176 1022 2310 1057 Succu-

1324 1074 1402 1107 buit
1419 1072 1560 1107 diabolo
1580 1072 1683 1113 Saul,
1719 1072 1832 1106 victus
1850 1072 1932 1106 odio
1958 1080 1990 1106 et
2013 1073 2204 1117 cupiditate
2230 1073 2312 1106 vin-

1325 1125 1457 1165 dictae,
1493 1130 1532 1157 ut
1549 1123 1759 1157 interficeret
1779 1123 1988 1156 sacerdotes.
2040 1123 2236 1158 Succubuit
2252 1123 2312 1157 Iu-

1325 1177 1406 1216 das,
1433 1175 1667 1208 succumbunt
1683 1174 1787 1208 multi
1807 1174 1998 1207 dementati
2022 1174 2143 1217 pravis
2169 1175 2311 1218 opinio-

1325 1227 1448 1267 nibus,
1474 1232 1513 1259 ut
1530 1224 1793 1269 Anabaptistae.
1842 1223 1896 1257 De
1912 1225 2043 1257 talibus
2059 1225 2312 1259 certaminibus

1325 1277 1440 1322 inquit
1463 1275 1605 1309 Petrus:
1648 1275 1820 1309 Circumit
1853 1274 2017 1308 diabolus
2053 1281 2221 1320 tanquam
2255 1276 2310 1309 leo

1326 1328 1488 1371 rugiens,
1517 1337 1690 1371 quaerens
1708 1337 1811 1370 quem
1830 1326 1986 1360 devoret.
2033 1323 2229 1368 Diligenter
2246 1326 2312 1369 igi-

1326 1385 1383 1412 tur
1399 1378 1668 1411 considerentur
1685 1375 1720 1409 hi
1740 1377 1886 1419 gradus,
1922 1377 2051 1421 quibus
2072 1377 2232 1411 abundat
2256 1377 2311 1411 iu-

1326 1429 1423 1463 sticia
1441 1428 1635 1473 spiritualis
1653 1439 1758 1471 supra
1775 1427 1997 1471 disciplinam
2017 1427 2235 1461 rationalem.

1670 1526 1728 1550 De
1765 1526 1958 1556 quarto.

1426 1578 1494 1612 Hic
1511 1578 1645 1611 clarum
1663 1577 1905 1611 testimonium
1925 1584 2034 1618 extat,
2063 1579 2158 1623 quod
2175 1578 2229 1612 lex
2245 1577 2312 1613 Dei

1325 1629 1501 1675 requirat,
1529 1640 1602 1661 non
1620 1634 1755 1661 tantum
1775 1634 1953 1661 externam
1973 1628 2197 1672 disciplinam
2210 1654 2221 1672 ,
2252 1631 2311 1665 sed

1326 1682 1514 1726 perfectam
1542 1679 1779 1712 obedientiam
1804 1679 2009 1712 interiorem
2034 1688 2065 1713 et
2089 1681 2311 1718 exteriorem.

1325 1732 1423 1767 Sicut
1441 1730 1572 1764 Paulus
1589 1731 1689 1763 docet
1704 1730 1741 1763 2.
1758 1727 1921 1762 Corinth.
1939 1729 1974 1763 3.
2028 1729 2098 1763 Sed
2118 1731 2221 1765 multi
2238 1744 2311 1765 non

1326 1782 1562 1825 intelligentes
1596 1778 1686 1813 hanc
1727 1780 2022 1823 praedicationem
2061 1781 2312 1825 poenitentiae,

1325 1833 1463 1877 fingunt
1496 1831 1555 1866 hic
1587 1837 1723 1865 tantum
1754 1831 1880 1863 stoicas
1905 1831 2073 1875 quasdam
2098 1829 2312 1877 liyperbolas

1324 1885 1429 1920 tradi.
1489 1882 1562 1917 Cur
1587 1881 1777 1926 inquiunt,
1818 1881 1985 1925 praecipit
2009 1879 2187 1920 Christus,
2222 1896 2312 1929 quae

1325 1947 1428 1968 nemo
1463 1940 1638 1978 praestare
1669 1938 1801 1976 potest,
1843 1944 1905 1972 an,
1947 1939 1984 1966 ut
2016 1933 2115 1967 stoici
2141 1942 2311 1970 monstrat

1324 1985 1512 2029 imaginem
1531 1983 1671 2016 virtutis
1688 1982 1865 2016 ociosam'?

1425 2035 1495 2070 Sed
1520 2035 1701 2068 sciendum
1725 2041 1794 2071 est,
1840 2031 1925 2067 haec
1949 2032 2081 2068 Christi
2109 2036 2201 2069 dicta
2234 2049 2307 2070 nou

1323 2099 1394 2120 esse
1418 2083 1650 2132 hyperbolas,
1694 2097 1756 2118 nec
1777 2084 1887 2118 stoico
1914 2097 2012 2118 more
2033 2086 2122 2127 dici,
2157 2087 2215 2120 sed
2238 2099 2311 2122 esse

1323 2149 1421 2171 veras
1444 2145 1476 2171 et
1503 2137 1664 2184 proprias
1689 2135 1880 2169 sententias
1905 2136 2027 2169 iudicii
2052 2137 2114 2171 Dei
2143 2139 2310 2172 adversus

1323 2195 1503 2233 peccatum
1529 2185 1678 2221 haerens
1703 2187 1738 2219 iu
1766 2194 1890 2220 natura
1918 2185 2082 2221 hominis.
2136 2188 2180 2223 lit
2209 2189 2308 2233 prin—

1322 2240 1444 2285 cipalis
1463 2250 1564 2272 causa
1581 2245 1651 2276 cst,
1679 2250 1741 2272 cur
1758 2235 1822 2271 hae
1845 2239 2032 2272 conciones
2055 2249 2310 2283 proponantur,

1322 2298 1359 2325 ut
1376 2291 1426 2324 ira
1445 2289 1511 2324 Dei
1538 2291 1706 2323 adversus
1732 2296 1886 2322 nostram
1913 2290 2174 2323 immunditiem
2199 2302 2308 2333 agno-

1321 2349 1455 2381 scatur,
1484 2349 1516 2375 et
1533 2342 1628 2387 quod
1646 2340 1830 2385 disciplina
1849 2347 1989 2373 externa
2016 2352 2086 2373 non
2110 2341 2153 2374 sit
2180 2341 2307 2385 imple·

1321 2394 1369 2428 tio
1405 2394 1510 2436 legis,
1547 2405 1618 2425 non
1646 2392 1746 2425 tollat
1769 2397 1968 2435 peecatum.
2003 2403 2074 2424 nou
2102 2391 2144 2425 sit
2172 2392 2309 2426 iusticia

1320 2457 1437 2479 coram
1458 2443 1554 2485 Deo,
1583 2444 1641 2478 scd
1663 2442 1758 2488 quod
1776 2442 1818 2475 sit
1841 2453 1928 2486 opus
1954 2443 2146 2477 mediatore
2167 2442 2307 2478 Messia.

1671 2543 1727 2567 De
1763 2541 1952 2573 quinto.

1421 2596 1574 2643 Oportet
1592 2602 1706 2629 autem
1727 2595 1858 2628 incoari
1878 2594 2116 2629 obedientiam
2137 2594 2172 2628 in
2190 2597 2308 2638 corde,

1291 2658 1294 2670 ⁴
1319 2658 1352 2686 et
1370 2649 1515 2684 existere
1537 2654 1652 2681 motus
1674 2647 1902 2681 assentientes
1928 2646 1994 2689 legi
2015 2645 2094 2685 noi,
2130 2647 2304 2685 timorem.
