2409 2915
85 93 159 129 389
631 92 713 129 ΧΠ.
765 91 1154 130 ΑΝΝΟΤΛΤΙΟΝΕΞ
1182 95 1230 129 ΙΝ
1258 94 1555 135 EVANGELIA.
2026 111 2100 146 390

84 178 252 216 Satanae,
279 185 318 212 ut
342 188 468 222 corpus
492 177 567 211 eius
589 178 771 213 excruciet.
826 176 955 223 Aliqua
974 181 1067 213 enim
1092 183 1095 223 ἶ
1119 180 1276 216 iniurias.
1339 183 1472 217 Contra
1494 184 1660 219 Salomon
1691 187 1789 222 dicit:
1827 189 1966 226 Iusticia
1990 195 2098 228 stabi-

85 229 242 272 corporis
260 229 398 262 vexatio
414 229 584 261 incestum
602 228 703 261 illum
723 229 869 267 invasit,
898 235 935 261 ut
955 229 1067 263 Stilli-
1091 225 1094 248 ¹
1118 231 1203 264 litur
1220 229 1382 268 thronus.

24 286 26 296 ’
51 281 54 283 ’
84 279 183 312 conis
215 279 348 319 scriba,
381 288 484 323 quem
508 279 823 312 excommunicavit
848 278 1069 321 Ambrosius,
1219 280 1313 314 Haec
1331 284 1514 325 cogitanda
1533 293 1611 319 sunt
1630 288 1672 319 de
1692 288 1866 333 imperiis,
1894 301 1931 327 nt
1948 294 2097 329 sciamus

83 329 203 362 surore
232 335 413 372 correptus
437 335 503 362 est:
538 328 620 373 quia
645 340 726 362 vera
752 330 1066 364 excommunicatio
1116 329 1276 364 homines
1300 344 1372 365 non
1398 345 1476 366 casu
1500 337 1714 370 consociatos
1731 351 1819 380 esse,
1847 345 1904 375 sed
1923 342 2016 377 hunc
2033 358 2096 389 po-

82 390 157 412 non
180 386 228 413 est
249 380 351 411 inane
371 378 524 419 fulmen,
549 379 608 411 sed
632 378 763 412 iudicio
778 379 847 412 Dei
870 388 1067 424 sequuntur
1116 382 1251 415 liticum
1275 383 1434 416 ordinem
1461 396 1532 417 esse
1551 383 1626 418 Dei
1644 399 1747 429 opus,
1776 397 1807 423 et
1826 393 2094 429 discernendam

82 429 279 472 corporales
308 440 442 473 poenae
471 436 505 463 et
535 428 766 470 calamitates,
800 436 839 463 ut
871 429 909 462 in
934 430 1065 464 Genesi
1116 443 1186 464 esse
1211 444 1284 465 rem
1311 445 1328 465 a
1353 435 1530 477 personis,
1563 436 1706 469 lacerari
1731 440 1890 473 ordinem
1916 445 2095 480 furoribus

82 479 248 523 scriptum
267 485 332 513 est:
360 478 569 513 Maledicam
586 479 879 514 maledicentibus
898 480 975 514 tibi.
1115 480 1319 523 bominum,
1347 491 1380 517 et
1402 496 1419 517 a
1437 484 1511 518 Deo
1530 487 1648 529 puniri
1665 488 1948 530 dilacerationes,
1977 501 2010 527 et
2030 497 2094 528 ali-

1115 544 1181 577 qua
1205 530 1355 575 hospitia
1378 533 1543 568 Ecclesiis
1567 537 1715 578 servari,
1748 540 1832 573 alias
1856 543 1983 585 magis,
2010 546 2094 579 alias

470 579 516 604 De
553 579 672 604 tertio.
1116 583 1232 616 minus
1255 585 1456 628 tranquilla.
1510 585 1573 618 Illa
1595 587 1701 628 igitur
1718 589 1881 633 imperia,
1908 605 1996 637 quae
2012 603 2094 629 sunt

182 631 309 676 Ingens
345 633 534 666 discrimen
569 641 620 667 est
649 634 742 668 inter
772 635 1063 677 gubernationem
1114 631 1263 677 hospitia
1288 632 1481 676 Ecclesiae,
1516 637 1666 670 fideliter
1689 638 1761 672 Deo
1788 645 2092 679 commendemus:

78 682 342 716 ecclesiasticam
368 691 401 717 et
424 684 622 728 politicam,
648 687 743 730 quod
769 697 904 728 semper
922 686 960 719 1'11
979 699 1063 719 con-
1113 696 1194 715 nam
1220 684 1256 716 in
1282 682 1335 716 bis
1359 697 1499 729 quoque
1524 687 1688 720 oriuntur
1712 691 1842 724 multae
1865 703 1985 727 saevae
2005 702 2093 728 tem-

78 739 199 776 spectu
229 735 333 766 nobis
365 746 438 767 esse
469 735 589 773 debet,
622 747 704 768 nam
736 736 893 769 confusio
921 748 1063 779 magnas
1113 741 1271 777 pestate&
1323 735 1404 768 Ideo
1424 735 1553 769 Paulus
1572 749 1634 779 pro
1651 735 1705 771 his
1723 742 1855 783 precari
1871 744 1965 777 iubet
1986 747 2014 780 1.
2029 745 2092 779 Ti-

77 784 240 816 tenebras
257 784 367 817 affert.
422 784 518 827 Quid
537 785 580 818 sit
597 786 806 827 gubernatio
825 786 964 829 politica
977 813 986 824 ,
1011 787 1062 819 fa·-
1111 781 1219 819 moth.
1235 787 1268 819 2.
1321 783 1366 819 Et
1383 786 1484 819 finem
1502 788 1665 828 ostendit,
1691 796 1729 822 ut
1746 787 1901 825 babeatis
1919 797 2092 840 tranquil-

77 833 143 866 cile
167 834 331 877 intelligit
355 847 392 867 ac
409 835 539 868 iudicat
559 833 711 869 bumana
730 837 838 876 ratio,
868 837 949 880 quia
967 835 1062 870 Deus
1111 834 1243 869 litatem
1261 847 1340 867 curn
1361 836 1497 879 pietate.
1550 838 1651 871 Iubet
1669 841 1779 882 expeti
1797 853 1934 884 pacem,
1961 857 2032 877 non
2053 854 2091 880 ut

77 882 207 917 indidit
231 882 405 917 humanae
429 886 538 919 menti
565 886 673 928 leges,
702 887 797 920 iuxta
823 899 908 931 quas
932 887 1061 920 consti-
1112 897 1193 928 pace
1217 886 1257 917 ad
1286 886 1406 918 luxum
1429 888 1635 929 abutamur,
1670 891 1728 922 sed
1751 897 1790 924 ut
1814 894 1940 926 serviat
1965 897 2092 929 educa-

76 935 228 967 tuendae
251 941 333 968 sunt
357 935 510 978 politiae.
563 934 627 969 Est
653 937 759 979 igitur
775 937 915 980 politica
934 938 1060 979 guber-
1084 958 1087 980 t
1110 935 1210 976 noni,
1238 937 1387 968 tuendae
1405 937 1621 980 disciplinae,
1650 940 1714 982 piis
1731 942 1867 977 studiis,
1920 943 1977 977 Sic
1993 945 2091 979 Psal-

75 984 171 1018 natio
202 986 405 1019 mandatum
433 986 594 1019 divinum
620 998 681 1030 per
704 993 814 1020 certos
838 987 1060 1029 magistratus
1110 997 1187 1018 mus
1214 986 1314 1019 docet
1337 998 1454 1025 orare,
1482 987 1560 1022 Fiat
1583 1001 1646 1032 pax
1674 990 1710 1022 in
1728 991 1856 1024 virtute
1873 999 1948 1027 tua:
1978 1003 2009 1028 et
2028 1009 2091 1040 po-

76 1035 324 1068 custodiendae
355 1043 516 1069 externae
540 1037 765 1080 disciplinae‚
799 1044 832 1071 et
855 1037 1059 1070 retinendae
1109 1035 1207 1068 nitur
1228 1036 1320 1069 inter
1340 1038 1493 1080 praemia
1517 1039 1654 1082 pietatis
1681 1041 1809 1074 florens
1826 1041 1980 1087 Respub.
1998 1053 2035 1080 ut
2053 1048 2090 1080 in

75 1085 186 1127 pacis,
222 1093 255 1119 et
278 1087 451 1129 puniendi
476 1094 696 1121 contumaces
719 1088 841 1132 poenis
865 1088 1058 1131 corporali·
1108 1085 1249 1119 Psalmo
1274 1087 1418 1120 dicitur:
1449 1087 1495 1121 Ut
1518 1089 1635 1122 videas
1656 1091 1748 1123 bona
1765 1091 1951 1127 Ierusalem
1976 1099 2090 1130 omni-

72 1135 158 1176 bus,
183 1147 243 1169 seu
262 1137 390 1179 gladio.
1082 1151 1084 1186 j
1108 1136 1174 1169 bus
1204 1137 1328 1170 diebus
1357 1138 1448 1171 vitae
1473 1145 1561 1171 tuae.
1621 1137 1667 1173 Et
1688 1139 1781 1177 Esai.
1797 1143 1872 1177 33.:
1908 1144 2089 1183 Yidebunt

177 1185 349 1229 Magnum
374 1194 407 1220 et
431 1187 632 1221 mirandum
655 1186 721 1220 Dei
747 1200 834 1232 opus
858 1195 928 1231 est,
963 1189 1057 1232 quod
1108 1198 1220 1229 regem
1245 1187 1282 1219 in
1306 1189 1429 1220 decore
1450 1200 1530 1229 suo,
1555 1190 1592 1222 id
1613 1197 1679 1231 est,
1706 1192 1754 1235 pii
1773 1193 1940 1230 videbunt
1959 1197 2088 1231 floren·

73 1247 147 1268 non
167 1236 279 1269 solum
300 1238 429 1270 nostris
447 1238 624 1271 mentibus
643 1238 772 1270 indidit
790 1239 900 1280 leges,
929 1239 1057 1282 quibus
1082 1260 1083 1276 t
1107 1242 1174 1269 tem
1196 1243 1321 1269 statum
1340 1237 1583 1281 Reipublicae.

73 1287 223 1327 regenda
243 1294 324 1320 sunt
343 1288 508 1331 imperia,
534 1289 593 1320 sed
612 1289 705 1332 quod
725 1288 828 1320 etiam
847 1295 879 1321 et
895 1289 968 1331 ipse
983 1288 1057 1320 sin-
1081 1279 1083 1326 i
1209 1286 1305 1328 Quid
1347 1294 1396 1320 est
1435 1295 1549 1322 autem
1587 1291 1813 1326 ecclesiastica
1857 1296 2089 1336 gubernatio?

72 1336 185 1378 gulari
211 1337 316 1369 modo
339 1338 539 1375 constituit,
567 1345 600 1370 et
615 1338 798 1376 transfert,
826 1338 913 1371 sicut
930 1338 966 1370 in
984 1337 1055 1371 Da-
1080 1333 1082 1375 ζ
1105 1333 1167 1368 Est
1190 1338 1394 1370 mandatum
1410 1337 1493 1378 Dei,
1521 1342 1614 1384 quod
1640 1344 1807 1385 praecipit
1829 1344 1952 1378 docere
1969 1347 2088 1382 Evan-

71 1385 164 1419 niele
181 1386 319 1427 dicitur,
347 1393 379 1420 et
395 1388 578 1431 praecipue
595 1400 669 1421 eam
687 1395 818 1430 partem
837 1395 945 1428 curat,
967 1400 1055 1433 quae
1106 1386 1252 1427 geHum,
1278 1399 1401 1420 vocare
1418 1389 1597 1423 ministros
1613 1389 1815 1435 Evangelii,
1842 1395 2088 1433 administrare

70 1436 214 1480 praebet
232 1434 422 1480 hospitium
441 1437 621 1472 Ecclesiis:
663 1450 743 1471 nam
769 1439 810 1470 ad
837 1436 931 1471 bunc
950 1439 1054 1470 finem
1080 1436 1081 1445 ¹
1106 1444 1340 1477 sacramenta,
1368 1439 1494 1481 punire
1519 1448 1739 1474 contumaces
1757 1448 2087 1483 excommunicatio-

71 1486 253 1520 constituit
283 1488 525 1532 principaliter
547 1489 716 1532 imperia,
748 1496 785 1522 ut
810 1489 880 1522 sint
903 1486 1055 1532 hospitia
1106 1498 1168 1526 ne,
1195 1487 1269 1519 Sine
1295 1488 1328 1520 vi
1352 1490 1537 1532 corporali.
1591 1490 1684 1524 Haec
1707 1494 1913 1535 gubernatio
1932 1501 2087 1540 pruden—

68 1534 256 1571 Ecclesiae.
319 1537 418 1571 Sicut
447 1546 561 1571 autem
586 1539 748 1582 coniugio
773 1539 874 1572 multi
899 1540 1054 1572 abutun-
1105 1543 1157 1569 ter
1189 1537 1418 1571 discernenda
1450 1547 1499 1573 est
1525 1553 1541 1573 a
1566 1542 1725 1584 politica,
1760 1551 1791 1577 et
1818 1546 1902 1578 fines
1928 1551 2088 1583 conside-

69 1593 148 1627 tur,
174 1587 222 1620 sic
245 1588 345 1622 multi
370 1599 465 1631 reges
490 1597 521 1624 et
537 1590 713 1633 principes
729 1590 925 1622 abutuntur
944 1590 1054 1633 impe·
1079 1602 1080 1614 1
1106 1587 1207 1619 randi
1226 1595 1317 1622 sunt.
1372 1588 1465 1622 Haec
1483 1592 1569 1634 regit
1587 1604 1657 1624 non
1676 1600 1810 1626 tantum
1833 1603 1991 1631 externos
2012 1613 2087 1633 mo-

69 1638 150 1678 riis,
184 1638 318 1672 faciunt
351 1639 498 1672 iniustas
530 1641 668 1679 caedes,
701 1640 843 1681 rapiunt
875 1639 1054 1673 facultates
1105 1649 1176 1677 τες,
1204 1639 1261 1670 sed
1290 1639 1389 1671 docet
1414 1641 1517 1672 corde
1539 1643 1703 1674 invocare
1726 1642 1860 1685 Deum,
1888 1654 1919 1679 et
1944 1656 2085 1684 aeterna

69 1688 310 1730 subditorum,
336 1689 410 1721 sine
427 1691 532 1721 modo
549 1690 734 1730 indulgent
750 1689 968 1721 libidinibus.
1105 1688 1197 1719 bona
1224 1688 1378 1730 impertit
1402 1690 1486 1731 piis,
1521 1691 1623 1723 etiam
1650 1704 1727 1725 cum
1753 1694 1859 1727 vitam
1883 1704 1915 1730 et
1939 1698 2084 1743 imperia

174 1738 263 1771 Cum
282 1739 328 1772 ita
346 1746 547 1782 grassantur
564 1739 599 1771 in
620 1739 773 1782 imperiis
791 1741 1052 1781 gubernatores,
1105 1737 1288 1777 amittunt,
1323 1739 1411 1771 sicut
1435 1738 1567 1781 David,
1602 1754 1800 1786 quanquam
1828 1758 1988 1782 excussus
2014 1759 2085 1785 erat

68 1788 164 1823 Deus
193 1801 251 1822 eos
280 1789 426 1829 excutit,
453 1798 485 1823 et
508 1801 613 1832 regna
640 1791 816 1824 transfert.
876 1788 964 1821 Nam
989 1787 1053 1822 hae
1106 1799 1233 1829 regno,
1262 1795 1375 1821 tamen
1401 1790 1528 1824 sciebat
1551 1803 1586 1823 se
1609 1805 1625 1823 a
1645 1792 1717 1825 Deo
1742 1801 1856 1836 petere
1880 1797 2006 1833 debere
2031 1814 2084 1834 re-

71 1851 207 1883 semper
231 1841 372 1873 fuerunt
398 1851 519 1872 causae
545 1840 791 1873 mutationum.
853 1838 965 1883 Cyrus
988 1852 1054 1882 pu-
1104 1838 1305 1870 missionem
1332 1846 1571 1882 peccatorum,
1599 1849 1631 1875 et
1655 1850 1832 1885 expectare
1854 1848 2023 1883 auxilium
2048 1853 2084 1885 in

68 1890 159 1923 nivit
188 1888 381 1936 Astyagen,
417 1890 476 1935 qui
508 1890 617 1922 filium
652 1891 860 1923 vescendum
889 1889 1052 1933 Hapargo
1104 1889 1345 1931 praesentibus
1362 1891 1549 1923 aerumnis.

69 1941 286 1985 praebuerat.
340 1940 524 1973 Persarum
545 1940 722 1973 saevitiam
741 1940 881 1983 punivit
899 1938 1052 1972 Alexan·
1206 1937 1255 1971 lta
1282 1951 1376 1972 nnnc
1399 1941 1608 1980 sentiamus,
1634 1954 1711 1975 cum
1733 1945 1982 1987 opprimuntur
1998 1952 2047 1995 pii
2065 1965 2082 1986 a

69 1992 147 2031 der,
174 1991 300 2024 deinde
323 1992 551 2035 petulantiam
572 1990 788 2024 Graecorum
806 1989 960 2024 Romani
987 2002 1053 2033 pu-
1105 1987 1247 2028 Turcis,
1274 2002 1345 2021 non
1371 1997 1553 2034 propterea
1578 1993 1738 2027 deficiant
1757 2007 1772 2026 a
1792 1994 1882 2036 Deo,
1909 2004 2002 2043 qnod
2021 2016 2083 2046 po-

69 2042 225 2076 nierunt.
283 2041 465 2075 Romanae
490 2042 685 2074 nobilitatis
711 2041 916 2086 tyrannides
941 2040 1052 2073 lulius
1076 2084 1078 2087 v
1103 2039 1195 2071 litias
1212 2040 1416 2074 amiserunt.
1469 2041 1628 2075 Sciamus
1645 2044 1827 2078 aliudesse
1845 2059 1989 2090 regnum
2007 2066 2083 2086 coe-

70 2091 220 2134 punivit.
273 2091 396 2124 Postea
422 2093 562 2124 crebrae
589 2093 798 2124 mutationes
824 2092 932 2124 factae
960 2097 1052 2123 sunt.
1104 2090 1206 2127 leste,
1233 2089 1466 2123 ministerium
1486 2093 1602 2133 verbi,
1631 2095 1747 2136 puniri
1767 2108 1830 2129 nos
1845 2110 2082 2142 agnoscamus,

69 2141 113 2174 Et
141 2141 287 2185 imperia
314 2143 357 2174 ad
382 2148 574 2175 extremum
601 2143 679 2186 plns
704 2142 921 2174 confusionis
948 2139 1052 2174 habi·
1103 2139 1230 2182 ereptis
1253 2141 1443 2173 commodis
1468 2154 1672 2186 corporum,
1702 2153 1732 2178 et
1759 2158 1822 2178 nos
1840 2150 1945 2181 verbo
1964 2150 2027 2185 Do}
2047 2155 2079 2186 i„

1076 2186 1078 2198 V

67 2199 144 2226 tura
163 2198 256 2226 sunt.
1076 2206 1078 2246 ἓ
1103 2187 1158 2221 bis
1183 2191 1358 2223 aerumnis
1384 2198 1625 2227 sustentemus.
1681 2194 1747 2228 Hic
1771 2198 1942 2232 discamus
1963 2201 2082 2236 Evan-

171 2243 223 2275 λε
256 2242 344 2275 iusta
374 2241 520 2285 imperia
549 2248 629 2274 sunt
653 2241 819 2274 beneficia
846 2240 925 2274 Dei.
978 2240 1052 2286 Ty·
1103 2240 1231 2282 gvlium
1249 2252 1320 2272 esse
1340 2242 1572 2275 ministerium
1593 2245 1754 2287 spiritus,
1786 2247 1818 2279 id
1839 2255 1905 2288 est,
1934 2263 2003 2284 non
2023 2267 2080 2287 ex-

34 2326 37 2328 ,
70 2293 237 2327 rannides
263 2304 346 2325 vero
371 2292 544 2325 admixtae
569 2292 820 2335 permittuntur
841 2293 883 2324 ad
904 2298 1052 2334 tempus,
1076 2301 1078 2320 i
1103 2297 1236 2323 ternam
1255 2291 1430 2334 politiam,
1457 2295 1514 2325 sed
1531 2295 1806 2328 consolationem
1826 2301 1967 2341 mentis,
1993 2316 2080 2347 quae

71 2351 110 2378 ut
127 2344 195 2377 sint
214 2354 345 2387 poenae
365 2343 533 2375 scelerum
550 2342 694 2380 mundi,
722 2341 808 2373 sicut
826 2342 1053 2384 pestilentiae,
1076 2343 1077 2349 ¹
1103 2347 1240 2374 aeterna
1258 2342 1349 2374 bona
1368 2342 1542 2386 impertit,
1570 2351 1607 2376 ut
1625 2344 1736 2378 David
1750 2373 1757 2385 ,
1785 2346 1981 2387 Manassos.
2008 2367 2077 2387 non

72 2401 131 2428 aut
151 2394 314 2427 incendia
335 2393 490 2426 fortuita.
544 2392 627 2426 Ideo
651 2392 737 2425 dicit
752 2391 936 2425 Salomon:
964 2391 1053 2424 Pto-
1103 2391 1291 2424 amiserunt
1311 2393 1544 2426 ministerium
1563 2394 1726 2438 spiritus,
1754 2398 1857 2430 etiam
1877 2412 1953 2433 cum
1973 2414 2079 2445 regno

71 2451 149 2489 pter
172 2450 310 2489 peccata
330 2444 472 2488 populi,
500 2443 602 2476 multi
620 2449 699 2476 sunt
718 2442 892 2486 principes
905 2468 913 2481 ‚
939 2442 973 2474 id
992 2449 1053 2482 est,
1075 2430 1079 2501 Ι
1103 2442 1236 2485 expulsi
1253 2450 1361 2477 erant.
1405 2442 1499 2476 Haec
1515 2445 1710 2479 admonitio
1727 2451 1915 2482 necessaria
1935 2460 1981 2484 ost
1998 2467 2078 2497 pm-

73 2495 211 2528 crebrae
241 2495 452 2527 mutationes
479 2494 708 2537 imperiorum
732 2493 842 2534 fiunt,
877 2504 940 2525 nec
964 2492 1053 2527 fiunt
1103 2499 1180 2535 pter
1204 2504 1279 2532 eos,
1306 2494 1365 2538 qui
1391 2501 1524 2527 tantum
1548 2495 1711 2529 florentes
1730 2498 1865 2540 politias
1886 2500 2080 2545 imaginan-

72 2546 281 2580 mutationes
310 2545 386 2577 sine
418 2545 553 2587 magnis
582 2544 758 2581 cladibus,
792 2550 830 2577 ut
862 2544 1052 2576 ostendunt
1075 2515 1078 2568 i
1102 2550 1160 2576 tur
1177 2544 1344 2587 populum
1362 2542 1426 2576 Dei
1446 2556 1534 2584 esse,
1561 2545 1648 2578 sicut
1664 2546 1790 2586 Turci,
1816 2556 1846 2581 et
1865 2550 1907 2582 de
1922 2553 2079 2589 doctrina

73 2596 274 2638 quotidiana
306 2595 473 2639 exempla.
533 2592 580 2628 Et
610 2594 794 2628 ecclesiast.
822 2593 877 2628 10.
902 2593 1050 2627 dicitur:
1103 2593 1259 2627 iudicant
1284 2606 1320 2627 ex
1345 2595 1484 2628 fortuna
1510 2595 1729 2639 politiarum‚
1756 2600 1847 2642 quod
1875 2612 1944 2634 non
1965 2612 2014 2637 est
2029 2607 2079 2639 sac.
2116 2618 2120 2621 ·

73 2643 233 2688 Regnum
260 2658 278 2678 a
303 2652 403 2689 gente
428 2646 465 2678 in
488 2652 626 2689 gentem
650 2645 876 2684 transfertur,
911 2650 1053 2688 propter
1103 2643 1278 2680 ciendum.

1383 2692 1465 2729 25*
