2409 2915
289 117 358 154 199

290 203 422 247 populo
444 201 572 238 lsrael,
599 198 734 232 etiarnsi
754 198 962 231 ceremoniis
979 210 1050 229 non
1069 198 1266 230 oneraban-

292 261 358 286 tur.
411 251 573 285 Sciebant
589 256 703 282 autem
721 261 760 281 ex
781 247 926 281 Daniele
941 248 1044 282 etiam
1070 247 1208 281 circiter
1231 260 1268 280 ea

292 311 446 347 tempora
469 290 743 333 veritiiruir'?esse
760 298 937 332 Messiam.

391 351 521 395 Estque
546 348 611 383 boc
636 350 832 393 exemplum
859 349 995 388 insigne
1020 348 1274 387 testimonium,

295 404 387 447 qnod
414 400 644 443 Evangelium
668 402 709 432 ad
736 409 854 442 gentes
882 400 1062 443 pertineat.
1123 397 1168 431 Et
1196 410 1273 431 cum

294 455 336 486 de
355 452 536 485 vocatione
555 451 709 495 gentium
733 451 880 489 dicitur,
914 450 1019 482 simul
1042 447 1274 493 comprehen-

294 503 391 536 ditur
407 500 491 535 haec
510 501 688 539 doctrina,
716 501 808 544 quod
828 499 952 543 gratis,
977 512 1046 532 non
1067 506 1208 543 propter
1226 499 1274 530 le-

296 565 372 595 gem
390 554 542 586 donetur
562 551 720 584 remissio
747 557 979 594 peccatorum.

297 604 381 637 latio
397 603 501 636 simul
520 602 635 635 veniat
652 601 687 633 in
708 607 872 636 mentem.

651 684 705 708 De
742 681 916 706 tertio.

605 734 667 769 De
682 734 759 769 loco
774 732 962 770 Micheae.

398 806 495 842 Utile
512 806 751 840 testimonium
771 813 818 839 est
836 806 877 838 ad
900 804 1102 838 refutandos
1112 800 1277 835 boetem-

298 871 382 902 pore
409 857 576 898 ludaeos,
605 856 763 900 oportuit
787 855 879 888 nasci
904 853 1084 888 Christum
1110 854 1145 885 in
1170 850 1278 885 Beth-

299 908 428 943 lehem:
465 920 546 951 ergo
577 918 714 940 necesse
738 913 787 939 est
809 918 887 939 eum
913 905 1048 937 venisse
1073 904 1162 943 iam,
1197 903 1278 947 quia

300 959 455 1004 oportuit
473 971 551 992 eum
568 965 680 991 stante
699 956 818 1000 politia
839 957 897 988 illa
922 955 1036 992 nasci,
1064 966 1168 998 qnam
1185 952 1280 986 Deus

299 1011 459 1044 funditus
493 1009 638 1046 delevit,
680 1015 718 1040 ut
747 1013 891 1039 testetur
920 1005 1054 1037 venisse
1086 1001 1280 1037 Christum.

301 1060 335 1095 Ο
355 1061 440 1093 mira
458 1058 523 1092 Dei
549 1058 713 1095 consilia,
746 1057 918 1089 excidium
947 1055 1127 1088 lndaicurn
1153 1055 1280 1087 confir-

301 1118 372 1145 mat
391 1111 465 1155 pios
478 1135 486 1148 ‚
515 1117 549 1143 et
567 1107 744 1141 convincit
764 1106 973 1139 ludaeorum
992 1105 1228 1149 pertinaciam.

402 1160 464 1195 Est
481 1167 594 1193 autem
613 1166 645 1192 et
662 1156 728 1191 hoc
749 1157 1007 1190 observandum
1034 1156 1070 1188 in
1097 1156 1190 1189 dicto
1209 1154 1281 1188 Mi-

303 1211 426 1249 cheae,
455 1211 548 1255 quod
566 1211 608 1243 (le
627 1217 773 1253 utraque
790 1214 914 1241 natura
931 1207 967 1239 in
983 1205 1125 1240 Christo
1139 1206 1282 1239 concio·-

304 1270 420 1302 natur‚
447 1261 548 1294 dicit:
578 1261 702 1293 ducem
720 1265 908 1292 venturum
926 1269 997 1291 esse
1015 1269 1053 1290 ex
1064 1254 1284 1296 Bethlehem,

304 1315 339 1347 id
357 1315 399 1346 de
419 1312 600 1345 nativitate
617 1323 656 1343 ex
674 1310 809 1351 virgine
828 1309 967 1342 (licitur.
1010 1307 1148 1341 Deinde
1167 1307 1283 1340 addit:

304 1363 473 1407 Egressus
488 1363 562 1395 eius
589 1368 668 1394 ante
693 1361 832 1393 initium
858 1359 993 1393 mundi.
1045 1357 1112 1391 Hic
1138 1364 1285 1391 testatur

305 1427 384 1447 enm
404 1426 476 1447 esse
491 1420 612 1446 natum
633 1424 671 1444 ex
690 1419 783 1455 patre
802 1417 882 1443 ante
899 1409 1039 1443 initium
1052 1409 1188 1443 mundi.
1213 1407 1284 1441 lam

306 1464 363 1499 hic
380 1465 568 1498 dicendum
588 1469 654 1502 est,
683 1462 798 1506 qualis
816 1461 859 1493 sit
877 1461 965 1501 (lux,
991 1459 1049 1504 qui
1072 1460 1216 1493 liberat.
1234 1459 1286 1491 vi-

307 1516 453 1555 delicet,
482 1527 499 1546 a
519 1514 607 1546 veris
632 1513 749 1551 malis,
777 1524 795 1544 a
820 1518 977 1554 peccato,
1004 1510 1047 1542 ab
1074 1510 1122 1543 ira
1143 1509 1227 1549 Dei,
1255 1516 1286 1542 et

307 1580 324 1599 a
344 1574 454 1599 morte
472 1573 628 1599 aeterna:
664 1571 695 1596 et
718 1561 806 1596 hanc
827 1561 1070 1594 liberationem
1094 1561 1200 1593 verbo
1225 1571 1287 1592 suo

308 1618 411 1650 efficit
441 1617 476 1648 in
510 1614 754 1650 credentibus,
790 1625 861 1645 non
886 1619 1028 1655 propter
1052 1619 1207 1645 nostram
1233 1611 1286 1644 di-

307 1669 486 1711 gnitatem.
539 1665 632 1699 lhec
649 1664 833 1707 cogitanda
854 1670 935 1696 suut
954 1660 1122 1696 hocloco.

655 1749 710 1772 De
747 1748 941 1777 quarto.

628 1800 688 1834 De
707 1799 962 1847 persecutione.

412 1872 501 1905 Nato
513 1869 655 1904 Christo
673 1868 789 1901 statim
808 1873 970 1899 metuunt
988 1865 1216 1898 mutationem
1235 1877 1290 1898 re—

311 1925 368 1966 gni
386 1923 544 1956 Herodes
562 1929 589 1952 et
612 1917 810 1952 Pharisaei:
841 1918 918 1949 ideo
938 1924 1111 1948 conantur
1128 1928 1205 1947 enm
1225 1917 1290 1948 tol·

450 1973 489 2007 Et
517 1972 702 2011 diligenter
729 1966 785 2000 liic
817 1967 1070 1999 consideranda
1105 1973 1152 1998 est
1182 1966 1290 1999 simn-

312 2026 408 2059 latio.
470 2023 526 2055 Sic
559 2032 695 2064 semper
722 2017 876 2052 Ecclesia
903 2023 1154 2061 oppugnantur
1183 2017 1290 2050 simu-

314 2078 443 2110 latione
461 2082 492 2107 et
512 2081 628 2116 aperta
650 2071 694 2104 xi.

314 1978 394 2009 lere.

665 2146 719 2168 De
755 2143 944 2174 quinto.

562 2195 683 2242 Illagi
701 2192 857 2244 offerrui!
876 2206 1036 2230 'muner-a.

411 2270 505 2311 §lagi
525 2273 715 2309 agnoscunt
736 2262 827 2296 liunc
848 2263 1014 2295 infantem
1034 2275 1105 2295 esse
1116 2263 1292 2305 Messium,

312 2324 392 2369 qnia
411 2321 503 2355 ltautl
525 2319 630 2351 dubie
649 2318 788 2348 snernnt
816 2314 918 2355 tale-S,
955 2314 1074 2358 quales
1100 2326 1203 2358 supra
1231 2317 1291 2347 ηρ-

312 2374 452 2418 scripsi,
496 2369 659 2410 discipuli
688 2363 961 2407 Prophetarum,
1007 2365 1065 2408 qni
1104 2371 1290 2399 tenuerim(

312 2425 507 2458 doctrinam
527 2423 569 2452 «le
591 2421 709 2451 saturo
731 2416 875 2452 &lt-ssia,
911 2415 997 2447 sient
1025 2413 1106 2447 llaec
1133 2417 1289 2449 doctrina

313 2479 379 2509 lat·-
398 2483 469 2507 totu
489 2473 572 2504 orbe
592 2477 760 2502 terrarum
780 2478 894 2507 sparsa
920 2465 998 2498 snit.
1051 2464 1093 2499 Et
1121 2467 1188 2498 iam
1208 2466 1291 2499 llio-
1316 2486 1317 2504 t

312 2525 495 2559 mmlxtnis
540 2521 720 2554 audierant
760 2516 963 2548 vaticinium
1000 2515 1180 2555 Micheae,
1221 2531 1290 2562 qm,
1316 2556 1317 2560 Ἰ

310 2566 412 2609 etiani
433 2571 624 2607 confirmati
645 2575 736 2602 sunt.
791 2567 859 2600 Nm«
881 2567 1028 2598 dubium
1046 2575 1113 2604 est.
1143 2569 1227 2612 quin
1248 2570 1290 2601 «le
1315 2586 1317 2611 Λ

310 2629 438 2661 talibus
456 2622 637 2666 scripturis
654 2620 760 2652 nnilta
785 2630 862 2650 cnm
886 2615 1026 2660 loseph,
1061 2616 1229 2652 Zacharia
1259 2627 1286 2652 (q
1315 2618 1317 2643 1

310 2679 445 2721 reliquo
464 2673 625 2708 sodalitio
645 2672 691 2703 ihi
711 2668 937 2703 contulerint.
1313 2670 1317 2709 f

876 112 1001 147 pau„
1027 110 1144 148 MEL.
1170 107 1378 147 schTA
1405 96 1701 145 ExeGE‘ricA.

2231 111 2306 146 200

1421 194 1531 228 Porro
1554 194 1621 229 hoc
1644 202 1756 230 totum
1785 195 1980 239 exemplum
2007 201 2056 228 est
2082 195 2229 228 illustris
2251 195 2306 239 pi-

1322 252 1418 278 ctura
1440 244 1635 284 Ecclesiae,
1671 246 1783 290 qualis
1815 245 1878 285 sit,
1913 246 1950 278 in
1981 245 2112 290 quibus
2142 245 2307 289 periculis

1324 302 1498 335 versetur,
1534 298 1712 341 qnmmodo
1743 297 1970 336 defendatur,
1997 303 2030 329 et
2062 296 2195 336 alatur,
2233 307 2306 328 non

1328 344 1491 379 humanis
1508 347 1684 389 consiliis,
1712 347 1769 380 sed
1782 345 1857 379 Deo
1874 347 2100 390 gubernante.
2153 344 2309 379 Ecclesia

1300 418 1302 423 -
1327 403 1376 429 est
1400 402 1517 430 coetus
1541 409 1732 442 paucorum
1756 397 1950 439 dispersuS‚
1986 396 2140 437 Mariae,
2172 393 2310 440 loseph,

1301 475 1303 482 .
1328 444 1535 489 Zachariae,
1566 444 1768 487 Elisabeth,
1795 446 1991 488 Simeonis,
2018 448 2161 487 Annae,
2187 446 2310 479 Pasto-

1301 535 1303 546 4
1328 509 1426 535 rum,
1459 496 1666 541 Magorum,
1700 504 1732 530 et
1758 497 1946 539 similium,
1972 510 2050 531 cum
2076 497 2217 531 interim
2243 496 2310 529 sibi

1033 549 1129 584 Ilaec
1151 560 1275 583 conso·
1302 550 1303 555 ’

1329 547 1470 582 titulum
1498 554 1675 581 sumerent
1701 546 1908 591 Pontifices,
1945 554 1977 581 et
2007 549 2065 581 alii
2099 548 2198 591 impii
2232 559 2310 581 cnm

1331 598 1436 630 verbo
1455 596 1520 630 Dei
1544 599 1807 641 belligerantes,
1834 610 1912 630 cnm
1928 597 2081 631 Ecclesia
2107 605 2243 631 tantum
2261 597 2312 629 ibi

1331 649 1393 687 sit,
1421 648 1481 680 ubi
1503 655 1551 682 est
1573 650 1720 682 verbnm
1739 647 1814 682 Dei.
1867 647 1994 681 Hostes
2011 655 2088 681 sunt
2105 647 2264 680 Herodes
2280 655 2313 680 et

1333 698 1538 740 Pontifices,
1569 706 1602 733 et
1632 699 1835 732 defenditur
1859 697 1943 732 haec
1970 697 2122 732 Ecclesia
2147 699 2313 730 adversus

1335 747 1530 789 Herodem,
1564 756 1596 782 et
1619 750 1725 783 alitur
1747 749 1955 782 muneribus
1980 749 2178 793 Magorum.
2246 746 2314 780 Hic

1332 799 1427 831 Deus
1455 799 1607 832 mirabili
1634 801 1740 833 modo
1763 807 1875 833 servat
1899 799 2115 837 Ecclesiam,
2148 799 2250 832 etiam
2277 798 2313 830 in

1333 847 1397 882 hac
1423 849 1511 889 vita,
1537 850 1626 884 sicut
1649 850 1765 895 inquit
1781 850 1961 892 psalmus,
1990 850 2068 884 Non
2091 849 2163 882 vidi
2184 849 2314 883 iustum

1333 900 1540 934 derelictum
1560 900 1597 933 in
1615 901 1724 942 fame,
1751 908 1813 935 etc.

1691 1010 1955 1056 Alleyorict.

1436 1084 1532 1127 Magi
1552 1085 1704 1118 offerunt
1724 1084 1880 1123 Aurum,
1909 1083 2026 1125 Thus,
2054 1084 2252 1131 Myrrham,
2280 1086 2318 1118 in

1335 1133 1390 1168 his
1413 1143 1462 1169 est
1486 1136 1606 1179 pulcra
1631 1135 1856 1177 significatio,
1885 1147 2084 1180 quanquam
2110 1137 2207 1179 prins
2233 1148 2320 1169 con-

1335 1187 1563 1219 siderandum
1589 1193 1640 1219 est
1658 1186 1863 1218 heneficium
1884 1186 2084 1229 corporale,
2113 1187 2206 1231 quod
2225 1186 2320 1220 Deus

1336 1249 1482 1270 munere
1513 1237 1632 1269 oblato
1662 1249 1679 1269 a
1710 1235 1824 1279 Magis
1855 1237 2006 1271 voluerit
2040 1248 2161 1269 curare
2189 1237 2320 1271 victum

1337 1288 1437 1320 matri
1457 1295 1488 1320 et
1507 1299 1627 1330 puero.
1681 1286 1773 1330 Quia
1791 1285 1886 1320 Deus
1904 1287 1979 1320 vult
1998 1288 2182 1321 sustentari
2200 1285 2322 1321 Eccle-

1337 1339 1405 1371 sias
1428 1337 1638 1371 liberalitate
1661 1338 1860 1382 aliquorum
1887 1337 2025 1380 piorum
2045 1338 2243 1381 principum
2263 1344 2323 1372 ant

1339 1389 1566 1431 locupletum.
1616 1386 1663 1421 Et
1683 1389 1775 1432 quod
1798 1386 1882 1421 haec
1900 1388 2065 1421 beneficia
2086 1389 2201 1430 magni
2220 1389 2324 1422 aesti—

1341 1446 1408 1472 met
1433 1436 1612 1477 Christus,
1646 1445 1791 1471 testatur
1823 1439 1913 1480 ipse,
1948 1451 2026 1470 cnm
2061 1439 2161 1472 dicit:
2198 1438 2324 1481 Quod-

1340 1501 1478 1534 cunque
1494 1489 1623 1521 secistis
1642 1489 1700 1521 uni
1719 1501 1757 1521 ex
1775 1488 1933 1520 minimis
1949 1489 2051 1528 meis,
2080 1487 2168 1521 mihi
2185 1490 2324 1524 fecistis.

1342 1541 1444 1573 Item:
1475 1538 1545 1581 Qui
1571 1540 1706 1572 dederit
1731 1539 1834 1572 alicui
1859 1546 1978 1582 potum
1997 1551 2107 1582 aquae
2124 1539 2271 1582 frigidae
2286 1540 2324 1572 in

1343 1592 1486 1623 nomine
1500 1602 1576 1621 meo
1594 1597 1656 1623 etc.
1710 1589 1768 1623 Sic
1785 1596 1818 1622 et
1835 1588 1966 1622 Paulus
1981 1589 2181 1623 dulcissime
2197 1590 2325 1632 gratias

1343 1641 1410 1683 agit
1427 1638 1647 1680 Philemoni„
1677 1640 1770 1683 quod
1798 1640 1969 1681 exceperit
1992 1647 2025 1672 et
2051 1640 2178 1673 iuverit
2195 1651 2326 1684 paupe-

1344 1702 1397 1724 res
1415 1697 1446 1723 et
1465 1697 1601 1733 egentes
1620 1690 1814 1723 ministros:
1844 1689 1986 1723 Refecta
1999 1697 2091 1731 sunt,
2114 1690 2241 1735 inquit,
2264 1691 2326 1724 abs

1343 1749 1376 1775 te
1394 1752 1523 1774 viscera
1541 1748 1755 1774 sanctorum.

1449 1806 1586 1840 Aurum
1618 1807 1825 1850 regulariter
1854 1806 2023 1849 significat
2050 1819 2172 1850 puram
2196 1808 2327 1841 doctri-

1345 1871 1423 1891 nam
1448 1858 1538 1890 snlei.
1593 1857 1689 1891 Sicut
1708 1858 1742 1889 in
1761 1858 1904 1891 psalm:
1934 1856 2002 1889 Lex
2023 1864 2079 1890 tna
2096 1857 2186 1891 sient
2202 1870 2327 1892 aurum

1346 1909 1585 1953 purissimum.
1661 1906 1762 1941 Thus
1799 1907 1969 1949 significat
2008 1907 2265 1941 invocationem
2295 1915 2328 1942 et

1345 1959 1609 1993 consessionem.
1681 1956 1827 2003 Myrrha
1867 1970 2004 1991 crucem
2042 1965 2077 1992 et
2108 1959 2329 1999 afflictiones,

1345 2022 1433 2055 quae
1452 2016 1647 2054 sequuntur
1663 2009 1932 2044 consessionem.

1447 2074 1542 2107 llaec
1575 2086 1718 2106 munera
1749 2086 1813 2106 nos
1846 2086 1985 2118 quoqne
2010 2074 2177 2107 debemus
2202 2075 2329 2108 offerre

1345 2124 1497 2160 Christo.
1553 2125 1690 2158 Primus
1722 2125 1834 2157 cultus
1871 2132 1917 2157 est
1954 2125 2108 2157 studium
2133 2126 2327 2165 doctrinae,

1346 2185 1377 2211 et
1401 2177 1496 2210 fides,
1549 2176 1733 2209 Secundus
1757 2183 1806 2208 est
1834 2176 2018 2208 invocatio.
2073 2176 2160 2208 Nam
2180 2176 2228 2210 sic
2248 2188 2328 2209 vere

1346 2228 1491 2267 colitur,
1522 2239 1591 2258 non
1616 2239 1692 2259 cnm
1720 2227 1782 2268 ipsi
1805 2227 1946 2263 damus,
1974 2227 2032 2259 sed
2052 2228 2191 2259 cumali
2210 2238 2250 2259 eo
2268 2239 2328 2270 pc-

1346 2279 1460 2311 tinnis.
1524 2277 1591 2310 Sed
1620 2277 1773 2309 invocari
1800 2278 1901 2309 dehet
1926 2278 2006 2312 fido,
2041 2277 2072 2308 i‹l
2099 2283 2167 2312 cst,
2201 2277 2328 2311 fidncia

1346 2328 1547 2362 mediatoris
1573 2325 1724 2364 ‹tta-isti,
1765 2340 1835 2359 non
1871 2334 2013 2371 propter
2044 2334 2160 2360 nostra
2193 2329 2328 2362 merita·

1346 2379 1468 2413 Postea
1494 2385 1688 2423 sequnntur
1710 2378 1932 2414 afflictiones,
1961 2389 2030 2409 non
2049 2384 2184 2411 tantum
2203 2391 2327 2422 corpo·

1345 2431 1454 2469 rales,
1482 2431 1540 2462 scil
1565 2430 1668 2463 etiam
1694 2429 1825 2460 ‹lialioli
1852 2428 2009 2461 insidiae.
2064 2426 2106 2462 Et
2134 2428 2227 2462 Dens
2252 2430 2328 2463 vult

1316 2514 1317 2519 ,
1344 2479 1533 2514 Ecclesiam
1560 2480 1749 2513 subiectam
1775 2491 1844 2511 esse
1866 2479 2136 2518 afflictionibus,
2164 2487 2199 2514 ut
2220 2478 2329 2513 iuliis

1344 2539 1543 2565 exerceatur
1562 2531 1655 2563 fides.

2390 1062 2407 1114 ι...
2392 971 2406 1052 *040

2391 1176 2409 1245 ‚w
2392 1140 2404 1164 ,.,
