2409 2915
250 81 324 119 299

251 179 324 202 non
354 165 499 201 timent,
533 170 606 193 non
636 157 790 200 diligunt
816 153 952 193 Deum,
986 160 1027 188 ut
1052 152 1267 194 debebant,!

252 223 395 252 manent
420 220 453 247 et
474 211 535 245 alii
557 209 660 242 multi
687 213 844 241 errantes
868 212 997 239 motus.
1051 203 1135 239 Ideo
1150 216 1239 238 sem-

253 281 314 313 per
337 263 561 300 statuendum
585 266 636 293 est
659 260 702 292 de
724 257 875 298 renatis,
899 267 1084 300 personam
1105 256 1241 300 placere

252 319 328 353 Deo
345 317 414 349 fide
433 319 575 359 propter
589 308 788 350 Christum,
816 320 888 341 non
904 314 1046 351 propter
1063 307 1240 351 propriam

254 368 482 413 dignitatem,
506 375 566 396 seu
589 361 750 409 proprias
776 360 941 397 virtutes,
968 358 1058 391 sicut
1082 358 1173 390 clare
1191 363 1242 389 te.-

255 425 392 453 stantur
408 414 492 449 haec
507 414 611 447 dicta.
664 409 763 445 Nihil
782 407 868 442 mihi
886 407 1046 441 conscius
1059 419 1135 440 sum
1149 434 1156 447 ,
1184 407 1241 440 sed

256 472 293 504 in
309 468 375 503 hoc
395 479 467 500 non
487 463 692 498 iustificatus
708 473 797 494 sum.
853 458 956 492 Item:
985 457 1065 491 Nou
1081 458 1189 491 intres
1208 457 1244 489 in

256 518 428 555 iudicium
454 528 532 550 cum
559 526 658 547 servo
681 520 761 552 tuo,
799 509 880 555 quia
904 521 976 542 non
1002 508 1245 543 iustificabitur

257 573 295 605 in
313 574 500 612 conspectu
519 573 579 599 tuo
598 563 714 597 omnis
733 562 865 595 vivens.
922 559 1025 593 ltem:
1053 559 1092 593 Si
1112 557 1244 605 iniqui-

257 629 344 656 tates
375 615 616 653 observaveris
640 612 816 652 Domine,
850 610 1007 645 Domine
1040 610 1118 655 quis
1143 609 1246 642 susti-

259 670 381 706 nebit?

359 719 432 754 Nec
451 723 537 751 esset
552 714 706 749 difficilis
723 713 932 746 diiudicatio
950 710 1055 745 huius
1072 710 1246 756 quaestio-

260 773 334 813 nis,
360 771 388 804 si
416 767 621 803 deformitas
644 771 785 798 nostrae
810 771 955 797 naturae
978 762 1082 795 nobis
1104 762 1140 794 iu
1165 773 1250 794 con—

261 829 380 869 spectu
405 827 502 854 esset.
562 816 644 850 Ideo
668 816 762 849 enim
790 813 1024 858 amplificatur
1047 812 1250 857 qualiscun-

261 886 326 920 que
352 869 573 906 obedientia,
607 866 688 912 quia
715 865 886 900 naturalis
913 863 1155 897 immundities
1178 874 1250 894 non

261 924 344 959 satis
368 919 604 966 conspicitur,
628 919 687 951 sed
713 917 762 960 pii
787 917 907 960 aliquo
925 915 1030 947 modo
1049 925 1123 946 eam
1144 924 1252 956 agno-

263 981 386 1015 scunt,
413 971 501 1017 grati
521 969 628 1013 igitur
649 968 911 1011 amplectuntur
928 963 1023 997 hunc
1040 963 1254 997 consolatio-

263 1038 362 1066 nem,
392 1023 486 1069 quod
506 1021 573 1053 fide
591 1025 733 1062 propter
752 1016 980 1049 mediatorem
998 1015 1069 1048 sint
1087 1014 1167 1047 iusti
1181 1041 1190 1055 ,
1218 1013 1253 1045 id

264 1084 330 1117 est,
365 1072 514 1117 accepti,
551 1081 625 1103 non
658 1074 802 1113 propter
828 1066 1007 1111 propriam
1034 1065 1257 1109 dignitatem,

265 1140 326 1162 seu
342 1136 451 1159 novas
469 1122 676 1168 qualitateS,
705 1129 898 1162 seu·opera.
952 1115 1000 1150 Et
1015 1123 1133 1150 tamen
1151 1127 1256 1160 opor-

266 1186 314 1213 tet
347 1178 523 1210 incoatam
552 1170 791 1205 obedientiam
820 1169 856 1201 in
881 1167 1013 1201 renatis
1038 1175 1129 1208 esse,
1162 1167 1257 1199 iuxta

266 1229 373 1263 illud:
409 1223 509 1260 Nihil
535 1235 630 1257 nunc
654 1219 894 1255 damnationis
920 1225 970 1252 est
995 1218 1055 1259 iis,
1089 1217 1150 1263 qui
1176 1223 1259 1251 sunt

266 1280 303 1313 in
322 1276 465 1313 Christo
483 1274 584 1317 Iesu,
611 1273 672 1318 qui
697 1284 770 1305 non
796 1271 991 1304 secundum
1016 1280 1156 1302 carnem
1185 1280 1259 1300 am-

266 1331 411 1367 bulant,
439 1327 499 1360 sed
518 1324 712 1359 secundum
729 1322 906 1366 spiritum,

444 1416 610 1456 Quomodo
631 1414 743 1455 placet
766 1411 849 1443 haec
872 1405 1086 1441 obedientia?

370 1479 439 1514 Hic
472 1488 608 1521 semper
641 1475 708 1509 tria
742 1473 944 1516 iungantur.
1000 1469 1160 1503 Primum
1193 1474 1262 1501 sta-

271 1533 442 1569 tuendum
461 1536 512 1564 est
527 1537 715 1574 personam
730 1522 861 1558 habere
875 1521 1118 1556 remissionem
1139 1526 1171 1552 et
1187 1519 1262 1563 pla-

271 1596 346 1619 cere
385 1588 527 1625 propter
563 1577 747 1612 Christum
784 1575 1024 1607 mediatorem.
1099 1570 1262 1605 Secundo

273 1633 533 1678 agnoscendum
565 1635 614 1661 est
645 1633 678 1659 et
708 1626 924 1661 dolendum,
960 1623 1053 1666 quod
1081 1619 1199 1654 haeret
1226 1621 1262 1653 in

273 1685 376 1720 nobis
400 1688 599 1727 peccatum,
627 1685 660 1711 et
683 1676 775 1721 quod
802 1673 1003 1707 obedientia
1025 1677 1144 1704 nostra
1162 1672 1264 1703 valde

273 1736 475 1781 imperfecta
506 1728 744 1765 contaminata
768 1733 831 1759 est:
868 1724 1119 1767 sciendumque
1143 1720 1264 1754 Eccle-

273 1790 358 1822 siam
387 1791 571 1831 propterea
595 1779 794 1817 subiectam]
812 1787 884 1809 esse
901 1775 994 1809 cruci
1012 1781 1043 1807 et
1061 1772 1265 1815 ingentibus

274 1837 470 1876 aerumnis,
502 1841 541 1868 ut
574 1835 809 1872 agnoscantur
839 1833 871 1860 et
899 1825 1156 1859 mortificentur
1182 1823 1265 1856 reli-

275 1890 377 1936 quiae
404 1884 545 1931 peccati.
599 1880 723 1914 Tertio
747 1878 973 1911 statuendum
999 1882 1068 1915 est,
1095 1875 1189 1918 quod
1214 1881 1265 1907 ta-

276 1953 355 1974 men
380 1936 534 1983 requirat
550 1933 647 1966 Deus
664 1929 756 1964 hanc
773 1927 1035 1965 obedientiam,
1063 1934 1091 1958 et
1113 1926 1206 1969 quod
1229 1925 1266 1957 in

277 1998 415 2029 renato,
444 1996 646 2032 quanquam
665 1980 886 2025 imperfecta,
914 1978 1064 2022 placeat,
1093 1988 1164 2008 non
1185 1988 1266 2019 pro-

278 2051 354 2087 pter
385 2051 477 2078 sese,
511 2037 569 2069 sed
597 2040 740 2079 propter
762 2029 962 2067 Christum,
997 2036 1033 2061 ut
1060 2027 1184 2060 Petrus
1211 2027 1267 2058 iu-

277 2093 369 2139 quit:
411 2088 551 2124 Oss'erte
585 2084 718 2118 hostias
748 2080 965 2124 spirituales,
1007 2085 1163 2121 acceptas
1193 2076 1267 2111 Deo

279 2156 339 2189 per
358 2142 471 2176 lesum
488 2137 683 2173 Christum.
737 2132 805 2166 Hic
830 2132 923 2164 sodet
947 2131 988 2162 ad
1011 2131 1186 2162 dexteram
1209 2141 1270 2172 pa-

279 2196 358 2234 tris,
386 2200 423 2226 ut
440 2191 576 2224 assidue
592 2200 655 2232 pro
673 2185 775 2218 uobis
793 2181 1012 2225 interpellet,
1040 2178 1095 2213 hic
1116 2180 1270 2224 pontifi-x

280 2252 416 2280 nostras
433 2252 549 2286 preces
566 2240 608 2272 ad
627 2243 758 2282 patrem
779 2234 918 2279 perfert.

384 2293 478 2327 llas-c
502 2298 583 2324 sunt
610 2286 802 2332 simplicia,
831 2285 953 2328 plana,
981 2289 1012 2315 et
1031 2278 1122 2314 nihil
1141 2279 1270 2314 habent
1296 2286 1300 2349 ’ἰ

283 2343 539 2392 perplexitatis,
572 2341 745 2374 retinetur
776 2343 867 2369 certa
894 2333 1108 2371 consolatio,
1145 2332 1273 2365 tribui·
1298 2368 1300 2378 ᾗ

283 2408 339 2433 ιιιι·
365 2393 548 2429 mediatori
573 2389 714 2423 Christo
740 2399 821 2420 suus
847 2385 979 2424 honos,
1015 2384 1186 2417 retinetur
1210 2385 1271 2415 do-

283 2450 395 2483 ctrina
421 2443 610 2480 necessaria
634 2442 676 2474 ad
698 2438 975 2475 iuvoffltimiriu,
1004 2448 1092 2480 «piae
1112 2434 1182 2467 lieri
1203 2447 1272 2467 nou
1299 2440 1301 2466 ¹,

285 2507 413 2545 potest,
441 2498 467 2529 si
493 2507 591 2528 meus
617 2491 703 2533 sugit
723 2490 852 2527 Ovum,
881 2487 1023 2520 additur
1048 2486 1208 2519 ‹loru-iun
1233 2488 1274 2517 do
1299 2486 1302 2515 ἕ

285 2549 505 2587 obedientia,
535 2553 563 2579 et
589 2543 825 2577 excluduntur
849 2538 1048 2579 arrogantia
1065 2544 1095 2570 et
1113 2538 1274 2579 ‹lt-spera-

287 2603 348 2635 tio.
406 2597 618 2644 llypocritae
652 2595 780 2627 iactant
813 2603 847 2623 sc
879 2590 1074 2623 satisfacere
1109 2588 1173 2630 legi
1201 2587 1274 2621 Dei.
1301 2630 1303 2636 ⁴

287 2651 439 2687 Etoutra
471 2661 534 2682 uos
568 2654 735 2681 testamur
766 2641 928 2677 hominos
952 2653 1022 2673 non
1051 2652 1149 2684 posse
1175 2639 1274 2673 satis-
1302 2655 1303 2676 ;

846 65 974 103 PHlL.
998 64 1115 103 MEL.
1143 63 1354 101 SCRIPTA
1380 63 1681 104 EXEGETICA.

2203 64 2280 107 ³00

1264 186 1267 206 ⁸
1290 155 1404 188 faeere
1424 153 1492 198 legi
1507 153 1596 193 Dei,
1623 159 1656 186 et
1679 158 1795 186 tamen
1811 150 2050 185 obedientiam
2066 150 2279 186 incoandam

1293 217 1384 245 esse,
1411 211 1445 238 et
1463 204 1600 248 placere
1618 209 1760 247 propter
1777 199 1970 236 Christum.

1393 254 1463 289 Hie
1488 255 1693 297 magnitudo
1721 252 1982 287 misericordiae
2004 249 2082 284 Dei
2103 252 2281 296 praedica-

1294 313 1372 347 tur,
1398 307 1493 352 quod
1517 305 1643 349 recipit
1665 311 1699 337 et
1721 305 1894 349 approbat
1917 301 2011 336 hanc
2027 303 2189 348 quamvis
2205 314 2283 337 mu-

1295 357 1414 398 tilam,
1447 363 1481 390 et
1513 355 1634 389 multis
1666 355 1780 388 modis
1810 353 2084 389 contaminatam
2112 353 2283 387 obedien-

1295 408 1396 441 tiam.
1454 406 1551 442 Haec
1581 406 1655 450 ipsa
1687 405 1894 449 magnitudo
1927 404 2189 438 misericordiae
2219 415 2286 439 nos

1296 456 1459 492 hortetur
1475 458 1518 492 ad
1535 458 1626 491 bene
1642 457 1875 501 operandum.
1928 455 2070 499 Quanta
2086 455 2179 489 enim
2198 467 2286 489 con-

1298 509 1423 543 solatio
1448 515 1498 542 est
1520 508 1644 547 militi,
1670 514 1703 541 et
1727 504 1933 540 scholastico
1959 507 2063 548 scire,
2088 507 2183 552 quod
2203 503 2288 540 haec

1299 560 1411 593 animi
1442 559 1611 604 patientia
1641 558 1679 591 in
1702 557 1850 599 militia,
1883 563 1944 591 aut
1967 557 2004 590 in
2029 563 2232 601 paupertate
2255 563 2291 592 et

1301 610 1452 644 miseriis
1481 607 1717 650 scholasticis,
1751 607 1827 642 Deo
1858 608 1993 652 placeat
2017 615 2160 652 propter
2185 606 2291 642 Chri-

1301 669 1412 702 stum,
1439 667 1478 694 ut
1493 660 1576 694 dixi.

1404 710 1616 755 Complexus
1654 722 1731 744 sum
1769 720 1942 743 summam
1979 721 2081 743 verae
2109 709 2292 744 doctrinae

1303 761 1486 806 Evangelii
1511 763 1555 795 de
1579 761 1841 801 iustificatione,
1870 761 1912 794 de
1936 772 2003 805 qua
2019 758 2182 796 Christus
2206 772 2293 795 con-

1305 815 1463 848 cionatus
1489 819 1540 846 est
1564 812 1602 844 in
1626 813 1864 856 disputatione
1889 823 1968 845 cum
1985 810 2201 850 Nicodemo,
2229 823 2294 845 nec

1305 872 1356 898 est
1380 863 1507 898 inutile
1530 875 1548 896 e
1572 863 1714 906 regione
1736 860 1928 897 antithesin
1945 862 2179 896 considerare.
2230 859 2296 896 Est

1306 923 1422 949 autem
1449 914 1585 957 primus
1607 925 1705 946 error
1726 914 2030 953 adversariorum,
2058 914 2153 958 quod
2171 912 2296 956 imagi-

1307 973 1438 999 nantur
1454 963 1616 998 homines
1632 975 1732 1008 posse
1747 964 1942 998 satisfacere
1960 964 2029 1007 legi
2046 963 2126 998 Dei.

1409 1015 1594 1050 Secundus
1623 1027 1740 1055 error,
1776 1015 1869 1059 quod
1904 1015 2084 1048 somniant
2114 1012 2297 1048 hominem

1309 1067 1435 1101 mereri
1452 1066 1695 1100 remissionem
1715 1072 1933 1109 peccatorum
1953 1066 2107 1111 propriis
2121 1065 2300 1110 operibuS.

1412 1117 1556 1150 Tertius
1587 1128 1703 1157 error,
1735 1117 1831 1162 quod
1861 1127 2006 1160 prorsus
2035 1117 2140 1150 silent
2164 1117 2208 1150 de
2231 1115 2301 1149 fide

1311 1168 1503 1213 accipiente
1518 1167 1760 1201 remissionem
1777 1173 2017 1211 peccatorum,
2043 1163 2302 1211 propterChri-

1312 1227 1417 1254 stum.
1470 1218 1546 1253 Imo
1573 1219 1712 1252 addunt
1736 1218 1949 1250 contrariam
1973 1217 2203 1256 sententiam,
2234 1215 2303 1248 sei-

1312 1272 1393 1302 licet
1419 1269 1515 1313 quod
1539 1266 1645 1301 homo
1670 1268 1796 1300 debeat
1820 1278 1957 1310 semper
1981 1267 2162 1307 dubitare,
2189 1277 2234 1299 an
2257 1265 2303 1300 sit

1313 1321 1349 1353 in
1367 1319 1490 1363 gratia.

1417 1369 1574 1412 Quartus
1590 1380 1700 1409 error,
1722 1368 1816 1413 quod
1833 1368 1968 1411 fingunt
1985 1379 2090 1411 opera
2105 1367 2218 1401 renati
2233 1377 2306 1401 esse

1315 1421 1557 1466 impletionem
1572 1420 1669 1464 legis,
1692 1427 1725 1453 et
1741 1419 1906 1452 meritum
1924 1418 2015 1451 vitae
2030 1425 2202 1457 aeternae,
2225 1429 2304 1451 cum

1315 1480 1434 1507 tamen
1460 1483 1504 1505 ne
1529 1471 1603 1515 ipsa
1626 1471 1769 1516 quidem
1795 1481 1902 1513 opera
1928 1469 2061 1509 renati,
2089 1476 2122 1502 et
2147 1468 2305 1513 discipli-

1315 1536 1397 1557 nam
1416 1522 1624 1556 rationalem
1642 1522 1839 1555 discernere
1858 1520 2004 1564 possint.

1420 1573 1597 1616 Quintus,
1624 1584 1704 1606 cum
1731 1570 1822 1605 nihil
1848 1572 1968 1604 dicant
1988 1572 2030 1603 de
2050 1571 2135 1608 fide,
2163 1570 2233 1603 imo
2252 1569 2307 1603 iu-

1318 1627 1423 1658 beant
1447 1624 1628 1662 dubitare,
1665 1634 1738 1656 non
1766 1629 1913 1667 possunt
1938 1628 2029 1655 recte
2055 1622 2181 1654 docere
2206 1620 2307 1655 iusti-

1317 1676 1534 1713 ficationem,
1567 1681 1600 1708 et
1630 1681 1766 1708 tantum
1792 1674 1938 1707 tradunt
1963 1669 2139 1706 ethnicam
2165 1671 2308 1705 invoca-

1317 1726 1451 1760 tionem
1464 1751 1471 1765 ,
1500 1735 1578 1757 cum
1596 1722 1750 1756 clamitet
1764 1719 1940 1756 Christus:
1969 1720 2149 1764 Quicquid
2167 1721 2310 1764 petieri-

1319 1777 1362 1810 tis
1388 1783 1522 1820 patrem
1549 1775 1586 1806 in
1610 1773 1755 1807 nomine
1780 1785 1878 1811 meo,
1912 1771 2009 1804 dabit
2037 1771 2155 1810 vobis,
2186 1770 2222 1804 id
2249 1778 2310 1812 est,

1319 1839 1391 1861 non
1418 1826 1544 1859 fiducia
1569 1832 1704 1858 vestrae
1722 1823 1924 1867 dignitatis,
1951 1822 2011 1855 sed
2030 1821 2155 1855 fiducia
2175 1819 2309 1856 Christi

1319 1877 1534 1911 mediatoris.

1482 1983 1702 2024 Dominica
1726 1981 1757 2023 1.
1791 1985 1884 2034 post
1914 1980 2153 2021 Trinitatis.

1588 2056 1823 2100 Evangelium
1851 2055 1965 2089 Lucae
1988 2055 2043 2090 16.

1374 2125 1494 2159 ΙΙυηιυ
1515 2129 1634 2158 aulem
1658 2121 1811 2170 quidum
1838 2126 1914 2155 cru!
1940 2119 2054 2162 (lites,
2083 2125 2112 2153 ΓΙ
2137 2118 2315 2155 indueba-

1431 2181 1492 2210 lur
1514 2187 1679 2222 purpura
1703 2179 1733 2208 el
1752 2173 1879 2220 bysso,
1908 2177 1936 2205 c!
1956 2171 2178 2218 epulabatur
2193 2171 2314 2220 quoli-

1429 2226 1485 2261 dic
1501 2223 1705 2273 splendide.
1744 2224 1842 2258 lirul
1859 2229 1978 2257 aulem
1995 2221 2148 2271 quidam
2163 2234 2315 2270 pauper,

1428 2277 1572 2312 nominet
1594 2275 1790 2318 Lamnus,
1827 2275 1892 2323 qui
1923 2274 2061 2308 iacebat
2085 2271 2140 2307 ad
2160 2274 2314 2307 ianuam

1428 2330 1522 2369 cius,
1550 2327 1730 2362 ulceribus
1753 2326 1900 2374 plenus,
1927 2331 1957 2359 c!
1981 2325 2124 2371 cupiens
2147 2325 2319 2360 saturari

1430 2379 1472 2415 de.
1497 2381 1616 2417 niicis,
1644 2391 1737 2427 quae
1762 2376 1939 2413 cadebant
1965 2375 2006 2409 dn
2029 2389 2154 2410 mensa
2181 2375 2318 2420 distas,

1429 2430 1495 2465 scd
1517 2437 1546 2465 cl
1574 2443 1678 2465 canes
1704 2428 1910 2468 andebam,
1939 2433 1969 2461 el
1987 2427 2179 2474 lingebant
2195 2426 2318 2463 ulcera

1431 2484 1516 2519 (lus.
1554 2480 1712 2517 Factum
1731 2486 1779 2513 rs!
1799 2484 1930 2521 aulem,
1960 2484 1996 2512 ul
2016 2484 2211 2513 moreretur
2223 2490 2319 2526 pant·

1432 2547 1515 2582 per,
1559 2539 1589 2566 c!
1623 2537 1832 2580 portaretur
1864 2531 1911 2565 ab
1946 2531 2090 2576 angelis
2126 2530 2164 2563 in
2195 2529 2317 2565 sinum

1434 2582 1621 2620 Abrahae.
1675 2581 1853 2617 Mortuus
1881 2587 1929 2616 est
1953 2586 2072 2616 autem
2095 2586 2124 2615 e!
2142 2579 2261 2625 ‹li-es,
2288 2586 2319 2616 el

1432 2635 1593 2683 sepultus
1614 2640 1675 2672 est.
