2409 2915
292 112 367 148 267

297 196 401 231 nobis
425 191 609 227 obiiciunt.
659 185 761 220 Certe
789 182 855 217 boc
878 183 1097 216 consessione
1122 181 1282 215 omnium

299 255 464 282 sanorum
490 237 711 276 conceditur,
745 241 940 279 pugnantes
972 246 1050 267 cum
1075 231 1282 275 Evangelio,

303 309 374 331 non
401 305 473 327 esse
491 291 646 324 membra
662 285 856 323 Ecclesiae,
884 286 956 318 sive
975 291 1142 317 vocentur
1162 283 1282 317 Ponti·
1310 305 1313 346 Ι

303 349 398 385 fices,
415 344 487 377 sive
504 339 690 387 Episcopi,
707 338 779 370 sive
795 337 914 375 aliter,
930 337 1010 380 quia
1023 335 1152 368 Paulus
1169 341 1284 378 aperte
1310 348 1316 616 ι

1314 703 1317 717 Ι

1314 726 1316 739 1

299 397 402 431 111011;
430 393 468 428 Si
491 392 570 438 quis
584 391 679 423 aliud
697 387 929 430 Evangelium
954 386 1112 424 docebit,
1139 381 1285 417 anatlie-

298 461 352 481 ma
370 446 425 480 sit.
481 443 558 476 Non
577 435 800 482 erantigitur
816 437 969 469 membra
988 434 1182 475 Ecclesiae,
1205 433 1284 468 Cai-

299 496 405 542 phaS,
432 493 655 529 Sacerdotes,
680 487 876 524 Pharisaei,
897 486 1087 527 saducaei,
1116 493 1147 519 et
1165 496 1286 519 omnes

299 549 381 587 alii,
399 545 600 588 quicunque
619 539 871 574 dissentiebant
889 551 906 570 a
925 536 1079 572 Christo.
1107 536 1175 570 Sed
1189 542 1287 568 erant

299 597 476 635 Ecclesia,
509 592 691 629 Christus,
722 589 860 627 Maria,
892 587 1054 629 Apostoli
1086 594 1118 620 et
1149 585 1288 630 reliqui,

300 650 361 694 qui
379 646 658 680 assentiebantur
673 639 878 682 Evangelio.
908 638 966 672 Sic
986 638 1106 672 delinit
1125 635 1190 670 11110
1209 637 1286 669 loco

302 698 462 734 [hristus
481 693 683 737 Ecclesiam.
736 689 782 724 Et
801 702 883 721 oves
908 701 986 722 eum
1010 696 1226 733 sequnntur,
1256 693 1288 719 et

302 753 495 793 agnoscunt
529 755 648 777 vocem
683 742 766 775 eius.
834 742 937 772 Item:
980 739 1069 772 No.i
1107 750 1219 779 meos,
1256 744 1289 769 et

302 809 471 842 agnoscor
498 807 516 828 a
541 794 639 827 meis.
699 790 747 825 Et
769 791 911 823 deinde:
945 790 1014 823 Vos
1038 802 1111 822 non
1135 788 1288 825 creditis,

302 850 382 897 quia
401 861 472 881 uon
490 846 571 880 estis
589 857 628 877 ex
645 844 770 875 ovibus
784 841 881 874 meis.

402 899 482 932 Scio
500 896 676 929 moderata
705 892 843 935 ingenia
868 891 970 922 valde
996 890 1129 922 moveri
1156 889 1289 921 autori-

302 959 370 985 tate
401 947 556 982 nominis
582 943 777 986 Ecclesiae,
813 949 844 974 et
877 941 1078 973 ordinariae
1101 939 1290 983 potestatis.

306 1000 353 1035 Ut
369 1007 482 1034 autem
509 998 605 1041 pium
629 1001 679 1026 est
703 1004 819 1026 amare
846 999 877 1024 et
897 991 1054 1023 venerari
1073 1002 1203 1022 nomen
1223 988 1292 1022 Ec-

305 1052 446 1090 clesiae,
475 1049 520 1081 ita
545 1056 682 1079 necesse
707 1050 756 1076 est
781 1043 932 1081 discere,
958 1054 1046 1085 quae
1063 1041 1105 1074 sit
1125 1053 1203 1073 vera
1223 1038 1290 1072 Ec-

306 1102 428 1140 clesia,
452 1111 489 1132 ac
504 1099 547 1130 de
564 1095 694 1128 visibili
711 1095 851 1138 loquor:
881 1100 971 1125 certe
996 1104 1083 1136 quae
1105 1092 1194 1134 gerit
1218 1091 1292 1123 bel-
1317 1062 1321 1119 1

306 1155 378 1187 lum
399 1163 476 1184 cum
494 1146 706 1190 Evangelio,
734 1155 954 1188 nequaquam
983 1149 1032 1175 est
1060 1142 1208 1175 visibilis
1224 1140 1293 1174 Ec-

306 1203 407 1237 clesia
423 1228 431 1242 ‚
462 1207 497 1233 ut
516 1204 649 1232 constat
668 1208 707 1228 ex
727 1195 847 1228 multis
865 1193 1077 1227 testimoniis
1096 1191 1293 1235 Evangelii,

307 1255 378 1286 imo
405 1259 436 1286 et
453 1250 652 1284 Canonum.
705 1246 743 1278 bi
768 1252 929 1278 movetur
948 1245 1087 1277 animus
1109 1243 1295 1276 autoritate

307 1313 376 1338 tam
403 1300 541 1335 bonesti
567 1309 746 1331 consessus
769 1297 1012 1340 episcoporum
1040 1290 1074 1327 et*
1098 1295 1295 1329 doctorum,
1320 1255 1325 1381 ἱ

307 1354 367 1400 qui
385 1355 520 1386 decreta
541 1350 690 1387 faciunt,
717 1355 755 1380 ut
779 1346 1044 1380 circumferatur
1070 1352 1105 1377 et
1131 1346 1297 1377 adoretur

308 1405 429 1448 panis,
463 1410 501 1435 ut
519 1399 648 1433 mortui
672 1399 882 1430 invocentur
899 1403 960 1429 etc.
980 1396 1089 1438 magis
1115 1401 1298 1427 moveatur
1323 1408 1327 1471 ἰ

310 1454 365 1489 1115
397 1453 518 1487 1110115;
562 1450 688 1491 Fugite
718 1447 976 1484 idololatriam,
1018 1445 1098 1478 Non
1123 1443 1299 1478 habebitis

309 1508 393 1539 deos
415 1504 559 1541 alienos.
596 1500 692 1543 Quid
707 1499 858 1532 alienius
876 1504 923 1529 est
943 1497 986 1529 ab
1002 1494 1176 1534 Ecclesia,
1194 1507 1298 1540 quam

311 1556 425 1601 primo
451 1560 635 1602 praecepto
668 1550 798 1583 bellum
827 1547 1004 1581 indicere?
1035 1544 1300 1579 Exliorrescunt
1325 1560 1328 1598 Ι

311 1607 360 1652 pii
377 1605 459 1639 haec
478 1603 680 1646 cogitantes.

412 1654 501 1689 Cum
519 1660 632 1687 autem
654 1661 791 1684 necesse
814 1648 857 1682 sit
875 1648 1033 1692 singulos
1053 1659 1124 1680 esse
1144 1648 1299 1679 membra

311 1707 489 1742 Ecclesiae
501 1733 508 1743 ,
525 1715 589 1737 nec
605 1703 698 1736 salus
716 1701 758 1734 sit
775 1707 868 1733 extra
888 1697 1081 1732 Ecclesiam
1093 1725 1101 1738 ,
1128 1698 1301 1730 discamus

313 1769 429 1792 veram
447 1763 477 1789 et
495 1756 631 1788 firmam
648 1751 844 1786 doctrinam
869 1751 912 1784 de
931 1748 1106 1787 Ecclesia,
1135 1748 1218 1793 quid
1247 1748 1302 1786 sit,

312 1817 346 1844 et
362 1808 423 1842 ubi
440 1807 499 1840 sit:
529 1813 562 1839 et
580 1816 643 1837 nos
662 1805 704 1836 ad
722 1815 795 1835 eam
816 1800 991 1834 constanti
1018 1807 1154 1844 pertore
1175 1799 1302 1831 adiun-

313 1870 451 1903 gamus,
478 1865 507 1891 et
533 1855 638 1889 simul
661 1865 739 1887 cum
759 1865 796 1885 ea
819 1851 931 1884 Deum
958 1852 1162 1883 invocemus
1191 1857 1223 1883 et
1248 1861 1303 1883 ce-

316 1911 500 1943 lebremus.
1329 1931 1333 1958 I

417 1957 462 1992 Et
478 1966 516 1991 ut
535 1955 711 1989 visibilem
729 1951 921 1986 Ecclesiam
947 1951 1029 1983 inde
1048 1963 1156 1995 usque
1176 1951 1218 1982 ab
1236 1949 1305 1981 iui-
1330 1964 1335 2023 1

1333 2143 1336 2156 l

317 2013 365 2046 tio
390 2010 600 2053 cogitamus.
629 2012 765 2039 coetum
788 2003 906 2042 Adae,
930 1999 1036 2040 Seth,
1062 1999 1206 2039 Euorli,
1231 1999 1305 2033 No·

317 2062 402 2101 hae,
418 2060 519 2098 Sem,
539 2055 701 2092 Abrahae
725 2063 757 2088 et
780 2054 1018 2098 reliquorum,
1047 2052 1092 2085 ita
1113 2063 1206 2084 nuuc
1223 2051 1306 2083 1151-

318 2114 424 2147 bilem
449 2118 585 2143 coetum
605 2107 715 2141 0011115
732 2115 958 2149 quaeramus,
988 2103 1020 2135 id
1040 2110 1108 2140 est,
1138 2102 1230 2141 illos,
1247 2101 1306 2146 qui
1333 2108 1335 2134 ἶ

318 2163 580 2206 amplectuntur
597 2169 716 2191 vorem
736 2154 938 2197 Evangelii,
967 2161 999 2187 et
1025 2166 1094 2186 111111
1114 2153 1307 2186 defendunt

320 2214 426 2248 idola.
483 2211 520 2246 ln
541 2209 720 2244 1111000010
749 2218 883 2250 semper
908 2217 1044 2237 necesse
1071 2212 1117 2237 est
1145 2216 1216 2236 esse
1245 2203 1310 2236 ali-
1335 2223 1338 2269 1

320 2275 408 2311 qnos
423 2264 569 2302 electos,
598 2261 691 2292 iuxta
716 2258 822 2290 illud:
850 2256 949 2299 Quos
970 2256 1088 2298 elegit,
1115 2253 1178 2287 11115
1200 2262 1231 2287 et
1250 2267 1309 2286 vo·

319 2322 422 2351 cavit.

424 2364 499 2398 1100
525 2362 656 2394 11101010
680 2360 836 2393 continet
855 2356 1094 2399 gravissimam
1112 2355 1309 2388 11111·11111;1111

323 2426 353 2451 et
391 2414 627 2449 dulcissimam
666 2410 956 2444 consolationem.
1017 2406 1183 2439 Testatur
1218 2407 1311 2437 euim

324 2481 396 2502 uon
414 2465 634 2512 quaerendos
654 2473 724 2495 esse
752 2462 878 2493 electos
904 2466 997 2491 extra
1023 2455 1114 2490 lianc.
1139 2457 1312 2489 visibilem

326 2518 538 2553 Ecclesiam,
567 2526 655 2558 quac
676 2520 725 2546 est
749 2519 866 2544 coetus
895 2517 1054 2547 vocatus,
1083 2508 1116 2540 id
1144 2515 1214 2546 051,
1240 2519 1313 2540 am-

328 2570 483 2618 plectens
501 2578 619 2597 vorem
636 2563 832 2605 Evangelii.
887 2561 986 2593 vah-1
1007 2560 1100 2591 euim
1129 2570 1314 2601 argumen-

331 2629 423 2654 tumz
479 2616 616 2649 Omnes
640 2616 768 2648 electos
800 2612 916 2646 11111111
943 2622 1080 2643 neccsse
1099 2616 1165 2646 cst,
1194 2610 1227 2642 id
1257 2615 1316 2647 est,

334 2672 377 2705 ad
405 2668 584 2703 doctrinae
611 2666 825 2710 agnitionem
850 2670 883 2696 et
909 2662 1159 2704 professionem
1179 2660 1316 2694 adduci.

1337 2383 1340 2406 1

1338 2450 1340 2470 ι

1338 2482 1341 2514 i

843 98 846 101 ⁴
880 97 1005 132 PHlL.
1033 96 1148 132 MEL.
1175 95 1386 132 SCRIPTA
1414 94 1709 131 ExEGE'rIC-A.

2247 92 2321 129 268

1336 181 1431 226 Ergo
1455 182 1516 228 qui
1543 193 1615 215 non
1641 187 1724 214 sunt
1752 180 1788 213 in
1815 191 1962 213 numero
1990 184 2212 219 vocatorum,
2249 191 2321 213 non

1337 241 1420 267 sunt
1432 233 1545 266 electi.

1440 283 1571 326 Magna
1587 281 1671 317 baec
1689 290 1738 316 est
1755 281 1963 317 consolatio.
2000 279 2071 313 Nec
2087 280 2130 312 de
2153 279 2321 312 electione

1338 334 1414 367 sine
1439 334 1624 368 vocatione
1649 334 1788 377 cogites.
1841 331 1897 365 Illi
1922 338 2003 365 sunt
2028 330 2145 370 electi,
2173 329 2234 374 qui
2261 341 2324 363 vo-

1339 385 1406 418 cati
1437 385 1697 429 amplectuntur
1720 395 1841 417 vocem
1868 381 2072 425 Evangelii,
2106 388 2137 414 et
2155 392 2229 413 eam
2249 391 2322 413 nou

1340 435 1511 469 abiiciunt
1534 436 1577 468 ad
1601 442 1804 468 extremum.
1856 431 2126 465 Meminerimus
2151 442 2232 474 ergo
2257 428 2324 464 hoc

1340 487 1489 524 dictum,
1515 486 1615 528 Quos
1639 486 1760 528 elegit,
1787 482 1852 517 hos
1876 490 1908 516 et
1931 483 2086 515 vocavit:
2115 489 2148 515 et
2171 481 2326 515 vocatio-

1341 549 1419 569 nem
1441 537 1746 578 magnifficiamus,
1774 535 1869 580 quod
1887 533 1954 567 Dei
1969 535 2150 566 voluntate
2167 534 2209 565 ad
2228 531 2327 574 agni-

1341 588 1474 621 tionem
1492 585 1676 630 Evangelii
1695 586 1835 619 adducti
1855 585 1982 626 sionis,
2011 590 2043 617 et
2065 584 2165 616 illum
2189 589 2326 616 coetum

1343 645 1545 671 vocatorum
1569 639 1718 670 sciamus
1745 648 1816 669 esse
1830 646 1946 668 veram
1965 633 2031 668 Dei
2052 632 2262 673 Ecclesiam,
2289 633 2325 665 in

1342 701 1412 733 quo
1439 700 1516 720 curn
1537 688 1593 721 fiat
1617 688 1754 722 vocatio
1779 687 1961 725 docendo,
1989 691 2071 718 sunt
2095 683 2247 717 ministri
2273 695 2328 716 re-

1343 748 1395 772 cte
1415 740 1578 772 docentes
1595 737 1846 782 Evangeliuim
1874 743 1908 770 et
1931 742 2023 770 recte
2041 734 2328 768 administrantes

1343 796 1569 824 sacramenta.

1446 847 1504 881 Sic
1522 845 1675 880 Ecclesia
1698 847 1818 880 multis
1846 847 1932 880 locis
1961 845 2128 879 definitur
2155 841 2231 878 Ioh.
2251 844 2328 878 10.:

1345 899 1441 935 Oves
1458 910 1552 930 meae
1570 909 1689 930 vocem
1708 910 1818 931 meam
1841 897 2000 931 audiunt.

1449 946 1571 982 lohan.
1595 948 1672 982 15.:
1706 947 1745 982 Si
1778 948 1974 982 manseritis
1999 948 2035 979 10
2065 959 2137 986 100,
2172 953 2205 980 et
2228 946 2332 978 verba

1345 1012 1419 1033 mea
1437 999 1631 1032 manserint
1651 999 1687 1031 in
1714 999 1832 1042 vobis,
1861 1000 1956 1043 quod
1975 997 2174 1038 volueritis,
2202 997 2335 1041 petetis,

1346 1058 1379 1084 et
1396 1052 1451 1083 fiet
1471 1050 1579 1082 vobis.

1450 1106 1577 1151 Ephes.
1603 1109 1656 1142 2:
1692 1105 1784 1140 Estis
1810 1106 1900 1138 cives
1925 1113 2125 1138 sanctorum
2154 1113 2186 1139 et
2211 1106 2333 1138 dome-

1347 1159 1423 1192 stici
1442 1160 1528 1197 Dei,
1557 1158 1703 1191 extructi
1729 1169 1833 1200 super
1856 1157 2122 1189 fundamentum
2142 1154 2335 1200 Propheta-

1349 1222 1426 1242 rum
1451 1217 1481 1243 et
1511 1207 1783 1255 Apostolorum,
1826 1207 1992 1240 exist-»nte
2026 1207 2142 1250 lapide
2176 1207 2338 1249 angulari

1351 1259 1427 1293 lesu
1446 1258 1599 1293 Christo.

1452 1316 1494 1350 Et
1513 1315 1636 1350 Esaiae
1646 1315 1725 1349 59.:
1750 1314 1825 1348 Hoc
1842 1322 1891 1348 est
1910 1316 2030 1348 foedus
2050 1327 2165 1348 meum
2183 1327 2261 1349 cnm
2281 1317 2340 1357 eis,

1352 1420 1455 1452 verba
1475 1430 1547 1450 mea
1566 1429 1653 1462 quae
1671 1417 1770 1461 posui
1792 1417 1826 1448 iu
1845 1429 1906 1448 ore
1924 1424 1999 1453 tuo,
2020 1429 2091 1449 non
2110 1418 2274 1451 recedent
2292 1419 2336 1452 ab

1324 1472 1327 1503 1
1352 1482 1412 1502 ore
1427 1477 1506 1508 tuo,
1533 1480 1597 1501 nec
1621 1470 1664 1500 ab
1689 1479 1748 1500 ore
1773 1467 1917 1499 seminis
1941 1467 1992 1499 tui
2016 1467 2051 1499 in
2075 1468 2339 1510 sempiternum.

1354 1520 1447 1553 Haec
1466 1519 1649 1562 promissio
1666 1525 1699 1551 et
1715 1518 1874 1550 adfirmat
1900 1529 2100 1550 mansuram
2130 1529 2201 1551 esse
2215 1516 2341 1552 Eccle-

1354 1571 1439 1604 siam
1460 1569 1544 1606 Dei,
1573 1577 1603 1603 et
1624 1571 1724 1602 docet
1741 1575 1878 1601 coetum
1903 1579 1974 1601 esse
1993 1568 2186 1606 visibilem,
2215 1569 2252 1602 iu
2271 1582 2341 1615 quo

1354 1629 1455 1654 sonat
1480 1621 1625 1653 verbum
1654 1620 1820 1653 tradituro
1857 1631 1917 1661 per
1944 1616 2148 1662 Prophetas.
2210 1617 2256 1654 Et
2281 1611 2342 1661 ibi,

1357 1672 1488 1717 inquit,
1518 1678 1612 1703 certo
1638 1681 1687 1703 est
1705 1670 1821 1702 efficax
1841 1669 1955 1707 Deus,
1983 1670 2039 1703 dat
2066 1670 2238 1713 Spiritum
2263 1683 2343 1705 san-

1357 1734 1471 1762 ctum,
1501 1721 1537 1754 lu
1556 1733 1763 1763 eouumcro
1788 1727 1869 1753 suut
1885 1720 1993 1765 aliqui
2014 1720 2126 1755 electi.

1458 1779 1531 1814 Has
1556 1780 1746 1814 sententias
1769 1786 1946 1812 teneamus
1974 1779 2095 1812 infixas
2124 1780 2268 1821 animis,
2305 1789 2342 1814 ut

1357 1833 1506 1866 sciamus
1532 1844 1612 1864 vere
1636 1831 1787 1877 aliquam
1813 1841 1884 1862 csse
1903 1827 2093 1862 Ecclesiam
2113 1828 2199 1867 Dei,
2227 1838 2258 1865 et
2282 1844 2345 1865 nos

1359 1885 1400 1916 ad
1420 1895 1498 1915 eum
1516 1882 1766 1922 adiungamus,
1797 1887 1826 1912 et
1846 1892 1923 1913 cum
1949 1893 1986 1913 ea
2004 1878 2117 1913 Deum
2144 1881 2346 1917 invocemus

1360 1935 1395 1966 iu
1415 1933 1593 1976 agnitione
1610 1931 1690 1965 Filii
1709 1931 1782 1964 eius
1804 1929 1877 1963 lesu
1896 1928 2040 1964 Christi.

1463 1989 1673 2035 Ubicunque
1696 2002 1730 2023 es
1756 1990 1828 2022 sive
1855 1990 1889 2022 in
1918 1990 2025 2029 mari,
2053 1990 2124 2023 sive
2147 1991 2182 2024 in
2199 2004 2346 2032 carcere,

1361 2043 1432 2076 5110
1464 2042 1556 2075 iuter
1589 2041 1744 2078 Turcas‚
1772 2041 1845 2073 sive
1876 2041 1967 2073 inter
2002 2038 2193 2085 Etliuicos,
2229 2051 2344 2077 11110011

1362 2093 1499 2131 animo,
1528 2093 1726 2130 voluntate,
1753 2091 1987 2135 professione,
2014 2092 2238 2127 invocatione
2262 2106 2347 2128 con-

1334 2158 1337 2201 i
1363 2144 1498 2186 iungito
1523 2151 1554 2177 te
1579 2155 1656 2176 011111
1677 2142 1806 2175 visibili
1826 2150 1941 2179 coetu.
1972 2143 2004 2175 id
2027 2150 2096 2182 est,
2123 2156 2201 2177 cnm
2219 2145 2348 2189 ample-

1364 2195 1540 2229 ctentibus
1563 2206 1684 2238 puram
1703 2191 1883 2236 Evangelii
1905 2194 2122 2232 doctrinam,
2149 2195 2351 2240 ubicunque

1365 2253 1464 2285 sunt,
1491 2245 1720 2287 Noribergae,
1751 2244 1997 2282 Vratislaviae,
2023 2244 2181 2292 Lipsiae.
2215 2254 2246 2279 et
2271 2247 2351 2279 ubi-

1365 2308 1504 2341 cunque
1531 2303 1631 2329 sonat
1657 2308 1720 2328 vox
1748 2293 1928 2338 Evangelii
1950 2308 2046 2339 pura.
2100 2293 2145 2329 Et
2168 2308 2246 2329 eum
2272 2309 2351 2331 coe-

1367 2355 1440 2382 tum
1458 2347 1517 2380 ubi
1537 2346 1667 2391 poteris
1685 2347 1821 2385 foveto,
1848 2353 1879 2379 01
1904 2347 1977 2378 01115
2001 2354 2119 2379 coetus
2142 2348 2257 2381 studia
2279 2360 2351 2382 rne-

1338 2413 1340 2447 3
1367 2397 1548 2431 diocribus
1564 2397 1686 2430 osticiis
1704 2398 1842 2435 adiuva,
1872 2403 1903 2429 et
1921 2397 2144 2430 concordiam
2164 2398 2350 2433 0105111011-

1367 2450 1434 2488 ris,
1461 2449 1547 2482 sicut
1574 2448 1738 2493 praecipit
1763 2444 1940 2480 Christus:
1971 2446 2046 2481 11110
2071 2456 2120 2481 051
2147 2451 2352 2484 innodatum

1368 2512 1504 2543 mcum,
1533 2506 1570 2533 ut
1596 2498 1748 2541 diligatis
1773 2498 1934 2533 1111100111.
1986 2498 2088 2533 ltem:
2115 2498 2186 2542 Qui
2209 2499 2244 2533 in
2266 2501 2353 2534 dile-

1369 2551 1484 2584 ctione.
1508 2557 1642 2587 manet,
1671 2562 1706 2581 111
1725 2549 1798 2582 Deo
1817 2557 1944 2583 manet.

1473 2608 1666 2653 Amplexus
1686 2607 1882 2640 doctrinam
1905 2620 2040 2648 veram,
2068 2609 2113 2642 ita
2140 2611 2292 2645 manebit
2317 2612 2351 2644 in

1375 2660 1466 2694 [leo.
1493 2660 1519 2693 51
1547 2660 1649 2693 etiam
1678 2659 1711 2691 iu
1739 2658 1925 2692 dilectione
1952 2660 2135 2698 manserit,
2170 2661 2202 2693 id
2229 2670 2298 2700 est.
2323 2664 2351 2696 si
