2409 2915
268 123 340 158 659

275 207 382 250 gratia
397 231 405 244 ,
432 203 474 235 de
493 199 700 235 remissione
718 202 935 241 peccatorum
949 220 958 234 ‚
984 196 1027 228 de
1050 195 1254 233 mediatore,

277 260 319 290 de
349 255 433 291 fide,
470 252 656 294 diligenter
681 248 748 281 sibi
772 253 965 291 proponat,
998 245 1122 289 cogitet
1145 252 1177 278 et
1201 245 1256 276 in-

277 311 425 340 tueatur.
478 302 703 345 Quapropter
721 297 851 340 infigite
870 297 997 329 animis
1014 293 1104 328 hanc
1119 295 1258 338 petitio-

279 367 368 388 nem.
428 351 518 386 Cum
540 350 633 384 enim
650 348 824 382 Dominus
848 354 966 380 noster
987 345 1080 379 Iesus
1098 343 1259 378 Christus

283 407 356 448 ipse
373 402 509 437 iusserit
528 401 597 445 peti
616 398 868 437 remissionem,
895 404 926 429 et
945 396 1086 440 quidem
1105 394 1260 440 quotidie

282 455 370 499 peti,
395 452 487 486 haud
507 451 614 485 dubie
630 450 704 483 vult
720 447 822 481 nobis
840 446 958 479 omnia
976 451 1124 490 peccata,
1149 456 1260 489 quan-

283 513 457 548 tacunque
473 503 542 535 sint
554 528 562 542 ‚
589 500 777 538 remittere,
806 504 838 530 et
854 507 974 529 omnes
991 495 1213 540 quotidianas
1230 500 1263 527 et

284 554 498 597 multiplices
514 550 732 584 infirmitates
748 554 850 591 atque
867 548 986 579 sordes
1001 547 1212 579 condonare.

388 603 519 636 Verum
537 600 642 634 simul
659 596 715 632 hic
732 597 902 630 monendi
920 597 1017 636 estis,
1043 605 1263 640 nequaquam

286 653 578 698 perseverandum
608 660 677 683 esse
707 648 744 680 in
777 647 912 680 delictis
937 653 1056 679 contra
1084 645 1265 678 conscien-

286 705 369 737 tiam
382 729 390 741 ,
419 703 477 735 sed
495 701 582 734 scire
599 699 750 738 debetis,
777 698 869 742 quod
889 708 1024 730 necesse
1042 696 1086 728 sit
1103 696 1138 728 in
1152 695 1266 740 quali-

286 755 343 787 bet
377 764 455 785 vera
487 750 708 784 invocatione
739 748 811 781 fieri
844 754 901 780 aut
925 758 1076 779 crescere
1102 745 1138 778 in
1164 746 1268 779 nobis

262 824 265 825 ν
287 803 558 848 poenitentiam,
585 812 662 838 seu,
691 797 953 832 conversionem
973 798 1013 830 ad
1026 796 1158 835 Deum,
1187 796 1267 841 quia

288 856 524 887 iuramentum
541 851 702 885 divinum
721 849 811 882 clare
830 848 928 881 dicit:
956 847 1047 881 Vivo
1071 858 1152 890 ego,
1184 847 1269 880 dicit

289 904 487 941 Dominus,
523 902 606 935 nolo
629 907 777 934 mortem
803 897 1008 942 peccatoris,
1037 898 1096 930 sed
1121 904 1159 930 ut
1184 909 1269 930 con-

290 961 444 987 vertatur
478 959 509 986 et
538 952 642 984 vivat.
707 948 772 983 Est
800 948 894 981 enim
923 947 1121 991 copulativa
1145 948 1269 985 oratio,

290 1004 554 1046 coniunguntur
575 999 660 1034 haec
681 1001 769 1032 duo:
801 998 983 1031 conversio
1008 1004 1039 1030 et
1065 997 1270 1035 consolatio,

292 1055 448 1087 remissio
467 1058 685 1096 peccatorum
704 1057 736 1083 et
752 1049 841 1087 vita,
875 1049 963 1081 sicut
982 1045 1066 1081 haec
1081 1048 1167 1081 alias
1184 1048 1270 1080 fide-

293 1105 371 1137 liter
387 1103 623 1146 explicantur,
649 1107 682 1134 et
699 1111 798 1143 saepe
816 1104 1035 1142 repetuntur.

394 1152 498 1195 Quod
524 1158 638 1185 autem
663 1150 819 1183 additur:
851 1147 952 1181 Sicut
975 1152 1004 1180 et
1028 1159 1094 1181 nos·
1118 1146 1272 1181 remitti-

293 1215 372 1236 mus
397 1200 618 1235 debitoribus
642 1199 795 1240 nostris,
826 1199 1058 1232 admonemur
1081 1205 1113 1231 et
1137 1198 1272 1241 obliga-

291 1265 370 1287 mur
386 1254 550 1286 mandato
566 1249 719 1291 Christi,
744 1255 784 1283 ut
798 1261 862 1282 nos
878 1260 1018 1293 quoque
1035 1248 1264 1282 remittamus.

395 1303 447 1337 Ae
464 1314 582 1336 rursus
599 1300 798 1344 interpellat
820 1297 886 1332 hoc
911 1299 987 1331 loco
1010 1305 1067 1331 tua
1092 1297 1274 1331 conscien-

294 1355 357 1388 tia:
383 1354 419 1388 Si
439 1365 510 1387 non
527 1364 666 1397 possum
684 1351 838 1393 accipere
861 1348 1119 1386 remissionem,
1146 1343 1214 1379 nisi
1239 1353 1273 1380 et

295 1405 368 1449 ipse
384 1404 580 1437 condonem
597 1402 691 1441 aliis,
712 1401 768 1433 fiet
783 1400 913 1432 incerta
931 1397 1186 1437 reconciliatio,
1210 1408 1274 1429 nec

295 1455 437 1487 eluctari
461 1459 580 1497 potero
601 1463 640 1485 ex
665 1450 904 1489 dubitatione,
935 1455 1054 1481 utrum
1081 1458 1275 1491 consequar

296 1504 547 1537 remissionem.

293 1562 326 1587 et
344 1553 526 1597 cupiditati
550 1551 742 1589 vindictae,
770 1549 883 1582 sentio
908 1555 1022 1581 tamen
1047 1545 1161 1580 adhuc
1185 1558 1275 1579 sem-

295 1616 356 1648 per
375 1603 517 1646 vestigia
542 1613 601 1634 seu
626 1600 801 1634 cicatrices
817 1599 952 1643 aliquas
969 1597 1223 1640 indignationis
1243 1603 1275 1629 et

293 1654 509 1687 simultatum
527 1653 693 1685 adversus
708 1650 844 1694 aliquos
863 1659 1014 1681 manere.

397 1703 450 1737 Ad
477 1701 567 1736 banc
592 1701 825 1735 obiectionem
851 1705 1010 1733 teneatur
1033 1697 1212 1742 perspicua
1243 1703 1275 1730 et
1300 1714 1303 1719 >

295 1766 374 1787 vera
401 1753 598 1797 responsio:
627 1751 801 1785 Remissio
828 1756 1046 1793 peccatorum
1072 1748 1219 1781 offertur
1243 1754 1275 1780 et
1299 1753 1302 1762 ¹

296 1806 447 1838 donatur
465 1804 525 1837 tibi
546 1814 606 1847 per
628 1802 748 1839 fidem,
776 1800 897 1843 gratis,
922 1805 1065 1846 propter
1080 1797 1274 1830 Dominum
1300 1811 1301 1819 ¹

297 1863 453 1888 nostrum
474 1853 584 1887 lesum
603 1849 802 1890 Christum,
831 1862 901 1882 non
921 1856 1063 1892 propter
1078 1856 1172 1881 tuam
1192 1860 1276 1880 cou-

296 1905 542 1945 donationem,
576 1909 636 1935 aut
660 1902 771 1934 ullum
797 1900 890 1931 aliud
914 1910 1011 1941 opus,
1065 1899 1168 1940 Quod
1196 1899 1276 1929 suu-

297 1957 500 1987 damentum
528 1954 616 1986 bene
639 1949 860 1987 memineris,
893 1949 1080 1989 diligenter
1103 1949 1276 1983 observes,

298 2012 327 2037 et
347 2012 493 2049 utraque
511 2014 634 2042 manu,
662 2012 721 2034 seu
740 2000 855 2033 verius
873 2006 943 2033 toto
969 2005 1107 2042 pectore
1133 1998 1277 2030 tirmiter

296 2055 522 2099 amplectaris.

402 2105 629 2137 Verissimum
649 2107 696 2134 est
717 2107 850 2135 autem,
878 2099 912 2130 in
937 2096 1000 2130 hac
1025 2097 1276 2133 consolatione,

299 2168 376 2188 cum
405 2156 470 2187 tide
494 2159 734 2187 sustentantur
758 2158 787 2182 et
807 2149 989 2190 eriguntur
1007 2149 1131 2187 corda,
1159 2160 1276 2179 neres-

299 2206 390 2239 sario
407 2205 509 2238 simul
531 2204 674 2236 existere
687 2209 717 2235 et
732 2198 888 2233 inchoari
905 2200 1034 2230 bonum
1048 2198 1278 2241 propositum,

300 2270 344 2289 ne
368 2256 525 2287 videlicet
552 2263 748 2297 perseveres
775 2251 810 2283 iu
838 2249 1025 2282 sceleribus
1048 2256 1166 2281 contra
1191 2261 1274 2280 cou-

541 2306 597 2337 sed
627 2315 706 2335 vere
728 2299 941 2333 convertaris
974 2301 1014 2330 ad
1043 2298 1170 2335 Deum,

300 2306 478 2339 scientiam
492 2321 520 2343 ,¹
1215 2311 1277 2331 nec

299 2358 460 2399 deinceps
478 2356 625 2388 retineas
643 2353 856 2385 voluntatem
882 2349 1006 2382 ruendi
1034 2349 1068 2380 iu
1094 2349 1278 2387 adulteria,
1301 2334 1304 2386 l

300 2415 357 2441 aut
381 2407 604 2449 cupiditatem
634 2403 781 2436 nocendi
809 2401 898 2434 aliis.
955 2398 1054 2432 ll.·nc
1077 2399 1276 2432 cmix-ersin-

299 2471 398 2499 nem,
426 2469 484 2489 seu
503 2468 573 2488 uon
593 2454 788 2487 simulatam
808 2449 1035 2483 mutationem
1053 2449 1179 2493 prioris
1198 2462 1276 2491 pro-

299 2509 411 2552 positi,
436 2514 573 2551 oportet
591 2505 625 2538 in
645 2504 746 2537 nobis
763 2503 918 2539 existere,
944 2501 1051 2546 idque
1068 2500 1276 2533 manifestis-

298 2560 423 2592 simum
441 2565 502 2592 est.

399 2607 450 2641 De
469 2605 532 2639 bac
548 2605 635 2639 seria
653 2617 694 2637 eu
709 2603 896 2636 endatione
921 2601 1077 2646 loquitur
1094 2594 1277 2637 Christus,
1301 2596 1304 2656 ἑ

299 2660 390 2704 quod
423 2657 581 2690 uidelicet
612 2667 746 2688 necesse
778 2653 821 2687 sit
848 2653 945 2697 sequi
970 2651 1138 2686 iustitium
1167 2652 1277 2683 bonae

856 109 982 146 PHlL.
1013 107 1128 145 MEL.
1159 107 1369 144 sthPTA
1397 104 1700 143 EXEGETICA.

602 1500 695 1544 Quia
720 1499 944 1546 quantumvis
968 1509 1158 1542 repugnem
1183 1497 1274 1530 odiis
1300 1495 1301 1526 j

2214 113 2290 146 660

1307 193 1555 234 conscientiae,
1582 205 1642 227 seu
1659 194 1792 227 bonum
1810 193 2042 237 propositum.
2094 193 2171 229 Etsi
2193 197 2287 230 enim

1308 249 1392 276 sunt
1413 249 1446 276 et
1466 251 1607 278 manent
1630 245 1667 277 in
1692 243 1796 276 nobis
1820 244 1855 276 in
1881 242 1944 276 hac
1964 244 2037 277 vita
2060 246 2189 279 multae
2213 259 2288 281 non

1309 294 1402 326 leves
1418 294 1559 333 sordes,
1584 305 1709 337 pravae
1733 294 1978 327 inclinationes
2000 294 2160 328 flammae
2183 297 2288 330 vitio-

1311 354 1430 377 sorum
1447 343 1651 384 affectuum,
1679 351 1710 377 et
1727 344 1850 386 ingens
1872 355 1910 376 ac
1936 343 2118 387 multiplex
2142 344 2289 379 infirmi-

1312 400 1364 426 tas
1379 393 1514 438 reliqua
1533 399 1600 433 est,
1625 400 1740 426 tamen
1758 406 1899 438 prorsus
1917 394 2147 427 necessarium
2165 402 2231 437 est,
2256 403 2291 431 et:

1314 444 1351 476 in
1368 443 1471 476 nobis
1487 455 1558 476 esse
1577 443 1824 487 poenitentiam
1837 472 1845 485 ,
1873 452 1907 479 et
1930 445 1966 477 in
1984 445 2212 478 conversione
2231 447 2292 479 de-

1315 494 1397 538 poni
1417 493 1542 527 delicta
1558 499 1678 527 contra
1695 495 1958 536 conscientiam,
1985 507 2028 527 ne
2049 495 2294 539 indulgeamus

1315 545 1399 577 odio
1423 543 1564 577 interno
1587 550 1620 577 et
1642 543 1796 588 privatae
1818 545 2001 589 cupiditati
2023 545 2216 584 vindictae,
2247 557 2294 579 ne

1317 594 1462 628 scientes
1481 601 1601 628 contra
1626 595 1828 629 mandatum
1847 596 1916 629 Dei
1942 596 2090 628 velimus
2112 595 2199 630 alios
2222 596 2295 629 lae-

1318 645 1418 684 dere,
1447 645 1502 678 vel
1528 645 1743 690 opprimere,
1775 646 1833 678 sed
1857 652 1895 679 ut
1915 646 2115 679 studeamus
2137 646 2295 680 reconci-

1319 695 1411 728 liatis
1433 706 1494 730 seu
1516 696 1728 740 recuperatis
1751 695 1988 729 voluntatibus
2010 695 2220 730 offensiones
2240 707 2295 730 sa-

1319 757 1403 780 nare
1420 753 1590 791 quantum
1612 757 1806 790 possumus.

1420 795 1516 830 Haec
1542 803 1590 829 est
1623 808 1722 836 vera,
1763 796 1879 830 nativa
1904 802 1938 830 et
1958 796 2099 844 propria
2125 797 2298 831 sententia

1320 847 1507 880 verborum
1519 844 1669 886 Christi,
1696 858 1785 891 quae
1802 857 1867 879 nos
1884 845 1919 878 in
1938 847 2133 890 precatione
2148 847 2299 890 diligen-

1321 904 1372 931 ter
1388 904 1420 930 et
1435 903 1565 930 attente
1581 896 1843 930 consideremus
1858 908 1897 929 ac
1915 897 2180 940 perpendamus.
2223 895 2300 931 Etsi

1321 947 1413 980 enim
1431 947 1661 980 certissimum
1677 953 1745 987 est,
1771 946 1875 989 gratis
1892 946 2022 979 remitti
2039 946 2140 980 nobis
2161 955 2300 992 peccata

1321 1004 1439 1031 nostra
1456 1004 1597 1041 propter
1609 991 1821 1039 Christum,
1849 1008 1921 1029 non
1937 1002 2080 1040 propter
2093 996 2164 1030 ulla
2182 1005 2302 1031 nostra

1322 1047 1608 1087 merita‚·tamen
1630 1047 1735 1080 simul
1754 1053 1891 1091 oportet
1909 1047 2014 1086 scire,
2047 1046 2300 1080 severissimam

1323 1105 1356 1132 et
1383 1098 1565 1130 immotam
1589 1095 1656 1130 Dei
1689 1097 1906 1130 voluntatem
1931 1108 2021 1137 esse,
2060 1102 2100 1129 ut
2119 1097 2164 1129 ad
2187 1097 2302 1141 ipsum

1323 1154 1587 1187 convertamur,
1615 1158 1679 1180 nec
1705 1158 1966 1191 perseveremus
1988 1146 2025 1179 in
2052 1146 2198 1190 peccatis
2217 1159 2303 1181 con-

1323 1204 1375 1231 tra
1395 1197 1654 1231 conscientiam.
1709 1196 1828 1240 Quare
1845 1209 1924 1230 cum
1947 1208 2046 1230 mens
2068 1197 2196 1230 retinet
2219 1209 2304 1230 con-

1324 1254 1468 1281 temtum
1484 1245 1572 1287 Dei,
1599 1258 1673 1280 non
1695 1247 1898 1287 exauditur,
1924 1247 1996 1280 imo
2023 1258 2067 1280 ne
2091 1254 2204 1290 potest
2226 1247 2307 1292 qui-

1324 1299 1402 1330 dem
1421 1298 1582 1330 accedere
1599 1303 1631 1330 et
1649 1297 1835 1341 confugere
1851 1298 1893 1330 ad
1904 1296 2036 1337 Deum,
2062 1297 2174 1330 donec
2190 1304 2308 1331 manet

1324 1347 1580 1390 perseverantia
1605 1347 1641 1379 in
1667 1347 1759 1380 malo
1776 1347 1968 1391 proposito,
2021 1346 2104 1389 Quo
2119 1347 2214 1380 enim
2232 1359 2305 1389 ore,

1299 1434 1301 1442 Ι
1325 1409 1391 1440 qua
1409 1396 1622 1430 conscientia
1638 1397 1717 1430 talis
1734 1397 1908 1430 invocatio
1932 1397 2044 1430 fieret:
2078 1394 2135 1429 Ah
2151 1395 2306 1431 Domine

1299 1447 1301 1484 “,
1325 1445 1447 1487 Deus,
1494 1446 1657 1479 miserere
1684 1447 1770 1487 mei,
1816 1454 1888 1480 esto
1922 1446 2114 1490 propitius,
2156 1447 2306 1490 ignosce,

1326 1509 1426 1540 parce
1444 1494 1550 1537 mibi,
1577 1508 1638 1539 ego
1656 1503 1771 1529 tamen
1791 1497 1930 1530 interim
1947 1496 2113 1529 omnibus
2127 1497 2308 1531 furoribus

1325 1547 1554 1590 opinionum,
1597 1546 1810 1589 libidinum,
1853 1546 2070 1579 crudelitatis
2104 1547 2307 1590 indulgebo,

1327 1597 1524 1640 petulanter
1549 1608 1687 1640 pergam
1713 1597 1894 1636 caedibus,
1920 1596 2070 1639 rapinis,
2092 1597 2213 1635 furtis,
2240 1598 2308 1630 im-

1328 1646 1479 1691 posturis
1493 1652 1525 1679 et
1540 1647 1732 1679 mendaciis
1750 1647 1887 1690 explere
1905 1657 2028 1689 pravas
2044 1646 2272 1690 cupiditates?

1429 1695 1502 1729 Has
1518 1707 1634 1740 preces
1643 1696 1736 1730 Deus
1751 1696 1976 1730 abominatur
1991 1703 2023 1730 et
2039 1703 2245 1739 exsecratur,
2270 1705 2310 1734 nt

1326 1754 1355 1780 et
1368 1745 1536 1780 Salomon
1555 1746 1721 1784 affirmat,
1747 1746 2018 1779 proverbiorum
2036 1746 2198 1781 vicesimo
2214 1755 2310 1782 octa-

1328 1809 1389 1830 vo:
1419 1796 1489 1839 Qui
1515 1797 1666 1829 declinat
1689 1808 1789 1829 aures
1815 1808 1915 1838 suas,
1950 1807 1994 1829 ne
2018 1797 2162 1830 audiant
2187 1797 2309 1839 legem,

1299 1852 1303 1863 ’
1327 1847 1439 1879 oratio
1462 1846 1536 1879 eius
1559 1847 1623 1879 erit
1641 1847 1874 1879 exsecrabilis.
1929 1844 1980 1880 Ac
1995 1845 2125 1879 Paulus
2141 1849 2309 1890 expressis

1299 1866 1304 1966 Ι
1328 1897 1444 1929 verbis
1464 1896 1593 1941 iuquit:
1630 1895 1747 1929 Nolite
1765 1908 1898 1935 errare,
1925 1895 2020 1929 Deus
2037 1908 2107 1929 non
2129 1897 2308 1937 irridetur,

1301 1971 1303 1988 1
1329 1959 1440 1991 neque
1463 1945 1630 1985 adulteri,
1664 1958 1777 1990 neque
1800 1953 2022 1986 scortatores,
2056 1958 2168 1991 neque
2193 1947 2308 1981 bomi-

1328 1997 1444 2034 cidae,
1478 2003 1538 2029 etc.
1571 2007 1715 2037 regnum
1740 1995 1804 2029 Dei
1827 1997 2068 2039 possidebunt.
2138 1995 2222 2031 ltem
2255 1998 2309 2032 lo-

1330 2044 1457 2078 bannis
1481 2058 1592 2079 nono:
1623 2045 1823 2079 Peccatores
1842 2045 1936 2079 Deus
1959 2059 2029 2079 non
2055 2048 2215 2087 exaudit,
2242 2050 2309 2082 sci-

1329 2097 1406 2129 licet
1439 2108 1511 2128 non
1545 2103 1682 2138 agentes
1712 2097 1981 2139 poenitentiam.
2019 2109 2082 2129 nec
2106 2097 2310 2133 abiicientes

1328 2147 1546 2190 propositum
1581 2146 1736 2179 violandi
1769 2148 1876 2189 legem
1900 2146 1964 2180 Dei
1987 2155 2106 2181 contra
2129 2150 2309 2183 conscien-

1327 2194 1422 2231 tiam.

1431 2245 1519 2280 Ecce
1547 2245 1636 2281 hanc
1671 2248 1897 2281 necessariam
1931 2248 2127 2281 doctrinam
2164 2249 2309 2285 inservit

1329 2295 1386 2331 liic
1410 2295 1586 2337 (bristus,
1620 2306 1650 2331 et
1677 2299 1812 2333 addidit
1836 2300 1877 2331 ad
1906 2299 2106 2342 petitionem
2133 2300 2308 2334 remissio—

1330 2348 1404 2386 nis,
1431 2361 1498 2393 qua
1525 2361 1710 2382 monemur
1733 2350 1775 2382 de
1799 2349 2031 2393 poenitentia,
2066 2356 2102 2382 ut
2122 2349 2307 2384 afferamus

1302 2393 1305 2457 ἱ
1328 2400 1371 2431 ad
1392 2398 1502 2432 Deum
1527 2399 1812 2438 conversionem,
1847 2410 1908 2431 nec
1933 2400 2123 2433 retinentes
2146 2401 2306 2444 pmposi—

1302 2483 1305 2494 ‚
1329 2457 1402 2482 tum
1430 2449 1612 2492 peccandi,
1639 2449 1789 2482 beluinis
1809 2449 2060 2493 cupiditatibus
2075 2457 2106 2484 et
2124 2450 2306 2485 diabolicis

1302 2499 1304 2520 Ι
1329 2499 1509 2532 furoribus
1531 2500 1667 2532 frenum
1688 2500 1857 2539 laxemus,
1883 2507 1915 2533 et
1935 2500 2065 2534 interea
2082 2500 2306 2538 sonum-mus.

1301 2530 1305 2589 Ι
1329 2562 1392 2582 nos
1422 2550 1582 2582 iuvocare
1612 2548 1741 2587 Deum,
1783 2561 1821 2582 ac
1857 2557 2052 2584 tumeamus
2084 2551 2307 2594 persuasione

1328 2599 1533 2632 sanctitatis:
1569 2599 1655 2633 sicut
1681 2598 1769 2643 proh
1790 2601 1911 2638 dolor,
1945 2599 2010 2634 hoc
2027 2607 2200 2645 postremo
2219 2609 2306 2635 tem-

1329 2663 1412 2694 pure
1438 2651 1589 2683 iuutulus
1615 2650 1786 2684 infinitam
1813 2651 1877 2685 sibi
1906 2652 2079 2686 licentiam
2103 2651 2232 2693 sumit,
2273 2660 2306 2687 et
