2409 2915
250 103 299 139 55

259 203 318 232 ca,
351 190 448 223 velut
479 199 581 232 aegro
607 195 773 228 corpore,
807 182 940 215 maiora
961 181 1052 214 mala
1077 180 1251 216 accidant.
1272 184 1277 220 Ι
1301 180 1414 214 officia
1444 181 1516 215 sint
1546 181 1684 222 fideles,
1721 180 1911 224 prudentes
1943 186 1976 214 et
1998 179 2159 214 modesti.

261 241 355 285 Quia
378 241 538 273 videmus
559 248 632 270 non
646 235 734 268 falso
751 233 884 268 dictum
899 244 972 266 esse
990 244 1008 266 a
1028 229 1249 277 Xenophon·
1274 223 1277 251 ἶ

261 301 310 327 te:
339 293 454 326 πᾶσαι
471 283 678 336 μεταβολαὶ
691 286 884 320 πολιτειῶν
899 279 1181 329 θανατηφόροι,
1211 283 1245 315 id

262 349 331 383 est,
366 352 487 375 omnes
516 338 728 372 mutationes
759 335 1121 379 Rerumpublicarum
1153 334 1251 367 adfe-

261 400 346 427 runt
370 391 500 425 caedes.
555 387 638 422 Ideo
662 395 695 422 et
709 385 778 421 hoe
794 387 927 420 dictum
945 397 1045 429 saepe
1063 385 1248 429 repetitur:

264 443 399 476 Malum
417 442 506 475 bene
523 440 703 474 conditum
724 450 796 471 non
817 444 865 470 est
881 437 1109 470 movendum.

363 492 433 527 Sed
455 489 513 525 hic
536 502 676 524 necesse
697 495 747 522 est
770 488 852 522 addi
871 485 961 519 banc
981 486 1249 520 correctionem.

263 544 355 578 Cum
382 543 542 576 doctrina
566 548 616 575 est
642 540 769 584 impia,
796 545 830 572 et
855 538 946 581 leges
972 538 1157 571 stabiliunt
1184 537 1251 569 im-

263 595 337 638 pias
359 593 547 638 opiniones
572 599 604 625 et
628 591 742 629 idola,
768 600 907 622 necesse
929 595 979 622 est
1005 588 1170 622 anteferri
1196 599 1250 620 re-

263 645 378 688 gulas:
406 643 444 678 Si
463 643 540 688 quis
556 642 652 675 aliud
668 639 903 683 Evangelium
918 640 1036 680 docet,
1064 637 1250 673 anathema

263 697 318 730 sit.
374 694 478 728 Item:
508 691 661 737 Oportet
677 690 754 725 Deo
773 691 880 734 magis
899 691 1044 724 obedire
1062 701 1165 735 quam
1185 687 1251 722 ho-

262 746 429 779 minibus.
486 743 590 778 Item:
623 740 850 787 Blasphemia
873 754 947 774 non
971 741 1169 775 remittetur
1190 752 1251 773 ne-

264 809 332 842 que
359 796 395 828 in
419 793 485 829 hoc
510 807 625 840 neque
647 795 768 828 futuro
792 792 921 827 secuto.
974 790 1113 825 Etcum
1131 791 1174 824 sit
1191 802 1249 824 ne-

264 847 410 880 cessaria
431 846 649 886 emendatio,
676 856 748 878 non
764 843 1026 877 transferuntur
1043 842 1172 875 limites
1190 853 1251 886 pa-

263 906 376 939 trum,
411 898 469 931 sed
501 896 748 931 restituuntur.
815 894 908 936 Quia
939 894 1099 927 doctrina
1127 892 1252 936 primis

262 949 422 994 patribus
453 960 470 981 a
492 946 568 981 Deo
596 946 725 980 tradita
754 944 970 985 restituitur,
1004 944 1093 977 sicut
1119 943 1251 977 dictum

265 1007 314 1034 est
338 1011 357 1033 a
381 999 626 1032 Tertulliano:
653 996 816 1030 Primum
840 996 1006 1041 quodque
1030 994 1253 1028 verissimum

266 1057 327 1085 est.
383 1049 452 1085 Sed
477 1049 666 1093 diligenter
689 1047 903 1092 inquirenda
927 1053 977 1079 est
999 1058 1079 1079 vera
1097 1045 1253 1091 antiqui-

264 1109 332 1143 tas,
361 1108 393 1135 et
416 1112 542 1143 magna
565 1107 615 1134 est
638 1098 859 1133 confirmatio
882 1097 984 1137 fidei,
1011 1097 1150 1141 cognita
1167 1096 1255 1130 serie

266 1149 651 1196 temporumEcclesiae
666 1150 794 1193 eligere
807 1148 1008 1183 testimonia
1025 1160 1146 1182 eorum
1158 1175 1166 1189 ‚
1194 1147 1254 1193 qui

265 1204 537 1237 fundamentum
557 1201 792 1236 retinuerunt.

591 1328 730 1382 Caput
761 1326 926 1368 xxm.

320 1405 414 1445 Cum
436 1407 536 1444 sedes
560 1413 597 1443 ul
620 1406 786 1442 comedas
809 1419 887 1441 cum
910 1411 1068 1454 potente,
1096 1405 1149 1440 sis
1168 1417 1256 1439 cau-

371 1467 448 1500 tus,
476 1465 508 1494 et
524 1471 616 1507 pone
635 1457 791 1494 cultrum
809 1458 848 1492 in
862 1463 1010 1504 gulture
1026 1462 1105 1496 luo,
1135 1461 1165 1491 cl
1182 1469 1258 1491 ser-

371 1524 427 1547 ves
447 1511 559 1546 vitam
580 1516 682 1545 tuam
698 1515 761 1546 etc.

372 1580 498 1615 Autica
517 1580 716 1614 admonitio
732 1586 794 1613 est.
846 1577 937 1613 Cum
955 1578 1170 1623 periculosae
1188 1579 1258 1612 sint

267 1633 523 1666 familiaritates
546 1637 747 1675 potentum,
775 1630 822 1663 sis
846 1636 969 1663 cautus
991 1636 1025 1663 et
1043 1630 1257 1673 circumspe-

269 1691 343 1717 ctus
375 1683 410 1715 in
435 1681 636 1727 loquendo,
665 1687 834 1724 tanquam
857 1679 1013 1722 gladium
1039 1681 1172 1720 gutturi
1196 1681 1258 1712 ad-

268 1744 432 1772 movens,
459 1744 503 1765 ne
521 1730 607 1776 quid
626 1737 756 1764 temere
773 1730 887 1770 dicas,
914 1730 1009 1774 quod
1028 1729 1091 1762 tibi
1112 1730 1256 1763 exitium

268 1786 391 1819 adfert.
445 1782 492 1818 Ut
518 1781 721 1815 Alexander
743 1780 879 1813 Clitum
906 1779 1053 1813 liberius
1078 1781 1258 1813 contradi-

268 1843 402 1869 centem
422 1834 458 1867 in
475 1832 640 1867 convivio
657 1831 846 1865 interfecit.
900 1829 1033 1864 Extant
1049 1830 1181 1863 similes
1197 1832 1258 1864 ad-

267 1886 483 1920 monitiones
504 1883 636 1917 multae
655 1883 697 1915 de
716 1881 840 1915 aulicis
861 1881 1037 1925 periculis.
1089 1880 1258 1915 Horatius

267 1938 400 1983 inquit:

394 1995 494 2024 Dulcis
518 1994 680 2032 inexpertis
702 1993 816 2021 cultura
841 1992 968 2030 potentis
990 1992 1094 2023 amici„

395 2045 542 2082 Expertus
564 2044 678 2072 metuit.
708 2049 765 2072 etc.

267 2097 311 2133 Et
331 2099 431 2140 langa
451 2104 501 2130 est
519 2094 644 2130 Ovidii
661 2095 788 2138 elegia:

351 2159 423 2185 Vive
447 2157 516 2195 tibi,
546 2161 744 2193 quantumque
768 2159 852 2191 potes
876 2153 1050 2190 praelustria
1075 2153 1142 2188 vita,

391 2210 514 2235 Saevum
540 2206 696 2245 praelustri
722 2205 834 2233 fulmen
859 2205 894 2233 ab
917 2213 983 2232 arce
1008 2206 1096 2231 venit.

349 2261 421 2287 Nam
446 2259 575 2296 quamvis
599 2259 651 2285 soli
675 2262 794 2295 possunt
819 2256 958 2294 prodesse
983 2262 1130 2293 potentes,

390 2311 454 2338 Non
479 2316 616 2347 prosunt,
652 2310 746 2347 potius
771 2309 930 2345 plurimum
956 2308 1057 2336 obesse
1081 2308 1173 2335 solent
1199 2313 1256 2334 ete.

263 2372 300 2405 lit
344 2370 501 2414 Arsopus
554 2369 643 2402 dixit
681 2367 807 2401 Soloni
847 2367 944 2401 eunti
988 2368 1029 2400 ad
1072 2365 1255 2402 Croesum.

261 2423 348 2454 (jum
368 2434 444 2462 rog·-
464 2421 680 2466 loquendum
693 2446 700 2459 ‚
726 2417 747 2463 ἢ
764 2417 813 2456 ὣς
830 2416 979 2463 ἥκιστα,
1010 2417 1029 2462 ἧ
1047 2416 1097 2456 (ὃς
1114 2416 1255 2463 ἥδιστα,

261 2481 318 2506 aut
338 2486 442 2516 quam
463 2471 684 2515 parcissima,
711 2477 771 2503 aut
789 2481 893 2514 quam
913 2469 1126 2503 dulcissima.

364 2523 505 2555 Nero-sse
523 2529 572 2556 est
591 2533 664 2555 esse
680 2521 936 2565 gubernatores
952 2528 982 2554 et
1000 2521 1193 2561 ministros,
1220 2529 1252 2554 et

259 2574 355 2608 Deus
388 2571 481 2606 luntc
514 2575 660 2613 gradum
694 2572 742 2606 sic
765 2571 927 2609 ornavit,
963 2579 999 2605 ut
1027 2572 1190 2605 tribuerit
1222 2573 1251 2605 ei

795 2620 871 2666 Ego
896 2622 968 2655 dixi
997 2623 1052 2657 Dii
1081 2624 1180 2661 estis,
1217 2624 1249 2656 id

367 2674 536 2708 babentes
567 2676 722 2708 officium
752 2674 927 2707 (livinum.

259 2625 456 2658 societati-m
485 2625 535 2656 sui
565 2624 731 2657 nominis.

257 2685 304 2709 esi
323 2705 329 2710 .

850 93 977 131 PHIL.
1003 92 1120 129 MEL.
1155 91 1367 128 SCRIPTA
1400 90 1700 129 EXEGETICA.

1306 2495 1431 2527 exaltat
1460 2491 1720 2526 humiliabitur.

1306 2559 1379 2579 ram
1399 2544 1472 2579 Deo
1492 2545 1607 2578 omnis
1624 2543 1795 2588 superbus
1812 2542 1927 2575 corde.

2243 90 2292 128 56

2221 179 2292 214 Sed

1302 231 1496 265 dolendum
1520 239 1592 274 est,
1619 233 1714 277 quod
1740 232 1777 264 in
1797 228 1866 265 hoc
1883 242 2022 264 summo
2037 230 2174 274 fastigio
2189 230 2292 275 pauci

1301 289 1393 316 recte
1414 283 1550 317 faciunt
1574 283 1746 324 officium,
1773 290 1806 317 et
1823 282 1970 327 plurimi
1987 287 2069 315 sunt
2087 281 2143 314 vel
2162 281 2292 325 ignavi,

1301 333 1357 366 vel
1385 334 1555 369 crudeles.
1618 333 1669 367 Ae
1701 334 1831 367 mirum
1863 340 1932 374 est,
1966 333 2003 365 in
2034 332 2094 365 illa
2121 332 2202 365 sede
2224 330 2291 366 Dei

1301 391 1370 417 tam
1395 382 1618 419 horribiliter
1641 384 1790 428 grassari
1812 384 2014 425 diabolum,
2040 390 2079 417 ut
2099 384 2294 417 ostendunt

1302 436 1458 479 exempla
1480 436 1640 469 omnium
1666 442 1831 470 aetatum.
1883 434 1929 468 Et
1945 435 2026 480 quia
2044 434 2147 468 multi
2167 441 2293 478 poten-

1302 486 1347 519 tia
1374 487 1587 528 abutuntur,
1620 484 1803 521 attrahunt
1828 485 1975 529 tragicas
1999 497 2140 529 poenas.
2201 485 2293 519 Sunt

1302 537 1409 581 igitur
1431 539 1562 572 multae
1584 538 1745 583 querelae
1762 538 1806 570 de
1822 536 2059 570 inconstantia
2076 537 2238 570 fortunae
2255 535 2293 568 in

1302 589 1401 622 aulis.
1457 588 1587 623 Versus
1605 588 1758 623 Senecae
1776 585 1813 621 hi
1830 593 1912 621 sunt
1932 587 1969 619 in
1986 585 2269 630 Agamemnone:

1472 656 1538 684 Non
1562 657 1602 684 sic
1624 656 1741 692 Libycis
1765 655 1900 691 Syrtibus
1922 662 2032 691 aequor

1474 707 1554 734 Furit
1579 707 1708 735 alternos
1728 707 1851 734 voluere
1875 706 1989 741 fluctus,

1471 757 1537 785 Non
1561 757 1669 786 Euxini
1692 764 1791 796 turget
1816 758 1850 785 ab
1875 757 1938 785 imis

1474 808 1624 836 Commota
1647 809 1726 837 vadis
1750 807 1844 844 unda,
1873 808 1961 835 nivali

1472 859 1576 887 Vicina
1598 859 1681 898 polo,
1710 861 1757 888 ubi
1781 859 1924 888 caeruleis

1472 911 1610 938 Immunis
1633 912 1715 948 aquis
1738 911 1833 939 lucida
1856 917 1953 939 versat

1473 961 1607 989 Plaustra
1629 960 1751 988 Bootes:

1473 1011 1512 1039 Ut
1537 1011 1714 1049 praecipites
1736 1020 1838 1050 regum
1862 1021 1945 1040 casus

1475 1062 1605 1090 Fortuna
1629 1067 1712 1091 rotat.

1410 1130 1624 1176 Quanquam
1657 1138 1773 1165 autem
1805 1131 1958 1165 multum
1984 1137 2033 1164 est
2057 1130 2296 1173 periculorum

1306 1181 1343 1213 in
1361 1182 1468 1222 aulis,
1496 1190 1611 1216 tamen
1629 1182 1832 1216 communia
1849 1182 1939 1215 mala
1958 1188 2040 1215 sunt
2056 1182 2093 1214 in
2109 1179 2296 1215 hominum

1307 1234 1443 1266 naturis
1462 1231 1622 1267 Ambitio
1647 1241 1679 1267 et
1698 1233 1833 1267 Fastus.
1887 1233 2048 1266 Ambitio
2073 1232 2204 1276 appetit
2229 1231 2299 1265 cel—

1306 1295 1357 1317 sa:
1387 1284 1475 1318 sicut
1493 1284 1624 1318 Seneca
1640 1284 1775 1329 inquit,
1802 1281 1989 1317 hominum
2007 1284 2144 1316 animos
2159 1294 2298 1316 sursum

1308 1336 1472 1376 tendere,
1500 1336 1583 1380 quia
1607 1336 1678 1369 sint
1701 1336 1804 1378 ignei.
1860 1334 1985 1369 Fastus
2010 1335 2045 1367 in
2071 1331 2126 1366 bis
2149 1333 2210 1378 qui
2235 1331 2299 1366 ha-

1308 1387 1393 1420 bent
1417 1387 1628 1430 potentiam,
1663 1394 1713 1420 est
1737 1385 1834 1419 abuti
1860 1385 1955 1425 loco,
1983 1392 2016 1419 et
2038 1385 2107 1418 sibi
2131 1384 2298 1418 iniustam

1308 1438 1486 1471 licentiam
1503 1449 1657 1477 sumere,
1686 1449 1790 1482 quam
1810 1443 1926 1480 postea
1944 1443 2142 1481 sequuntur
2156 1446 2299 1480 poenae.
2323 1429 2327 1433 ”

1309 1488 1478 1523 Salomon
1499 1488 1606 1531 igitur
1623 1495 1661 1521 ut
1678 1488 1845 1532 reprimat
1863 1487 2094 1521 ambitionem
2111 1493 2144 1520 et
2160 1487 2300 1524 fastum,

1309 1540 1419 1573 tradit
1449 1539 1750 1580 admonitionem,
1791 1551 1859 1584 qua
1890 1539 2058 1583 praecipit
2091 1538 2299 1571 modestiam

1309 1599 1341 1625 et
1360 1591 1722 1635 circumspectionem.

1414 1658 1495 1693 Sint
1517 1666 1635 1693 autem
1655 1665 1758 1692 notae
1777 1658 1929 1701 regulae.
1984 1656 2105 1691 Petere
2123 1656 2237 1690 officia
2256 1658 2300 1690 ad

1311 1722 1400 1755 quae
1421 1710 1646 1744 mediocriter
1663 1710 1781 1743 idonei
1801 1721 1938 1747 sumus,
1966 1708 2095 1741 iustum
2115 1715 2176 1742 est.
2231 1706 2301 1741 Sed

1312 1761 1435 1805 petitio
1468 1767 1586 1793 nostra
1619 1772 1692 1792 non
1723 1759 1889 1803 impediat
1924 1759 2053 1791 iudicia
2084 1757 2302 1801 eligentium,

1312 1824 1385 1844 non
1410 1817 1541 1854 pugnet
1565 1810 1706 1844 iniustis
1731 1810 1857 1844 modis.
1925 1811 1973 1842 Ac
1999 1809 2077 1842 talis
2102 1808 2225 1852 petitio
2251 1815 2301 1842 est

1313 1863 1470 1895 indicare
1496 1873 1585 1902 sese,
1621 1868 1653 1895 et
1677 1861 1862 1894 ostendere
1886 1859 1979 1904 piam
2007 1860 2244 1900 voluntatem,
2269 1867 2302 1894 et

1312 1913 1439 1947 offerre
1462 1923 1534 1945 sese
1557 1913 1599 1945 ad
1620 1911 1820 1945 societatem
1838 1911 2116 1944 difficilimorum
2138 1911 2301 1944 laborum

1312 1971 1345 1998 et
1370 1963 1566 2007 ingentium
1593 1963 1844 2006 periculorum.
1897 1960 1950 1996 De
1974 1962 2034 1996 tali
2060 1963 2229 2006 petitione
2246 1962 2301 1995 di-

1312 2022 1405 2049 ctum
1429 2021 1494 2048 est:
1524 2015 1595 2057 Qui
1615 2013 1866 2059 Episcopatum
1891 2013 2085 2050 desiderat,
2114 2011 2300 2047 bonestum

1312 2078 1401 2110 opus
1424 2066 1610 2099 desiderat.
1676 2065 1777 2098 ltem:
1814 2065 1976 2098 Hilarem
2002 2066 2160 2097 datorem
2185 2065 2301 2106 diligit

1311 2117 1417 2152 Deus.
1473 2116 1578 2158 ltem,
1606 2116 1737 2150 Paulus
1760 2117 1802 2149 ad
1822 2115 1944 2149 Titum
1969 2116 2063 2148 iubet
2083 2116 2217 2149 discere
2236 2113 2300 2148 bo·

1311 2176 1427 2203 nestas
1458 2176 1566 2207 artes,
1600 2175 1637 2203 ut
1663 2168 1837 2213 possimus
1862 2178 1933 2200 esse
1960 2167 2037 2200 usui
2063 2167 2098 2200 in
2125 2167 2301 2210 guberna-

1312 2229 1416 2255 tione.

1413 2289 1482 2323 Sed
1507 2288 1632 2321 vitiosa
1650 2287 1796 2320 ambitio
1811 2293 1879 2326 est,
1908 2286 1953 2319 ita
1970 2292 2103 2331 petere,
2128 2293 2166 2320 nt
2181 2287 2302 2331 cupias

1310 2342 1481 2384 impedire,
1508 2339 1636 2372 iudicia
1663 2338 1887 2382 eligentium,
1922 2343 1952 2369 et
1979 2348 2136 2381 pugnare
2160 2337 2301 2372 iniustis

1309 2393 1441 2430 modis,
1470 2398 1525 2423 aut
1554 2398 1670 2434 postea
1695 2397 1789 2423 extra
1808 2389 2035 2421 vocationum
2055 2395 2163 2422 metas
2181 2401 2298 2423 erum—

1452 2441 1584 2475 Contra·
1610 2439 1699 2474 lianc
1724 2439 1956 2473 ambitionem
1983 2439 2129 2472 dicitur:
2166 2439 2237 2483 Qui
2263 2452 2300 2474 se

1779 2490 1882 2524 ltem:
1914 2489 2146 2525 Abominatio
2171 2498 2221 2525 ent
2238 2503 2297 2525 to-

1308 2456 1398 2487 Pt‘l'l‘.

1406 2619 1467 2654 Est
1490 2627 1519 2653 et
1546 2619 1669 2652 vitiosa
1693 2618 1861 2655 ambitio.
1890 2629 1979 2664 qnae.
2002 2617 2209 2651 nominatur
2229 2615 2295 2652 ‹ix-

996 2671 1041 2708 Et
1068 2675 1179 2709 vocati
1208 2676 1250 2708 ad
1274 2686 1278 2716 ;
1302 2671 1447 2716 mutoth,
1477 2672 1637 2711 illorum,
1665 2670 1724 2716 qui
1741 2670 1902 2704 cumsint
1918 2668 2214 2708 ambitiosissimi,
2243 2677 2294 2703 ta-
