2409 2915
69 102 141 139 281
610 100 692 137 ΧΠ.

69 187 199 221 scimus
216 183 312 220 hunc
331 198 401 220 esse
417 185 529 219 Deum
550 191 741 218 creatorem
764 197 901 226 rerum,
936 187 996 231 qui
1020 199 1054 220 se
1079 208 1082 228 ῃ

69 237 230 282 patefecit
254 238 361 270 verbo
386 248 468 276 suo,
500 242 533 269 et
560 235 666 268 misso
690 235 802 277 Filio,
838 243 871 270 et
894 239 1054 279 agnosci-

67 299 146 322 mus
162 299 236 321 non
251 299 323 321 esse
337 287 506 326 ociosum,
522 293 582 319 aut
599 287 779 330 alligatum
798 288 960 321 secundis
972 301 1054 321 cau-

68 338 137 380 sis,
178 339 236 372 sed
255 337 465 381 sapientem,
501 337 655 377 bonum,
697 338 847 378 iustum,
889 338 1054 380 iudicem,

67 389 211 429 fortem,
245 388 467 420 miserentem
502 394 646 431 propter
680 386 830 427 Filium,
873 387 1051 421 iuvantem

67 450 152 480 nos,
195 445 228 471 et
262 443 438 480 regentem
467 436 602 481 Spiritu
637 444 771 471 sancto:
814 436 899 471 haec
934 439 1051 471 omnia

67 487 251 532 complecti
282 488 320 521 in
346 487 547 532 precatione
571 500 709 521 necesse
733 495 795 523 est.
858 488 947 521 Nam
974 490 1052 534 quis

67 540 112 573 sit
126 538 240 576 Deus,
268 544 301 571 et
316 550 378 571 cur
395 538 574 576 exaudiat,
609 539 677 571 nisi
704 537 788 571 haec
811 540 928 572 omnia
956 552 1051 572 com-

65 589 276 633 plectamur,
329 589 473 632 cogitari
508 601 580 622 non
617 596 740 633 potest.
809 589 1051 623 Assuesaciant

66 650 147 683 ergo
168 651 204 672 se
227 639 340 672 bonae
363 646 498 672 mentes
518 640 559 671 ad
583 640 689 672 talem
712 640 864 684 aliquam
890 641 1050 678 sormam,

67 696 101 724 et
113 696 293 734 opponant
311 701 384 722 eam
402 687 565 723 Etbnicis
585 697 617 724 et
635 689 795 723 Turcicis
811 691 1050 735 opinionibuS.

392 788 448 812 De
484 789 714 813 secundo.

167 839 277 884 Saepe
305 847 513 883 repetuntur
535 841 789 884 descriptiones
820 853 1046 884 personarum

65 890 274 924 divinitatis.
327 890 431 923 Pater
449 897 498 923 est
523 891 716 924 substantia
744 891 962 935 intelligens,
991 906 1048 926 ae-

63 948 184 982 terna,
226 941 462 985 omnipotens,
507 941 616 974 libere
642 953 763 984 agens,
803 943 913 983 bona,
947 943 1048 985 iusta,

63 992 283 1030 misericors,
324 992 471 1035 gignens
503 992 547 1024 ab
583 999 725 1025 aeterno
759 993 944 1035 imaginem
976 995 1046 1027 sni:

64 1040 154 1075 Cum
172 1053 239 1086 qua
258 1049 289 1075 et
308 1054 384 1074 cum
404 1041 540 1085 Spiritu
565 1050 684 1075 sancto
709 1045 918 1086 procedente
942 1057 958 1076 a
980 1043 1046 1077 Pa-

63 1098 116 1125 tre
134 1098 166 1125 et
181 1091 295 1132 Filio,
322 1093 482 1125 condidit
499 1092 634 1125 coelum
654 1100 686 1126 et
707 1100 833 1127 terram
846 1121 854 1133 ,
874 1102 906 1127 et
924 1107 1046 1128 omnes
1070 1116 1072 1124 2

64 1150 226 1182 naturas,
255 1154 340 1187 quas
355 1143 522 1176 continet.

165 1192 277 1225 Filius
308 1199 358 1226 est
389 1192 582 1226 substantia
609 1193 724 1235 genita
750 1205 767 1225 a
792 1201 910 1236 patre,
945 1208 1044 1229 coae-

61 1250 180 1283 terna,
207 1243 320 1285 imago
338 1244 469 1276 aeterni
487 1243 613 1286 patris,
640 1250 672 1276 et
689 1243 769 1287 quia
787 1244 942 1278 mirabili
960 1258 1044 1279 con-

62 1294 141 1327 silio
160 1293 371 1327 constitutus
388 1300 437 1326 est
453 1293 686 1337 propiciator‚
703 1294 780 1326 ideo
797 1297 956 1328 assumsit
976 1294 1044 1330 hu-

61 1355 200 1377 manam
218 1349 378 1376 naturam
391 1371 399 1384 ,
426 1350 458 1376 et
477 1344 586 1376 sactus
604 1351 654 1377 est
671 1344 832 1385 victima,
854 1353 885 1378 et
908 1347 1043 1390 pignus,

62 1395 156 1438 quod
174 1393 268 1427 Deus
290 1394 373 1427 velit
398 1405 462 1427 nos
485 1394 656 1437 recipere,
690 1395 792 1427 nobis
818 1397 966 1429 reddere
988 1398 1042 1430 iu-

62 1445 215 1484 sticiam,
243 1450 275 1476 et
292 1444 397 1476 vitam
414 1451 603 1477 aeternam.

165 1493 210 1528 Ut
229 1500 344 1527 autem
365 1494 478 1537 imago
494 1494 651 1537 gignitur
670 1494 892 1537 cogitatione,
909 1496 952 1530 ita
971 1497 1042 1539 spi-

60 1545 150 1579 ritus
172 1545 300 1578 dicitur
325 1547 512 1587 procedere
536 1558 552 1577 a
570 1545 751 1578 voluntate
773 1545 884 1579 Patris
902 1555 932 1579 et
949 1546 1042 1588 Filii,

62 1597 143 1640 quia
163 1603 212 1628 est
230 1596 333 1628 ssatus
349 1602 380 1627 et
404 1596 572 1637 agitator,
603 1608 747 1628 movens
768 1604 980 1640 creaturam,
1011 1606 1039 1630 et
1068 1641 1069 1645 Ἰ

61 1647 254 1679 accendens
270 1645 402 1685 lucem,
431 1652 464 1678 et
481 1656 591 1678 novos
610 1653 724 1678 motus
740 1646 777 1678 in
794 1648 958 1680 cordibus
981 1661 1042 1681 au-
1068 1678 1069 1686 ,

62 1696 234 1729 dientium
261 1695 507 1737 Evangelium.
576 1694 665 1728 Huic
697 1696 878 1738 agitationi
909 1710 996 1742 quae
1025 1711 1041 1731 a
1068 1691 1069 1696 ¹

62 1747 241 1780 voluntate
259 1752 328 1785 est,
356 1746 520 1779 convenit
537 1746 747 1779 vocabulum
766 1749 965 1789 procedere.

166 1796 237 1829 lam
258 1796 338 1828 vide
363 1793 428 1829 lloc
454 1797 549 1835 loco,
581 1804 708 1840 quanta
730 1795 792 1829 Dei
822 1798 960 1831 bonitas
983 1800 1043 1831 de-

61 1847 244 1889 scribitur,
272 1853 304 1879 et
322 1853 451 1891 quanta
478 1847 630 1879 traditur
653 1848 837 1890 promissio
856 1847 1042 1882 Ecclesiae.
1068 1885 1069 1889 Ἰ

62 1895 224 1931 Christus
255 1897 459 1940 pollicetur,
503 1909 538 1930 se
561 1898 748 1930 missurum
774 1910 847 1931 esse
870 1899 1042 1943 Spiritum

62 1954 240 1990 sanctum,
269 1955 301 1980 et
316 1948 421 1981 simul
437 1948 584 1980 affirmat
605 1955 736 1991 patrem
754 1949 842 1981 velle
862 1957 899 1983 ut
928 1950 1043 1983 mitta—
1068 1981 1069 1985 ,

60 2005 131 2032 tur,
199 1997 333 2031 Volunt
367 1999 473 2042 igitur
511 2005 608 2042 pater
645 2006 826 2039 aeternus,
868 1999 979 2033 Filius
1012 2007 1043 2033 et

62 2048 216 2093 Spiri³zis
233 2055 389 2087 sanctus,
419 2061 489 2081 non
509 2049 620 2092 perire
637 2060 745 2092 genus
761 2047 967 2089 humanum,
985 2052 1041 2082 sed

61 2099 163 2133 reddi
187 2097 392 2132 hominibus
416 2112 542 2132 novam
569 2100 698 2139 lucem,
725 2101 938 2142 agnitionem
965 2100 1043 2138 Dei,

61 2161 189 2183 novam
209 2149 399 2189 iusticiam,
415 2150 538 2193 tidem,
556 2150 796 2191 dilectionem,
815 2158 847 2184 et
862 2152 968 2183 vitam
987 2163 1043 2184 ae-

63 2207 215 2234 ternam:
242 2199 323 2244 quia
342 2200 434 2232 enim
454 2201 577 2233 volunt
596 2200 670 2232 dari
684 2200 853 2244 Spiritum
872 2208 1043 2244 sanctum,

62 2248 146 2284 haec
162 2251 302 2283 accendi
324 2250 359 2282 in
371 2250 536 2283 cordibus
548 2248 731 2283 bominum
743 2264 814 2283 non
825 2252 972 2285 dubium
984 2259 1043 2286 est.
1068 2289 1070 2296 χ

164 2299 253 2335 Cum
270 2301 399 2333 dicitur
417 2300 571 2344 Spiritus
589 2307 727 2334 sanctus
743 2304 946 2345 procedere,
966 2314 1044 2345 per·
1068 2297 1070 2360 ἱ

61 2363 168 2385 sonae
195 2351 388 2395 proprietas
418 2351 611 2385 indicatur:
648 2351 775 2384 deinde
800 2364 878 2385 cum
902 2359 1045 2385 vocatur

62 2401 216 2446 Spiritus
233 2402 388 2434 veritatis
406 2408 438 2434 et
454 2398 702 2447 παράκλητος,
738 2402 850 2434 officia
877 2414 935 2436 seu
961 2415 1043 2447 pro-

61 2453 138 2496 pria
154 2464 302 2485 munera
320 2453 587 2494 describuntur,
614 2464 702 2497 quae
721 2464 782 2496 per
806 2464 884 2485 eum
911 2454 1043 2487 divini-

63 2508 116 2536 tas
132 2503 297 2546 impertit.

165 2553 318 2597 Spiritus
335 2553 510 2594 veritatis,
544 2554 578 2586 id
605 2560 671 2597 est,
709 2554 768 2598 qui
796 2565 857 2597 per
883 2551 1042 2596 Evange-
1067 2563 1069 2598 ξ

63 2603 151 2637 lium
168 2604 251 2637 facit
269 2603 386 2636 lucere
403 2603 439 2636 in
455 2611 571 2638 mente
590 2617 707 2637 veram
733 2605 948 2646 agnitionem
965 2604 1044 2645 Dei,
1067 2609 1069 2650 ξ

64 2654 151 2689 etin
171 2654 277 2688 corde
296 2654 455 2688 accendit
475 2661 591 2689 motus
614 2661 844 2698 congruentes
868 2655 1041 2689 voluntati

1068 2193 1071 2214 4

1069 2239 1070 2258 l

744 98 1137 137 ANNOTATIONES
1176 97 1226 133 IN
1258 99 1555 140 EVANGELlA.

1069 2098 1070 2102 ¹
1095 2111 1234 2131 omnem
1254 2099 1446 2132 veritatem.

1068 2150 1070 2153 ’
1096 2156 1144 2182 tes
1162 2147 1355 2192 humanae,
1383 2163 1421 2183 ac
1438 2151 1540 2184 facile
1554 2152 1716 2185 aberrant
1733 2166 1750 2186 a
1767 2152 1861 2191 Deo,
1890 2153 1989 2185 facile
2007 2153 2071 2185 ad-

2017 106 2091 140 282

1106 182 1196 224 Dei,
1225 187 1454 220 reverentiam
1480 200 1559 231 erga
1579 187 1710 229 Deum,
1737 190 1917 228 fiduciam,
1947 189 2088 224 invoca-

1106 234 1238 268 tionem
1257 243 1289 269 et
1313 237 1535 270 dilectionem
1552 238 1636 279 Dei,
1673 241 1794 273 odium
1817 241 1967 285 peccati,
2003 253 2087 274 con-

1105 284 1313 318 solationem
1342 294 1376 320 et
1406 287 1572 321 laetitiam
1593 289 1630 321 in
1654 287 1736 323 Deo
1759 291 1956 325 incoantem
1979 291 2084 325 vitam

1104 341 1294 371 aeternam.

1205 384 1301 419 Haec
1318 387 1410 420 hona
1427 388 1553 421 melius
1571 389 1817 433 intelliguntur
1832 403 1871 423 ex
1887 392 2084 426 collatione.

1103 433 1188 468 Cato
1221 436 1283 469 etsi
1319 437 1450 471 iudicio
1480 440 1633 473 naturali
1657 438 1762 474 habet
1787 439 1875 474 hanc
1905 443 2084 481 noticiam,

1102 486 1195 530 quod
1226 487 1270 519 sit
1292 488 1409 532 aliqua
1435 501 1532 522 mens
1556 497 1714 528 aeterna,
1750 491 1925 524 conditrix
1951 504 2080 533 rerum,

1102 542 1134 568 et
1149 548 1274 569 curans
1292 537 1458 581 imperia,
1486 546 1601 573 tamen
1618 553 1695 574 cum
1720 542 1816 574 videt
1839 541 2081 574 confusionem

1102 583 1247 620 humaui
1264 582 1421 630 generis,
1450 596 1481 622 et
1496 591 1591 624 videt
1608 603 1642 624 se
1660 592 1696 624 in
1720 603 1841 632 causa,
1868 598 1908 625 ut
1932 592 2084 625 arbitra-

1101 643 1176 677 tur,
1203 637 1292 671 iusta
1311 639 1460 682 negligi,
1490 640 1615 674 iterum
1641 643 1810 684 mergitur
1834 643 1870 674 in
1895 643 2082 675 immensas

1100 689 1279 729 tenebras,
1307 690 1436 723 amittit
1452 697 1559 723 totam
1579 694 1837 735 persuasionem
1856 694 1898 725 de
1914 691 2008 733 Deo,
2023 705 2081 725 co-

1099 737 1184 780 gitat
1206 746 1266 772 aut
1290 737 1382 772 nihil
1406 752 1495 779 esse,
1529 749 1588 775 aut
1615 743 1792 783 ociosum,
1826 750 1884 776 aut
1909 743 2080 776 iniustum

1101 799 1184 822 esse.
1219 788 1355 822 Deinde
1370 791 1536 824 omnibns
1551 793 1782 835 religionibus
1801 793 1972 827 irascitur.
2016 792 2081 827 His

1099 839 1252 871 tenebris
1269 846 1302 872 et
1321 838 1385 873 hoc
1404 843 1582 875 mendacio
1602 844 1760 875 omnium
1780 841 1964 876 bominum
1974 844 2078 876 corda

1099 901 1262 932 oppressa
1279 897 1379 928 sunt,
1408 903 1496 935 quae
1512 905 1583 925 non
1608 900 1741 926 norunt
1760 892 2012 936 Evangelium,
2039 906 2078 926 ex

1099 951 1168 983 quo
1196 940 1270 972 solo
1295 940 1482 982 discimus,
1517 955 1579 976 cnr
1601 950 1633 976 et
1658 945 1836 988 quomodo
1854 944 1951 977 Deus
1975 955 2080 976 exau-

1098 990 1190 1029 diat,
1218 996 1249 1022 et
1267 1002 1329 1022 cur
1345 1001 1453 1033 genus
1470 990 1664 1026 humanum
1682 994 1876 1027 subiectum
1897 994 1939 1027 sit
1963 994 2079 1032 morti,

1098 1047 1130 1072 et
1154 1040 1230 1072 aliis
1257 1042 1390 1084 poenis,
1445 1041 1555 1087 Saepe
1581 1056 1663 1077 vero
1689 1045 1928 1079 accenduntur
1952 1045 1988 1076 in
2012 1044 2080 1076 im-

1097 1090 1164 1133 piis
1183 1091 1330 1123 maiores
1347 1092 1501 1133 furores,
1528 1095 1608 1138 quia
1626 1102 1705 1128 sunt
1730 1096 1893 1128 tenebrae
1918 1095 1953 1127 in
1979 1106 2078 1127 men-

1097 1140 1190 1173 tibus
1210 1141 1340 1183 iguaris
1356 1140 1560 1185 Evangelii,
1588 1152 1620 1178 et
1638 1146 1800 1178 diabolus
1819 1145 1968 1188 impellit
1985 1146 2078 1179 mul-

1098 1198 1168 1231 tos,
1194 1199 1232 1225 ut
1256 1192 1388 1235 fingant
1413 1196 1665 1228 contumeliosa
1692 1197 1858 1228 adversus
1879 1195 2012 1235 Deum,
2040 1202 2078 1229 ut

1096 1240 1271 1284 Epicurus
1297 1240 1459 1275 horribili
1493 1246 1682 1288 petulantia
1718 1247 1943 1286 vociferatur,
1984 1244 2078 1279 nibil

1097 1302 1167 1323 esse
1182 1290 1310 1327 Deum.
1363 1292 1500 1336 Vulgus
1526 1296 1625 1338 fingit
1649 1297 1742 1329 idola
1771 1304 1803 1330 et
1827 1297 1955 1329 multos
1974 1295 2078 1337 Deos,

1096 1348 1133 1374 ut
1151 1343 1210 1386 qui
1229 1350 1376 1377 currunt
1393 1345 1435 1376 ad
1460 1352 1588 1379 statuas
1614 1354 1845 1381 mortuorum.
1899 1346 2078 1380 Haeretici

1096 1392 1198 1425 etiam
1217 1394 1354 1436 fingunt
1369 1406 1428 1427 sua
1447 1396 1581 1431 deliria.
1634 1395 1864 1430 Manichaeus
1880 1397 1968 1430 duos
1985 1397 2077 1431 Deos

1095 1444 1384 1479 comminiscitur.
1432 1445 1526 1479 Ilaec
1545 1448 1698 1491 exempla
1718 1448 1925 1490 cogitemus,
1943 1455 1975 1481 et
1993 1459 2077 1480 con-

1095 1494 1286 1527 sideremus
1303 1502 1431 1539 quanta
1449 1496 1493 1529 sit
1510 1498 1646 1530 miseria
1666 1496 1849 1531 hominum
1862 1524 1870 1538 ,
1907 1499 1966 1543 qui
1994 1505 2076 1532 sunt

1093 1543 1168 1576 sine
1190 1543 1384 1587 Evangelio
1421 1553 1453 1579 et
1482 1547 1556 1580 sine
1580 1548 1711 1591 Spiritu
1745 1556 1882 1589 sancto,
1917 1560 1954 1581 ac
1986 1548 2074 1581 scia-

1068 1617 1069 1623 t
1095 1606 1172 1626 mus
1189 1596 1264 1627 dari
1282 1596 1453 1638 Spiritum
1471 1606 1646 1638 sanctum,
1673 1607 1709 1632 ut
1728 1599 1881 1642 depulsis
1899 1596 1953 1630 his
1977 1599 2076 1632 furo-

1099 1645 1196 1677 ribus
1214 1653 1244 1678 et
1264 1647 1474 1685 mendaciis,
1508 1650 1670 1681 accendat
1696 1649 1730 1681 in
1755 1649 1856 1681 nobis
1882 1649 2074 1687 veritatem,

1097 1695 1129 1726 id
1151 1702 1219 1735 est,
1248 1708 1363 1728 xeram
1388 1697 1601 1739 agnitionem
1621 1697 1704 1737 Dei,
1733 1700 1810 1744 quis
1838 1699 1899 1739 sit,
1927 1706 1959 1732 et
1986 1711 2075 1743 quo-

1097 1747 1200 1777 modo
1232 1747 1412 1785 exaudiat,
1450 1750 1627 1792 quomodo
1660 1750 1726 1782 coli
1759 1750 1861 1789 velit,
1896 1751 2074 1794 quomodo

1097 1795 1314 1829 iudicaturus
1333 1797 1386 1831 sit.

1199 1845 1316 1879 Altera
1347 1848 1535 1891 appellatio
1567 1846 1632 1881 boc
1657 1849 1734 1882 loco
1759 1856 1808 1883 est
1832 1846 2079 1895 παράκλητος,

1068 1902 1071 1905 ’
1096 1909 1183 1941 quae
1206 1896 1377 1939 significat
1399 1900 1626 1939 advocatum,
1654 1901 1802 1939 scilicet,
1839 1912 1902 1933 nos
1925 1901 2072 1934 consilio

1096 1953 1290 1989 regentem,
1319 1954 1351 1980 et
1371 1949 1609 1981 consolantem
1635 1950 1670 1982 in
1696 1951 1898 1991 doloribus,
1934 1958 1965 1984 et
1987 1963 2071 1984 cou-

1096 1998 1290 2029 firmantem
1309 2010 1372 2030 nos
1397 1999 1432 2030 in
1459 1999 1564 2031 variis
1591 2002 1852 2037 certaminibus,
1913 2001 1972 2035 Sic
2001 2001 2073 2035 albi

1096 2046 1256 2081 Christus
1286 2049 1419 2092 inquit:
1461 2049 1614 2093 Spiritus
1644 2060 1783 2085 sanctus
1815 2054 1915 2085 ducet
1948 2063 2009 2085 vos
2033 2051 2071 2084 in

1502 2099 1616 2133 Nimis
1636 2104 1861 2144 vagabundae
1879 2109 1959 2135 sunt
1970 2114 2072 2135 men-

1098 2199 1242 2232 mittunt
1280 2200 1483 2243 plausibiles
1519 2202 1725 2245 opiniones,
1767 2210 1963 2248 pugnantes
1989 2215 2070 2236 cum

1095 2251 1200 2282 verbo
1219 2248 1304 2291 Dei,
1338 2259 1375 2285 ut
1400 2250 1474 2285 Eva
1501 2252 1642 2299 decepta
1668 2260 1738 2294 est,
1773 2261 1805 2287 et
1822 2253 1952 2286 Paulus
1967 2260 2068 2287 vocat

1096 2301 1161 2334 tela
1181 2300 1288 2343 ignita
1310 2301 1465 2343 diaboli,
1491 2302 1699 2344 opinionum
1717 2311 1862 2349 spectra,
1887 2316 1975 2348 quae
1992 2304 2069 2336 dia-

1095 2350 1197 2384 bolus
1228 2351 1377 2384 infirmis
1409 2353 1536 2384 animis
1561 2353 1726 2387 offundit.
1787 2353 1967 2387 Adversus
1983 2352 2068 2386 haec

1095 2402 1204 2442 mala,
1233 2414 1305 2434 non
1324 2414 1510 2446 possumus
1528 2414 1599 2435 esse
1619 2405 1684 2438 tuti
1730 2405 1797 2438 nisi
1815 2404 1968 2447 Spiritus
1984 2415 2067 2437 san-

1094 2459 1168 2485 ctus
1186 2454 1368 2486 confirmet
1387 2460 1532 2488 mentes.
1586 2453 1705 2496 Quare
1722 2467 1858 2498 semper
1877 2455 2069 2497 petendum

1094 2509 1159 2536 est:
1175 2502 1352 2536 Confirma
1368 2501 1434 2537 hoc
1443 2502 1550 2543 Deus,
1565 2506 1658 2550 quod
1677 2512 1839 2549 operatus
1857 2516 1891 2537 es
1907 2505 1942 2537 in
1953 2507 2071 2541 nobis.

1093 2551 1138 2586 Et
1154 2554 1340 2597 promissio
1359 2555 1402 2587 de
1418 2553 1554 2598 Spiritu
1571 2562 1688 2588 sancto
1708 2555 1889 2597 cogitanda
1913 2563 1983 2598 est,
2009 2558 2069 2602 qni

1094 2604 1172 2636 ideo
1195 2604 1412 2648 promittitur
1429 2603 1621 2643 Ecclesiae,
1649 2612 1682 2638 et
1705 2605 1852 2648 singulis
1875 2605 2072 2642 invocanti-

1093 2654 1176 2695 hus,
1213 2661 1252 2688 ut
1279 2655 1458 2688 veritatem
1487 2655 1523 2687 in
1552 2655 1653 2688 nobis
1686 2656 1885 2698 confirmet,
1924 2658 2072 2692 retineat
