2409 2915
288 90 362 128 463

297 285 385 311 anus
399 265 600 307 Elisabeth,
628 265 664 298 id
690 260 888 306 exemplum
915 268 994 291 cum
1018 256 1065 290 sit
1087 267 1192 300 supra
1217 265 1281 288 na-

297 335 429 363 turam,
455 320 574 354 credas
594 315 700 350 etiam
721 323 820 346 meae
835 309 937 350 voci,
962 319 1036 341 rem
1053 318 1157 352 supra
1176 312 1282 363 natu-

297 388 356 411 rae
380 373 543 407 ordinem
565 363 797 412 promittenti.
852 359 1013 394 Pertinet
1034 354 1105 392 huc
1125 364 1283 392 testimo-

298 428 398 461 nium
422 421 561 458 Esaiae:
596 415 688 452 Ecce
710 415 810 457 virgo
834 411 899 445 erit
921 409 1082 453 gravida,
1116 415 1149 443 et
1174 407 1285 452 pariet

298 478 434 514 filium,
461 479 495 506 et
519 468 704 503 vocabitur
719 474 850 498 nomen
866 461 940 494 eius
960 459 1144 494 Emanuel.
1192 457 1285 501 Quia

300 529 395 562 enim
416 520 665 558 commixtione
682 515 856 551 seminum
875 517 1090 559 propagatur
1104 508 1285 543 immunda

302 586 427 613 natura
440 602 448 617 ,
476 581 507 606 et
529 571 655 604 infecta
677 566 803 599 morbo
821 563 988 606 originis,
1013 561 1093 595 ideo
1111 561 1205 595 Deus
1223 570 1288 592 vo-

302 630 368 664 luit
391 625 485 660 nasci
501 620 681 656 Christum
703 617 778 650 sine
800 615 874 648 ulla
892 613 1159 652 commixtione,
1187 616 1221 643 et
1237 616 1289 642 ta-

302 690 385 713 men
409 683 449 710 ut
474 679 561 707 esset
584 681 701 703 semen
727 663 893 700 Abrahae
918 671 952 698 et
974 662 1141 702 Davidis,
1176 666 1288 694 sumta

304 737 354 764 est
369 737 480 762 massa
497 721 710 758 sanctificata
727 729 789 762 per
802 715 975 760 Spiritum
993 721 1150 747 sanctum
1165 723 1205 745 ex
1218 710 1290 743 vir·-

304 781 403 826 gine,
429 784 467 811 ut
485 776 527 808 ad
547 772 662 807 Galat.
679 769 830 808 dicitur,
856 773 978 800 natum
995 776 1034 797 ex
1051 763 1208 797 muliere·

406 844 533 879 Monet
557 846 589 873 et
613 836 679 872 ltoc
696 834 892 878 exemplum
907 831 1120 865 mirabiliter
1135 827 1292 863 exhiberi

305 895 557 945 promissiones
579 889 737 926 divinas,
771 897 810 917 ac
832 885 936 925 longe
962 882 1080 921 aliter,
1104 892 1210 925 quam
1234 891 1294 912 ex-

306 954 420 995 pectat
444 944 598 980 bumana
622 939 724 972 ratio.
775 933 872 967 llaec
896 932 952 976 pie
976 931 1179 965 meditanda
1203 937 1294 969 sunt,

308 1009 342 1035 et
367 1006 502 1040 semper
528 989 632 1026 simul
658 997 781 1022 causae
805 983 911 1017 buius
934 982 1135 1016 admirandi
1155 981 1294 1015 consilii

308 1044 591 1093 complectendae
610 1045 712 1079 sunt,
739 1047 801 1069 cur
816 1034 928 1068 Filius
944 1032 1010 1067 Dei
1028 1032 1134 1066 fuerit
1152 1032 1294 1065 mitten-

309 1103 393 1136 dus,
421 1109 482 1131 cur
500 1102 569 1128 tam
587 1091 693 1124 miras
708 1099 762 1121 res
781 1086 854 1119 fieri
872 1085 968 1118 Deus
984 1084 1147 1119 voluerit.
1199 1081 1296 1116 Haec

309 1151 427 1185 omnia
459 1145 540 1191 quia
570 1149 652 1176 sunt
675 1145 769 1172 extra
794 1142 1016 1179 conspectum
1040 1131 1215 1180 humanae
1239 1143 1295 1166 ra-

311 1202 436 1240 tionis,
464 1192 640 1241 prophani
662 1188 825 1224 homines
849 1186 1028 1225 derident,
1053 1185 1112 1219 sed
1129 1195 1194 1218 nos
1209 1183 1297 1216 scia-

309 1263 389 1286 mus
406 1259 485 1282 vere
504 1257 575 1279 esse
595 1245 728 1279 Deum,
757 1246 789 1272 et
809 1237 1016 1282 patefactum
1034 1247 1107 1269 esse
1123 1235 1160 1268 in
1178 1235 1297 1274 verbo,

311 1303 405 1348 quod
432 1300 475 1333 ab
500 1296 602 1330 initio
627 1291 725 1327 dedit
746 1289 923 1333 patribus,
949 1299 1018 1333 quo
1039 1292 1187 1320 testatur
1209 1285 1296 1318 iram

311 1354 477 1387 adversus
509 1352 688 1391 peccatum
718 1351 790 1374 non
822 1350 893 1372 esse
925 1349 998 1371 rem
1026 1337 1157 1375 levem,
1194 1335 1297 1369 etita

310 1405 417 1439 fuisse
435 1397 641 1446 placandam
656 1392 749 1427 Filio
766 1389 970 1425 mediatore.

697 1501 748 1526 De
776 1497 920 1530 quinto.

418 1569 547 1611 Figura
576 1568 689 1597 sumta
718 1566 769 1592 est
797 1571 836 1591 ex
856 1555 1027 1595 historia,
1059 1566 1147 1600 quae
1169 1560 1300 1593 narrat,

315 1621 493 1668 populum
510 1617 546 1649 in
570 1616 706 1647 deserto
725 1610 819 1642 nube
840 1614 968 1641 tectum
987 1606 1111 1643 fuisse,
1141 1618 1228 1650 quae
1247 1606 1301 1637 in-

316 1673 432 1708 terdiu
447 1669 611 1704 umbram
626 1659 838 1707 praebuerit,
865 1664 966 1691 nocte
983 1668 1064 1689 vero
1080 1656 1204 1690 lucem.
1257 1653 1302 1689 Et

315 1731 354 1758 ut
378 1732 461 1758 tunc
486 1719 550 1752 fuit
574 1714 736 1748 mix-..uda
759 1709 972 1745 consolatio,
1005 1714 1038 1740 et
1061 1706 1301 1740 testimonium

316 1771 534 1820 praesentiae
551 1766 628 1803 Dei.
682 1763 732 1797 lta
759 1772 895 1803 semper
919 1759 966 1803 pii
990 1758 1100 1791 sciant
1116 1758 1164 1791 sic
1180 1769 1214 1791 se
1232 1757 1301 1801 regi

318 1833 439 1861 nocte,
474 1822 508 1854 id
537 1826 607 1860 est,
644 1816 680 1848 iu
712 1812 889 1854 tenebris,
925 1808 1088 1854 periculis
1120 1815 1153 1842 et
1181 1815 1304 1848 morte,

318 1872 511 1909 ministrari
545 1870 678 1904 lucem,
722 1862 930 1900 consilium,
963 1860 1240 1892 consolationem
1271 1866 1303 1891 et

319 1927 437 1959 vitam.
490 1920 629 1954 Rursus
660 1916 696 1947 in
726 1920 822 1945 aestu
856 1911 1038 1947 umbram,
1082 1909 1117 1942 id
1152 1916 1224 1949 est,
1268 1909 1303 1941 iu

319 1986 432 2022 poena
462 1967 772 2006 sustentationem,
806 1973 850 1994 ne
876 1958 1061 1993 imbecillis
1085 1966 1210 1992 natura
1236 1965 1302 1992 ter-

319 2027 462 2062 roribus
494 2019 626 2055 divinis
654 2019 899 2052 consumatur,
935 2011 1023 2043 sicut
1047 2011 1090 2042 ‹le
1117 2009 1247 2042 iudicio
1273 2016 1306 2042 et

322 2080 373 2111 ira
405 2074 474 2110 Dei
507 2070 635 2105 Psului.
659 2065 717 2102 89.
751 2063 880 2108 iuquit:
916 2061 1069 2094 Posuisti
1102 2060 1307 2105 iniquitates

322 2134 460 2163 nostras
482 2124 518 2158 in
540 2124 729 2163 conspectu
754 2123 826 2149 tuo.
882 2111 921 2145 lu
949 2112 998 2144 ira
1024 2118 1081 2144 tua
1105 2111 1306 2147 ‹lest-cimus,

323 2180 430 2217 item,
465 2170 634 2209 Deut.4.:
668 2170 760 2201 Deus
793 2172 873 2199 tuus
900 2162 990 2206 iguis
1013 2173 1223 2195 consumens
1247 2168 1306 2194 est.

322 2229 485 2271 Denique
518 2234 621 2257 nemo
649 2218 835 2253 homiuum
861 2214 1032 2248 sustinere
1057 2213 1225 2247 iudicium
1254 2213 1307 2245 vel

324 2290 412 2324 opus
431 2277 491 2311 Dei
510 2279 639 2320 potest,
664 2269 731 2304 nisi
749 2268 806 2301 liat
824 2264 1067 2301 obumbratio,
1095 2264 1127 2295 id
1146 2270 1192 2296 cst
1206 2288 1214 2300 ‚
1242 2263 1308 2296 uisi

324 2326 564 2363 nist-ricordiu
599 2322 662 2356 Dei
703 2321 817 2352 sos-cat
857 2323 890 2349 et
929 2315 1079 2347 xiviftcet
1117 2312 1308 2350 hominem,

327 2381 409 2415 ldeu
427 2386 459 2411 rt
478 2376 534 2410 bic
553 2375 589 2407 fit
607 2371 739 2405 mentio
759 2365 1054 2402 obumbrationis,

429 2443 473 2479 Et
498 2443 586 2477 sicut
608 2438 666 2473 liic
691 2439 733 2470 ‹le
750 2434 864 2469 Marta
889 2433 1038 2470 dicitur,
1066 2432 1111 2465 ita
1128 2432 1310 2466 universa-

329 2500 407 2532 liter
432 2496 580 2529 sciamus
602 2487 874 2524 obumbratione
898 2483 1007 2517 foveri
1028 2480 1236 2523 Ecclesiam,
1265 2484 1311 2515 si-

329 2557 381 2581 cut
411 2555 441 2579 ct
461 2544 588 2580 Esa.4.
616 2540 760 2574 dicitur:
790 2535 834 2570 Et
861 2535 987 2568 creabit
1010 2533 1182 2568 Dominus
1209 2546 1312 2578 supe-r

328 2609 469 2631 ormnem
501 2596 617 2628 locum
649 2588 781 2624 montis
812 2586 923 2625 Zion,
957 2592 989 2619 ct
1023 2585 1084 2618 ubi
1116 2584 1312 2625 invocatur,

329 2649 458 2685 nubem
484 2657 544 2691 per
565 2645 678 2682 diem,
709 2647 743 2675 et
761 2638 936 2673 flammam
955 2637 1127 2670 lucentem
1146 2636 1181 2669 in
1201 2643 1312 2676 nocte,
1335 2651 1339 2672 ι

878 69 1004 107 ΡΗῙΙ...
1030 65 1148 106 MEL.
1174 63 1384 104 SCRIPTA
1408 62 1709 105 EXEGETICA.

294 177 394 211 nium
423 167 653 205 transferatur
673 161 717 196 ad
737 157 835 194 hunc
856 157 974 191 locum
998 153 1128 190 Lucae.
1180 151 1277 187 Con·
1302 152 1308 208 Ι
1332 158 1367 186 et
1390 152 1556 186 adversus
1578 151 1752 195 fulgorem
1772 155 2005 195 tegmentum,
2031 155 2065 184 et
2080 149 2316 186 obumbracu-

295 228 454 260 firmatur
476 224 593 252 autem
615 213 733 248 Maria
756 208 934 254 exemplo,
964 207 1035 239 iam
1061 211 1111 238 est
1133 204 1279 248 gravida
1332 202 1407 237 lum
1425 202 1497 237 diei
1513 203 1556 236 ab
1572 210 1680 238 aestu.
2348 203 2352 206 ’

1335 312 1483 356 speeiem
1504 309 1701 354 Ecclesiae,
1726 309 1818 345 nihil
1841 312 1956 346 simile
1978 310 2169 346 videbitur.
2213 304 2390 360 Nullam}

1337 362 1430 397 enim
1461 360 1566 396 habet
1594 359 1750 396 humana
1780 362 1971 406 praesidia,
2001 361 2176 406 premitur
2198 361 2336 406 ingen-,A
2363 357 2389 417 3'

1337 414 1432 448 tibus
1450 413 1649 454 aerumnis,
1674 420 1708 448 et
1722 413 1961 448 crudelissime
1977 413 2152 446 laceratur
2168 424 2186 446 a
2202 410 2334 458 tyranss

1338 476 1405 499 ms.

1339 515 1402 559 ligi
1425 514 1468 548 de
1489 514 1762 549 obumbratione
1785 514 1823 547 in
1845 513 1977 548 iudicio
1993 513 2080 553 Dei,
2107 526 2176 560 qua
2197 514 2326 548 scimus
2340 520 2387 559 ᾖ·

1435 260 1475 296 Si
1503 259 1588 295 haec
1617 261 1804 306 promissio
1834 261 2034 294 conferatur
2062 260 2108 294 ad
2139 265 2319 295 externam
2358 245 2390 300 2!

1459 463 1619 497 Sciamus
1641 470 1758 497 autem
1783 464 2052 508 promissionem
2079 475 2199 497 revera
2219 463 2325 498 intel·
2344 441 2389 491 δ’

1341 578 1406 600 nos
1428 577 1490 610 per
1512 565 1793 599 misericordiam
1809 576 1889 599 vere
1906 564 2038 609 recipi,
2063 573 2099 600 et
2112 565 2187 598 fieri
2203 561 2328 599 haere-
2343 559 2385 590 023

1342 617 1403 650 des
1426 617 1518 650 vitae
1539 623 1717 657 aeternae,
1744 622 1778 649 et
1795 615 1927 657 foveri,
1954 626 1999 649 ne
2016 615 2068 648 ira
2085 622 2226 650 aeterna
2242 627 2328 650 con·
2362 596 2388 666 ε

1343 679 1535 703 sumamur.
1593 667 1717 701 Postea
1748 666 1898 700 sciamus
1925 667 1970 700 de
2001 665 2177 710 corporali
2207 666 2331 700 defen·
2343 666 2386 699 ,2⁸1

1344 719 1459 759 sione,
1492 718 1623 752 servari
1647 724 1785 752 coetum
1809 717 1983 762 aliquem,
2013 715 2151 750 etiamsi
2172 716 2331 750 membra
2349 725 2386 756 ,ε

1345 770 1546 803 lacerantur
1575 775 1609 802 et
1638 774 1844 802 exercentur
1872 767 2145 808 afflictionibus,
2178 767 2269 801 sicut
2293 766 2331 800 in
2359 774 2380 807 ,κ

1346 819 1457 854 Amos
1480 819 1625 853 dicitur:
1653 817 1743 853 Ecce
1767 819 1859 853 oculi
1885 817 2033 853 Domini
2055 829 2160 862 super
2181 828 2332 861 regnum
2369 828 2383 847 «π

1346 881 1509 915 peccans,
1543 875 1584 903 ut
1607 876 1764 904 conterat
1788 869 1878 903 illud
1901 881 1920 903 a
1943 869 2031 903 facie
2052 874 2176 903 terrae.
2229 867 2334 902 lacob

1346 928 1462 955 autem
1483 931 1557 954 non
1581 926 1778 961 conteram,
1804 920 1864 954 sed
1892 919 2090 954 concutiam
2113 925 2153 953 ut
2176 919 2335 953 triticum
2350 915 2363 935 Ρ

1347 972 1384 1006 in
1401 971 1535 1012 cribro,
1561 977 1595 1005 et
1612 982 1685 1004 non
1700 971 1798 1005 cadet
1814 981 1963 1015 granum
1981 981 2087 1015 super
2102 976 2242 1005 terram.
2349 955 2385 977 ἥ

1392 1089 1680 1145 Evangelium
1704 1089 1748 1129 in
1775 1088 1843 1129 die
1867 1087 2053 1142 Philippi
2077 1091 2117 1129 et
2140 1086 2296 1141 lambi,
2356 1093 2375 1121 9

1723 1167 1894 1203 Iohannis
1913 1167 1971 1206 14.

1402 1245 1457 1281 Et
1482 1244 1580 1280 dixit
1600 1243 1706 1279 Iesus
1732 1241 1926 1291 discipulis
1946 1242 2044 1278 suis.-
2069 1239 2158 1279 Non
2176 1241 2340 1278 turbetur

1454 1308 1514 1330 cor
1538 1300 1704 1330 vestrum.
1760 1291 1921 1329 Creditis
1945 1294 1984 1327 in
2000 1292 2142 1338 Deum,
2168 1299 2199 1328 e!
2223 1293 2263 1328 a'n
2287 1291 2360 1328 me*

1455 1344 1595 1380 credite.
1650 1344 1700 1379 In
1725 1342 1832 1379 domo
1856 1344 1979 1392 patris
1993 1344 2066 1379 mei
2078 1343 2217 1378 multae
2233 1354 2342 1378 mon·
2361 1339 2375 1364 ”

1453 1398 1574 1431 siones
1597 1400 1695 1432 sunt.
1748 1394 1817 1429 Sin
1846 1399 1966 1429 autem
1991 1395 2133 1436 minus,
2161 1392 2341 1429 dixissem

1459 1446 1578 1487 robis,
1636 1445 1677 1481 V
1673 1443 1747 1479 ado
1776 1443 1830 1479 ad
1848 1443 2062 1493 parandum
2090 1444 2189 1480 vobis
2213 1443 2344 1482 Iocum.

1457 1497 1510 1531 Et
1530 1510 1606 1531 cum
1625 1496 1760 1536 abiero,
1787 1508 1923 1543 parare
1940 1496 2040 1530 vobis
2058 1494 2187 1534 Iocum,
2213 1495 2343 1530 iterum

1458 1548 1620 1590 veniam,
1656 1552 1686 1581 et
1710 1547 1890 1594 accipiam
1915 1559 1974 1580 ros
1998 1544 2053 1580 ad
2074 1546 2272 1593 meipsum,
2305 1551 2344 1581 ul

1459 1599 1524 1634 uhi
1545 1611 1626 1633 sum
1650 1609 1733 1644 ego,
1758 1602 1788 1631 et
1813 1610 1873 1632 vos
1897 1597 1992 1635 sitis.
2045 1595 2184 1646 Elquo
2199 1609 2265 1644 ego
2279 1610 2344 1632 va-

1457 1648 1523 1692 do,
1549 1648 1672 1690 scitis,
1700 1653 1730 1682 et
1747 1647 1844 1682 viam
1861 1647 1977 1684 scitis.
2359 1671 2373 1681 .

1407 1708 1513 1744 Dicit
1529 1709 1561 1742 ei
1576 1705 1763 1742 Thomas:
1791 1706 1973 1747 Domine,
2000 1706 2179 1742 nescimus
2193 1720 2264 1756 quo
2281 1721 2346 1742 va-

1460 1757 1536 1799 dis,
1563 1763 1593 1793 et
1610 1756 1790 1807 quomodo
1803 1770 1997 1804 possumus
2015 1758 2111 1792 viam
2125 1758 2237 1793 scire?
2269 1758 2365 1794 Di..

1458 1812 1503 1845 cit
1534 1810 1567 1844 ei
1588 1808 1713 1843 lesus:
1747 1808 1835 1855 Ego
1855 1822 1936 1843 sum
1963 1808 2043 1850 cia,
2075 1813 2105 1844 et
2130 1809 2281 1852 veritas,
2313 1815 2345 1845 el

1461 1862 1548 1898 sita.
1602 1858 1722 1896 Nemo
1746 1860 1838 1894 venit
1856 1858 2082 1907 adpatrem,
2110 1860 2188 1894 nisi
2198 1872 2263 1908 per
2278 1871 2346 1898 me.

1459 1911 1506 1947 Si
1522 1910 1778 1958 cognovissetis
1795 1923 1866 1951 me,
1893 1915 1923 1944 et
1935 1916 2078 1957 patrem
2092 1922 2209 1944 meum
2224 1910 2348 1958 utique

1460 1960 1729 2008 cognovissetis.
1792 1960 1844 1995 Et
1875 1959 1983 1995 modo
2010 1961 2226 2008 cognoscitis
2257 1973 2348 2006 eum,

1462 2018 1492 2047 et
1510 2025 1588 2047 eum
1606 2009 1762 2048 vidistis.

1410 2073 1516 2110 Dicit
1544 2072 1577 2105 ei
1600 2068 1816 2118 Philippus:
1851 2069 2031 2113 Domine,
2067 2069 2212 2105 ostende
2242 2070 2347 2108 nobis

1460 2127 1622 2169 patrem,
1658 2126 1688 2155 ct
1709 2119 1849 2169 sufficit
1873 2121 1991 2158 nobis.
2043 2120 2149 2156 Dicit
2172 2122 2205 2156 ei
2225 2120 2350 2158 Iesus:

1462 2172 1589 2208 Tanto
1616 2177 1770 2218 tempore
1800 2171 1980 2206 vobiscum
2002 2184 2102 2212 sum,
2129 2177 2160 2207 et
2178 2185 2251 2208 non
2267 2186 2350 2221 cog-

1464 2224 1601 2258 not-isti
1624 2223 1706 2257 me?
1755 2220 1949 2271 Philipp«,
1983 2223 2050 2272 qui
2071 2221 2164 2258 videt
2190 2234 2262 2266 me,
2297 2227 2350 2260 ri-

1432 2286 1437 2290 ·
1464 2273 1521 2310 det
1543 2280 1704 2322 patrem,
1731 2277 1762 2308 et
1784 2272 1965 2324 quornodo
1990 2279 2028 2308 tu
2053 2271 2162 2314 dicis.
2189 2273 2351 2311 Ostende

1464 2325 1568 2361 nobis
1599 2326 1768 2374 patrem?
1818 2324 1907 2361 Non
1936 2323 2071 2370 credis,
2105 2324 2205 2372 quod
2225 2326 2349 2374 egoe'n

1464 2382 1587 2426 patre,
1620 2381 1650 2411 et
1675 2381 1781 2425 pater
1812 2376 1851 2410 in
1881 2387 1935 2409 me
1967 2376 2046 2410 est?
2109 2375 2233 2412 Verba
2256 2370 2350 2427 φασὶ

1466 2440 1531 2475 ego
1563 2427 1692 2477 loquor
1721 2426 1842 2469 vobis,
1873 2439 1896 2460 a
1926 2438 1980 2461 me
2003 2428 2084 2475 ipso
2107 2439 2180 2463 non
2205 2426 2347 2478 loquor:

1463 2485 1569 2528 pater
1593 2483 1712 2513 autem
1731 2478 1769 2512 in
1785 2490 1840 2512 me
1855 2490 2008 2513 manens
2026 2478 2101 2526 ipse
2110 2478 2211 2528 satit
2227 2490 2351 2526 opem.

1465 2528 1611 2566 Credite
1634 2527 1746 2569 mihi,
1772 2527 1874 2577 «lund
1894 2542 1959 2577 ego
1984 2530 2023 2563 in
2045 2534 2167 2577 patre.
2193 2534 2225 2564 et
2245 2535 2352 2577 pater

1466 2582 1505 2617 in
1532 2593 1586 2615 me
1607 2586 1690 2666 est>¹
1703 2581 1739 2615 si
1751 2585 1873 2616 autem
1890 2593 1963 2617 non
1980 2584 2125 2628 propter
2139 2591 2247 2629 opera
2265 2580 2349 2630 ipsa

1468 2630 1597 2668 credite
1614 2633 1666 2666 mi
1695 2632 1721 2668 ι’.
