<?xml version="1.0" encoding="UTF-8"?>
<!DOCTYPE html PUBLIC "-//W3C//DTD XHTML 1.0 Transitional//EN"
    "http://www.w3.org/TR/xhtml1/DTD/xhtml1-transitional.dtd">
<html xmlns="http://www.w3.org/1999/xhtml" xml:lang="en" lang="en">
 <head>
  <title>
</title>
<meta http-equiv="Content-Type" content="text/html;charset=utf-8" />
  <meta name='ocr-system' content='tesseract 3.04.00' />
  <meta name='ocr-capabilities' content='ocr_page ocr_carea ocr_par ocr_line ocrx_word'/>
</head>
<body>
  <div class='ocr_page' id='page_1' title='image "./operaquaesupersu14melauoft/operaquaesupersu14melauoft_0234.png"; bbox 0 0 2409 2915; ppageno 0'>
   <div class='ocr_carea' id='block_1_1' title="bbox 281 85 1286 1666">
    <p class='ocr_par' dir='ltr' id='par_1_1' title="bbox 281 85 1275 305">
     <span class='ocr_line' id='line_1_1' title="bbox 281 85 354 122; baseline -0.014 0"><span class='ocrx_word' id='word_1_1' title='bbox 281 85 354 122; x_wconf 80' lang='lat'><strong>451</strong></span> 
     </span>
     <span class='ocr_line' id='line_1_2' title="bbox 290 160 1275 205; baseline -0.011 0"><span class='ocrx_word' id='word_1_2' title='bbox 290 171 406 205; x_wconf 85' lang='lat' dir='ltr'><strong>siones</strong></span> <span class='ocrx_word' id='word_1_3' title='bbox 436 169 478 203; x_wconf 89' lang='lat' dir='ltr'><strong>de</strong></span> <span class='ocrx_word' id='word_1_4' title='bbox 500 167 620 201; x_wconf 80' lang='lat' dir='ltr'><strong>futura</strong></span> <span class='ocrx_word' id='word_1_5' title='bbox 645 163 873 205; x_wconf 71' lang='lat' dir='ltr'>liberatione,</span> <span class='ocrx_word' id='word_1_6' title='bbox 907 163 951 197; x_wconf 86' lang='lat' dir='ltr'><strong>de</strong></span> <span class='ocrx_word' id='word_1_7' title='bbox 977 161 1146 196; x_wconf 74' lang='lat' dir='ltr'><strong>electione</strong></span> <span class='ocrx_word' id='word_1_8' title='bbox 1168 160 1275 196; x_wconf 86' lang='lat' dir='ltr'><strong>huius</strong></span> 
     </span>
     <span class='ocr_line' id='line_1_3' title="bbox 289 212 1275 266; baseline -0.01 -11"><span class='ocrx_word' id='word_1_9' title='bbox 289 221 432 266; x_wconf 88' lang='lat' dir='ltr'><strong>populi,</strong></span> <span class='ocrx_word' id='word_1_10' title='bbox 459 224 494 252; x_wconf 89' lang='lat' dir='ltr'><strong>et</strong></span> <span class='ocrx_word' id='word_1_11' title='bbox 509 218 714 251; x_wconf 87' lang='lat' dir='ltr'><strong>invocarent</strong></span> <span class='ocrx_word' id='word_1_12' title='bbox 729 213 844 250; x_wconf 88' lang='lat' dir='ltr'><strong>Deum</strong></span> <span class='ocrx_word' id='word_1_13' title='bbox 860 214 947 256; x_wconf 83' lang='lat' dir='ltr'><strong>fide,</strong></span> <span class='ocrx_word' id='word_1_14' title='bbox 973 225 1034 248; x_wconf 90' lang='lat' dir='ltr'><strong>seu</strong></span> <span class='ocrx_word' id='word_1_15' title='bbox 1049 212 1175 248; x_wconf 87' lang='lat' dir='ltr'><strong>fiducia</strong></span> <span class='ocrx_word' id='word_1_16' title='bbox 1192 223 1275 258; x_wconf 89' lang='lat' dir='ltr'><strong>pro-</strong></span> 
     </span>
     <span class='ocr_line' id='line_1_4' title="bbox 291 270 581 305; baseline -0.007 0"><span class='ocrx_word' id='word_1_17' title='bbox 291 270 499 305; x_wconf 80' lang='lat' dir='ltr'>missionum</span> <span class='ocrx_word' id='word_1_18' title='bbox 515 274 581 303; x_wconf 82' lang='lat' dir='ltr'><strong>etc.</strong></span> 
     </span>
    </p>

    <p class='ocr_par' dir='ltr' id='par_1_2' title="bbox 293 313 1286 1322">
     <span class='ocr_line' id='line_1_5' title="bbox 392 313 1278 362; baseline -0.008 -9"><span class='ocrx_word' id='word_1_19' title='bbox 392 320 449 354; x_wconf 87' lang='lat' dir='ltr'><strong>Ad</strong></span> <span class='ocrx_word' id='word_1_20' title='bbox 474 316 540 352; x_wconf 88' lang='lat' dir='ltr'><strong>hos</strong></span> <span class='ocrx_word' id='word_1_21' title='bbox 566 328 650 352; x_wconf 91' lang='lat' dir='ltr'><strong>usus</strong></span> <span class='ocrx_word' id='word_1_22' title='bbox 673 314 760 350; x_wconf 87' lang='lat' dir='ltr'><strong>haec</strong></span> <span class='ocrx_word' id='word_1_23' title='bbox 784 315 943 362; x_wconf 86' lang='lat' dir='ltr'><strong>symbola</strong></span> <span class='ocrx_word' id='word_1_24' title='bbox 966 314 1151 360; x_wconf 74' lang='lat' dir='ltr'><strong>praecipue</strong></span> <span class='ocrx_word' id='word_1_25' title='bbox 1175 313 1278 347; x_wconf 86' lang='lat' dir='ltr'><strong>insti-</strong></span> 
     </span>
     <span class='ocr_line' id='line_1_6' title="bbox 293 365 1278 414; baseline -0.009 -9"><span class='ocrx_word' id='word_1_26' title='bbox 293 377 368 405; x_wconf 83' lang='lat' dir='ltr'><strong>tuta</strong></span> <span class='ocrx_word' id='word_1_27' title='bbox 395 377 513 411; x_wconf 82' lang='lat' dir='ltr'><strong>erant,</strong></span> <span class='ocrx_word' id='word_1_28' title='bbox 546 374 667 414; x_wconf 85' lang='lat' dir='ltr'><strong>postea</strong></span> <span class='ocrx_word' id='word_1_29' title='bbox 698 368 913 401; x_wconf 80' lang='lat' dir='ltr'><strong>accedebant</strong></span> <span class='ocrx_word' id='word_1_30' title='bbox 942 373 975 399; x_wconf 90' lang='lat' dir='ltr'><strong>et</strong></span> <span class='ocrx_word' id='word_1_31' title='bbox 1005 366 1094 399; x_wconf 89' lang='lat' dir='ltr'><strong>aliae</strong></span> <span class='ocrx_word' id='word_1_32' title='bbox 1124 365 1278 399; x_wconf 89' lang='lat' dir='ltr'><strong>rationes</strong></span> 
     </span>
     <span class='ocr_line' id='line_1_7' title="bbox 294 416 1280 460; baseline -0.008 -5"><span class='ocrx_word' id='word_1_33' title='bbox 294 420 400 456; x_wconf 89' lang='lat' dir='ltr'><strong>huius</strong></span> <span class='ocrx_word' id='word_1_34' title='bbox 432 420 553 454; x_wconf 87' lang='lat' dir='ltr'><strong>moris.</strong></span> <span class='ocrx_word' id='word_1_35' title='bbox 618 418 690 453; x_wconf 86' lang='lat' dir='ltr'><strong>Lex</strong></span> <span class='ocrx_word' id='word_1_36' title='bbox 722 418 829 453; x_wconf 85' lang='lat' dir='ltr'><strong>servit</strong></span> <span class='ocrx_word' id='word_1_37' title='bbox 859 416 1004 450; x_wconf 76' lang='lat' dir='ltr'>utilitati</span> <span class='ocrx_word' id='word_1_38' title='bbox 1036 416 1212 460; x_wconf 92' lang='lat' dir='ltr'><strong>corporis,</strong></span> <span class='ocrx_word' id='word_1_39' title='bbox 1247 420 1280 447; x_wconf 88' lang='lat' dir='ltr'><strong>et</strong></span> 
     </span>
     <span class='ocr_line' id='line_1_8' title="bbox 294 465 1278 510; baseline -0.008 -4"><span class='ocrx_word' id='word_1_40' title='bbox 294 473 432 506; x_wconf 76' lang='lat' dir='ltr'><strong>coe&#39;rcet</strong></span> <span class='ocrx_word' id='word_1_41' title='bbox 461 476 617 505; x_wconf 73' lang='lat' dir='ltr'><strong>errantes</strong></span> <span class='ocrx_word' id='word_1_42' title='bbox 642 468 822 502; x_wconf 83' lang='lat' dir='ltr'><strong>libidines.</strong></span> <span class='ocrx_word' id='word_1_43' title='bbox 870 465 1044 510; x_wconf 85' lang='lat' dir='ltr'><strong>Magnum</strong></span> <span class='ocrx_word' id='word_1_44' title='bbox 1069 466 1278 500; x_wconf 86' lang='lat' dir='ltr'><strong>miraculum</strong></span> 
     </span>
     <span class='ocr_line' id='line_1_9' title="bbox 295 516 1282 567; baseline -0.008 -10"><span class='ocrx_word' id='word_1_45' title='bbox 295 529 345 557; x_wconf 85' lang='lat' dir='ltr'><strong>est</strong></span> <span class='ocrx_word' id='word_1_46' title='bbox 367 522 442 567; x_wconf 87' lang='lat' dir='ltr'><strong>ipse</strong></span> <span class='ocrx_word' id='word_1_47' title='bbox 463 528 602 566; x_wconf 88' lang='lat' dir='ltr'><strong>partus,</strong></span> <span class='ocrx_word' id='word_1_48' title='bbox 634 518 789 552; x_wconf 85' lang='lat' dir='ltr'><strong>mirabili</strong></span> <span class='ocrx_word' id='word_1_49' title='bbox 812 516 879 552; x_wconf 85' lang='lat' dir='ltr'><strong>Dei</strong></span> <span class='ocrx_word' id='word_1_50' title='bbox 901 517 1146 558; x_wconf 88' lang='lat' dir='ltr'><strong>ordinatione,</strong></span> <span class='ocrx_word' id='word_1_51' title='bbox 1178 526 1282 550; x_wconf 85' lang='lat' dir='ltr'><strong>coxae</strong></span> 
     </span>
     <span class='ocr_line' id='line_1_10' title="bbox 296 566 1280 618; baseline -0.009 -11"><span class='ocrx_word' id='word_1_52' title='bbox 296 585 386 618; x_wconf 88' lang='lat' dir='ltr'><strong>quae</strong></span> <span class='ocrx_word' id='word_1_53' title='bbox 415 571 550 616; x_wconf 85' lang='lat' dir='ltr'><strong>alioqui</strong></span> <span class='ocrx_word' id='word_1_54' title='bbox 573 581 647 604; x_wconf 89' lang='lat' dir='ltr'><strong>non</strong></span> <span class='ocrx_word' id='word_1_55' title='bbox 673 576 863 603; x_wconf 84' lang='lat' dir='ltr'><strong>moventur</strong></span> <span class='ocrx_word' id='word_1_56' title='bbox 884 579 947 602; x_wconf 92' lang='lat' dir='ltr'><strong>suo</strong></span> <span class='ocrx_word' id='word_1_57' title='bbox 971 568 1068 609; x_wconf 90' lang='lat' dir='ltr'><strong>loco,</strong></span> <span class='ocrx_word' id='word_1_58' title='bbox 1100 574 1217 601; x_wconf 90' lang='lat' dir='ltr'><strong>tamen</strong></span> <span class='ocrx_word' id='word_1_59' title='bbox 1243 566 1280 599; x_wconf 91' lang='lat' dir='ltr'><strong>in</strong></span> 
     </span>
     <span class='ocr_line' id='line_1_11' title="bbox 296 617 1283 668; baseline -0.009 -11"><span class='ocrx_word' id='word_1_60' title='bbox 296 630 401 668; x_wconf 86' lang='lat' dir='ltr'><strong>partu</strong></span> <span class='ocrx_word' id='word_1_61' title='bbox 424 621 652 666; x_wconf 84' lang='lat' dir='ltr'><strong>aperiuntur,</strong></span> <span class='ocrx_word' id='word_1_62' title='bbox 680 626 715 653; x_wconf 89' lang='lat' dir='ltr'><strong>et</strong></span> <span class='ocrx_word' id='word_1_63' title='bbox 733 620 867 654; x_wconf 87' lang='lat' dir='ltr'><strong>accedit</strong></span> <span class='ocrx_word' id='word_1_64' title='bbox 882 619 1007 662; x_wconf 85' lang='lat' dir='ltr'><strong>ingens</strong></span> <span class='ocrx_word' id='word_1_65' title='bbox 1023 618 1135 653; x_wconf 89' lang='lat' dir='ltr'><strong>dolor.</strong></span> <span class='ocrx_word' id='word_1_66' title='bbox 1171 617 1283 651; x_wconf 88' lang='lat' dir='ltr'><strong>Deni-</strong></span> 
     </span>
     <span class='ocr_line' id='line_1_12' title="bbox 298 668 1284 719; baseline -0.007 -12"><span class='ocrx_word' id='word_1_67' title='bbox 298 686 366 719; x_wconf 90' lang='lat' dir='ltr'><strong>que</strong></span> <span class='ocrx_word' id='word_1_68' title='bbox 398 672 557 717; x_wconf 89' lang='lat' dir='ltr'><strong>sequitur</strong></span> <span class='ocrx_word' id='word_1_69' title='bbox 596 677 737 715; x_wconf 84' lang='lat' dir='ltr'><strong>partum</strong></span> <span class='ocrx_word' id='word_1_70' title='bbox 768 681 893 714; x_wconf 84' lang='lat' dir='ltr'><strong>magna</strong></span> <span class='ocrx_word' id='word_1_71' title='bbox 922 669 1079 713; x_wconf 89' lang='lat' dir='ltr'><strong>corporis</strong></span> <span class='ocrx_word' id='word_1_72' title='bbox 1111 668 1284 708; x_wconf 63' lang='lat' dir='ltr'><strong>debilium,</strong></span> 
     </span>
     <span class='ocr_line' id='line_1_13' title="bbox 297 718 1284 769; baseline -0.007 -12"><span class='ocrx_word' id='word_1_73' title='bbox 297 735 387 769; x_wconf 91' lang='lat' dir='ltr'><strong>quae</strong></span> <span class='ocrx_word' id='word_1_74' title='bbox 408 723 484 767; x_wconf 86' lang='lat' dir='ltr'><strong>ipsa</strong></span> <span class='ocrx_word' id='word_1_75' title='bbox 507 733 571 756; x_wconf 90' lang='lat' dir='ltr'><strong>nos</strong></span> <span class='ocrx_word' id='word_1_76' title='bbox 595 723 637 755; x_wconf 90' lang='lat' dir='ltr'><strong>de</strong></span> <span class='ocrx_word' id='word_1_77' title='bbox 661 721 776 765; x_wconf 89' lang='lat' dir='ltr'><strong>primo</strong></span> <span class='ocrx_word' id='word_1_78' title='bbox 798 721 899 768; x_wconf 89' lang='lat' dir='ltr'><strong>lapsu</strong></span> <span class='ocrx_word' id='word_1_79' title='bbox 924 721 1100 754; x_wconf 85' lang='lat' dir='ltr'><strong>admonet.</strong></span> <span class='ocrx_word' id='word_1_80' title='bbox 1153 718 1201 753; x_wconf 91' lang='lat' dir='ltr'><strong>Ut</strong></span> <span class='ocrx_word' id='word_1_81' title='bbox 1219 719 1284 762; x_wconf 86' lang='lat' dir='ltr'><strong>igi-</strong></span> 
     </span>
     <span class='ocr_line' id='line_1_14' title="bbox 297 769 1284 817; baseline -0.007 -9"><span class='ocrx_word' id='word_1_82' title='bbox 297 782 354 808; x_wconf 81' lang='lat' dir='ltr'><strong>tur</strong></span> <span class='ocrx_word' id='word_1_83' title='bbox 373 780 535 817; x_wconf 84' lang='lat' dir='ltr'><strong>parcatur</strong></span> <span class='ocrx_word' id='word_1_84' title='bbox 551 772 690 817; x_wconf 85' lang='lat' dir='ltr'><strong>corpori</strong></span> <span class='ocrx_word' id='word_1_85' title='bbox 709 783 917 816; x_wconf 82' lang='lat' dir='ltr'><strong>puerperae,</strong></span> <span class='ocrx_word' id='word_1_86' title='bbox 943 769 1039 804; x_wconf 86' lang='lat' dir='ltr'><strong>Deus</strong></span> <span class='ocrx_word' id='word_1_87' title='bbox 1056 770 1193 815; x_wconf 87' lang='lat' dir='ltr'><strong>aliquos</strong></span> <span class='ocrx_word' id='word_1_88' title='bbox 1210 769 1284 802; x_wconf 91' lang='lat' dir='ltr'><strong>dies</strong></span> 
     </span>
     <span class='ocr_line' id='line_1_15' title="bbox 297 820 1284 868; baseline -0.006 -10"><span class='ocrx_word' id='word_1_89' title='bbox 297 824 493 865; x_wconf 82' lang='lat' dir='ltr'><strong>ordinavit,</strong></span> <span class='ocrx_word' id='word_1_90' title='bbox 521 824 651 868; x_wconf 87' lang='lat' dir='ltr'><strong>quibus</strong></span> <span class='ocrx_word' id='word_1_91' title='bbox 675 823 752 856; x_wconf 84' lang='lat' dir='ltr'><strong>vult</strong></span> <span class='ocrx_word' id='word_1_92' title='bbox 774 822 872 855; x_wconf 89' lang='lat' dir='ltr'><strong>illam</strong></span> <span class='ocrx_word' id='word_1_93' title='bbox 896 821 1028 854; x_wconf 89' lang='lat' dir='ltr'><strong>servire</strong></span> <span class='ocrx_word' id='word_1_94' title='bbox 1049 831 1130 854; x_wconf 88' lang='lat' dir='ltr'><strong>suae</strong></span> <span class='ocrx_word' id='word_1_95' title='bbox 1149 820 1284 853; x_wconf 85' lang='lat' dir='ltr'><strong>valetu-</strong></span> 
     </span>
     <span class='ocr_line' id='line_1_16' title="bbox 297 870 1285 916; baseline -0.005 -7"><span class='ocrx_word' id='word_1_96' title='bbox 297 875 394 916; x_wconf 86' lang='lat' dir='ltr'><strong>dini,</strong></span> <span class='ocrx_word' id='word_1_97' title='bbox 421 881 455 908; x_wconf 86' lang='lat' dir='ltr'><strong>et</strong></span> <span class='ocrx_word' id='word_1_98' title='bbox 480 874 557 908; x_wconf 86' lang='lat' dir='ltr'><strong>vult</strong></span> <span class='ocrx_word' id='word_1_99' title='bbox 571 873 665 907; x_wconf 86' lang='lat' dir='ltr'><strong>Deus</strong></span> <span class='ocrx_word' id='word_1_100' title='bbox 686 885 750 906; x_wconf 92' lang='lat' dir='ltr'><strong>suo</strong></span> <span class='ocrx_word' id='word_1_101' title='bbox 766 873 873 906; x_wconf 88' lang='lat' dir='ltr'><strong>verbo</strong></span> <span class='ocrx_word' id='word_1_102' title='bbox 891 871 963 914; x_wconf 87' lang='lat' dir='ltr'><strong>regi</strong></span> <span class='ocrx_word' id='word_1_103' title='bbox 980 882 1069 913; x_wconf 87' lang='lat' dir='ltr'><strong>opus</strong></span> <span class='ocrx_word' id='word_1_104' title='bbox 1086 870 1285 914; x_wconf 84' lang='lat' dir='ltr'><strong>generatio·</strong></span> 
     </span>
     <span class='ocr_line' id='line_1_17' title="bbox 296 921 1284 966; baseline -0.005 -7"><span class='ocrx_word' id='word_1_105' title='bbox 296 926 373 966; x_wconf 81' lang='lat' dir='ltr'><strong>nis,</strong></span> <span class='ocrx_word' id='word_1_106' title='bbox 405 937 468 959; x_wconf 83' lang='lat' dir='ltr'><strong>nec</strong></span> <span class='ocrx_word' id='word_1_107' title='bbox 497 931 628 958; x_wconf 87' lang='lat' dir='ltr'><strong>temere</strong></span> <span class='ocrx_word' id='word_1_108' title='bbox 658 923 788 965; x_wconf 81' lang='lat' dir='ltr'><strong>vagari.</strong></span> <span class='ocrx_word' id='word_1_109' title='bbox 843 921 931 955; x_wconf 75' lang='lat' dir='ltr'><strong>Vult</strong></span> <span class='ocrx_word' id='word_1_110' title='bbox 961 921 1069 964; x_wconf 87' lang='lat' dir='ltr'><strong>igitur</strong></span> <span class='ocrx_word' id='word_1_111' title='bbox 1099 921 1241 955; x_wconf 81' lang='lat' dir='ltr'><strong>interim</strong></span> <span class='ocrx_word' id='word_1_112' title='bbox 1265 932 1284 954; x_wconf 87' lang='lat' dir='ltr'><strong>a</strong></span> 
     </span>
     <span class='ocr_line' id='line_1_18' title="bbox 297 971 1285 1021; baseline -0.005 -12"><span class='ocrx_word' id='word_1_113' title='bbox 297 987 468 1021; x_wconf 79' lang='lat' dir='ltr'><strong>puerpera</strong></span> <span class='ocrx_word' id='word_1_114' title='bbox 485 975 600 1008; x_wconf 82' lang='lat' dir='ltr'><strong>virum</strong></span> <span class='ocrx_word' id='word_1_115' title='bbox 615 974 802 1014; x_wconf 89' lang='lat' dir='ltr'><strong>abstinere,</strong></span> <span class='ocrx_word' id='word_1_116' title='bbox 827 978 860 1006; x_wconf 86' lang='lat' dir='ltr'><strong>et</strong></span> <span class='ocrx_word' id='word_1_117' title='bbox 874 971 985 1005; x_wconf 89' lang='lat' dir='ltr'><strong>sancit</strong></span> <span class='ocrx_word' id='word_1_118' title='bbox 1001 971 1184 1015; x_wconf 87' lang='lat' dir='ltr'><strong>capitalem</strong></span> <span class='ocrx_word' id='word_1_119' title='bbox 1202 984 1285 1015; x_wconf 89' lang='lat' dir='ltr'><strong>poe-</strong></span> 
     </span>
     <span class='ocr_line' id='line_1_19' title="bbox 297 1020 1284 1060; baseline -0.005 0"><span class='ocrx_word' id='word_1_120' title='bbox 297 1038 380 1060; x_wconf 84' lang='lat' dir='ltr'><strong>nam</strong></span> <span class='ocrx_word' id='word_1_121' title='bbox 404 1027 446 1060; x_wconf 88' lang='lat' dir='ltr'><strong>de</strong></span> <span class='ocrx_word' id='word_1_122' title='bbox 471 1023 536 1058; x_wconf 86' lang='lat' dir='ltr'><strong>hac</strong></span> <span class='ocrx_word' id='word_1_123' title='bbox 560 1037 607 1059; x_wconf 89' lang='lat' dir='ltr'><strong>re.</strong></span> <span class='ocrx_word' id='word_1_124' title='bbox 678 1023 774 1057; x_wconf 87' lang='lat' dir='ltr'><strong>Haec</strong></span> <span class='ocrx_word' id='word_1_125' title='bbox 796 1022 961 1056; x_wconf 84' lang='lat' dir='ltr'><strong>mortalia</strong></span> <span class='ocrx_word' id='word_1_126' title='bbox 986 1022 1091 1055; x_wconf 88' lang='lat' dir='ltr'><strong>etiam</strong></span> <span class='ocrx_word' id='word_1_127' title='bbox 1116 1020 1182 1056; x_wconf 89' lang='lat' dir='ltr'><strong>hoc</strong></span> <span class='ocrx_word' id='word_1_128' title='bbox 1207 1022 1284 1055; x_wconf 91' lang='lat' dir='ltr'><strong>loco</strong></span> 
     </span>
     <span class='ocr_line' id='line_1_20' title="bbox 297 1071 1285 1120; baseline -0.005 -10"><span class='ocrx_word' id='word_1_129' title='bbox 297 1076 515 1111; x_wconf 83' lang='lat' dir='ltr'><strong>observanda</strong></span> <span class='ocrx_word' id='word_1_130' title='bbox 540 1082 641 1114; x_wconf 82' lang='lat' dir='ltr'><strong>sunt,</strong></span> <span class='ocrx_word' id='word_1_131' title='bbox 677 1074 759 1120; x_wconf 86' lang='lat' dir='ltr'><strong>quia</strong></span> <span class='ocrx_word' id='word_1_132' title='bbox 783 1073 930 1107; x_wconf 86' lang='lat' dir='ltr'><strong>moralia</strong></span> <span class='ocrx_word' id='word_1_133' title='bbox 955 1073 999 1106; x_wconf 90' lang='lat' dir='ltr'><strong>ad</strong></span> <span class='ocrx_word' id='word_1_134' title='bbox 1022 1084 1145 1106; x_wconf 90' lang='lat' dir='ltr'><strong>omnes</strong></span> <span class='ocrx_word' id='word_1_135' title='bbox 1169 1071 1285 1106; x_wconf 90' lang='lat' dir='ltr'><strong>homi-</strong></span> 
     </span>
     <span class='ocr_line' id='line_1_21' title="bbox 298 1123 1286 1172; baseline -0.005 -11"><span class='ocrx_word' id='word_1_136' title='bbox 298 1139 360 1161; x_wconf 87' lang='lat' dir='ltr'><strong>nes</strong></span> <span class='ocrx_word' id='word_1_137' title='bbox 382 1127 581 1172; x_wconf 83' lang='lat' dir='ltr'><strong>pertinent,</strong></span> <span class='ocrx_word' id='word_1_138' title='bbox 606 1125 702 1159; x_wconf 92' lang='lat' dir='ltr'><strong>Deus</strong></span> <span class='ocrx_word' id='word_1_139' title='bbox 728 1137 824 1159; x_wconf 86' lang='lat' dir='ltr'><strong>nunc</strong></span> <span class='ocrx_word' id='word_1_140' title='bbox 845 1135 987 1169; x_wconf 85' lang='lat' dir='ltr'><strong>quoque</strong></span> <span class='ocrx_word' id='word_1_141' title='bbox 1003 1123 1080 1157; x_wconf 82' lang='lat' dir='ltr'><strong>vult</strong></span> <span class='ocrx_word' id='word_1_142' title='bbox 1097 1134 1286 1168; x_wconf 80' lang='lat' dir='ltr'><strong>puerperas</strong></span> 
     </span>
     <span class='ocr_line' id='line_1_22' title="bbox 298 1173 1286 1216; baseline -0.005 -4"><span class='ocrx_word' id='word_1_143' title='bbox 298 1190 420 1212; x_wconf 83' lang='lat' dir='ltr'><strong>curare</strong></span> <span class='ocrx_word' id='word_1_144' title='bbox 444 1188 542 1211; x_wconf 91' lang='lat' dir='ltr'><strong>suam</strong></span> <span class='ocrx_word' id='word_1_145' title='bbox 567 1176 823 1216; x_wconf 79' lang='lat' dir='ltr'><strong>valetudinem,</strong></span> <span class='ocrx_word' id='word_1_146' title='bbox 850 1175 930 1208; x_wconf 87' lang='lat' dir='ltr'><strong>ideo</strong></span> <span class='ocrx_word' id='word_1_147' title='bbox 949 1173 1013 1208; x_wconf 91' lang='lat' dir='ltr'><strong>etsi</strong></span> <span class='ocrx_word' id='word_1_148' title='bbox 1030 1182 1144 1208; x_wconf 88' lang='lat' dir='ltr'><strong>certus</strong></span> <span class='ocrx_word' id='word_1_149' title='bbox 1160 1186 1286 1207; x_wconf 91' lang='lat' dir='ltr'><strong>nume-</strong></span> 
     </span>
     <span class='ocr_line' id='line_1_23' title="bbox 295 1225 1286 1270; baseline -0.005 -8"><span class='ocrx_word' id='word_1_150' title='bbox 295 1241 355 1262; x_wconf 83' lang='lat' dir='ltr'><strong>rus</strong></span> <span class='ocrx_word' id='word_1_151' title='bbox 373 1229 528 1268; x_wconf 88' lang='lat' dir='ltr'><strong>dierum,</strong></span> <span class='ocrx_word' id='word_1_152' title='bbox 555 1233 590 1261; x_wconf 85' lang='lat' dir='ltr'><strong>et:</strong></span> <span class='ocrx_word' id='word_1_153' title='bbox 605 1226 772 1260; x_wconf 80' lang='lat' dir='ltr'><strong>sacrificia</strong></span> <span class='ocrx_word' id='word_1_154' title='bbox 789 1227 848 1259; x_wconf 88' lang='lat' dir='ltr'><strong>illa</strong></span> <span class='ocrx_word' id='word_1_155' title='bbox 866 1226 908 1259; x_wconf 87' lang='lat' dir='ltr'><strong>ad</strong></span> <span class='ocrx_word' id='word_1_156' title='bbox 928 1237 992 1258; x_wconf 93' lang='lat' dir='ltr'><strong>nos</strong></span> <span class='ocrx_word' id='word_1_157' title='bbox 1005 1237 1078 1259; x_wconf 85' lang='lat' dir='ltr'><strong>non</strong></span> <span class='ocrx_word' id='word_1_158' title='bbox 1097 1225 1286 1270; x_wconf 85' lang='lat' dir='ltr'><strong>pertinent,</strong></span> 
     </span>
     <span class='ocr_line' id='line_1_24' title="bbox 296 1277 866 1322; baseline -0.002 -9"><span class='ocrx_word' id='word_1_159' title='bbox 296 1286 415 1313; x_wconf 83' lang='lat' dir='ltr'><strong>tamen</strong></span> <span class='ocrx_word' id='word_1_160' title='bbox 433 1290 542 1322; x_wconf 85' lang='lat' dir='ltr'><strong>genus</strong></span> <span class='ocrx_word' id='word_1_161' title='bbox 559 1279 602 1311; x_wconf 87' lang='lat' dir='ltr'><strong>ad</strong></span> <span class='ocrx_word' id='word_1_162' title='bbox 621 1289 686 1311; x_wconf 90' lang='lat' dir='ltr'><strong>nos</strong></span> <span class='ocrx_word' id='word_1_163' title='bbox 702 1277 866 1322; x_wconf 80' lang='lat' dir='ltr'><strong>pertinet.</strong></span> 
     </span>
    </p>

    <p class='ocr_par' dir='ltr' id='par_1_3' title="bbox 294 1328 1284 1666">
     <span class='ocr_line' id='line_1_25' title="bbox 397 1328 1284 1372; baseline -0.005 -10"><span class='ocrx_word' id='word_1_164' title='bbox 397 1328 504 1372; x_wconf 84' lang='lat' dir='ltr'><strong>Quod</strong></span> <span class='ocrx_word' id='word_1_165' title='bbox 527 1341 610 1361; x_wconf 90' lang='lat' dir='ltr'><strong>vero</strong></span> <span class='ocrx_word' id='word_1_166' title='bbox 636 1329 834 1362; x_wconf 86' lang='lat' dir='ltr'><strong>offerebant</strong></span> <span class='ocrx_word' id='word_1_167' title='bbox 857 1340 1005 1372; x_wconf 87' lang='lat' dir='ltr'><strong>agnum,</strong></span> <span class='ocrx_word' id='word_1_168' title='bbox 1032 1333 1091 1361; x_wconf 88' lang='lat' dir='ltr'><strong>aut</strong></span> <span class='ocrx_word' id='word_1_169' title='bbox 1116 1333 1284 1368; x_wconf 91' lang='lat' dir='ltr'><strong>turtures,</strong></span> 
     </span>
     <span class='ocr_line' id='line_1_26' title="bbox 294 1376 1284 1423; baseline -0.005 -10"><span class='ocrx_word' id='word_1_170' title='bbox 294 1378 355 1413; x_wconf 86' lang='lat' dir='ltr'><strong>hic</strong></span> <span class='ocrx_word' id='word_1_171' title='bbox 379 1381 468 1413; x_wconf 76' lang='lat' dir='ltr'><strong>ritus</strong></span> <span class='ocrx_word' id='word_1_172' title='bbox 490 1391 566 1412; x_wconf 85' lang='lat' dir='ltr'><strong>non</strong></span> <span class='ocrx_word' id='word_1_173' title='bbox 584 1379 730 1413; x_wconf 88' lang='lat' dir='ltr'><strong>tollebat</strong></span> <span class='ocrx_word' id='word_1_174' title='bbox 756 1385 913 1423; x_wconf 90' lang='lat' dir='ltr'><strong>peccata,</strong></span> <span class='ocrx_word' id='word_1_175' title='bbox 947 1380 1005 1412; x_wconf 91' lang='lat' dir='ltr'><strong>sed</strong></span> <span class='ocrx_word' id='word_1_176' title='bbox 1031 1384 1103 1411; x_wconf 85' lang='lat' dir='ltr'><strong>erat</strong></span> <span class='ocrx_word' id='word_1_177' title='bbox 1126 1376 1284 1411; x_wconf 88' lang='lat' dir='ltr'><strong>testimo-</strong></span> 
     </span>
     <span class='ocr_line' id='line_1_27' title="bbox 295 1427 1284 1472; baseline -0.005 -8"><span class='ocrx_word' id='word_1_178' title='bbox 295 1431 395 1464; x_wconf 87' lang='lat' dir='ltr'><strong>nium</strong></span> <span class='ocrx_word' id='word_1_179' title='bbox 428 1429 603 1463; x_wconf 84' lang='lat' dir='ltr'><strong>observati</strong></span> <span class='ocrx_word' id='word_1_180' title='bbox 634 1429 730 1461; x_wconf 88' lang='lat' dir='ltr'><strong>illius</strong></span> <span class='ocrx_word' id='word_1_181' title='bbox 764 1429 961 1472; x_wconf 86' lang='lat' dir='ltr'><strong>pnerperii,</strong></span> <span class='ocrx_word' id='word_1_182' title='bbox 997 1435 1029 1462; x_wconf 89' lang='lat' dir='ltr'><strong>et</strong></span> <span class='ocrx_word' id='word_1_183' title='bbox 1061 1427 1196 1461; x_wconf 85' lang='lat' dir='ltr'><strong>occasio</strong></span> <span class='ocrx_word' id='word_1_184' title='bbox 1220 1427 1284 1459; x_wconf 87' lang='lat' dir='ltr'><strong>do-</strong></span> 
     </span>
     <span class='ocr_line' id='line_1_28' title="bbox 296 1474 1283 1524; baseline -0.006 -9"><span class='ocrx_word' id='word_1_185' title='bbox 296 1481 396 1515; x_wconf 89' lang='lat' dir='ltr'><strong>cendi</strong></span> <span class='ocrx_word' id='word_1_186' title='bbox 419 1480 562 1524; x_wconf 87' lang='lat' dir='ltr'><strong>populi,</strong></span> <span class='ocrx_word' id='word_1_187' title='bbox 590 1492 669 1514; x_wconf 90' lang='lat' dir='ltr'><strong>cum</strong></span> <span class='ocrx_word' id='word_1_188' title='bbox 686 1480 873 1513; x_wconf 77' lang='lat' dir='ltr'><strong>veniebant</strong></span> <span class='ocrx_word' id='word_1_189' title='bbox 892 1481 934 1512; x_wconf 91' lang='lat' dir='ltr'><strong>ad</strong></span> <span class='ocrx_word' id='word_1_190' title='bbox 954 1479 1142 1523; x_wconf 85' lang='lat' dir='ltr'><strong>templum,</strong></span> <span class='ocrx_word' id='word_1_191' title='bbox 1171 1484 1202 1511; x_wconf 90' lang='lat' dir='ltr'><strong>et</strong></span> <span class='ocrx_word' id='word_1_192' title='bbox 1218 1474 1283 1509; x_wconf 93' lang='lat' dir='ltr'><strong>ho-</strong></span> 
     </span>
     <span class='ocr_line' id='line_1_29' title="bbox 294 1529 1284 1575; baseline -0.003 -11"><span class='ocrx_word' id='word_1_193' title='bbox 294 1531 379 1565; x_wconf 83' lang='lat' dir='ltr'><strong>stiae</strong></span> <span class='ocrx_word' id='word_1_194' title='bbox 401 1531 662 1570; x_wconf 77' lang='lat' dir='ltr'><strong>offerebantur,</strong></span> <span class='ocrx_word' id='word_1_195' title='bbox 687 1530 768 1575; x_wconf 85' lang='lat' dir='ltr'><strong>quia</strong></span> <span class='ocrx_word' id='word_1_196' title='bbox 794 1530 924 1563; x_wconf 83' lang='lat' dir='ltr'><strong>talibus</strong></span> <span class='ocrx_word' id='word_1_197' title='bbox 947 1530 1071 1563; x_wconf 86' lang='lat' dir='ltr'><strong>officiis</strong></span> <span class='ocrx_word' id='word_1_198' title='bbox 1089 1529 1284 1561; x_wconf 87' lang='lat' dir='ltr'><strong>sacerdotes</strong></span> 
     </span>
     <span class='ocr_line' id='line_1_30' title="bbox 295 1579 1283 1625; baseline -0.004 -10"><span class='ocrx_word' id='word_1_199' title='bbox 295 1582 412 1615; x_wconf 84' lang='lat' dir='ltr'><strong>alendi</strong></span> <span class='ocrx_word' id='word_1_200' title='bbox 439 1588 549 1617; x_wconf 89' lang='lat' dir='ltr'><strong>erant.</strong></span> <span class='ocrx_word' id='word_1_201' title='bbox 601 1579 786 1615; x_wconf 82' lang='lat' dir='ltr'><strong>Caeterum</strong></span> <span class='ocrx_word' id='word_1_202' title='bbox 809 1587 896 1615; x_wconf 89' lang='lat' dir='ltr'><strong>tecte</strong></span> <span class='ocrx_word' id='word_1_203' title='bbox 917 1581 1181 1625; x_wconf 82' lang='lat' dir='ltr'><strong>significabatur</strong></span> <span class='ocrx_word' id='word_1_204' title='bbox 1198 1590 1283 1611; x_wconf 86' lang='lat' dir='ltr'><strong>ven-</strong></span> 
     </span>
     <span class='ocr_line' id='line_1_31' title="bbox 294 1629 520 1666; baseline -0.009 0"><span class='ocrx_word' id='word_1_205' title='bbox 294 1639 372 1666; x_wconf 86' lang='lat' dir='ltr'><strong>tura</strong></span> <span class='ocrx_word' id='word_1_206' title='bbox 392 1629 520 1665; x_wconf 71' lang='lat' dir='ltr'><strong>hostia.</strong></span> 
     </span>
    </p>
   </div>
   <div class='ocr_carea' id='block_1_2' title="bbox 670 1731 906 1758">
    <p class='ocr_par' dir='ltr' id='par_1_4' title="bbox 670 1731 906 1758">
     <span class='ocr_line' id='line_1_32' title="bbox 670 1731 906 1758; baseline 0 -2"><span class='ocrx_word' id='word_1_207' title='bbox 670 1731 717 1757; x_wconf 85' lang='lat' dir='ltr'><strong>De</strong></span> <span class='ocrx_word' id='word_1_208' title='bbox 740 1732 906 1758; x_wconf 78' lang='lat' dir='ltr'><strong>secundo.</strong></span> 
     </span>
    </p>
   </div>
   <div class='ocr_carea' id='block_1_3' title="bbox 293 1783 1284 2689">
    <p class='ocr_par' dir='ltr' id='par_1_5' title="bbox 293 1783 1284 2689">
     <span class='ocr_line' id='line_1_33' title="bbox 398 1783 1284 1828; baseline -0.005 -9"><span class='ocrx_word' id='word_1_209' title='bbox 398 1785 513 1819; x_wconf 84' lang='lat' dir='ltr'><strong>Maria</strong></span> <span class='ocrx_word' id='word_1_210' title='bbox 536 1798 608 1820; x_wconf 89' lang='lat' dir='ltr'><strong>non</strong></span> <span class='ocrx_word' id='word_1_211' title='bbox 634 1786 818 1820; x_wconf 84' lang='lat' dir='ltr'><strong>tenebatur</strong></span> <span class='ocrx_word' id='word_1_212' title='bbox 840 1783 905 1819; x_wconf 87' lang='lat' dir='ltr'><strong>hac</strong></span> <span class='ocrx_word' id='word_1_213' title='bbox 930 1784 1002 1828; x_wconf 84' lang='lat' dir='ltr'><strong>lege</strong></span> <span class='ocrx_word' id='word_1_214' title='bbox 1019 1784 1061 1817; x_wconf 82' lang='lat' dir='ltr'><strong>(le</strong></span> <span class='ocrx_word' id='word_1_215' title='bbox 1079 1783 1284 1823; x_wconf 83' lang='lat' dir='ltr'><strong>immundis,</strong></span> 
     </span>
     <span class='ocr_line' id='line_1_34' title="bbox 296 1835 1282 1881; baseline -0.003 -12"><span class='ocrx_word' id='word_1_216' title='bbox 296 1837 376 1881; x_wconf 86' lang='lat' dir='ltr'><strong>quia</strong></span> <span class='ocrx_word' id='word_1_217' title='bbox 403 1837 455 1869; x_wconf 87' lang='lat' dir='ltr'><strong>lex</strong></span> <span class='ocrx_word' id='word_1_218' title='bbox 481 1837 609 1871; x_wconf 89' lang='lat' dir='ltr'><strong>diserte</strong></span> <span class='ocrx_word' id='word_1_219' title='bbox 636 1837 721 1870; x_wconf 92' lang='lat' dir='ltr'><strong>dicit</strong></span> <span class='ocrx_word' id='word_1_220' title='bbox 744 1838 786 1869; x_wconf 88' lang='lat' dir='ltr'><strong>dc</strong></span> <span class='ocrx_word' id='word_1_221' title='bbox 813 1848 869 1874; x_wconf 85' lang='lat' dir='ltr'><strong>ea,</strong></span> <span class='ocrx_word' id='word_1_222' title='bbox 896 1847 985 1880; x_wconf 82' lang='lat' dir='ltr'><strong>quae</strong></span> <span class='ocrx_word' id='word_1_223' title='bbox 1006 1835 1140 1878; x_wconf 83' lang='lat' dir='ltr'><strong>peperit</strong></span> <span class='ocrx_word' id='word_1_224' title='bbox 1158 1845 1282 1867; x_wconf 86' lang='lat' dir='ltr'><strong>conce-</strong></span> 
     </span>
     <span class='ocr_line' id='line_1_35' title="bbox 294 1885 1283 1932; baseline -0.003 -12"><span class='ocrx_word' id='word_1_225' title='bbox 294 1895 394 1932; x_wconf 84' lang='lat' dir='ltr'><strong>ptum</strong></span> <span class='ocrx_word' id='word_1_226' title='bbox 415 1898 453 1919; x_wconf 81' lang='lat' dir='ltr'><strong>ex</strong></span> <span class='ocrx_word' id='word_1_227' title='bbox 471 1887 565 1919; x_wconf 80' lang='lat' dir='ltr'><strong>virili</strong></span> <span class='ocrx_word' id='word_1_228' title='bbox 587 1887 735 1925; x_wconf 80' lang='lat' dir='ltr'><strong>semine,</strong></span> <span class='ocrx_word' id='word_1_229' title='bbox 762 1886 857 1919; x_wconf 77' lang='lat' dir='ltr'><strong>llaec</strong></span> <span class='ocrx_word' id='word_1_230' title='bbox 874 1885 1010 1918; x_wconf 84' lang='lat' dir='ltr'><strong>additio</strong></span> <span class='ocrx_word' id='word_1_231' title='bbox 1026 1895 1283 1928; x_wconf 87' lang='lat' dir='ltr'><strong>supervacanea</strong></span> 
     </span>
     <span class='ocr_line' id='line_1_36' title="bbox 295 1935 1282 1980; baseline -0.004 -10"><span class='ocrx_word' id='word_1_232' title='bbox 295 1938 436 1977; x_wconf 86' lang='lat' dir='ltr'><strong>suisset,</strong></span> <span class='ocrx_word' id='word_1_233' title='bbox 465 1937 532 1969; x_wconf 93' lang='lat' dir='ltr'><strong>nisi</strong></span> <span class='ocrx_word' id='word_1_234' title='bbox 559 1944 646 1970; x_wconf 88' lang='lat' dir='ltr'><strong>tecte</strong></span> <span class='ocrx_word' id='word_1_235' title='bbox 667 1937 875 1979; x_wconf 76' lang='lat' dir='ltr'><strong>significaret</strong></span> <span class='ocrx_word' id='word_1_236' title='bbox 893 1936 1070 1980; x_wconf 84' lang='lat' dir='ltr'><strong>quandam</strong></span> <span class='ocrx_word' id='word_1_237' title='bbox 1089 1935 1282 1978; x_wconf 84' lang='lat' dir='ltr'><strong>parituram</strong></span> 
     </span>
     <span class='ocr_line' id='line_1_37' title="bbox 296 1983 1283 2027; baseline -0.004 -6"><span class='ocrx_word' id='word_1_238' title='bbox 296 1999 368 2021; x_wconf 88' lang='lat' dir='ltr'><strong>esse</strong></span> <span class='ocrx_word' id='word_1_239' title='bbox 390 1988 466 2021; x_wconf 76' lang='lat' dir='ltr'><strong>sine</strong></span> <span class='ocrx_word' id='word_1_240' title='bbox 490 1987 584 2020; x_wconf 87' lang='lat' dir='ltr'><strong>virili</strong></span> <span class='ocrx_word' id='word_1_241' title='bbox 606 1987 747 2022; x_wconf 90' lang='lat' dir='ltr'><strong>semine.</strong></span> <span class='ocrx_word' id='word_1_242' title='bbox 800 1986 879 2020; x_wconf 87' lang='lat' dir='ltr'><strong>Non</strong></span> <span class='ocrx_word' id='word_1_243' title='bbox 899 1987 1004 2027; x_wconf 83' lang='lat' dir='ltr'><strong>igitur</strong></span> <span class='ocrx_word' id='word_1_244' title='bbox 1021 1986 1094 2018; x_wconf 84' lang='lat' dir='ltr'><strong>vult</strong></span> <span class='ocrx_word' id='word_1_245' title='bbox 1113 1983 1206 2018; x_wconf 65' lang='lat' dir='ltr'><strong>Deus</strong></span> <span class='ocrx_word' id='word_1_246' title='bbox 1226 1997 1283 2017; x_wconf 88' lang='lat' dir='ltr'><strong>ac—</strong></span> 
     </span>
     <span class='ocr_line' id='line_1_38' title="bbox 296 2035 1282 2078; baseline -0.002 -7"><span class='ocrx_word' id='word_1_247' title='bbox 296 2050 415 2071; x_wconf 87' lang='lat' dir='ltr'><strong>cusare</strong></span> <span class='ocrx_word' id='word_1_248' title='bbox 447 2045 592 2071; x_wconf 85' lang='lat' dir='ltr'><strong>matrem</strong></span> <span class='ocrx_word' id='word_1_249' title='bbox 618 2038 698 2071; x_wconf 79' lang='lat' dir='ltr'><strong>Filii</strong></span> <span class='ocrx_word' id='word_1_250' title='bbox 730 2037 795 2072; x_wconf 89' lang='lat' dir='ltr'><strong>sui.</strong></span> <span class='ocrx_word' id='word_1_251' title='bbox 856 2036 928 2071; x_wconf 85' lang='lat' dir='ltr'><strong>Cur</strong></span> <span class='ocrx_word' id='word_1_252' title='bbox 951 2037 1057 2078; x_wconf 84' lang='lat' dir='ltr'><strong>igitur</strong></span> <span class='ocrx_word' id='word_1_253' title='bbox 1083 2035 1282 2069; x_wconf 70' lang='lat' dir='ltr'><strong>observavit</strong></span> 
     </span>
     <span class='ocr_line' id='line_1_39' title="bbox 296 2087 1282 2131; baseline -0.002 -10"><span class='ocrx_word' id='word_1_254' title='bbox 296 2088 411 2122; x_wconf 81' lang='lat' dir='ltr'><strong>Maria</strong></span> <span class='ocrx_word' id='word_1_255' title='bbox 444 2089 575 2121; x_wconf 81' lang='lat' dir='ltr'><strong>ritum?</strong></span> <span class='ocrx_word' id='word_1_256' title='bbox 626 2087 850 2131; x_wconf 76' lang='lat' dir='ltr'><strong>Respondeo.</strong></span> <span class='ocrx_word' id='word_1_257' title='bbox 888 2088 1051 2129; x_wconf 78' lang='lat' dir='ltr'><strong>Quatuor</strong></span> <span class='ocrx_word' id='word_1_258' title='bbox 1081 2093 1163 2119; x_wconf 88' lang='lat' dir='ltr'><strong>sunt</strong></span> <span class='ocrx_word' id='word_1_259' title='bbox 1198 2098 1282 2119; x_wconf 85' lang='lat' dir='ltr'><strong>cau-</strong></span> 
     </span>
     <span class='ocr_line' id='line_1_40' title="bbox 296 2136 1283 2178; baseline -0.003 -6"><span class='ocrx_word' id='word_1_260' title='bbox 296 2150 371 2178; x_wconf 81' lang='lat' dir='ltr'><strong>sae,</strong></span> <span class='ocrx_word' id='word_1_261' title='bbox 399 2151 460 2172; x_wconf 85' lang='lat' dir='ltr'><strong>cur</strong></span> <span class='ocrx_word' id='word_1_262' title='bbox 476 2136 639 2172; x_wconf 79' lang='lat' dir='ltr'><strong>Christus</strong></span> <span class='ocrx_word' id='word_1_263' title='bbox 654 2138 956 2172; x_wconf 79' lang='lat' dir='ltr'><strong>circumcisionem</strong></span> <span class='ocrx_word' id='word_1_264' title='bbox 973 2143 1004 2169; x_wconf 83' lang='lat' dir='ltr'><strong>et</strong></span> <span class='ocrx_word' id='word_1_265' title='bbox 1023 2144 1176 2170; x_wconf 84' lang='lat' dir='ltr'><strong>caeteros</strong></span> <span class='ocrx_word' id='word_1_266' title='bbox 1194 2137 1283 2171; x_wconf 89' lang='lat' dir='ltr'><strong>ritus</strong></span> 
     </span>
     <span class='ocr_line' id='line_1_41' title="bbox 296 2187 1282 2233; baseline -0.002 -12"><span class='ocrx_word' id='word_1_267' title='bbox 296 2202 418 2223; x_wconf 79' lang='lat' dir='ltr'><strong>omnes</strong></span> <span class='ocrx_word' id='word_1_268' title='bbox 447 2190 607 2223; x_wconf 77' lang='lat' dir='ltr'><strong>servavit.</strong></span> <span class='ocrx_word' id='word_1_269' title='bbox 671 2189 808 2229; x_wconf 78' lang='lat' dir='ltr'><strong>Prima,</strong></span> <span class='ocrx_word' id='word_1_270' title='bbox 844 2189 925 2233; x_wconf 88' lang='lat' dir='ltr'><strong>quia</strong></span> <span class='ocrx_word' id='word_1_271' title='bbox 957 2187 1102 2221; x_wconf 79' lang='lat' dir='ltr'><strong>subiecit</strong></span> <span class='ocrx_word' id='word_1_272' title='bbox 1134 2200 1169 2220; x_wconf 85' lang='lat' dir='ltr'><strong>se</strong></span> <span class='ocrx_word' id='word_1_273' title='bbox 1203 2188 1282 2231; x_wconf 83' lang='lat' dir='ltr'><strong>legi,</strong></span> 
     </span>
     <span class='ocr_line' id='line_1_42' title="bbox 297 2238 1280 2285; baseline -0.001 -13"><span class='ocrx_word' id='word_1_274' title='bbox 297 2248 333 2273; x_wconf 83' lang='lat' dir='ltr'><strong>ut</strong></span> <span class='ocrx_word' id='word_1_275' title='bbox 357 2241 488 2273; x_wconf 78' lang='lat' dir='ltr'><strong>subiret</strong></span> <span class='ocrx_word' id='word_1_276' title='bbox 515 2253 683 2282; x_wconf 74' lang='lat' dir='ltr'><strong>poenam,</strong></span> <span class='ocrx_word' id='word_1_277' title='bbox 710 2252 814 2285; x_wconf 82' lang='lat' dir='ltr'><strong>quam</strong></span> <span class='ocrx_word' id='word_1_278' title='bbox 834 2239 990 2272; x_wconf 85' lang='lat' dir='ltr'><strong>minatur</strong></span> <span class='ocrx_word' id='word_1_279' title='bbox 1007 2238 1059 2270; x_wconf 78' lang='lat' dir='ltr'><strong>lex</strong></span> <span class='ocrx_word' id='word_1_280' title='bbox 1079 2251 1141 2282; x_wconf 83' lang='lat' dir='ltr'><strong>pro</strong></span> <span class='ocrx_word' id='word_1_281' title='bbox 1161 2251 1280 2282; x_wconf 65' lang='lat' dir='ltr'><strong>pccca-</strong></span> 
     </span>
     <span class='ocr_line' id='line_1_43' title="bbox 295 2287 1281 2332; baseline -0.001 -10"><span class='ocrx_word' id='word_1_282' title='bbox 295 2292 338 2323; x_wconf 85' lang='lat' dir='ltr'><strong>tis</strong></span> <span class='ocrx_word' id='word_1_283' title='bbox 361 2291 496 2332; x_wconf 71' lang='lat' dir='ltr'><strong>generis</strong></span> <span class='ocrx_word' id='word_1_284' title='bbox 521 2288 677 2324; x_wconf 84' lang='lat' dir='ltr'><strong>humani.</strong></span> <span class='ocrx_word' id='word_1_285' title='bbox 733 2290 913 2330; x_wconf 82' lang='lat' dir='ltr'><strong>Secunda,</strong></span> <span class='ocrx_word' id='word_1_286' title='bbox 939 2296 976 2323; x_wconf 85' lang='lat' dir='ltr'><strong>ut</strong></span> <span class='ocrx_word' id='word_1_287' title='bbox 997 2296 1168 2322; x_wconf 76' lang='lat' dir='ltr'><strong>constaret</strong></span> <span class='ocrx_word' id='word_1_288' title='bbox 1187 2287 1281 2322; x_wconf 78' lang='lat' dir='ltr'><strong>hmtc</strong></span> 
     </span>
     <span class='ocr_line' id='line_1_44' title="bbox 299 2339 1280 2383; baseline -0.002 -9"><span class='ocrx_word' id='word_1_289' title='bbox 299 2341 463 2374; x_wconf 70' lang='lat' dir='ltr'><strong>Messinm</strong></span> <span class='ocrx_word' id='word_1_290' title='bbox 489 2353 561 2373; x_wconf 84' lang='lat' dir='ltr'><strong>esse</strong></span> <span class='ocrx_word' id='word_1_291' title='bbox 584 2355 621 2375; x_wconf 78' lang='lat' dir='ltr'><strong>ex</strong></span> <span class='ocrx_word' id='word_1_292' title='bbox 640 2342 770 2374; x_wconf 76' lang='lat' dir='ltr'><strong>semine</strong></span> <span class='ocrx_word' id='word_1_293' title='bbox 789 2339 971 2380; x_wconf 74' lang='lat' dir='ltr'><strong>Abrahae,</strong></span> <span class='ocrx_word' id='word_1_294' title='bbox 998 2341 1181 2383; x_wconf 81' lang='lat' dir='ltr'><strong>oportebat</strong></span> <span class='ocrx_word' id='word_1_295' title='bbox 1201 2352 1280 2372; x_wconf 77' lang='lat' dir='ltr'><strong>eum</strong></span> 
     </span>
     <span class='ocr_line' id='line_1_45' title="bbox 297 2390 1281 2435; baseline -0.001 -11"><span class='ocrx_word' id='word_1_296' title='bbox 297 2393 331 2425; x_wconf 91' lang='lat' dir='ltr'><strong>in</strong></span> <span class='ocrx_word' id='word_1_297' title='bbox 371 2390 436 2425; x_wconf 84' lang='lat' dir='ltr'><strong>hoc</strong></span> <span class='ocrx_word' id='word_1_298' title='bbox 468 2393 600 2435; x_wconf 86' lang='lat' dir='ltr'><strong>populo</strong></span> <span class='ocrx_word' id='word_1_299' title='bbox 622 2393 770 2431; x_wconf 70' lang='lat' dir='ltr'><strong>versari,</strong></span> <span class='ocrx_word' id='word_1_300' title='bbox 804 2398 835 2425; x_wconf 79' lang='lat' dir='ltr'><strong>et</strong></span> <span class='ocrx_word' id='word_1_301' title='bbox 860 2403 997 2425; x_wconf 76' lang='lat' dir='ltr'><strong>servare</strong></span> <span class='ocrx_word' id='word_1_302' title='bbox 1019 2391 1106 2423; x_wconf 87' lang='lat' dir='ltr'><strong>ritus</strong></span> <span class='ocrx_word' id='word_1_303' title='bbox 1131 2392 1281 2431; x_wconf 72' lang='lat' dir='ltr'><strong>cosdem,</strong></span> 
     </span>
     <span class='ocr_line' id='line_1_46' title="bbox 296 2441 1280 2486; baseline -0.002 -10"><span class='ocrx_word' id='word_1_304' title='bbox 296 2444 498 2486; x_wconf 80' lang='lat' dir='ltr'><strong>praesertim</strong></span> <span class='ocrx_word' id='word_1_305' title='bbox 524 2454 602 2475; x_wconf 85' lang='lat' dir='ltr'><strong>cnm</strong></span> <span class='ocrx_word' id='word_1_306' title='bbox 629 2443 824 2486; x_wconf 65' lang='lat' dir='ltr'><strong>oportuerit</strong></span> <span class='ocrx_word' id='word_1_307' title='bbox 849 2441 1007 2475; x_wconf 71' lang='lat' dir='ltr'><strong>exbiberi</strong></span> <span class='ocrx_word' id='word_1_308' title='bbox 1032 2453 1110 2475; x_wconf 90' lang='lat' dir='ltr'><strong>eum</strong></span> <span class='ocrx_word' id='word_1_309' title='bbox 1136 2441 1190 2474; x_wconf 88' lang='lat' dir='ltr'><strong>isti</strong></span> <span class='ocrx_word' id='word_1_310' title='bbox 1219 2454 1280 2485; x_wconf 87' lang='lat' dir='ltr'><strong>po-</strong></span> 
     </span>
     <span class='ocr_line' id='line_1_47' title="bbox 297 2492 1279 2538; baseline -0.001 -12"><span class='ocrx_word' id='word_1_311' title='bbox 297 2495 389 2536; x_wconf 85' lang='lat' dir='ltr'><strong>pulo.</strong></span> <span class='ocrx_word' id='word_1_312' title='bbox 446 2492 584 2531; x_wconf 77' lang='lat' dir='ltr'><strong>Tertia,</strong></span> <span class='ocrx_word' id='word_1_313' title='bbox 623 2494 704 2538; x_wconf 82' lang='lat' dir='ltr'><strong>quia</strong></span> <span class='ocrx_word' id='word_1_314' title='bbox 736 2494 892 2536; x_wconf 84' lang='lat' dir='ltr'><strong>oportuit</strong></span> <span class='ocrx_word' id='word_1_315' title='bbox 921 2492 1085 2526; x_wconf 63' lang='lat' dir='ltr'><strong>Messian:</strong></span> <span class='ocrx_word' id='word_1_316' title='bbox 1119 2503 1192 2525; x_wconf 85' lang='lat' dir='ltr'><strong>esse</strong></span> <span class='ocrx_word' id='word_1_317' title='bbox 1223 2504 1279 2525; x_wconf 84' lang='lat' dir='ltr'><strong>so-</strong></span> 
     </span>
     <span class='ocr_line' id='line_1_48' title="bbox 294 2543 1279 2589; baseline 0 -13"><span class='ocrx_word' id='word_1_318' title='bbox 294 2545 385 2577; x_wconf 80' lang='lat' dir='ltr'><strong>cium</strong></span> <span class='ocrx_word' id='word_1_319' title='bbox 405 2543 577 2577; x_wconf 66' lang='lat' dir='ltr'><strong>Ecclesiae</strong></span> <span class='ocrx_word' id='word_1_320' title='bbox 594 2543 678 2585; x_wconf 61' lang='lat' dir='ltr'><strong>Dei,</strong></span> <span class='ocrx_word' id='word_1_321' title='bbox 705 2552 737 2578; x_wconf 91' lang='lat' dir='ltr'><strong>et</strong></span> <span class='ocrx_word' id='word_1_322' title='bbox 762 2557 832 2577; x_wconf 89' lang='lat' dir='ltr'><strong>non</strong></span> <span class='ocrx_word' id='word_1_323' title='bbox 856 2545 974 2577; x_wconf 73' lang='lat' dir='ltr'><strong>abesse</strong></span> <span class='ocrx_word' id='word_1_324' title='bbox 999 2556 1016 2577; x_wconf 92' lang='lat' dir='ltr'><strong>a</strong></span> <span class='ocrx_word' id='word_1_325' title='bbox 1041 2543 1178 2589; x_wconf 84' lang='lat' dir='ltr'><strong>reliquo</strong></span> <span class='ocrx_word' id='word_1_326' title='bbox 1202 2555 1279 2576; x_wconf 86' lang='lat' dir='ltr'><strong>cor-</strong></span> 
     </span>
     <span class='ocr_line' id='line_1_49' title="bbox 294 2592 1278 2637; baseline -0.001 -10"><span class='ocrx_word' id='word_1_327' title='bbox 294 2607 377 2637; x_wconf 78' lang='lat' dir='ltr'><strong>pore</strong></span> <span class='ocrx_word' id='word_1_328' title='bbox 394 2593 584 2635; x_wconf 70' lang='lat' dir='ltr'><strong>Ecclesiae,</strong></span> <span class='ocrx_word' id='word_1_329' title='bbox 612 2601 648 2629; x_wconf 88' lang='lat' dir='ltr'><strong>nt</strong></span> <span class='ocrx_word' id='word_1_330' title='bbox 674 2595 766 2629; x_wconf 86' lang='lat' dir='ltr'><strong>clara</strong></span> <span class='ocrx_word' id='word_1_331' title='bbox 791 2595 990 2629; x_wconf 84' lang='lat' dir='ltr'><strong>testimonia</strong></span> <span class='ocrx_word' id='word_1_332' title='bbox 1006 2594 1042 2627; x_wconf 90' lang='lat' dir='ltr'><strong>in</strong></span> <span class='ocrx_word' id='word_1_333' title='bbox 1062 2592 1215 2628; x_wconf 78' lang='lat' dir='ltr'><strong>Ecclesia</strong></span> <span class='ocrx_word' id='word_1_334' title='bbox 1236 2596 1278 2627; x_wconf 76' lang='lat' dir='ltr'><strong>tle</strong></span> 
     </span>
     <span class='ocr_line' id='line_1_50' title="bbox 293 2645 1275 2689; baseline 0.001 -10"><span class='ocrx_word' id='word_1_335' title='bbox 293 2658 332 2679; x_wconf 79' lang='grc' dir='ltr'>ω</span> <span class='ocrx_word' id='word_1_336' title='bbox 358 2646 554 2680; x_wconf 77' lang='lat' dir='ltr'><strong>ederentur.</strong></span> <span class='ocrx_word' id='word_1_337' title='bbox 608 2646 761 2689; x_wconf 83' lang='lat' dir='ltr'><strong>Quarta,</strong></span> <span class='ocrx_word' id='word_1_338' title='bbox 787 2653 824 2681; x_wconf 88' lang='lat' dir='ltr'><strong>ut</strong></span> <span class='ocrx_word' id='word_1_339' title='bbox 847 2646 1047 2681; x_wconf 85' lang='lat' dir='ltr'><strong>testimonia</strong></span> <span class='ocrx_word' id='word_1_340' title='bbox 1071 2648 1114 2680; x_wconf 79' lang='lat' dir='ltr'><strong>dc</strong></span> <span class='ocrx_word' id='word_1_341' title='bbox 1130 2657 1172 2679; x_wconf 87' lang='lat' dir='ltr'><strong>eo</strong></span> <span class='ocrx_word' id='word_1_342' title='bbox 1189 2645 1275 2680; x_wconf 81' lang='lat' dir='ltr'><strong>illu-</strong></span> 
     </span>
    </p>
   </div>
   <div class='ocr_carea' id='block_1_4' title="bbox 883 54 1715 113">
    <p class='ocr_par' dir='ltr' id='par_1_6' title="bbox 883 54 1715 113">
     <span class='ocr_line' id='line_1_51' title="bbox 883 54 1715 113; baseline -0.005 0"><span class='ocrx_word' id='word_1_343' title='bbox 883 76 1009 113; x_wconf 71' lang='lat' dir='ltr'><strong>pum.</strong></span> <span class='ocrx_word' id='word_1_344' title='bbox 1035 54 1152 112; x_wconf 59' lang='lat' dir='ltr'><strong>mm„</strong></span> <span class='ocrx_word' id='word_1_345' title='bbox 1180 71 1391 112; x_wconf 71' lang='lat' dir='ltr'><strong>semem</strong></span> <span class='ocrx_word' id='word_1_346' title='bbox 1416 71 1715 111; x_wconf 53' lang='lat' dir='ltr'><strong>Exmss&#39;rtcm</strong></span> 
     </span>
    </p>
   </div>
   <div class='ocr_carea' id='block_1_5' title="bbox 2231 44 2345 112">
    <p class='ocr_par' dir='ltr' id='par_1_7' title="bbox 2231 44 2345 112">
     <span class='ocr_line' id='line_1_52' title="bbox 2231 44 2345 112; baseline 0.026 -3"><span class='ocrx_word' id='word_1_347' title='bbox 2231 72 2309 112; x_wconf 71' lang='lat'><strong>452</strong></span> <span class='ocrx_word' id='word_1_348' title='bbox 2337 44 2345 63; x_wconf 69' lang='lat'>⁵</span> 
     </span>
    </p>
   </div>
   <div class='ocr_carea' id='block_1_6' title="bbox 1326 157 2400 869">
    <p class='ocr_par' dir='ltr' id='par_1_8' title="bbox 1326 157 2400 869">
     <span class='ocr_line' id='line_1_53' title="bbox 1326 157 2378 205; baseline -0.001 -11"><span class='ocrx_word' id='word_1_349' title='bbox 1326 160 1411 195; x_wconf 86' lang='lat' dir='ltr'><strong>stria</strong></span> <span class='ocrx_word' id='word_1_350' title='bbox 1436 166 1685 204; x_wconf 85' lang='lat' dir='ltr'><strong>spargerentur</strong></span> <span class='ocrx_word' id='word_1_351' title='bbox 1701 169 1762 203; x_wconf 85' lang='lat' dir='ltr'><strong>per</strong></span> <span class='ocrx_word' id='word_1_352' title='bbox 1777 157 1894 203; x_wconf 90' lang='lat' dir='ltr'><strong>ipsum</strong></span> <span class='ocrx_word' id='word_1_353' title='bbox 1912 157 2170 203; x_wconf 88' lang='lat' dir='ltr'><strong>ministerium,</strong></span> <span class='ocrx_word' id='word_1_354' title='bbox 2193 165 2234 195; x_wconf 84' lang='lat' dir='ltr'><strong>ut</strong></span> <span class='ocrx_word' id='word_1_355' title='bbox 2247 172 2313 205; x_wconf 78' lang='lat' dir='ltr'><strong>per</strong></span> <span class='ocrx_word' id='word_1_356' title='bbox 2361 165 2378 180; x_wconf 72' lang='lat'>⁸</span> 
     </span>
     <span class='ocr_line' id='line_1_54' title="bbox 1327 205 2313 252; baseline 0 -7"><span class='ocrx_word' id='word_1_357' title='bbox 1327 208 1554 252; x_wconf 85' lang='lat' dir='ltr'><strong>Zachariam,</strong></span> <span class='ocrx_word' id='word_1_358' title='bbox 1590 210 1815 251; x_wconf 88' lang='lat' dir='ltr'><strong>Simeonem,</strong></span> <span class='ocrx_word' id='word_1_359' title='bbox 1846 205 2049 248; x_wconf 83' lang='lat' dir='ltr'><strong>Elisabeth,</strong></span> <span class='ocrx_word' id='word_1_360' title='bbox 2083 207 2245 251; x_wconf 86' lang='lat' dir='ltr'><strong>Annam,</strong></span> <span class='ocrx_word' id='word_1_361' title='bbox 2278 216 2313 246; x_wconf 81' lang='lat' dir='ltr'><strong>ct</strong></span> 
     </span>
     <span class='ocr_line' id='line_1_55' title="bbox 1327 262 2400 305; baseline 0.007 -10"><span class='ocrx_word' id='word_1_362' title='bbox 1327 262 1426 298; x_wconf 74' lang='lat' dir='ltr'><strong>allos.</strong></span> <span class='ocrx_word' id='word_1_363' title='bbox 2365 269 2400 305; x_wconf 50' lang='lat'><strong>⁴1</strong></span> 
     </span>
     <span class='ocr_line' id='line_1_56' title="bbox 1430 311 2388 364; baseline -0.002 -11"><span class='ocrx_word' id='word_1_364' title='bbox 1430 319 1598 353; x_wconf 85' lang='lat' dir='ltr'><strong>Parentes</strong></span> <span class='ocrx_word' id='word_1_365' title='bbox 1620 331 1701 364; x_wconf 84' lang='lat' dir='ltr'><strong>ergo</strong></span> <span class='ocrx_word' id='word_1_366' title='bbox 1726 332 1805 354; x_wconf 88' lang='lat' dir='ltr'><strong>cum</strong></span> <span class='ocrx_word' id='word_1_367' title='bbox 1832 317 1896 353; x_wconf 90' lang='lat' dir='ltr'><strong>has</strong></span> <span class='ocrx_word' id='word_1_368' title='bbox 1920 330 2039 353; x_wconf 91' lang='lat' dir='ltr'><strong>causas</strong></span> <span class='ocrx_word' id='word_1_369' title='bbox 2063 318 2213 359; x_wconf 89' lang='lat' dir='ltr'><strong>scirent,</strong></span> <span class='ocrx_word' id='word_1_370' title='bbox 2245 318 2315 364; x_wconf 81' lang='lat' dir='ltr'><strong>legi</strong></span> <span class='ocrx_word' id='word_1_371' title='bbox 2346 351 2353 358; x_wconf 74' lang='grc'><strong>,</strong></span> <span class='ocrx_word' id='word_1_372' title='bbox 2382 311 2388 317; x_wconf 74' lang='lat'>&#39;</span> 
     </span>
     <span class='ocr_line' id='line_1_57' title="bbox 1329 368 2391 421; baseline 0 -17"><span class='ocrx_word' id='word_1_373' title='bbox 1329 371 1590 414; x_wconf 81' lang='lat' dir='ltr'><strong>obtemperant,</strong></span> <span class='ocrx_word' id='word_1_374' title='bbox 1615 376 1650 404; x_wconf 88' lang='lat' dir='ltr'><strong>et</strong></span> <span class='ocrx_word' id='word_1_375' title='bbox 1671 376 1819 404; x_wconf 88' lang='lat' dir='ltr'><strong>monent</strong></span> <span class='ocrx_word' id='word_1_376' title='bbox 1839 382 1924 410; x_wconf 91' lang='lat' dir='ltr'><strong>nos,</strong></span> <span class='ocrx_word' id='word_1_377' title='bbox 1949 377 1990 403; x_wconf 90' lang='lat' dir='ltr'><strong>ut</strong></span> <span class='ocrx_word' id='word_1_378' title='bbox 2014 368 2316 421; x_wconf 48' lang='lat' dir='ltr'><strong>conservationem</strong></span> <span class='ocrx_word' id='word_1_379' title='bbox 2363 368 2391 404; x_wconf 61' lang='grc' dir='ltr'>Ι</span> 
     </span>
     <span class='ocr_line' id='line_1_58' title="bbox 1331 420 2389 462; baseline 0 -8"><span class='ocrx_word' id='word_1_380' title='bbox 1331 421 1518 455; x_wconf 87' lang='lat' dir='ltr'><strong>ministerii</strong></span> <span class='ocrx_word' id='word_1_381' title='bbox 1553 421 1781 462; x_wconf 90' lang='lat' dir='ltr'><strong>adiuvemus,</strong></span> <span class='ocrx_word' id='word_1_382' title='bbox 1821 428 1855 455; x_wconf 89' lang='lat' dir='ltr'><strong>et</strong></span> <span class='ocrx_word' id='word_1_383' title='bbox 1890 420 2106 455; x_wconf 87' lang='lat' dir='ltr'><strong>declaremus</strong></span> <span class='ocrx_word' id='word_1_384' title='bbox 2147 431 2212 454; x_wconf 90' lang='lat' dir='ltr'><strong>nos</strong></span> <span class='ocrx_word' id='word_1_385' title='bbox 2243 431 2316 455; x_wconf 79' lang='lat' dir='ltr'><strong>esse</strong></span> <span class='ocrx_word' id='word_1_386' title='bbox 2365 423 2389 454; x_wconf 68' lang='lat' dir='ltr'><strong>t:</strong></span> 
     </span>
     <span class='ocr_line' id='line_1_59' title="bbox 1331 468 2399 533; baseline -0.003 -27"><span class='ocrx_word' id='word_1_387' title='bbox 1331 472 1487 506; x_wconf 91' lang='lat' dir='ltr'><strong>membra</strong></span> <span class='ocrx_word' id='word_1_388' title='bbox 1511 483 1613 505; x_wconf 88' lang='lat' dir='ltr'><strong>verae</strong></span> <span class='ocrx_word' id='word_1_389' title='bbox 1635 469 1821 505; x_wconf 85' lang='lat' dir='ltr'><strong>Ecclesiae.</strong></span> <span class='ocrx_word' id='word_1_390' title='bbox 1871 469 1920 505; x_wconf 87' lang='lat' dir='ltr'><strong>Et</strong></span> <span class='ocrx_word' id='word_1_391' title='bbox 1943 472 2038 516; x_wconf 87' lang='lat' dir='ltr'><strong>quod</strong></span> <span class='ocrx_word' id='word_1_392' title='bbox 2061 470 2177 505; x_wconf 87' lang='lat' dir='ltr'><strong>Maria</strong></span> <span class='ocrx_word' id='word_1_393' title='bbox 2202 477 2236 504; x_wconf 90' lang='lat' dir='ltr'><strong>et</strong></span> <span class='ocrx_word' id='word_1_394' title='bbox 2258 468 2399 533; x_wconf 41' lang='lat' dir='ltr'><strong>Ion-v*-¹</strong></span> 
     </span>
     <span class='ocr_line' id='line_1_60' title="bbox 1332 519 2399 567; baseline -0.004 -10"><span class='ocrx_word' id='word_1_395' title='bbox 1332 520 1416 567; x_wconf 83' lang='lat' dir='ltr'><strong>seph</strong></span> <span class='ocrx_word' id='word_1_396' title='bbox 1439 529 1531 556; x_wconf 85' lang='lat' dir='ltr'><strong>recte</strong></span> <span class='ocrx_word' id='word_1_397' title='bbox 1555 522 1677 556; x_wconf 86' lang='lat' dir='ltr'><strong>fecerit</strong></span> <span class='ocrx_word' id='word_1_398' title='bbox 1702 522 1775 566; x_wconf 91' lang='lat' dir='ltr'><strong>ipse</strong></span> <span class='ocrx_word' id='word_1_399' title='bbox 1791 519 1885 555; x_wconf 89' lang='lat' dir='ltr'><strong>Deus</strong></span> <span class='ocrx_word' id='word_1_400' title='bbox 1908 528 2072 563; x_wconf 89' lang='lat' dir='ltr'><strong>testatur,</strong></span> <span class='ocrx_word' id='word_1_401' title='bbox 2099 522 2159 567; x_wconf 90' lang='lat' dir='ltr'><strong>qui</strong></span> <span class='ocrx_word' id='word_1_402' title='bbox 2185 519 2244 554; x_wconf 89' lang='lat' dir='ltr'><strong>hic</strong></span> <span class='ocrx_word' id='word_1_403' title='bbox 2261 520 2320 554; x_wconf 88' lang='lat' dir='ltr'><strong>in-</strong></span> <span class='ocrx_word' id='word_1_404' title='bbox 2395 553 2399 560; x_wconf 73' lang='grc'><strong>,</strong></span> 
     </span>
     <span class='ocr_line' id='line_1_61' title="bbox 1331 571 2399 626; baseline 0.002 -20"><span class='ocrx_word' id='word_1_405' title='bbox 1331 574 1423 617; x_wconf 82' lang='lat' dir='ltr'><strong>signi</strong></span> <span class='ocrx_word' id='word_1_406' title='bbox 1454 573 1624 607; x_wconf 88' lang='lat' dir='ltr'><strong>miraculo</strong></span> <span class='ocrx_word' id='word_1_407' title='bbox 1651 579 1769 606; x_wconf 86' lang='lat' dir='ltr'><strong>movet</strong></span> <span class='ocrx_word' id='word_1_408' title='bbox 1792 571 1995 606; x_wconf 89' lang='lat' dir='ltr'><strong>Simeonem</strong></span> <span class='ocrx_word' id='word_1_409' title='bbox 2026 579 2059 607; x_wconf 83' lang='lat' dir='ltr'><strong>et</strong></span> <span class='ocrx_word' id='word_1_410' title='bbox 2082 574 2246 613; x_wconf 86' lang='lat' dir='ltr'><strong>Annam,</strong></span> <span class='ocrx_word' id='word_1_411' title='bbox 2279 578 2350 608; x_wconf 56' lang='lat' dir='ltr'><strong>ute*</strong></span> <span class='ocrx_word' id='word_1_412' title='bbox 2372 601 2399 626; x_wconf 39' lang='grc' dir='ltr'><strong>ι.</strong></span> 
     </span>
     <span class='ocr_line' id='line_1_62' title="bbox 1332 621 2363 672; baseline 0.001 -16"><span class='ocrx_word' id='word_1_413' title='bbox 1332 623 1581 659; x_wconf 71' lang='lat' dir='ltr'><strong>vaticinentur,</strong></span> <span class='ocrx_word' id='word_1_414' title='bbox 1635 621 1776 656; x_wconf 83' lang='lat' dir='ltr'><strong>Dicitur</strong></span> <span class='ocrx_word' id='word_1_415' title='bbox 1799 622 1894 655; x_wconf 90' lang='lat' dir='ltr'><strong>enim</strong></span> <span class='ocrx_word' id='word_1_416' title='bbox 1917 622 2059 657; x_wconf 84' lang='lat' dir='ltr'><strong>diserte:</strong></span> <span class='ocrx_word' id='word_1_417' title='bbox 2095 621 2204 656; x_wconf 72' lang='lat' dir='ltr'><strong>Venit</strong></span> <span class='ocrx_word' id='word_1_418' title='bbox 2219 629 2319 657; x_wconf 85' lang='lat' dir='ltr'><strong>motu</strong></span> <span class='ocrx_word' id='word_1_419' title='bbox 2356 662 2363 672; x_wconf 29' lang='grc' dir='ltr'><em>ι</em></span> 
     </span>
     <span class='ocr_line' id='line_1_63' title="bbox 1333 673 2319 719; baseline -0.003 -10"><span class='ocrx_word' id='word_1_420' title='bbox 1333 674 1490 719; x_wconf 89' lang='lat' dir='ltr'><strong>Spiritus</strong></span> <span class='ocrx_word' id='word_1_421' title='bbox 1518 675 1556 707; x_wconf 91' lang='lat' dir='ltr'><strong>in</strong></span> <span class='ocrx_word' id='word_1_422' title='bbox 1588 674 1773 717; x_wconf 86' lang='lat' dir='ltr'><strong>templum.</strong></span> <span class='ocrx_word' id='word_1_423' title='bbox 1840 673 2029 707; x_wconf 86' lang='lat' dir='ltr'><strong>Discamus</strong></span> <span class='ocrx_word' id='word_1_424' title='bbox 2061 681 2175 707; x_wconf 89' lang='lat' dir='ltr'><strong>autem</strong></span> <span class='ocrx_word' id='word_1_425' title='bbox 2197 673 2319 706; x_wconf 88' lang='lat' dir='ltr'><strong>Deum</strong></span> 
     </span>
     <span class='ocr_line' id='line_1_64' title="bbox 1333 722 2377 778; baseline -0.003 -19"><span class='ocrx_word' id='word_1_426' title='bbox 1333 726 1453 759; x_wconf 88' lang='lat' dir='ltr'><strong>adesse</strong></span> <span class='ocrx_word' id='word_1_427' title='bbox 1484 722 1568 758; x_wconf 90' lang='lat' dir='ltr'><strong>huic</strong></span> <span class='ocrx_word' id='word_1_428' title='bbox 1595 725 1712 758; x_wconf 88' lang='lat' dir='ltr'><strong>studio</strong></span> <span class='ocrx_word' id='word_1_429' title='bbox 1738 723 1970 757; x_wconf 87' lang='lat' dir='ltr'><strong>conservandi</strong></span> <span class='ocrx_word' id='word_1_430' title='bbox 1993 723 2192 758; x_wconf 91' lang='lat' dir='ltr'><strong>communis</strong></span> <span class='ocrx_word' id='word_1_431' title='bbox 2212 722 2377 778; x_wconf 45' lang='lat' dir='ltr'><strong>mini-⁵4·</strong></span> 
     </span>
     <span class='ocr_line' id='line_1_65' title="bbox 1334 773 2322 820; baseline -0.001 -10"><span class='ocrx_word' id='word_1_432' title='bbox 1334 776 1450 816; x_wconf 86' lang='lat' dir='ltr'><strong>sterii,</strong></span> <span class='ocrx_word' id='word_1_433' title='bbox 1476 775 1557 820; x_wconf 90' lang='lat' dir='ltr'><strong>quia</strong></span> <span class='ocrx_word' id='word_1_434' title='bbox 1583 775 1655 818; x_wconf 86' lang='lat' dir='ltr'><strong>ipse</strong></span> <span class='ocrx_word' id='word_1_435' title='bbox 1671 782 1723 809; x_wconf 84' lang='lat' dir='ltr'><strong>est</strong></span> <span class='ocrx_word' id='word_1_436' title='bbox 1738 776 1857 809; x_wconf 79' lang='lat' dir='ltr'><strong>efficax</strong></span> <span class='ocrx_word' id='word_1_437' title='bbox 1873 786 1936 819; x_wconf 90' lang='lat' dir='ltr'><strong>per</strong></span> <span class='ocrx_word' id='word_1_438' title='bbox 1952 774 2206 816; x_wconf 91' lang='lat' dir='ltr'><strong>ministerium,</strong></span> <span class='ocrx_word' id='word_1_439' title='bbox 2231 773 2322 809; x_wconf 79' lang='lat' dir='ltr'><strong>sicut</strong></span> 
     </span>
     <span class='ocr_line' id='line_1_66' title="bbox 1334 822 2394 869; baseline -0.001 -8"><span class='ocrx_word' id='word_1_440' title='bbox 1334 827 1436 861; x_wconf 90' lang='lat' dir='ltr'><strong>dicit:</strong></span> <span class='ocrx_word' id='word_1_441' title='bbox 1465 825 1538 869; x_wconf 87' lang='lat' dir='ltr'><strong>Qui</strong></span> <span class='ocrx_word' id='word_1_442' title='bbox 1557 837 1619 859; x_wconf 82' lang='lat' dir='ltr'><strong>vos</strong></span> <span class='ocrx_word' id='word_1_443' title='bbox 1634 826 1750 868; x_wconf 86' lang='lat' dir='ltr'><strong>audit,</strong></span> <span class='ocrx_word' id='word_1_444' title='bbox 1777 838 1832 859; x_wconf 93' lang='lat' dir='ltr'><strong>me</strong></span> <span class='ocrx_word' id='word_1_445' title='bbox 1849 825 1960 861; x_wconf 88' lang='lat' dir='ltr'><strong>audit.</strong></span> <span class='ocrx_word' id='word_1_446' title='bbox 2381 822 2394 838; x_wconf 78' lang='lat'><strong>‘</strong></span> 
     </span>
    </p>
   </div>
   <div class='ocr_carea' id='block_1_7' title="bbox 2392 541 2409 1521">
    <p class='ocr_par' dir='ltr' id='par_1_9' title="bbox 2392 541 2409 1521">
     <span class='ocr_line' id='line_1_67' title="bbox 2396 541 2409 1162; baseline 0 0"><span class='ocrx_word' id='word_1_447' title='bbox 2396 541 2409 1162; x_wconf 95' lang='lat' dir='ltr'><strong>       </strong></span> 
     </span>
     <span class='ocr_line' id='line_1_68' title="bbox 2392 1162 2409 1521; baseline 0 -168"><span class='ocrx_word' id='word_1_448' title='bbox 2392 1162 2409 1521; x_wconf 95' lang='lat' dir='ltr'><strong>   </strong></span> 
     </span>
    </p>
   </div>
   <div class='ocr_carea' id='block_1_8' title="bbox 1730 940 2395 979">
    <p class='ocr_par' dir='ltr' id='par_1_10' title="bbox 1730 940 2395 979">
     <span class='ocr_line' id='line_1_69' title="bbox 1730 940 2395 979; baseline 0 -13"><span class='ocrx_word' id='word_1_449' title='bbox 1730 942 1776 966; x_wconf 80' lang='lat' dir='ltr'><strong>ne</strong></span> <span class='ocrx_word' id='word_1_450' title='bbox 1809 940 1926 967; x_wconf 78' lang='lat' dir='ltr'><strong>tertio.</strong></span> <span class='ocrx_word' id='word_1_451' title='bbox 2304 972 2306 974; x_wconf 19' lang='lat'>³</span> <span class='ocrx_word' id='word_1_452' title='bbox 2360 954 2395 979; x_wconf 40' lang='lat' dir='ltr'><strong>«n</strong></span> 
     </span>
    </p>
   </div>
   <div class='ocr_carea' id='block_1_9' title="bbox 1334 1002 2395 1899">
    <p class='ocr_par' dir='ltr' id='par_1_11' title="bbox 1334 1002 2395 1899">
     <span class='ocr_line' id='line_1_70' title="bbox 1437 1002 2369 1052; baseline -0.001 -14"><span class='ocrx_word' id='word_1_453' title='bbox 1437 1004 1511 1038; x_wconf 85' lang='lat' dir='ltr'><strong>Ter</strong></span> <span class='ocrx_word' id='word_1_454' title='bbox 1530 1002 1568 1037; x_wconf 90' lang='lat' dir='ltr'><strong>in</strong></span> <span class='ocrx_word' id='word_1_455' title='bbox 1585 1002 1688 1037; x_wconf 88' lang='lat' dir='ltr'><strong>Mose</strong></span> <span class='ocrx_word' id='word_1_456' title='bbox 1711 1010 1762 1038; x_wconf 86' lang='lat' dir='ltr'><strong>est</strong></span> <span class='ocrx_word' id='word_1_457' title='bbox 1782 1004 1928 1052; x_wconf 87' lang='lat' dir='ltr'><strong>repetita</strong></span> <span class='ocrx_word' id='word_1_458' title='bbox 1946 1003 2001 1036; x_wconf 88' lang='lat' dir='ltr'><strong>lex</strong></span> <span class='ocrx_word' id='word_1_459' title='bbox 2019 1004 2062 1037; x_wconf 94' lang='lat' dir='ltr'><strong>de</strong></span> <span class='ocrx_word' id='word_1_460' title='bbox 2079 1004 2322 1049; x_wconf 78' lang='lat' dir='ltr'><strong>primogenitis</strong></span> <span class='ocrx_word' id='word_1_461' title='bbox 2352 1021 2369 1037; x_wconf 66' lang='lat' dir='ltr'><strong>a</strong></span> 
     </span>
     <span class='ocr_line' id='line_1_71' title="bbox 1335 1052 2333 1093; baseline 0.002 -5"><span class='ocrx_word' id='word_1_462' title='bbox 1335 1055 1509 1091; x_wconf 86' lang='lat' dir='ltr'><strong>masculis.</strong></span> <span class='ocrx_word' id='word_1_463' title='bbox 1561 1053 1675 1089; x_wconf 81' lang='lat' dir='ltr'><strong>Exod.</strong></span> <span class='ocrx_word' id='word_1_464' title='bbox 1695 1054 1754 1089; x_wconf 80' lang='lat'><strong>15.</strong></span> <span class='ocrx_word' id='word_1_465' title='bbox 1806 1053 1894 1088; x_wconf 87' lang='lat' dir='ltr'><strong>Item</strong></span> <span class='ocrx_word' id='word_1_466' title='bbox 1911 1052 1972 1089; x_wconf 83' lang='lat'><strong>34.</strong></span> <span class='ocrx_word' id='word_1_467' title='bbox 1997 1061 2029 1088; x_wconf 90' lang='lat' dir='ltr'><strong>et</strong></span> <span class='ocrx_word' id='word_1_468' title='bbox 2045 1054 2152 1090; x_wconf 83' lang='lat' dir='ltr'><strong>Nnm.</strong></span> <span class='ocrx_word' id='word_1_469' title='bbox 2167 1055 2201 1089; x_wconf 88' lang='lat'><strong>8.</strong></span> <span class='ocrx_word' id='word_1_470' title='bbox 2221 1062 2255 1090; x_wconf 87' lang='lat' dir='ltr'><strong>et</strong></span> <span class='ocrx_word' id='word_1_471' title='bbox 2271 1063 2333 1093; x_wconf 74' lang='lat' dir='ltr'><strong>est·</strong></span> 
     </span>
     <span class='ocr_line' id='line_1_72' title="bbox 1335 1102 2395 1150; baseline 0.001 -11"><span class='ocrx_word' id='word_1_472' title='bbox 1335 1105 1500 1139; x_wconf 86' lang='lat' dir='ltr'><strong>adiuncta</strong></span> <span class='ocrx_word' id='word_1_473' title='bbox 1540 1102 1747 1143; x_wconf 79' lang='grc' dir='ltr'><strong>ἀντίθεσις,</strong></span> <span class='ocrx_word' id='word_1_474' title='bbox 1790 1105 1872 1149; x_wconf 86' lang='lat' dir='ltr'><strong>quia</strong></span> <span class='ocrx_word' id='word_1_475' title='bbox 1906 1104 2060 1148; x_wconf 89' lang='lat' dir='ltr'><strong>percussi</strong></span> <span class='ocrx_word' id='word_1_476' title='bbox 2088 1105 2324 1149; x_wconf 79' lang='lat' dir='ltr'><strong>primogenita</strong></span> <span class='ocrx_word' id='word_1_477' title='bbox 2360 1110 2395 1150; x_wconf 50' lang='grc' dir='ltr'><strong>ἦ</strong></span> 
     </span>
     <span class='ocr_line' id='line_1_73' title="bbox 1335 1154 2365 1202; baseline 0.001 -12"><span class='ocrx_word' id='word_1_478' title='bbox 1335 1154 1505 1202; x_wconf 84' lang='lat' dir='ltr'><strong>Aegypti,</strong></span> <span class='ocrx_word' id='word_1_479' title='bbox 1538 1167 1645 1199; x_wconf 89' lang='lat' dir='ltr'><strong>posco</strong></span> <span class='ocrx_word' id='word_1_480' title='bbox 1667 1162 1780 1189; x_wconf 78' lang='lat' dir='ltr'><strong>vestra</strong></span> <span class='ocrx_word' id='word_1_481' title='bbox 1805 1155 2048 1199; x_wconf 85' lang='lat' dir='ltr'><strong>primogenita.</strong></span> <span class='ocrx_word' id='word_1_482' title='bbox 2101 1155 2325 1191; x_wconf 80' lang='lat' dir='ltr'><strong>Generaliter</strong></span> <span class='ocrx_word' id='word_1_483' title='bbox 2347 1162 2365 1172; x_wconf 87' lang='lat'><strong>&#39;&#39;</strong></span> 
     </span>
     <span class='ocr_line' id='line_1_74' title="bbox 1335 1204 2324 1250; baseline 0.002 -10"><span class='ocrx_word' id='word_1_484' title='bbox 1335 1214 1450 1240; x_wconf 85' lang='lat' dir='ltr'><strong>autem</strong></span> <span class='ocrx_word' id='word_1_485' title='bbox 1485 1206 1718 1250; x_wconf 85' lang='lat' dir='ltr'><strong>significatum</strong></span> <span class='ocrx_word' id='word_1_486' title='bbox 1751 1213 1818 1247; x_wconf 82' lang='lat' dir='ltr'><strong>est,</strong></span> <span class='ocrx_word' id='word_1_487' title='bbox 1855 1204 1950 1239; x_wconf 86' lang='lat' dir='ltr'><strong>hunc</strong></span> <span class='ocrx_word' id='word_1_488' title='bbox 1981 1205 2151 1250; x_wconf 87' lang='lat' dir='ltr'><strong>populum</strong></span> <span class='ocrx_word' id='word_1_489' title='bbox 2174 1207 2324 1242; x_wconf 84' lang='lat' dir='ltr'><strong>electum</strong></span> 
     </span>
     <span class='ocr_line' id='line_1_75' title="bbox 1335 1254 2341 1303; baseline 0.001 -12"><span class='ocrx_word' id='word_1_490' title='bbox 1335 1269 1408 1291; x_wconf 88' lang='lat' dir='ltr'><strong>esse</strong></span> <span class='ocrx_word' id='word_1_491' title='bbox 1431 1269 1450 1290; x_wconf 93' lang='lat' dir='ltr'><strong>a</strong></span> <span class='ocrx_word' id='word_1_492' title='bbox 1474 1257 1568 1296; x_wconf 89' lang='lat' dir='ltr'><strong>Deo,</strong></span> <span class='ocrx_word' id='word_1_493' title='bbox 1602 1264 1641 1292; x_wconf 87' lang='lat' dir='ltr'><strong>ut</strong></span> <span class='ocrx_word' id='word_1_494' title='bbox 1665 1257 1702 1290; x_wconf 92' lang='lat' dir='ltr'><strong>in</strong></span> <span class='ocrx_word' id='word_1_495' title='bbox 1726 1268 1766 1290; x_wconf 93' lang='lat' dir='ltr'><strong>eo</strong></span> <span class='ocrx_word' id='word_1_496' title='bbox 1792 1257 1837 1291; x_wconf 89' lang='lat' dir='ltr'><strong>sit</strong></span> <span class='ocrx_word' id='word_1_497' title='bbox 1861 1254 2033 1291; x_wconf 87' lang='lat' dir='ltr'><strong>Ecclesia.</strong></span> <span class='ocrx_word' id='word_1_498' title='bbox 2085 1255 2184 1291; x_wconf 89' lang='lat' dir='ltr'><strong>Sicut</strong></span> <span class='ocrx_word' id='word_1_499' title='bbox 2207 1264 2341 1303; x_wconf 74' lang='lat' dir='ltr'><strong>autern,</strong></span> 
     </span>
     <span class='ocr_line' id='line_1_76' title="bbox 1334 1307 2368 1345; baseline 0.002 -5"><span class='ocrx_word' id='word_1_500' title='bbox 1334 1308 1497 1341; x_wconf 83' lang='lat' dir='ltr'><strong>subditus</strong></span> <span class='ocrx_word' id='word_1_501' title='bbox 1527 1313 1621 1340; x_wconf 90' lang='lat' dir='ltr'><strong>certo</strong></span> <span class='ocrx_word' id='word_1_502' title='bbox 1652 1319 1798 1340; x_wconf 89' lang='lat' dir='ltr'><strong>munere</strong></span> <span class='ocrx_word' id='word_1_503' title='bbox 1824 1313 1992 1345; x_wconf 81' lang='lat' dir='ltr'><strong>testatur,</strong></span> <span class='ocrx_word' id='word_1_504' title='bbox 2024 1318 2059 1340; x_wconf 92' lang='lat' dir='ltr'><strong>se</strong></span> <span class='ocrx_word' id='word_1_505' title='bbox 2080 1318 2144 1341; x_wconf 89' lang='lat' dir='ltr'><strong>suo</strong></span> <span class='ocrx_word' id='word_1_506' title='bbox 2167 1307 2325 1344; x_wconf 81' lang='lat' dir='ltr'><strong>Domino</strong></span> <span class='ocrx_word' id='word_1_507' title='bbox 2356 1315 2368 1328; x_wconf 85' lang='grc'><em>“</em></span> 
     </span>
     <span class='ocr_line' id='line_1_77' title="bbox 1334 1345 2362 1401; baseline 0.003 -10"><span class='ocrx_word' id='word_1_508' title='bbox 1334 1358 1514 1392; x_wconf 87' lang='lat' dir='ltr'><strong>addictum</strong></span> <span class='ocrx_word' id='word_1_509' title='bbox 1542 1368 1632 1390; x_wconf 85' lang='lat' dir='ltr'><strong>esse:</strong></span> <span class='ocrx_word' id='word_1_510' title='bbox 1658 1358 1705 1391; x_wconf 89' lang='lat' dir='ltr'><strong>ita</strong></span> <span class='ocrx_word' id='word_1_511' title='bbox 1733 1357 1807 1390; x_wconf 91' lang='lat' dir='ltr'><strong>vult</strong></span> <span class='ocrx_word' id='word_1_512' title='bbox 1824 1356 1920 1390; x_wconf 91' lang='lat' dir='ltr'><strong>Deus</strong></span> <span class='ocrx_word' id='word_1_513' title='bbox 1946 1369 1982 1391; x_wconf 91' lang='lat' dir='ltr'><strong>se</strong></span> <span class='ocrx_word' id='word_1_514' title='bbox 2002 1359 2143 1401; x_wconf 85' lang='lat' dir='ltr'><strong>agnosci</strong></span> <span class='ocrx_word' id='word_1_515' title='bbox 2159 1370 2231 1392; x_wconf 89' lang='lat' dir='ltr'><strong>esse</strong></span> <span class='ocrx_word' id='word_1_516' title='bbox 2247 1357 2326 1394; x_wconf 87' lang='lat' dir='ltr'><strong>Do·</strong></span> <span class='ocrx_word' id='word_1_517' title='bbox 2349 1345 2362 1359; x_wconf 42' lang='grc' dir='ltr'>ι</span> 
     </span>
     <span class='ocr_line' id='line_1_78' title="bbox 1335 1380 2394 1453; baseline 0.002 -12"><span class='ocrx_word' id='word_1_518' title='bbox 1335 1409 1470 1442; x_wconf 91' lang='lat' dir='ltr'><strong>minum</strong></span> <span class='ocrx_word' id='word_1_519' title='bbox 1495 1406 1600 1441; x_wconf 90' lang='lat' dir='ltr'><strong>huius</strong></span> <span class='ocrx_word' id='word_1_520' title='bbox 1620 1408 1754 1453; x_wconf 86' lang='lat' dir='ltr'><strong>populi.</strong></span> <span class='ocrx_word' id='word_1_521' title='bbox 1808 1407 1982 1441; x_wconf 86' lang='lat' dir='ltr'><strong>Turcicus</strong></span> <span class='ocrx_word' id='word_1_522' title='bbox 2001 1415 2171 1453; x_wconf 88' lang='lat' dir='ltr'><strong>tyrannus</strong></span> <span class='ocrx_word' id='word_1_523' title='bbox 2189 1421 2230 1443; x_wconf 81' lang='lat' dir='ltr'><strong>ex</strong></span> <span class='ocrx_word' id='word_1_524' title='bbox 2248 1409 2325 1444; x_wconf 87' lang='lat' dir='ltr'><strong>sin-</strong></span> <span class='ocrx_word' id='word_1_525' title='bbox 2374 1380 2394 1449; x_wconf 62' lang='grc'><strong>1,</strong></span> 
     </span>
     <span class='ocr_line' id='line_1_79' title="bbox 1335 1458 2392 1506; baseline 0.003 -14"><span class='ocrx_word' id='word_1_526' title='bbox 1335 1459 1426 1503; x_wconf 83' lang='lat' dir='ltr'><strong>gulis</strong></span> <span class='ocrx_word' id='word_1_527' title='bbox 1456 1459 1554 1503; x_wconf 85' lang='lat' dir='ltr'><strong>pagis</strong></span> <span class='ocrx_word' id='word_1_528' title='bbox 1584 1465 1617 1492; x_wconf 87' lang='lat' dir='ltr'><strong>et</strong></span> <span class='ocrx_word' id='word_1_529' title='bbox 1647 1458 1787 1503; x_wconf 85' lang='lat' dir='ltr'><strong>oppidis</strong></span> <span class='ocrx_word' id='word_1_530' title='bbox 1814 1458 1922 1491; x_wconf 89' lang='lat' dir='ltr'><strong>sumit</strong></span> <span class='ocrx_word' id='word_1_531' title='bbox 1953 1459 2128 1492; x_wconf 88' lang='lat' dir='ltr'><strong>decimum</strong></span> <span class='ocrx_word' id='word_1_532' title='bbox 2159 1472 2325 1506; x_wconf 85' lang='lat' dir='ltr'><strong>quenque</strong></span> <span class='ocrx_word' id='word_1_533' title='bbox 2365 1473 2392 1505; x_wconf 48' lang='grc' dir='ltr'><strong>ς·</strong></span> 
     </span>
     <span class='ocr_line' id='line_1_80' title="bbox 1335 1508 2326 1554; baseline 0.001 -11"><span class='ocrx_word' id='word_1_534' title='bbox 1335 1522 1502 1554; x_wconf 88' lang='lat' dir='ltr'><strong>puerum,</strong></span> <span class='ocrx_word' id='word_1_535' title='bbox 1529 1516 1562 1542; x_wconf 91' lang='lat' dir='ltr'><strong>et</strong></span> <span class='ocrx_word' id='word_1_536' title='bbox 1579 1510 1701 1552; x_wconf 86' lang='lat' dir='ltr'><strong>deligit</strong></span> <span class='ocrx_word' id='word_1_537' title='bbox 1716 1521 1779 1542; x_wconf 92' lang='lat' dir='ltr'><strong>suo</strong></span> <span class='ocrx_word' id='word_1_538' title='bbox 1793 1509 1954 1542; x_wconf 84' lang='lat' dir='ltr'><strong>arbitrio.</strong></span> <span class='ocrx_word' id='word_1_539' title='bbox 2006 1508 2083 1543; x_wconf 88' lang='lat' dir='ltr'><strong>Hoc</strong></span> <span class='ocrx_word' id='word_1_540' title='bbox 2100 1521 2229 1553; x_wconf 82' lang='lat' dir='ltr'><strong>magno</strong></span> <span class='ocrx_word' id='word_1_541' title='bbox 2245 1523 2326 1545; x_wconf 77' lang='lat' dir='ltr'><strong>mu·-</strong></span> 
     </span>
     <span class='ocr_line' id='line_1_81' title="bbox 1335 1557 2325 1605; baseline 0.002 -11"><span class='ocrx_word' id='word_1_542' title='bbox 1335 1572 1418 1594; x_wconf 92' lang='lat' dir='ltr'><strong>nere</strong></span> <span class='ocrx_word' id='word_1_543' title='bbox 1433 1560 1584 1605; x_wconf 90' lang='lat' dir='ltr'><strong>populus</strong></span> <span class='ocrx_word' id='word_1_544' title='bbox 1601 1560 1728 1594; x_wconf 87' lang='lat' dir='ltr'><strong>fatetur</strong></span> <span class='ocrx_word' id='word_1_545' title='bbox 1746 1557 1840 1593; x_wconf 84' lang='lat' dir='ltr'><strong>hunc</strong></span> <span class='ocrx_word' id='word_1_546' title='bbox 1851 1571 1923 1592; x_wconf 92' lang='lat' dir='ltr'><strong>esse</strong></span> <span class='ocrx_word' id='word_1_547' title='bbox 1935 1560 2140 1594; x_wconf 83' lang='lat' dir='ltr'><strong>dominum:</strong></span> <span class='ocrx_word' id='word_1_548' title='bbox 2168 1562 2228 1595; x_wconf 88' lang='lat' dir='ltr'><strong>sed</strong></span> <span class='ocrx_word' id='word_1_549' title='bbox 2239 1559 2325 1596; x_wconf 82' lang='lat' dir='ltr'><strong>haec</strong></span> 
     </span>
     <span class='ocr_line' id='line_1_82' title="bbox 1335 1609 2326 1657; baseline 0.002 -13"><span class='ocrx_word' id='word_1_550' title='bbox 1335 1617 1386 1645; x_wconf 88' lang='lat' dir='ltr'><strong>est</strong></span> <span class='ocrx_word' id='word_1_551' title='bbox 1417 1611 1542 1644; x_wconf 86' lang='lat' dir='ltr'><strong>misera</strong></span> <span class='ocrx_word' id='word_1_552' title='bbox 1573 1611 1724 1644; x_wconf 77' lang='lat' dir='ltr'><strong>servitus</strong></span> <span class='ocrx_word' id='word_1_553' title='bbox 1753 1611 1797 1643; x_wconf 89' lang='lat' dir='ltr'><strong>ad</strong></span> <span class='ocrx_word' id='word_1_554' title='bbox 1829 1609 1974 1643; x_wconf 82' lang='lat' dir='ltr'><strong>exitium</strong></span> <span class='ocrx_word' id='word_1_555' title='bbox 2007 1610 2188 1652; x_wconf 85' lang='lat' dir='ltr'><strong>instituta,</strong></span> <span class='ocrx_word' id='word_1_556' title='bbox 2227 1612 2326 1657; x_wconf 82' lang='lat' dir='ltr'><strong>quod</strong></span> 
     </span>
     <span class='ocr_line' id='line_1_83' title="bbox 1336 1659 2327 1705; baseline 0.002 -10"><span class='ocrx_word' id='word_1_557' title='bbox 1336 1662 1487 1705; x_wconf 81' lang='lat' dir='ltr'><strong>exempli</strong></span> <span class='ocrx_word' id='word_1_558' title='bbox 1512 1673 1613 1694; x_wconf 85' lang='lat' dir='ltr'><strong>causa</strong></span> <span class='ocrx_word' id='word_1_559' title='bbox 1639 1661 1757 1694; x_wconf 86' lang='lat' dir='ltr'><strong>recito.</strong></span> <span class='ocrx_word' id='word_1_560' title='bbox 1818 1659 1944 1694; x_wconf 77' lang='lat' dir='ltr'><strong>Voluit</strong></span> <span class='ocrx_word' id='word_1_561' title='bbox 1966 1660 2061 1695; x_wconf 87' lang='lat' dir='ltr'><strong>Deus</strong></span> <span class='ocrx_word' id='word_1_562' title='bbox 2083 1669 2116 1695; x_wconf 89' lang='lat' dir='ltr'><strong>et</strong></span> <span class='ocrx_word' id='word_1_563' title='bbox 2140 1661 2209 1696; x_wconf 90' lang='lat' dir='ltr'><strong>sibi</strong></span> <span class='ocrx_word' id='word_1_564' title='bbox 2231 1662 2327 1697; x_wconf 80' lang='lat' dir='ltr'><strong>tradi</strong></span> 
     </span>
     <span class='ocr_line' id='line_1_84' title="bbox 1337 1711 2349 1757; baseline 0.003 -12"><span class='ocrx_word' id='word_1_565' title='bbox 1337 1712 1510 1757; x_wconf 86' lang='lat' dir='ltr'><strong>primitias</strong></span> <span class='ocrx_word' id='word_1_566' title='bbox 1535 1711 1774 1751; x_wconf 86' lang='lat' dir='ltr'><strong>nascentium,</strong></span> <span class='ocrx_word' id='word_1_567' title='bbox 1799 1717 1838 1745; x_wconf 85' lang='lat' dir='ltr'><strong>ut</strong></span> <span class='ocrx_word' id='word_1_568' title='bbox 1862 1718 2063 1754; x_wconf 86' lang='lat' dir='ltr'><strong>agnosceret</strong></span> <span class='ocrx_word' id='word_1_569' title='bbox 2079 1712 2250 1756; x_wconf 78' lang='lat' dir='ltr'><strong>populus,</strong></span> <span class='ocrx_word' id='word_1_570' title='bbox 2275 1713 2349 1749; x_wconf 80' lang='lat' dir='ltr'><strong>sie·</strong></span> 
     </span>
     <span class='ocr_line' id='line_1_85' title="bbox 1337 1760 2326 1807; baseline 0.003 -11"><span class='ocrx_word' id='word_1_571' title='bbox 1337 1775 1416 1797; x_wconf 86' lang='lat' dir='ltr'><strong>vere</strong></span> <span class='ocrx_word' id='word_1_572' title='bbox 1442 1763 1626 1807; x_wconf 88' lang='lat' dir='ltr'><strong>proprium</strong></span> <span class='ocrx_word' id='word_1_573' title='bbox 1650 1773 1723 1796; x_wconf 84' lang='lat' dir='ltr'><strong>esse</strong></span> <span class='ocrx_word' id='word_1_574' title='bbox 1740 1761 1805 1796; x_wconf 88' lang='lat' dir='ltr'><strong>Dei</strong></span> <span class='ocrx_word' id='word_1_575' title='bbox 1828 1763 2011 1806; x_wconf 87' lang='lat' dir='ltr'><strong>populum.</strong></span> <span class='ocrx_word' id='word_1_576' title='bbox 2065 1760 2220 1797; x_wconf 80' lang='lat' dir='ltr'><strong>Econtra</strong></span> <span class='ocrx_word' id='word_1_577' title='bbox 2241 1775 2326 1799; x_wconf 77' lang='lat' dir='ltr'><strong>vero</strong></span> 
     </span>
     <span class='ocr_line' id='line_1_86' title="bbox 1336 1813 2325 1859; baseline 0.002 -11"><span class='ocrx_word' id='word_1_578' title='bbox 1336 1813 1611 1859; x_wconf 84' lang='lat' dir='ltr'><strong>Aegyptiorum,</strong></span> <span class='ocrx_word' id='word_1_579' title='bbox 1652 1821 1685 1848; x_wconf 91' lang='lat' dir='ltr'><strong>et</strong></span> <span class='ocrx_word' id='word_1_580' title='bbox 1718 1813 1868 1847; x_wconf 86' lang='lat' dir='ltr'><strong>aliarum</strong></span> <span class='ocrx_word' id='word_1_581' title='bbox 1902 1813 2060 1857; x_wconf 85' lang='lat' dir='ltr'><strong>gentium</strong></span> <span class='ocrx_word' id='word_1_582' title='bbox 2091 1813 2325 1859; x_wconf 69' lang='lat' dir='ltr'><strong>primogenita</strong></span> 
     </span>
     <span class='ocr_line' id='line_1_87' title="bbox 1336 1871 1568 1899; baseline 0.004 -1"><span class='ocrx_word' id='word_1_583' title='bbox 1336 1871 1462 1899; x_wconf 77' lang='lat' dir='ltr'><strong>reiecta</strong></span> <span class='ocrx_word' id='word_1_584' title='bbox 1482 1876 1568 1899; x_wconf 82' lang='lat' dir='ltr'><strong>esse.</strong></span> 
     </span>
    </p>
   </div>
   <div class='ocr_carea' id='block_1_10' title="bbox 1334 1920 2327 2262">
    <p class='ocr_par' dir='ltr' id='par_1_12' title="bbox 1334 1920 2327 2262">
     <span class='ocr_line' id='line_1_88' title="bbox 1439 1920 2325 1967; baseline 0.002 -10"><span class='ocrx_word' id='word_1_585' title='bbox 1439 1923 1535 1967; x_wconf 83' lang='lat' dir='ltr'><strong>Quid</strong></span> <span class='ocrx_word' id='word_1_586' title='bbox 1563 1920 1647 1956; x_wconf 90' lang='lat' dir='ltr'><strong>haec</strong></span> <span class='ocrx_word' id='word_1_587' title='bbox 1665 1930 1735 1958; x_wconf 85' lang='lat' dir='ltr'><strong>tota</strong></span> <span class='ocrx_word' id='word_1_588' title='bbox 1756 1924 1870 1967; x_wconf 83' lang='lat' dir='ltr'><strong>imago</strong></span> <span class='ocrx_word' id='word_1_589' title='bbox 1883 1923 2081 1966; x_wconf 81' lang='lat' dir='ltr'><strong>significat?</strong></span> <span class='ocrx_word' id='word_1_590' title='bbox 2132 1922 2209 1957; x_wconf 82' lang='lat' dir='ltr'><strong>Hoc</strong></span> <span class='ocrx_word' id='word_1_591' title='bbox 2225 1925 2325 1959; x_wconf 70' lang='lat' dir='ltr'><strong>vide-</strong></span> 
     </span>
     <span class='ocr_line' id='line_1_89' title="bbox 1337 1974 2326 2019; baseline 0.002 -12"><span class='ocrx_word' id='word_1_592' title='bbox 1337 1975 1415 2008; x_wconf 87' lang='lat' dir='ltr'><strong>licet</strong></span> <span class='ocrx_word' id='word_1_593' title='bbox 1439 1986 1560 2007; x_wconf 88' lang='lat' dir='ltr'><strong>omnes</strong></span> <span class='ocrx_word' id='word_1_594' title='bbox 1581 1981 1700 2016; x_wconf 75' lang='lat' dir='ltr'><strong>gentes</strong></span> <span class='ocrx_word' id='word_1_595' title='bbox 1726 1974 1869 2008; x_wconf 87' lang='lat' dir='ltr'><strong>reiectas</strong></span> <span class='ocrx_word' id='word_1_596' title='bbox 1890 1985 1980 2012; x_wconf 75' lang='lat' dir='ltr'><strong>esse,</strong></span> <span class='ocrx_word' id='word_1_597' title='bbox 2006 1986 2096 2019; x_wconf 78' lang='lat' dir='ltr'><strong>quae</strong></span> <span class='ocrx_word' id='word_1_598' title='bbox 2112 1986 2184 2008; x_wconf 91' lang='lat' dir='ltr'><strong>non</strong></span> <span class='ocrx_word' id='word_1_599' title='bbox 2201 1975 2326 2010; x_wconf 80' lang='lat' dir='ltr'><strong>colunt</strong></span> 
     </span>
     <span class='ocr_line' id='line_1_90' title="bbox 1336 2022 2325 2069; baseline 0.002 -11"><span class='ocrx_word' id='word_1_600' title='bbox 1336 2024 1448 2058; x_wconf 88' lang='lat' dir='ltr'><strong>Deum</strong></span> <span class='ocrx_word' id='word_1_601' title='bbox 1481 2024 1576 2058; x_wconf 83' lang='lat' dir='ltr'><strong>iuxta</strong></span> <span class='ocrx_word' id='word_1_602' title='bbox 1609 2022 1674 2058; x_wconf 86' lang='lat' dir='ltr'><strong>hoc</strong></span> <span class='ocrx_word' id='word_1_603' title='bbox 1704 2026 1851 2059; x_wconf 73' lang='lat' dir='ltr'><strong>verbum</strong></span> <span class='ocrx_word' id='word_1_604' title='bbox 1876 2025 2044 2059; x_wconf 87' lang='lat' dir='ltr'><strong>traditum</strong></span> <span class='ocrx_word' id='word_1_605' title='bbox 2070 2023 2154 2059; x_wconf 90' lang='lat' dir='ltr'><strong>huic</strong></span> <span class='ocrx_word' id='word_1_606' title='bbox 2179 2026 2325 2069; x_wconf 87' lang='lat' dir='ltr'><strong>populo,</strong></span> 
     </span>
     <span class='ocr_line' id='line_1_91' title="bbox 1336 2073 2325 2121; baseline 0.002 -13"><span class='ocrx_word' id='word_1_607' title='bbox 1336 2073 1400 2108; x_wconf 80' lang='lat' dir='ltr'><strong>bos</strong></span> <span class='ocrx_word' id='word_1_608' title='bbox 1424 2087 1503 2108; x_wconf 83' lang='lat' dir='ltr'><strong>vere</strong></span> <span class='ocrx_word' id='word_1_609' title='bbox 1526 2087 1597 2109; x_wconf 83' lang='lat' dir='ltr'><strong>esse</strong></span> <span class='ocrx_word' id='word_1_610' title='bbox 1621 2076 1790 2120; x_wconf 81' lang='lat' dir='ltr'><strong>populum</strong></span> <span class='ocrx_word' id='word_1_611' title='bbox 1808 2075 1890 2115; x_wconf 73' lang='lat' dir='ltr'><strong>Dei,</strong></span> <span class='ocrx_word' id='word_1_612' title='bbox 1913 2081 1972 2121; x_wconf 84' lang='lat' dir='ltr'><strong>qui</strong></span> <span class='ocrx_word' id='word_1_613' title='bbox 1994 2087 2073 2109; x_wconf 91' lang='lat' dir='ltr'><strong>eum</strong></span> <span class='ocrx_word' id='word_1_614' title='bbox 2090 2076 2211 2110; x_wconf 85' lang='lat' dir='ltr'><strong>colunt</strong></span> <span class='ocrx_word' id='word_1_615' title='bbox 2228 2076 2325 2111; x_wconf 75' lang='lat' dir='ltr'><strong>iuxta</strong></span> 
     </span>
     <span class='ocr_line' id='line_1_92' title="bbox 1335 2124 2327 2171; baseline 0.004 -13"><span class='ocrx_word' id='word_1_616' title='bbox 1335 2127 1499 2163; x_wconf 70' lang='lat' dir='ltr'><strong>verbum,</strong></span> <span class='ocrx_word' id='word_1_617' title='bbox 1528 2139 1599 2170; x_wconf 82' lang='lat' dir='ltr'><strong>quo</strong></span> <span class='ocrx_word' id='word_1_618' title='bbox 1623 2138 1658 2159; x_wconf 89' lang='lat' dir='ltr'><strong>se</strong></span> <span class='ocrx_word' id='word_1_619' title='bbox 1683 2126 1844 2169; x_wconf 78' lang='lat' dir='ltr'><strong>patefecit</strong></span> <span class='ocrx_word' id='word_1_620' title='bbox 1872 2127 1907 2159; x_wconf 91' lang='lat' dir='ltr'><strong>in</strong></span> <span class='ocrx_word' id='word_1_621' title='bbox 1934 2124 2000 2160; x_wconf 87' lang='lat' dir='ltr'><strong>hoc</strong></span> <span class='ocrx_word' id='word_1_622' title='bbox 2027 2127 2171 2171; x_wconf 79' lang='lat' dir='ltr'><strong>populo,</strong></span> <span class='ocrx_word' id='word_1_623' title='bbox 2224 2124 2269 2161; x_wconf 86' lang='lat' dir='ltr'><strong>Et</strong></span> <span class='ocrx_word' id='word_1_624' title='bbox 2285 2134 2327 2162; x_wconf 81' lang='lat' dir='ltr'><strong>ut</strong></span> 
     </span>
     <span class='ocr_line' id='line_1_93' title="bbox 1335 2175 2326 2219; baseline 0.003 -10"><span class='ocrx_word' id='word_1_625' title='bbox 1335 2176 1485 2210; x_wconf 87' lang='lat' dir='ltr'><strong>&#39;l&#39;urcica</strong></span> <span class='ocrx_word' id='word_1_626' title='bbox 1517 2177 1577 2210; x_wconf 91' lang='lat' dir='ltr'><strong>illa</strong></span> <span class='ocrx_word' id='word_1_627' title='bbox 1605 2178 1754 2211; x_wconf 81' lang='lat' dir='ltr'><strong>servitus</strong></span> <span class='ocrx_word' id='word_1_628' title='bbox 1779 2177 1923 2212; x_wconf 77' lang='lat' dir='ltr'><strong>exitiosa</strong></span> <span class='ocrx_word' id='word_1_629' title='bbox 1948 2184 2015 2219; x_wconf 82' lang='lat' dir='ltr'><strong>est,</strong></span> <span class='ocrx_word' id='word_1_630' title='bbox 2049 2177 2096 2212; x_wconf 83' lang='lat' dir='ltr'><strong>ita</strong></span> <span class='ocrx_word' id='word_1_631' title='bbox 2122 2175 2206 2212; x_wconf 86' lang='lat' dir='ltr'><strong>haec</strong></span> <span class='ocrx_word' id='word_1_632' title='bbox 2229 2177 2326 2212; x_wconf 81' lang='lat' dir='ltr'><strong>salu-</strong></span> 
     </span>
     <span class='ocr_line' id='line_1_94' title="bbox 1334 2228 1492 2262; baseline 0 0"><span class='ocrx_word' id='word_1_633' title='bbox 1334 2228 1417 2262; x_wconf 83' lang='lat' dir='ltr'><strong>taris</strong></span> <span class='ocrx_word' id='word_1_634' title='bbox 1432 2235 1492 2262; x_wconf 88' lang='lat' dir='ltr'><strong>est.</strong></span> 
     </span>
    </p>
   </div>
   <div class='ocr_carea' id='block_1_11' title="bbox 1329 2285 2409 2690">
    <p class='ocr_par' dir='ltr' id='par_1_13' title="bbox 1329 2285 2409 2690">
     <span class='ocr_line' id='line_1_95' title="bbox 1436 2285 2326 2333; baseline 0.003 -14"><span class='ocrx_word' id='word_1_635' title='bbox 1436 2285 1487 2320; x_wconf 77' lang='lat' dir='ltr'><strong>Ac</strong></span> <span class='ocrx_word' id='word_1_636' title='bbox 1506 2287 1700 2331; x_wconf 86' lang='lat' dir='ltr'><strong>opponitur</strong></span> <span class='ocrx_word' id='word_1_637' title='bbox 1717 2287 1806 2321; x_wconf 81' lang='lat' dir='ltr'><strong>ritus</strong></span> <span class='ocrx_word' id='word_1_638' title='bbox 1824 2287 2053 2332; x_wconf 85' lang='lat' dir='ltr'><strong>opinionibus</strong></span> <span class='ocrx_word' id='word_1_639' title='bbox 2071 2286 2207 2331; x_wconf 84' lang='lat' dir='ltr'><strong>impiis,</strong></span> <span class='ocrx_word' id='word_1_640' title='bbox 2234 2298 2326 2333; x_wconf 75' lang='lat' dir='ltr'><strong>quae</strong></span> 
     </span>
     <span class='ocr_line' id='line_1_96' title="bbox 1333 2337 2324 2383; baseline 0.001 -11"><span class='ocrx_word' id='word_1_641' title='bbox 1333 2345 1393 2372; x_wconf 83' lang='lat' dir='ltr'><strong>ant</strong></span> <span class='ocrx_word' id='word_1_642' title='bbox 1410 2350 1533 2372; x_wconf 81' lang='lat' dir='ltr'><strong>omnes</strong></span> <span class='ocrx_word' id='word_1_643' title='bbox 1548 2338 1737 2380; x_wconf 73' lang='lat' dir='ltr'><strong>religiones</strong></span> <span class='ocrx_word' id='word_1_644' title='bbox 1754 2338 1885 2383; x_wconf 88' lang='lat' dir='ltr'><strong>pariter</strong></span> <span class='ocrx_word' id='word_1_645' title='bbox 1900 2339 2037 2382; x_wconf 79' lang='lat' dir='ltr'><strong>fingunt</strong></span> <span class='ocrx_word' id='word_1_646' title='bbox 2050 2337 2227 2372; x_wconf 77' lang='lat' dir='ltr'><strong>fabulosas</strong></span> <span class='ocrx_word' id='word_1_647' title='bbox 2240 2349 2324 2381; x_wconf 69' lang='lat' dir='ltr'><strong>esse,</strong></span> 
     </span>
     <span class='ocr_line' id='line_1_97' title="bbox 1333 2386 2322 2433; baseline 0.001 -10"><span class='ocrx_word' id='word_1_648' title='bbox 1333 2397 1391 2423; x_wconf 87' lang='lat' dir='ltr'><strong>aut</strong></span> <span class='ocrx_word' id='word_1_649' title='bbox 1409 2401 1530 2422; x_wconf 66' lang='lat' dir='ltr'><strong>omncs</strong></span> <span class='ocrx_word' id='word_1_650' title='bbox 1543 2389 1673 2433; x_wconf 75' lang='lat' dir='ltr'><strong>pariter</strong></span> <span class='ocrx_word' id='word_1_651' title='bbox 1687 2390 1897 2433; x_wconf 78' lang='lat' dir='ltr'><strong>probandas,</strong></span> <span class='ocrx_word' id='word_1_652' title='bbox 1950 2389 2018 2423; x_wconf 84' lang='lat' dir='ltr'><strong>Sed</strong></span> <span class='ocrx_word' id='word_1_653' title='bbox 2034 2386 2089 2422; x_wconf 85' lang='lat' dir='ltr'><strong>hic</strong></span> <span class='ocrx_word' id='word_1_654' title='bbox 2104 2389 2216 2424; x_wconf 83' lang='lat' dir='ltr'><strong>reiicit</strong></span> <span class='ocrx_word' id='word_1_655' title='bbox 2226 2387 2322 2424; x_wconf 67' lang='lat' dir='ltr'><strong>Deus</strong></span> 
     </span>
     <span class='ocr_line' id='line_1_98' title="bbox 1332 2438 2409 2486; baseline 0.001 -12"><span class='ocrx_word' id='word_1_656' title='bbox 1332 2441 1563 2485; x_wconf 78' lang='lat' dir='ltr'><strong>primogenita</strong></span> <span class='ocrx_word' id='word_1_657' title='bbox 1584 2438 1863 2486; x_wconf 75' lang='lat' dir='ltr'><strong>Aegyptiorum,</strong></span> <span class='ocrx_word' id='word_1_658' title='bbox 1891 2439 1925 2473; x_wconf 90' lang='lat' dir='ltr'><strong>id</strong></span> <span class='ocrx_word' id='word_1_659' title='bbox 1945 2447 2013 2480; x_wconf 78' lang='lat' dir='ltr'><strong>cst,</strong></span> <span class='ocrx_word' id='word_1_660' title='bbox 2041 2439 2154 2474; x_wconf 85' lang='lat' dir='ltr'><strong>reiicit</strong></span> <span class='ocrx_word' id='word_1_661' title='bbox 2170 2446 2322 2475; x_wconf 61' lang='lat' dir='ltr'><strong>caeteras</strong></span> <span class='ocrx_word' id='word_1_662' title='bbox 2403 2451 2409 2475; x_wconf 73' lang='lat' dir='ltr'><strong>t</strong></span> 
     </span>
     <span class='ocr_line' id='line_1_99' title="bbox 1331 2490 2409 2539; baseline 0.002 -16"><span class='ocrx_word' id='word_1_663' title='bbox 1331 2499 1463 2534; x_wconf 68' lang='lat' dir='ltr'><strong>gentes,</strong></span> <span class='ocrx_word' id='word_1_664' title='bbox 1490 2498 1642 2524; x_wconf 79' lang='lat' dir='ltr'><strong>caeteros</strong></span> <span class='ocrx_word' id='word_1_665' title='bbox 1657 2491 1770 2524; x_wconf 80' lang='lat' dir='ltr'><strong>cultus</strong></span> <span class='ocrx_word' id='word_1_666' title='bbox 1787 2497 1819 2524; x_wconf 81' lang='lat' dir='ltr'><strong>et</strong></span> <span class='ocrx_word' id='word_1_667' title='bbox 1836 2490 2034 2533; x_wconf 77' lang='lat' dir='ltr'><strong>religiones,</strong></span> <span class='ocrx_word' id='word_1_668' title='bbox 2060 2496 2092 2525; x_wconf 88' lang='lat' dir='ltr'><strong>et</strong></span> <span class='ocrx_word' id='word_1_669' title='bbox 2106 2491 2199 2525; x_wconf 84' lang='lat' dir='ltr'><strong>claro</strong></span> <span class='ocrx_word' id='word_1_670' title='bbox 2217 2490 2318 2534; x_wconf 73' lang='lat' dir='ltr'><strong>signo</strong></span> <span class='ocrx_word' id='word_1_671' title='bbox 2388 2531 2391 2539; x_wconf 27' lang='grc' dir='ltr'><strong><em>Δ</em></strong></span> <span class='ocrx_word' id='word_1_672' title='bbox 2406 2503 2409 2517; x_wconf 79' lang='lat'><strong>¹</strong></span> 
     </span>
     <span class='ocr_line' id='line_1_100' title="bbox 1331 2539 2405 2586; baseline -0.001 -9"><span class='ocrx_word' id='word_1_673' title='bbox 1331 2550 1494 2580; x_wconf 76' lang='lat' dir='ltr'><strong>testatur.</strong></span> <span class='ocrx_word' id='word_1_674' title='bbox 1520 2554 1556 2576; x_wconf 84' lang='lat' dir='ltr'><strong>se</strong></span> <span class='ocrx_word' id='word_1_675' title='bbox 1580 2553 1660 2575; x_wconf 83' lang='lat' dir='ltr'><strong>vere</strong></span> <span class='ocrx_word' id='word_1_676' title='bbox 1685 2553 1758 2575; x_wconf 75' lang='lat' dir='ltr'><strong>esse</strong></span> <span class='ocrx_word' id='word_1_677' title='bbox 1775 2540 1970 2576; x_wconf 87' lang='lat' dir='ltr'><strong>Dominum</strong></span> <span class='ocrx_word' id='word_1_678' title='bbox 1995 2539 2099 2576; x_wconf 68' lang='lat' dir='ltr'><strong>buius</strong></span> <span class='ocrx_word' id='word_1_679' title='bbox 2117 2541 2257 2586; x_wconf 83' lang='lat' dir='ltr'><strong>populi,</strong></span> <span class='ocrx_word' id='word_1_680' title='bbox 2284 2548 2318 2576; x_wconf 86' lang='lat' dir='ltr'><strong>et</strong></span> <span class='ocrx_word' id='word_1_681' title='bbox 2399 2540 2405 2573; x_wconf 71' lang='lat' dir='ltr'><strong>&#39;t</strong></span> 
     </span>
     <span class='ocr_line' id='line_1_101' title="bbox 1330 2564 2400 2639; baseline 0 -12"><span class='ocrx_word' id='word_1_682' title='bbox 1330 2606 1451 2627; x_wconf 85' lang='lat' dir='ltr'><strong>curare</strong></span> <span class='ocrx_word' id='word_1_683' title='bbox 1485 2591 1579 2627; x_wconf 82' lang='lat' dir='ltr'><strong>bunc</strong></span> <span class='ocrx_word' id='word_1_684' title='bbox 1607 2593 1799 2637; x_wconf 83' lang='lat' dir='ltr'><strong>populum,</strong></span> <span class='ocrx_word' id='word_1_685' title='bbox 1835 2593 1896 2639; x_wconf 84' lang='lat' dir='ltr'><strong>qui</strong></span> <span class='ocrx_word' id='word_1_686' title='bbox 1921 2592 2144 2639; x_wconf 75' lang='lat' dir='ltr'><strong>amplectitur</strong></span> <span class='ocrx_word' id='word_1_687' title='bbox 2167 2592 2319 2627; x_wconf 74' lang='lat' dir='ltr'><strong>verbum</strong></span> <span class='ocrx_word' id='word_1_688' title='bbox 2335 2611 2345 2622; x_wconf 55' lang='lat' dir='ltr'><strong>s</strong></span> <span class='ocrx_word' id='word_1_689' title='bbox 2387 2564 2400 2624; x_wconf 66' lang='lat' dir='ltr'><strong>ir</strong></span> 
     </span>
     <span class='ocr_line' id='line_1_102' title="bbox 1329 2644 1665 2690; baseline -0.006 -12"><span class='ocrx_word' id='word_1_690' title='bbox 1329 2646 1372 2678; x_wconf 74' lang='lat' dir='ltr'><strong>ab</strong></span> <span class='ocrx_word' id='word_1_691' title='bbox 1391 2645 1464 2690; x_wconf 78' lang='lat' dir='ltr'><strong>ipso</strong></span> <span class='ocrx_word' id='word_1_692' title='bbox 1483 2644 1665 2679; x_wconf 81' lang='lat' dir='ltr'><strong>traditum.</strong></span> 
     </span>
    </p>
   </div>
  </div>
 </body>
</html>
