2409 2915
52 200 55 237 ξ
104 198 326 237 invocamus,
355 201 388 230 et
411 193 514 229 simul
533 194 705 233 fatemur,
731 189 814 225 huic
830 189 923 225 Filio
941 203 1087 235 regnum
1111 189 1117 217 ¹

52 239 55 259 ¹
101 260 120 282 a
147 254 244 292 patre
269 258 342 281 esse
364 246 552 284 traditum,
579 244 668 277 sicut
697 243 770 287 ipse
796 241 930 287 inquit,
960 240 1088 278 Matth.
1113 226 1116 324 ἱ

41 2126 42 2150 3
101 2111 206 2156 gebas
227 2109 376 2153 teipsum
394 2115 458 2143 etc.

104 110 181 150 43⁷

52 319 53 331 t
100 299 185 334 ult.:
215 298 303 332 Data
325 304 375 331 est
399 293 487 329 mihi
508 294 624 328 omnis
648 300 798 338 potestas
821 293 855 326 in
882 292 979 325 coclo
996 300 1027 326 et
1050 293 1087 326 in

101 355 213 390 terra,
240 358 468 392 agnoscamus
486 357 564 378 eum
586 356 657 378 esse
674 351 777 387 caput
795 343 985 385 Ecclesiae,
1013 344 1087 376 effi-

51 390 53 447 }
101 412 162 434 cax
182 400 219 433 in
238 397 419 438 membris,
447 402 485 430 ut
501 393 632 440 Ephes.
653 396 684 430 1.
701 394 844 430 dicitur.

254 515 335 556 Die
369 514 573 557 Iohannis
606 513 931 569 Evangelistae.

337 589 570 633 Evangelium
599 586 766 622 lobannis
784 591 845 623 21.

149 655 266 691 Dixit
284 654 388 690 Iesus
400 653 524 689 Petro.-
550 654 663 689 Amen
683 667 787 688 amen
804 652 884 688 diso
902 653 980 693 tihi,
1008 665 1085 686 cum

199 719 291 741 esses
310 706 433 740 iunior
449 706 620 752 cingebas
638 711 669 740 te
682 734 690 747 ‚
719 710 749 738 et
773 703 997 738 ambulabas
1016 716 1086 752 quo

202 757 366 799 colebas,
389 769 466 791 cum
485 762 605 791 autem
621 755 793 795 senueris,
821 753 989 789 emendes
1005 767 1085 787 ma-
1112 762 1113 784 1

203 821 273 842 nus
297 813 400 850 tuas,
433 811 463 842 el
491 807 591 841 alius
615 808 730 854 cinget
757 811 806 847 te,
834 811 864 839 et
892 804 991 839 ducet
1015 817 1086 852 quo
1111 844 1112 850 ἵ

202 871 275 893 non
309 858 374 894 vis.
439 858 519 892 Hoc
547 863 668 892 autem
702 856 841 891 dicebat
868 853 1086 902 significans
1110 852 1113 893 f

201 909 310 958 quali
325 914 436 943 morte
454 914 541 943 esset
556 907 834 955 glorificaturus
854 906 987 942 Deum.
1030 905 1084 939 Et
1110 901 1114 957 J

199 972 278 996 cum
295 957 361 994 hoc
376 957 541 1000 dixisset,
560 958 647 993 dicit
658 960 706 993 ei:
728 958 881 1006 Sequere
896 969 959 993 me.
986 952 1085 992 Con-
1110 960 1112 973 '

201 1023 323 1045 versus
340 1015 459 1044 autem
471 1008 609 1049 Petrus,
627 1009 717 1043 cidit
735 1007 965 1055 discipulum,
981 1019 1083 1055 quem

200 1059 382 1108 diligebat
399 1060 523 1102 Iesus,
549 1066 770 1108 sequentem,
797 1059 907 1107 quiet
925 1058 1083 1093 recubuit
1109 1055 1112 1087 3

200 1111 240 1146 in
257 1124 365 1147 coena
380 1124 488 1157 super
504 1116 625 1159 pectus
642 1111 731 1153 eius,
759 1115 789 1144 et
807 1108 918 1145 dixit:
945 1108 1083 1143 Domi·
1109 1121 1111 1141 t

199 1174 262 1202 ne,
290 1162 373 1211 quis
397 1168 446 1196 est
469 1162 535 1209 qui
555 1160 674 1195 tradet
699 1161 758 1195 te?
808 1161 917 1194 Iiunc
935 1173 1013 1194 cum
1033 1161 1084 1193 ci-

200 1211 311 1247 disse!
327 1211 476 1253 Petrus,
505 1210 592 1246 dicit
608 1211 711 1246 Iesu:
738 1211 912 1252 Domine,
938 1208 998 1244 hic
1015 1223 1084 1244 au-

198 1268 268 1298 tem
287 1262 403 1312 quid?
433 1262 540 1296 Dicit
556 1263 589 1297 ei
602 1262 724 1297 Iesus:
752 1262 799 1295 Si
812 1274 889 1295 eum
907 1261 986 1295 colo
1003 1274 1084 1294 ma-

199 1326 280 1348 nere
293 1313 403 1348 donec
419 1313 581 1355 veniam,
609 1311 703 1360 quid
714 1310 769 1345 ad
781 1312 837 1345 te?
866 1310 926 1345 Tu
951 1323 1004 1344 me
1029 1322 1084 1344 se-

196 1376 312 1413 quere.
365 1363 478 1398 Exiit
494 1375 577 1409 ergo
590 1375 709 1398 sermo
731 1363 796 1396 iste
817 1359 914 1396 inter
925 1361 1083 1410 fratres,
1110 1360 1111 1371 ¹

200 1413 302 1463 quod
314 1413 517 1462 discipulus
534 1413 597 1448 ille
615 1426 688 1448 non
712 1412 879 1448 moritur.
932 1411 985 1446 Et
1010 1424 1083 1446 non

199 1464 298 1500 dixit
324 1466 357 1500 ei
379 1465 501 1504 Iesus,
529 1463 631 1513 quod
651 1477 724 1499 non
742 1465 914 1505 moritur,
941 1462 1023 1502 sed,
1050 1462 1087 1496 si

198 1528 277 1551 eum
305 1515 385 1551 volo
414 1527 560 1550 manere
585 1515 693 1550 donec
724 1514 886 1556 renimn,
919 1512 1013 1562 quid
1034 1511 1111 1550 ad,

197 1567 256 1602 te?
306 1567 378 1602 Hic
409 1572 459 1601 est
484 1565 706 1614 discipulus,
746 1566 812 1613 qui
839 1565 1083 1599 testimonium
1110 1556 1112 1583 3

196 1616 360 1666 perhibet
379 1616 420 1651 de
438 1615 510 1657 his,
533 1622 563 1651 et
579 1617 724 1665 scripsit
740 1615 839 1650 haec.
870 1615 922 1649 Et
939 1616 1084 1655 scimus,

199 1667 299 1716 quod
314 1681 431 1703 verum
451 1673 499 1702 est
517 1668 763 1701 testimonium
782 1667 870 1704 eius.
1109 1669 1113 1730 Ι

150 1734 242 1771 Duo
269 1744 349 1772 sunt
376 1736 555 1782 praecipui
583 1736 653 1769 loci
1110 1734 1113 1774 1

253 1804 280 1839 l.
332 1803 385 1838 De
409 1803 597 1847 disciplina
622 1809 654 1836 et
679 1800 880 1836 obedientia
907 1799 1085 1845 spirituali
1111 1791 1113 1802 ⁴

302 1855 340 1888 in
357 1853 619 1888 afflictionibus.

252 1914 298 1951 ΙΙ,
333 1913 385 1949 De
402 1924 463 1947 sua
481 1912 650 1958 cuiusque
667 1910 861 1946 vocatione.

494 1996 540 2020 De
574 1994 690 2027 primo.

202 2058 292 2095 Cum
310 2058 428 2103 inquit
442 2057 478 2090 in
503 2063 615 2091 textu:
653 2054 743 2089 Cum
759 2065 849 2088 esses
870 2052 992 2087 iunior
1008 2053 1086 2086 cin-

510 2106 605 2141 Haec
627 2107 733 2140 verba
757 2106 963 2139 discernunt
980 2104 1084 2137 disci-

101 2162 235 2208 plinam
260 2172 278 2192 a
298 2158 472 2202 spirituali
490 2158 701 2192 obedientia.
752 2154 816 2190 Est
841 2162 955 2188 autem
980 2155 1085 2187 disci-

104 2213 200 2258 plina
218 2209 398 2253 diligentia
416 2206 590 2241 humanae
609 2207 757 2247 mentis‚
785 2218 846 2239 seu
869 2205 973 2239 liberi
989 2205 1086 2238 arbi-

102 2263 180 2302 trii,
213 2274 281 2307 qua
306 2260 467 2293 voluntas
499 2265 648 2303 praestat
679 2258 764 2299 legis
788 2268 911 2300 opera,
944 2262 977 2289 et
1000 2255 1087 2290 vitat

102 2311 293 2360 prohibita.
333 2310 434 2344 Hanc
449 2309 598 2354 requirit
615 2308 711 2342 Deus
728 2309 771 2341 ab
788 2307 953 2340 omnibus
968 2304 1087 2340 homi-

104 2365 221 2399 nibus.
271 2362 370 2397 Sicut
386 2361 477 2394 clare
493 2361 620 2393 docent
641 2359 731 2392 dicta
750 2358 794 2391 de
819 2357 959 2401 poenis:
1014 2355 1086 2399 Qui

104 2415 258 2460 gladium
280 2412 469 2456 acceperit,
496 2411 612 2455 gladio
632 2409 772 2454 peribit.
826 2407 930 2441 Item:
960 2407 1087 2441 Forni-

105 2473 238 2501 catores
259 2471 293 2499 et
317 2463 495 2497 adulteros
521 2461 690 2495 iudicabit
707 2459 813 2494 Dens.
867 2458 971 2492 Item:
999 2456 1088 2492 Pro-

106 2524 182 2563 pter
197 2514 283 2550 haec
299 2513 396 2548 venit
413 2514 462 2547 ira
479 2511 546 2546 Dei
564 2523 669 2557 super
685 2510 938 2544 inobedientes.

199 2572 246 2609 Et
264 2584 365 2617 saepe
380 2571 531 2606 dicimus
547 2576 699 2615 quatuor
714 2580 833 2603 causas
849 2579 931 2609 esse,
947 2572 1091 2611 propter

109 2636 194 2671 quas
207 2624 428 2668 disciplinam
444 2628 619 2667 praestare
634 2631 770 2654 necesse
785 2625 846 2653 est.
891 2618 1010 2652 Prima
1029 2624 1092 2658 est,

109 2676 191 2721 quia
213 2675 379 2709 mandata
405 2680 457 2708 est
479 2685 498 2706 a
523 2671 609 2706 Deo.
661 2670 844 2713 Secunda,
876 2676 916 2704 ut
934 2669 1092 2704 vitentur

656 105 739 143 ΧΠ.
778 100 1170 140 ANNOTATlONES
1199 100 1249 137 IN
1274 99 1571 138 EVANGELIA.

2051 104 2124 138 438

1141 199 1287 234 poenae.
1348 186 1487 225 Tertia,
1525 195 1667 232 propter
1697 187 1847 221 aliorum
1883 188 2122 234 tranquillita-

1140 245 1222 274 tem.
1275 238 1425 281 Quarta,
1459 238 1541 282 quia
1565 245 1615 271 est
1640 239 1845 281 paedagogia
1869 239 1905 271 in
1932 237 2122 277 Christum,

1140 290 1221 336 quia
1238 295 1498 333 perseverantes
1519 288 1554 320 in
1573 289 1708 321 delictis
1727 296 1844 322 contra
1863 290 2123 329 conscientiam,

1139 340 1317 385 repellunt
1342 338 1515 382 Spiritum
1547 345 1724 379 sanctum,
1755 351 1816 372 nec
1841 347 1949 383 potest
1977 341 2123 373 existere

1139 392 1224 424 fides
1252 390 1290 422 in
1318 395 1452 428 mente,
1487 400 1574 433 qnae
1601 389 1672 421 ruit
1705 395 1826 421 contra
1861 391 2121 424 conscientiam.

1139 441 1222 476 Ideo
1239 447 1277 474 ut
1297 441 1410 473 lucere
1429 440 1512 472 fides
1532 439 1694 483 incipiat,
1722 438 1861 472 desinas
1885 451 1984 483 agere
2001 448 2122 474 contra

1140 491 1401 526 conscientiam.

1242 548 1352 583 Porro
1378 546 1460 581 haec
1479 547 1688 590 gubernatio
1716 558 1853 580 morum
1881 554 1929 580 est
1953 549 2122 592 quaedam

1140 600 1320 644 diligentia
1349 598 1451 632 liberi
1473 598 1622 631 arbitrii.
1677 597 1758 631 ldeo
1785 598 1921 642 inquit:
1951 598 2124 640 Cingebas

1140 658 1172 686 te
1198 651 1286 695 ipse,
1325 650 1358 683 id
1386 656 1453 690 est,
1487 649 1630 692 regebas
1653 655 1731 682 tuos
1753 659 1867 681 mores
1895 654 1952 682 tua
1972 649 2122 692 quadam

1140 701 1340 744 diligentia,
1368 707 1401 733 et
1415 697 1504 732 hanc
1523 698 1742 741 diligentiam
1769 700 1877 731 solam
1903 699 2124 731 existimabas

1111 749 1114 757 ’
1141 764 1212 786 esse
1237 752 1393 791 cultum,
1425 749 1627 794 expectabas
1657 749 1760 782 etiam
1784 750 1937 792 praemia
1962 761 2025 793 pro
2055 746 2121 782 lioc

1139 803 1255 844 cultu,
1291 802 1440 841 scilicet,
1476 799 1766 844 tranquillitatem
1799 800 1836 831 in
1867 796 1931 832 hac
1965 799 2056 839 vita,
2089 806 2123 833 et

1139 853 1291 926 ριὲεηιίει
1309 858 1386 897 post
1403 849 1492 884 lianc
1508 850 1627 885 vitam.

1241 911 1455 956 Quanquam
1471 914 1585 942 autem
1605 908 1643 941 in
1661 908 1823 942 credente
1838 904 1922 941 haec
1941 907 2122 951 diligentia

1138 969 1188 997 est
1212 963 1344 1002 cultus,
1379 968 1412 995 et
1437 958 1540 993 habet
1566 959 1738 1004 praemia,
1774 964 1891 991 tamen
1921 956 1977 991 liic
2004 965 2122 992 monet

1137 1011 1322 1054 Christus,
1349 1012 1435 1045 alios
1459 1021 1531 1044 esse
1548 1010 1697 1043 maiores
1721 1009 1854 1049 cultus,
1880 1009 2011 1042 scilicet
2038 1009 2123 1041 obe-

1138 1064 1306 1098 dientiam
1330 1063 1366 1095 in
1383 1061 1647 1096 afflictionibus.
1698 1058 1843 1094 Refutat
1864 1059 1956 1092 enim
1982 1059 2120 1103 opinio-

1138 1127 1219 1148 nem
1247 1114 1423 1147 ludaicam
1445 1113 1488 1145 de
1512 1110 1671 1150 iusticia,
1706 1117 1739 1144 et
1762 1110 1805 1142 de
1829 1121 1935 1153 regno
1962 1109 2122 1145 Messiae.

1137 1163 1318 1199 Pharisaei
1336 1170 1471 1198 tantum
1485 1163 1528 1195 de
1545 1160 1682 1195 iusticia
1699 1172 1845 1204 operum
1862 1160 2123 1193 concionaban-

1137 1223 1212 1256 tur,
1239 1217 1282 1249 de
1299 1214 1482 1259 praemiis,
1508 1213 1551 1245 de
1568 1223 1670 1255 pace,
1697 1213 1740 1244 de
1759 1211 2022 1255 tranquillitate.
2065 1209 2122 1244 Si-

1137 1273 1195 1300 cut
1209 1277 1346 1310 semper
1369 1263 1522 1297 humana
1538 1261 1707 1305 sapientia
1725 1261 1833 1294 solam
1861 1259 1949 1294 hanc
1966 1261 2122 1304 discipli-

1138 1328 1218 1349 nam
1236 1315 1449 1359 magnifacit,
1475 1319 1506 1346 et
1523 1312 1641 1355 dirigit
1659 1324 1733 1345 eam
1750 1313 1792 1345 ad
1810 1311 1913 1344 istum
1932 1312 2048 1349 finem,
2070 1313 2122 1344 vi-

1138 1367 1263 1400 delicet
1288 1367 1330 1398 ad
1357 1363 1658 1410 tranquillitatem.
1714 1361 1761 1394 lta
1787 1368 1819 1394 et
1841 1363 1883 1394 de
1906 1374 2011 1404 regno
2027 1361 2122 1394 Mes-

1138 1417 1208 1450 siae
1238 1417 1436 1460 cogitabant
1469 1412 1653 1458 Apostoli,
1688 1412 1841 1446 suturam
1875 1409 2057 1446 honestam
2090 1419 2123 1445 et

1137 1468 1365 1513 tranquillam
1383 1465 1555 1511 politiam.

1240 1534 1309 1569 Sed
1325 1531 1486 1568 Christus
1512 1537 1604 1565 taxat
1628 1527 1690 1563 has
1714 1529 1920 1573 opiniones,
1947 1528 2038 1569 imo,
2066 1529 2123 1562 in-

1110 1592 1112 1615 ?
1139 1586 1226 1631 quit,
1252 1596 1399 1628 regnum
1420 1582 1568 1616 Messiae
1586 1581 1673 1614 alios
1691 1580 1804 1613 cultus
1819 1586 1852 1612 et
1868 1579 1953 1612 alias
1969 1591 2022 1612 res
2037 1580 2123 1613 affe-

1138 1643 1208 1674 ret,
1236 1634 1407 1669 confessio
1424 1632 1605 1675 Evangelii
1628 1631 1781 1664 irritabit
1800 1630 1981 1662 diabolum
1998 1636 2031 1663 et
2050 1630 2124 1663 eius

1139 1699 1282 1730 organa.
1326 1686 1408 1718 ldeo
1425 1682 1565 1728 tyranni
1584 1682 1620 1714 in
1639 1692 1699 1714 vos
1718 1680 1979 1723 grassabuntur,
2008 1686 2039 1712 et
2056 1681 2123 1713 du-

1140 1745 1217 1771 cent
1245 1749 1314 1783 quo
1343 1747 1415 1768 non
1443 1733 1579 1767 voletis.
1639 1731 1771 1765 Scitote
1797 1730 1904 1773 igitur
1930 1727 2122 1763 Ecclesiam

1139 1789 1330 1822 subiectam
1354 1797 1426 1818 esse
1450 1783 1562 1823 cruci,
1596 1789 1627 1815 et
1652 1793 1713 1814 vos
1736 1793 1808 1813 non
1839 1787 1975 1814 tanturn
2007 1780 2123 1824 priore

1140 1839 1343 1883 disciplina,
1366 1837 1425 1869 sed
1442 1834 1547 1868 etiam
1562 1830 1625 1865 hac
1643 1830 1843 1865 obedientia
1866 1832 1903 1863 in
1920 1831 2123 1865 afflictioni-

1140 1891 1205 1923 bus
1237 1889 1311 1924 Deo
1347 1886 1539 1920 servituros
1570 1894 1653 1916 esse.
1706 1881 1786 1915 Non
1821 1881 1992 1914 somniate
2024 1882 2124 1914 vobis

1140 1941 1256 1974 ocium
1279 1939 1316 1972 in
1339 1948 1447 1980 regno
1467 1934 1632 1974 Messiae‚
1658 1933 1716 1966 sed
1740 1932 1893 1972 labores,
1921 1931 2124 1972 certamina,

1139 1990 1308 2036 supplicia
1333 1992 1524 2031 expectate,
1558 1991 1592 2018 et
1614 1995 1674 2017 vos
1697 1983 1916 2023 confirmate,
1942 1988 1981 2016 ut
2006 1982 2043 2015 in
2069 1980 2123 2016 his

1139 2040 1320 2090 praestetis
1337 2037 1587 2072 obedientiam.

1239 2106 1409 2142 Doctrina
1427 2102 1656 2150 paedagogica
1675 2107 1708 2135 et
1724 2100 1838 2134 civilis
1857 2107 1918 2141 est,
1934 2101 2029 2146 quod
2048 2111 2124 2133 mo-

1139 2159 1275 2194 deratio
1296 2169 1435 2191 morum
1460 2155 1579 2188 afferat
1607 2151 1909 2197 tranquillitatem.
1962 2151 2032 2184 Sed
2054 2149 2123 2184 Ec-

1139 2211 1242 2245 clesia
1257 2207 1361 2242 habet
1379 2206 1593 2251 superiorem
1612 2203 1788 2249 quandam
1806 2201 2024 2242 sententiam,
2049 2213 2123 2234 non

1140 2261 1352 2296 intellectam
1375 2258 1531 2297 mundo,
1566 2256 1659 2300 quod
1687 2252 1848 2286 videlicet
1879 2259 1989 2285 totum
2016 2263 2125 2295 genus

1140 2312 1334 2347 humanum
1362 2309 1529 2343 omnibus
1562 2303 1817 2339 calamitatibus
1844 2303 2037 2336 subiectum
2069 2303 2125 2339 sit,

1141 2370 1283 2409 propter
1310 2362 1397 2394 iram
1421 2358 1486 2393 Dei
1511 2358 1678 2390 adversus
1702 2360 1894 2402 peccatum.
1948 2354 2015 2387 Sed
2041 2353 2123 2396 quia

1141 2416 1236 2450 Deus
1252 2413 1328 2447 vult
1351 2409 1492 2455 agnosci
1523 2413 1702 2452 peccatum
1730 2411 1763 2438 et
1785 2404 1873 2437 iram
1900 2404 1937 2436 in
1955 2402 2121 2443 Ecclesia,

1142 2473 1176 2500 et
1198 2465 1274 2499 vult
1297 2475 1372 2498 eam
1401 2459 1518 2495 vocari
1543 2459 1586 2492 ad
1608 2455 1877 2501 poenitentiam,
1912 2454 1990 2486 ideo
2015 2453 2125 2495 magis

1142 2516 1297 2552 Ecclesia
1315 2513 1469 2548 subiecta
1487 2517 1537 2544 est
1554 2508 1660 2549 cruci,
1687 2517 1791 2553 quam
1810 2504 1934 2538 caeteri
1953 2501 2126 2542 homines,

1142 2568 1232 2602 sicut
1255 2566 1422 2610 scripturn
1449 2569 1514 2596 est:
1544 2559 1715 2593 Iudicium
1743 2569 1761 2589 a
1778 2557 1883 2589 domo
1901 2553 1966 2588 Dei
1993 2554 2127 2597 incipit.

1142 2619 1211 2654 Sed
1236 2624 1315 2663 post
1339 2621 1489 2650 mortem
1518 2611 1651 2646 abolito
1678 2613 1837 2653 peccato,
1874 2605 2129 2650 glorificabitur

1143 2669 1310 2704 Ecclesia.

1535 2713 1583 2749 28
1601 2709 1618 2730 *
