2409 2915
293 99 368 135 935

295 184 500 220 Ecclesiam.
567 182 746 226 Tempora
777 183 882 217 etiam
914 183 1113 228 significant
1145 184 1284 218 diversa

297 244 453 279 tempora
475 234 720 275 vocationum,
753 235 836 279 quia
860 235 959 269 Deus
985 236 1157 269 immensa
1181 235 1286 269 boni-

298 293 366 320 tate
391 285 543 319 subinde
567 284 745 318 revocavit
765 283 977 327 Ecclesiam,
1003 293 1038 320 et
1059 287 1132 331 ipse
1160 291 1287 324 servat,

298 337 372 381 ipse
390 336 554 371 restituit.
590 335 630 369 Si
649 336 722 379 ipse
741 347 814 368 non
831 344 1007 378 servaret,
1034 335 1189 370 Ecclesia
1207 337 1288 369 sun-

300 388 394 420 ditus
413 387 588 420 deleretur
608 386 788 420 furoribus
806 386 946 421 Diaboli
965 395 997 422 et
1014 387 1203 432 impiorum
1223 384 1289 419 bo-

300 438 454 473 minum.
507 436 639 481 Magna
655 448 735 480 ergo
752 437 911 470 doctrina
936 436 993 471 hic
1014 439 1182 479 traditur,
1207 437 1289 482 quia

301 488 592 522 commonefactio
612 495 680 529 est,
707 488 802 533 quod
828 488 891 522 iste
908 487 1162 523 Paterfamilias
1177 493 1291 521 servet

300 537 513 579 Ecclesiam,
546 551 619 572 non
643 545 761 572 nostra
783 539 952 583 sapientia
975 546 1008 573 et
1036 537 1188 573 humana
1208 538 1291 571 dili-

304 590 422 633 gentia
444 596 503 623 ant
527 589 695 633 potentia.
748 588 848 623 Sicut
874 597 990 624 autern
1013 591 1116 623 multi
1140 589 1291 623 subinde

303 641 417 674 vocati
443 647 542 681 sunt,
579 640 626 674 ita
650 640 816 674 omnibus
839 642 1058 685 temporibus
1081 640 1184 674 multi
1216 640 1292 673 sue-

303 698 388 724 runt
415 691 564 734 ingrati,
605 691 766 736 superbi,
805 691 1039 736 negligentes,
1080 691 1141 737 qui
1168 701 1290 724 rursus

305 741 404 775 eiecti
433 748 525 775 sunt.

407 799 477 834 Dat
494 808 610 835 autem
628 801 776 844 singulis
791 801 993 842 denarium,
1021 802 1055 834 id
1080 808 1148 843 est,
1175 801 1293 846 quoli-

304 852 362 885 bet
380 858 537 896 tempore
554 854 613 886 dat
630 852 762 885 vocatis
777 853 888 886 multa
904 853 996 885 bona
1017 853 1198 896 tantisper,
1226 853 1292 885 do-

305 914 370 935 nec
383 903 512 946 ingrati
530 903 731 937 eiiciuntur.
774 901 913 935 ludaeis
928 904 988 936 dat
1007 903 1204 943 denarium,
1231 903 1293 936 de-

306 953 357 986 dit
373 953 422 986 eis
439 965 584 996 regnum
596 980 604 994 ,
632 960 665 986 et
683 951 776 986 hunc
799 964 966 995 magnum
986 951 1157 987 bonorem
1169 980 1177 994 ‚
1200 960 1239 987 ut
1256 953 1293 985 in

305 1001 373 1037 hoc
392 1005 523 1049 populo
542 1010 629 1037 esset
644 1001 813 1039 Ecclesia.
868 1003 918 1037 lta
935 1005 1144 1047 generaliter
1161 1004 1295 1037 intelli-

306 1062 407 1098 gatur
432 1055 618 1095 denarius,
647 1055 690 1087 de
711 1054 930 1099 quibuslibet
949 1055 1074 1094 bonis,
1101 1067 1190 1099 quae
1206 1056 1294 1088 (lan-

305 1112 363 1139 tur
381 1106 512 1139 vocatis
524 1132 533 1146 ,
560 1105 616 1138 vel
635 1106 677 1138 de
695 1112 838 1139 externo
863 1106 1034 1149 regimine
1051 1106 1088 1138 in
1104 1104 1271 1139 Ecclesia.

406 1164 474 1198 Sed
494 1164 621 1207 ingrati
647 1164 838 1199 eiiciuntur
854 1172 887 1199 et
902 1165 1142 1210 recipiuntur,
1169 1172 1202 1199 et
1219 1166 1294 1209 pla-

309 1222 389 1249 cent
414 1215 467 1248 illi
490 1215 674 1249 novissimi
697 1217 885 1261 tantisper,
921 1217 1032 1250 donec
1058 1223 1092 1251 et
1114 1216 1183 1260 ipsi
1206 1216 1295 1251 fiunt

304 1266 443 1310 ingrati.
504 1265 634 1310 Ingrati
659 1266 763 1301 etiam
787 1267 923 1300 duriter
951 1265 1008 1301 hic
1032 1268 1293 1311 vituperantur:

304 1315 442 1351 Oculus
460 1325 540 1351 tuus
564 1318 677 1351 malus
703 1325 763 1353 est.
826 1317 909 1351 Ideo
936 1330 1008 1351 non
1035 1325 1147 1362 potest
1169 1318 1294 1351 simili—

306 1369 393 1401 tudo
408 1369 456 1401 sic
473 1368 643 1411 intelligi,
671 1376 708 1402 ut
727 1366 853 1401 horum
872 1369 1038 1402 denarius
1054 1369 1223 1412 significet
1241 1369 1294 1400 vi-

305 1426 374 1453 tam
392 1426 589 1459 aeternam,
617 1419 699 1463 quia
717 1419 772 1452 isti
791 1419 903 1452 invidi
921 1421 1147 1455 damnantur.

355 1492 409 1527 El
453 1491 651 1527 ascendens
695 1491 800 1527 Iesus
849 1505 971 1527 versus
1013 1491 1294 1539 lerosolymam,

408 1542 516 1578 duxit
547 1555 664 1578 secum
694 1542 880 1578 duodecim
908 1543 1108 1592 discipulos
1133 1556 1293 1579 scorsum

408 1595 446 1628 in
471 1595 552 1639 ria,
581 1599 611 1628 el
633 1593 731 1628 dixit
755 1595 824 1637 cis,
852 1599 912 1630 εἰσ.

404 1670 483 1705 Hoc
511 1678 561 1705 est
592 1672 807 1715 postremifii
838 1672 922 1711 iter,
964 1672 1108 1717 quando
1131 1669 1295 1706 Christus

306 1723 482 1767 profectus
499 1730 549 1756 est
569 1721 832 1768 lerosolymam,
861 1724 1042 1768 aliquanto
1063 1730 1161 1764 ante,
1189 1735 1293 1768 quam

306 1773 460 1808 Lazarus
475 1774 680 1818 aegrotavit.

410 1832 478 1867 llic
510 1833 665 1878 primum
689 1834 872 1877 discipulis
897 1833 1065 1879 praedicit
1090 1845 1188 1867 suain
1216 1845 1294 1877 pas-

306 1884 460 1925 sionem,
496 1892 639 1929 propter
660 1882 724 1918 bas
745 1891 815 1918 tres
837 1897 974 1925 causas,
1009 1897 1158 1929 quarum
1182 1885 1294 1928 prinia

306 1941 375 1977 est,
403 1943 441 1969 ut
467 1935 595 1969 scirent
621 1935 782 1979 Apostoli
808 1947 887 1969 eum
912 1947 985 1968 non
1010 1946 1090 1968 casu
1115 1935 1208 1979 pati,
1235 1936 1292 1968 sed

306 1986 472 2020 scientem
491 1993 524 2019 et
543 1986 718 2019 volentem
735 1997 770 2019 se
787 1986 914 2019 offerre
932 1987 974 2019 ad
995 1984 1060 2019 lioc
1077 1986 1295 2025 sacrificium,

307 2049 377 2082 quo
399 2037 606 2081 placandam
630 2049 703 2070 esse
729 2036 814 2070 iram
831 2035 897 2070 Dei
924 2037 1041 2081 generi
1062 2034 1218 2070 liumano
1239 2038 1294 2070 di-

308 2087 439 2121 vinitus
455 2089 633 2121 decretum
652 2094 736 2123 erat.

411 2147 572 2181 Secunda
597 2159 697 2180 caiisa
725 2154 792 2186 est,
828 2153 864 2179 ut
888 2147 1119 2190 praescientes
1134 2147 1295 2191 Apostoli

309 2196 399 2231 hanc
416 2198 630 2232 voluntatem
650 2197 815 2236 Domini,
843 2204 1041 2231 constantes
1058 2205 1241 2232 manerent
1259 2199 1294 2231 in

309 2249 395 2289 fide,
434 2256 465 2282 et
498 2255 678 2293 sperarent
710 2248 1001 2282 resurrectionem
1026 2247 1193 2288 Domini,
1234 2262 1296 2283 nec

308 2300 518 2340 deficerent,
545 2300 782 2333 existimantes
807 2311 886 2333 eum
905 2299 1129 2333 interiturum
1146 2311 1237 2340 esse,
1265 2308 1296 2334 et

311 2351 406 2383 illam
424 2363 518 2395 spem
539 2352 620 2384 novi
638 2351 733 2394 regni
751 2351 891 2384 inanem
908 2350 1024 2385 fuisse.

412 2410 533 2443 Tertia
562 2423 682 2450 causa,
723 2417 759 2444 ut
794 2409 955 2444 iudaicus
985 2421 1085 2443 error
1117 2410 1296 2454 Apostoli:

311 2462 536 2500 minneretur,
580 2475 650 2506 quo
687 2473 823 2507 semper
862 2461 1104 2500 somniabant,
1149 2473 1295 2503 regnum

312 2512 462 2546 Messiae
491 2513 565 2545 sore
597 2513 784 2558 imperium
812 2513 957 2551 mundi,
998 2519 1030 2546 et
1056 2509 1145 2545 nihil
1177 2525 1298 2556 passu-

312 2576 368 2596 ros
392 2575 477 2597 esse.

894 99 1018 133 PHlL.
1047 97 1161 134 MEL.
1190 98 1399 135 SCRIPTA
1426 98 1722 135 EXEGETlCA.

2249 101 2325 137 936

1338 191 1406 224 cet,
1434 185 1537 230 quale
1559 185 1604 219 sit
1625 196 1772 229 regnum
1787 183 1959 228 Messiae,
1985 192 2019 220 et
2037 192 2183 221 testatur
2198 186 2325 221 Domi-

1338 247 1435 270 mum
1454 236 1619 269 scientem
1638 243 1672 270 et
1689 236 1863 270 volentem
1879 247 2020 280 passum
2036 247 2119 272 esse.

1441 285 1510 320 Sed
1535 284 1593 319 bic
1615 287 1683 320 iam
1707 286 1970 320 consideremus
1985 287 2174 331 Apostolos
2194 293 2227 321 et
2243 286 2326 320 reli-
2383 315 2387 329 ἶ,

1341 349 1447 385 quam
1466 336 1620 377 turbam,
1645 349 1734 382 quae
1751 335 1812 370 lias
1828 337 2015 371 conciones
2029 338 2201 372 audierat.
2228 336 2326 371 Alibi
2371 341 2379 345 ’

1341 388 1427 421 dicit
1442 385 1681 431 Evangelista,
1707 386 1896 432 Apostolos
1915 385 1999 421 haec
2014 400 2088 422 non
2105 388 2327 422 intellexisse.
2379 418 2383 423 .

1341 437 1410 472 l-tic
1429 438 1545 471 statim
1565 443 1597 470 et
1615 438 1658 470 de
1673 448 1734 472 sua
1752 439 1908 486 potentia
1925 439 2117 483 disputant.

1445 487 1487 522 ln
1507 485 1574 522 hoc
1590 489 1748 533 exemplo
1764 489 1959 530 discamus,
1983 501 2056 523 esse
2079 489 2117 523 in
2139 489 2266 523 sanctis
2290 489 2327 523 in

1343 537 1408 572 hac
1431 539 1502 573 vita
1532 539 1674 572 mortali
1703 550 1846 582 magnas
1869 539 2092 574 infirmitates
2122 547 2156 574 et
2181 547 2330 585 peccata,

1344 591 1403 623 sed
1427 597 1544 623 tamen
1568 589 1670 623 initia
1693 588 1776 623 fidei
1800 596 1833 623 et
1849 589 2119 625 fundamentum
2136 603 2208 624 esse
2224 602 2331 635 opor-

1344 647 1411 680 tet,
1437 647 1471 674 et
1487 637 1550 674 has
1566 641 1704 683 regulas
1728 647 1927 682 teneamus,
1952 653 2100 686 quarum
2125 642 2240 687 prima
2263 648 2329 676 est:

1347 689 1498 735 Agentes
1519 692 1772 736 poenitentiam
1797 697 1892 725 certo
1917 692 2063 726 credant
2083 703 2119 726 se
2141 692 2270 737 recipi,
2297 699 2331 727 et

1345 753 1379 775 se
1397 742 1505 775 iustos
1523 742 1678 786 reputari
1696 748 1840 787 propter
1855 741 1967 776 filium
1983 741 2068 787 Dei,
2095 743 2175 779 fide.
2227 742 2330 777 Hane

1345 792 1622 826 consolationem
1657 804 1794 837 semper
1823 799 2022 834 teneamus,
2056 800 2089 828 et
2111 805 2332 839 opponamus
2357 788 2367 796 ⁹

1347 855 1422 877 eam
1441 849 1579 876 nostrae
1599 842 1809 878 infirmitati.

1447 894 1610 928 Secunda
1626 894 1764 937 regula:
1793 891 1884 928 Cum
1901 891 1966 928 hac
1983 895 2052 928 fide
2077 907 2150 928 nou
2171 895 2230 929 fiat
2253 906 2334 939 pec·

1349 951 1463 978 catum
1488 951 1610 978 contra
1628 945 1898 987 conscientiam,
1925 945 1960 979 id
1987 952 2056 986 est,
2081 942 2216 979 habens
2241 943 2334 979 hanc
2368 960 2370 962 ’

1346 996 1470 1039 fidem,
1498 1007 1586 1040 quae
1603 1002 1654 1030 est
1667 995 1795 1029 fiducia
1816 996 2098 1035 misericordiae,
2130 1008 2204 1031 non
2228 993 2336 1030 habet

1349 1047 1454 1079 simul
1477 1046 1697 1091 propositum
1724 1046 1874 1080 scienter
1895 1047 2047 1081 faciendi
2068 1054 2190 1082 contra
2205 1045 2334 1082 Deum.

1346 1096 1491 1131 Habens
1516 1104 1633 1132 autem
1662 1097 1730 1131 tale
1754 1097 1976 1144 propositum
2012 1098 2162 1132 scienter
2183 1098 2335 1131 faciendi

1347 1155 1469 1182 contra
1487 1147 1600 1182 Deum
1613 1173 1622 1187 ,
1650 1149 1780 1182 excutit
1796 1148 1900 1182 fidem
1913 1175 1923 1190 ,
1949 1155 1983 1183 et
1998 1160 2072 1183 uon
2091 1155 2202 1194 potest
2218 1148 2333 1183 Deum

1347 1211 1523 1233 invocare.

1449 1249 1527 1283 Hoc
1552 1249 1641 1282 bene
1667 1250 1892 1284 considerent
1914 1249 2067 1295 singuli,
2098 1257 2132 1285 et
2153 1250 2336 1284 couscien-

1346 1301 1411 1335 tias
1431 1312 1510 1334 suas
1527 1300 1738 1344 inspiciant,
1765 1308 1798 1335 et
1824 1308 1986 1343 caveant,
2020 1313 2065 1335 ne
2088 1309 2193 1337 ruant
2214 1307 2336 1336 contra

1347 1351 1608 1384 conscientiam.

1449 1401 1570 1435 Tertia
1589 1400 1724 1444 regula:
1768 1399 1839 1435 Ubi
1859 1408 1910 1436 est
1927 1413 2008 1436 vera
2029 1402 2134 1441 fides,
2162 1402 2211 1436 ibi
2228 1414 2336 1447 opor-

1348 1459 1398 1487 tet
1418 1452 1528 1486 teneri
1546 1452 1838 1495 fundamentum,
1866 1453 1902 1486 id
1922 1460 1990 1494 est,
2023 1465 2146 1487 omnes
2169 1453 2338 1487 articulos

1347 1503 1441 1536 fidei.
1493 1501 1538 1535 Et
1563 1513 1765 1547 quanquam
1790 1503 1850 1535 alii
1875 1503 2005 1536 clarius
2036 1515 2095 1537 eos
2121 1503 2338 1547 intelligunt,

1347 1554 1408 1587 alii
1425 1553 1621 1593 obscurius,
1649 1559 1765 1586 tamen
1781 1564 1881 1586 meus
1896 1565 1971 1587 nou
1989 1554 2208 1589 contradicat
2222 1554 2337 1588 scieu-

1347 1611 1400 1638 ter
1417 1604 1482 1638 ulli
1499 1603 1647 1637 articulo
1664 1603 1756 1638 fidei.

1449 1653 1584 1697 Quarta
1609 1653 1744 1697 regula:
1787 1651 1860 1688 Ubi
1886 1660 1937 1688 est
1960 1666 2040 1688 vera
2064 1654 2168 1697 fides,
2205 1661 2239 1690 et
2262 1667 2338 1690 nou

1348 1713 1430 1739 sunt
1462 1711 1598 1750 peccata
1632 1711 1754 1738 contra
1785 1705 2055 1745 conscientiam,
2090 1713 2126 1741 et
2153 1704 2258 1741 homo
2289 1713 2340 1741 αἱ

1348 1757 1479 1796 iustus,
1505 1763 1621 1790 tamen
1639 1753 1754 1789 adhuc
1773 1763 1916 1790 manent
1938 1768 2084 1800 magnae
2106 1757 2340 1799 infirmitates,

1348 1815 1382 1842 et
1403 1807 1506 1841 multi
1524 1807 1642 1840 vitiosi
1667 1813 1801 1846 motus,
1829 1807 1960 1852 quibus
1985 1809 2254 1853 repugnandum
2278 1814 2340 1851 est,

1348 1865 1381 1892 et
1409 1858 1518 1892 multa
1550 1864 1632 1891 sunt
1666 1864 1802 1901 peccata
1827 1858 2047 1901 ignorantiae
2070 1865 2103 1893 et
2123 1858 2338 1896 omissionis.

1348 1908 1480 1943 Contra
1498 1906 1590 1942 lianc
1607 1908 1847 1943 infirmitatem
1863 1915 2043 1942 teneamus
2062 1907 2154 1943 lianc
2177 1910 2338 1944 consola-

1349 1960 1501 2003 tionem,
1530 1971 1594 1992 nos
1612 1959 1679 1992 fide
1696 1959 1805 1993 iustos
1822 1970 1894 1992 esse
1910 1966 2053 2004 propter
2068 1959 2180 1994 filium
2197 1959 2277 2004 Dei,
2304 1967 2339 1995 et

1349 2011 1385 2043 in
1414 2010 1639 2044 credentibus
1666 2007 1728 2043 lias
1755 2010 1875 2043 sordes
1905 2010 1974 2054 tegi
1998 2017 2031 2044 et
2055 2011 2270 2053 condonari,
2304 2018 2340 2046 et

1348 2061 1623 2095 misericordiam
1657 2060 1723 2094 Dei
1758 2060 1936 2104 ingentem
1969 2061 2203 2104 celebremus,
2243 2063 2339 2109 quod

1350 2113 1473 2156 recipit
1492 2123 1577 2156 nos,
1605 2123 1808 2157 quanquam
1832 2112 1919 2145 adeo
1944 2110 2104 2146 ihfirmos
2123 2119 2155 2147 et
2172 2113 2339 2158 indiguos

1349 2170 1382 2198 et
1397 2163 1570 2197 sordidos.

1451 2213 1546 2247 llaec
1571 2213 1769 2247 communis
1793 2213 1954 2247 doctrina
1977 2214 2020 2247 de
2036 2212 2104 2248 fide
2122 2225 2223 2260 saepe
2240 2227 2339 2259 repe-

1350 2266 1455 2299 tenda
1480 2272 1551 2305 est,
1579 2271 1617 2299 iit
1641 2271 1782 2299 teneant
1806 2262 1967 2298 homiues
1985 2277 2103 2299 veram
2127 2267 2338 2301 consolatio-

1350 2329 1449 2356 nem,
1477 2323 1510 2351 et
1529 2323 1709 2350 exerceant
1728 2313 1818 2349 hanc
1844 2316 1967 2357 fidem,
1997 2316 2031 2349 in
2056 2316 2280 2351 invocatione
2305 2326 2336 2352 et

1350 2368 1541 2411 gratiarum
1562 2367 1710 2401 actione.

1404 2441 1508 2476 Tunc
1533 2442 1682 2476 accessit
1715 2439 1769 2474 ad
1788 2453 1867 2476 eum
1894 2446 2010 2475 maier
2034 2439 2200 2486 filiorum
2227 2441 2339 2478 Zebe-

1454 2491 1556 2531 daci,
1585 2497 1614 2526 e!
1632 2497 1755 2540 petens
1771 2491 1923 2540 aliquid
1936 2492 1984 2526 ab
2000 2506 2055 2536 co,
2081 2498 2142 2528 etc.

1453 2569 1554 2603 Nunc
1581 2569 1677 2609 vide,
1721 2571 1900 2614 quomodo
1931 2571 1974 2604 ile
2010 2581 2117 2614 regno
2145 2570 2338 2615 disputant.

415 2623 488 2656 liae
522 2631 588 2657 tres
626 2636 748 2657 raiism·
779 2623 1003 2665 gravissimae
1034 2622 1194 2662 suerunt,
1237 2634 1299 2655 cur
1324 2640 1327 2662 q
1354 2619 1451 2655 Ain-r
1467 2621 1538 2654 viilt
1558 2621 1677 2653 micro
1701 2633 1717 2653 a
1746 2621 1897 2661 ‹li-utris,
1925 2622 2012 2655 alter
2035 2633 2052 2654 a
2078 2620 2237 2656 sinisti-is.
2293 2619 2337 2656 Et

313 2675 501 2718 praedictio
534 2676 589 2707 illa
618 2677 703 2708 satta
731 2676 794 2713 sit,
832 2687 919 2719 apiae
945 2674 1086 2719 quidem
1106 2680 1136 2706 et
1155 2685 1218 2706 iios
1234 2674 1297 2706 do-
1323 2673 1327 2714 ξ
1350 2673 1455 2706 stulta
1483 2679 1591 2705 iiiater
1620 2669 1732 2703 adlini·
1759 2672 1941 2706 confirmat
1973 2670 2032 2705 lias
2059 2673 2336 2715 imaginationes.
