2409 2915
259 113 331 147 631

857 104 981 138 PHIL.
1010 102 1123 138 MEL.
1152 100 1359 138 SCRIPTA
1387 99 1682 138 EXEGETICA.

2197 104 2272 138 652

267 202 421 242 expectat
448 199 596 227 mortem
621 190 746 236 patris,
773 190 833 223 sed
856 195 936 222 ante
952 195 1090 236 tempus
1107 188 1244 221 invadit
1268 185 1273 239 ι
1297 199 1374 221 eum
1392 187 1430 221 in
1446 187 1611 221 omnibus
1626 185 1784 221 historiis
1800 193 1873 221 tum
1886 187 1923 220 in
1936 187 2150 233 quotidianis
2160 200 2275 223 exem—

270 256 299 281 et
325 252 468 289 occupat
493 254 637 286 regnum
664 251 804 275 excusso
824 247 929 283 patre.
982 238 1023 272 ln
1042 237 1244 273 huiusmodi

271 297 391 330 crassis
421 302 453 328 et
479 293 677 337 insignibus
701 290 883 334 exemplis*
917 296 1027 333 potest
1049 289 1186 333 agnosci
1215 295 1246 321 et

272 346 443 390 conspici,
470 344 554 389 quid
579 343 621 376 sit
639 341 812 386 superbia.
865 339 910 373 Et
928 341 1015 373 bene
1032 341 1248 373 considerate

273 395 356 430 haec
385 396 498 438 signa:
532 393 734 437 ubicunque
755 398 834 424 sunt
858 388 894 423 hi
918 390 1053 430 morbi,
1085 390 1248 423 inviden-

273 449 338 485 tia,
382 447 489 485 livor,
528 443 732 482 aemulatio,
771 448 803 474 et
833 440 1078 474 maledicentia
1108 440 1249 473 laedens

274 498 423 531 aliorum
448 496 595 535 famam,
621 505 680 526 seu
704 493 902 526 obtrectans
925 491 1060 524 alienae
1076 491 1250 524 existima-
1275 505 1277 526 ;

276 547 383 588 tioni,
409 553 512 591 atque
535 544 709 587 despectio
730 542 898 582 aliorum3
928 541 1027 574 item:
1055 541 1116 575 ubi
1141 541 1251 574 multa

277 604 474 635 tentantur,
501 602 534 629 et
558 600 744 627 moventur
767 599 860 625 extra
880 591 1114 631 vocationem3
1151 590 1251 623 item:
1276 606 1279 615 =

276 648 336 681 nbi
364 654 411 680 est
435 645 652 689 impatientia
679 650 798 677 contra
819 641 951 683 Deum,
979 642 1028 675 ibi
1053 641 1252 689 superbiam

277 709 348 731 esse
374 694 464 730 nihil
491 695 638 728 dubium
663 700 724 728 est.
778 692 881 726 Tales
903 692 1010 735 igitur
1035 692 1202 735 superbos
1221 697 1254 724 et

277 752 476 790 arrogantes
505 757 577 779 esse
608 744 816 788 cogitemus,
855 743 974 788 quales
1005 741 1116 780 Esau,
1156 741 1253 784 Saul,

276 799 434 832 Absolon
451 803 484 830 et
499 796 628 829 similes
643 796 796 828 suerunt.

377 846 408 880 E
438 847 580 890 regione
611 855 781 890 ponemus
803 843 938 877 illustre
964 842 1160 886 exemplum
1187 839 1254 874 hu-

274 898 444 932 militatis.

379 943 681 981 [cambas-filius
698 944 814 979 Saulis
838 942 1014 976 eminebat
1039 942 1129 976 inter
1154 953 1255 986 prae-

278 999 507 1032 stantissimos
531 998 635 1030 duces
657 1002 689 1029 et
713 995 911 1038 capitaneos
936 993 1063 1037 patris,
1091 1004 1129 1026 ac
1154 1004 1255 1036 prae-

1297 238 1384 281 plis,
1416 249 1504 283 quae
1530 249 1697 282 personae
1722 249 1758 271 re
1781 238 1857 286 ipsa
1880 238 1950 271 sint
1973 239 2158 282 superbae,
2188 250 2275 284 quae

1271 288 1273 298 ”
1297 285 1469 329 humiles,
1501 295 1535 322 et
1556 289 1640 333 quid
1665 288 1805 332 proprie
1827 288 1988 331 superbia
2013 289 2075 329 sit,
2101 289 2186 332 quid
2207 286 2275 323 hu-

1299 338 1446 372 militas:
1475 338 1610 371 collatis
1634 339 1716 372 item
1741 339 1924 372 eventibus
1949 349 2134 381 agnoscere
2157 345 2190 372 et
2213 339 2277 371 ob-

1301 399 1457 428 servare,
1483 388 1577 432 quod
1597 389 1818 423 verissimum
1835 390 1878 422 sit
1897 389 1990 422 Petri
2010 389 2158 422 dietum:
2186 385 2279 421 Deus

1274 444 1275 452 ¹
1301 438 1461 482 superbis
1482 437 1630 479 resistit,
1654 437 1849 473 humilibus
1869 441 1927 473 dat
1945 439 2109 482 gratiam,
2136 443 2169 471 et
2184 437 2280 482 quod

1302 489 1480 522 verissime
1501 489 1728 522 statuendum
1744 490 1809 531 sit,
1833 490 2002 533 superbos
2018 489 2144 522 ordine
2158 487 2281 520 divino

1303 551 1343 573 ex
1364 539 1434 572 alto
1455 538 1593 582 fastigio
1611 549 1788 579 excussos,
1804 541 1954 573 ‘taudem
1972 538 2177 573 tristissimis
2193 536 2282 571 casi-

1304 591 1368 623 bus
1391 589 1562 633 opprimi,
1588 590 1646 622 sed
1670 586 1863 623 humilibus
1879 588 1994 623 Deum
2014 589 2283 634 opitulaturum,

1305 647 1338 674 et
1354 640 1510 684 ipsorum
1526 639 1702 673 curriculo
1717 639 1908 673 affuturum
1924 651 2005 674 esse.

1407 696 1589 731 Caeterum
1613 703 1652 730 ut
1677 694 1762 730 haec
1784 695 1901 730 omnia
1922 697 2049 731 melius
2071 695 2284 739 intelligatis,

1306 747 1387 780 volo
1406 747 1570 788 definire,
1595 747 1681 792 quid
1700 747 1744 780 sit
1764 744 1964 788 humilitas,
1989 754 2023 782 et
2037 747 2191 790 regulam
2211 752 2284 780 tra·

1305 798 1405 838 dere,
1438 797 1807 831 commonesacientem
1838 808 1919 837 vos,
1954 797 1992 830 in
2024 798 2151 842 quibus
2179 796 2284 830 rebus

1307 849 1496 881 exercenda
1521 847 1564 881 sit
1587 845 1785 888 humilitas,
1812 858 1873 881 seu
1896 847 1986 880 circa
2011 859 2099 892 quae
2115 853 2286 880 versetur.

1307 897 1473 932 Vestrum
1504 899 1569 932 erit
1590 897 1777 941 diligenter
1797 909 1836 931 ea
1859 897 2080 931 considerare
2103 904 2136 932 et
2158 897 2284 930 memi-

1307 960 1410 982 nisse.

1407 1005 1618 1041 Humilitas
1648 1013 1699 1040 est
1727 1018 1829 1041 verus
1851 1006 1958 1041 timor
1977 1005 2062 1046 Dei,
2096 1007 2156 1052 qui
2181 1017 2284 1039 sensu

278 1057 435 1106 tef‘lfflffl]
458 1048 548 1093 q¹¹⁰d
568 1046 695 1079 “¹⁰¹¹ae
713 1045 866 1102 θβῗεὲἷῆῗ
881 1055 934 1077 ‘⁹⁵
949 1049 1117 1101 §⁰⁵⁵e‘3t’
1144 1050 1175 1077 ei
1192 1046 1255 1076 ³⁶·
1307 1058 1439 1101 percipi
1464 1064 1576 1100 potest
1600 1057 1637 1090 in
1662 1057 1784 1097 corde,
1810 1063 1842 1090 et
1865 1057 1903 1090 in
1925 1057 2103 1100 agnitione
2122 1057 2285 1102 propriae

278 1100 447 1132 mirandis
471 1105 575 1142 atque
597 1096 809 1129 salutaribus
833 1101 989 1129 victoriis
1011 1106 1028 1127 a
1044 1093 1119 1128 Deo
1142 1094 1256 1128 suerat
1279 1091 1281 1133 ³,
1307 1107 1520 1142 infirmitatis
1550 1119 1653 1141 verus
1676 1108 1778 1140 dolor
1801 1108 1844 1141 de
1865 1108 2032 1151 peccatis,
2066 1114 2098 1141 et
2121 1107 2284 1140 sordibus

277 1156 439 1187 ⁰¹'¹¹³¹¹¹⁵‘
467 1156 570 1182 emm
594 1158 684 1190 “²3¹⁵
708 1153 780 1179 “³²
804 1146 917 1186 fihus’
943 1156 997 1178 ⁶¹¹¹
1013 1156 1089 1177 ”¹¹⁸⁸
1105 1150 1138 1177 ‘t
1157 1156 1255 1177 “¹⁰oe
1278 1167 1281 1202 q
1307 1159 1453 1199 nostris;
1482 1164 1602 1203 estque
1627 1158 1828 1191 obedientia
1851 1168 1923 1191 sese
1938 1158 2016 1192 Deo
2040 1157 2229 1191 subiiciens
2245 1168 2284 1189 ac

276 1200 424 1233 mmmm
455 1206 611 1243 genuum
636 1204 669 1231 Εἴ
693 1208 870 1230 ⁰⁰m¹¹¹¹¹¹¹¹
893 1196 1043 1241 q⁰³d³m
1069 1192 1253 1227 h⁰¹¹¹¹¹¹⁸¹m
1280 1207 1281 1236 ἶ
1306 1209 1462 1242 serviens
1491 1208 1583 1242 intra
1609 1215 1717 1242 metas
1748 1207 1958 1249 vocationis,
1989 1219 2063 1241 non
2093 1207 2198 1241 stulta
2229 1206 2285 1240 sui

276 1250 456 1294 opinione,
483 1247 677 1282 baereditas
691 1246 789 1290 regni
805 1246 924 1279 deberi
942 1245 1141 1289 putabatur.
1184 1244 1255 1279 Sed
1306 1259 1432 1292 fiducia
1463 1270 1669 1302 erumpens,
1703 1269 1766 1291 nec
1795 1257 1988 1302 suscipiens
2015 1258 2152 1302 negotia
2178 1268 2284 1300 supra

275 1299 511 1358 ²⁵²‚humffi5’
539 1311 610 1332 ‘¹⁰¹¹
634 1298 705 1355 ‘Hit
723 1295 1072 1354 ⁰x²‘³,‘'⁰c{³²i⁰‚¹¹e‚m’
1099 1301 1256 1352 ⁰⁰n¹¹¹jet
1279 1297 1281 1317 ³
1305 1309 1416 1350 vires,
1443 1316 1501 1343 aut
1519 1309 1652 1342 maiora
1670 1315 1854 1352 appetens,
1881 1309 1939 1342 sed
1958 1320 2018 1351 spe
2033 1308 2155 1342 auxilii
2172 1306 2285 1341 divini

275 1363 310 1385 ⁵⁸
334 1357 425 1384 '⁰²¹³
444 1358 551 1384 'nemi‘
568 1349 692 1387 ⁰ffi⁶¹¹2
720 1354 752 1381 et
768 1358 850 1392 ‘1⁰¹³
867 1353 930 1380 ⁵⁰¹²
945 1343 1037 1378 '¹¹¹¹ss
1054 1357 1124 1378 ⁸⁵⁵²
1142 1357 1255 1378 m³¹¹¹⁵
1279 1375 1281 1384 ι
1305 1359 1493 1401 diligenter
1522 1359 1651 1392 faciens
1681 1358 1925 1392 convenientia
1951 1358 2146 1399 vocationi,
2179 1364 2213 1392 et
2235 1363 2286 1390 est

276 1414 312 1435 ¹¹¹
341 1399 526 1434 h⁰m¹¹¹¹¹m
559 1406 646 1439 ‘'m“
678 1409 782 1443 quam
812 1397 1120 1440 gnbernauonem’
1154 1407 1256 1439 prae·
1279 1411 1281 1440 1
1305 1409 1436 1443 iustitia
1457 1409 1616 1443 tribuens
1637 1420 1739 1442 suum
1755 1408 1880 1453 cuique
1898 1408 2032 1448 locum,
2059 1420 2132 1441 non
2149 1414 2285 1441 certans

276 1451 394 1485 sertim
414 1450 534 1495 populi
553 1448 637 1488 Dei,
663 1460 726 1481 nec
741 1447 805 1480 ulli
824 1458 970 1490 regnum
988 1445 1024 1478 in
1041 1443 1107 1478 hoc
1122 1445 1254 1489 populo

276 1501 412 1541 deberi,
439 1501 504 1533 nisi
529 1511 631 1544 quem
648 1498 743 1532 Deus
764 1498 910 1531 electum
935 1503 967 1530 et
990 1503 1136 1529 unctum
1156 1496 1254 1540 quasi

276 1553 471 1586 diademate
497 1550 660 1593 imposito
684 1548 864 1582 collocarit
887 1547 958 1591 ipse
985 1546 1021 1578 in
1045 1547 1125 1579 sede
1149 1546 1253 1588 regia,

276 1603 353 1635 ideo
384 1612 604 1645 nequaquam
634 1597 849 1641 concupiscit
877 1605 936 1630 aut
962 1603 1110 1629 conatur
1135 1607 1256 1638 rapere

275 1651 574 1691 dominationem,
609 1650 667 1683 sed
700 1648 791 1681 intra
822 1654 930 1680 metas
957 1657 1039 1679 suae
1062 1646 1256 1679 vocationis

274 1703 422 1736 fideliter
440 1696 559 1735 servit.
610 1699 747 1733 Deinde
768 1705 952 1742 postquam
972 1697 1064 1730 videt
1081 1694 1253 1729 Davidem

274 1753 445 1787 divinitus
474 1753 516 1785 ad
553 1749 643 1784 hanc
670 1748 961 1791 gubernationem
987 1753 1146 1780 vocatum
1172 1758 1255 1786 esse,
1278 1740 1281 1775 ῐ

1305 1460 1541 1493 aemulatione
1567 1466 1599 1493 et
1631 1459 1740 1492 livore
1769 1470 1847 1492 cum
1882 1459 2188 1499 antecellentibus,
2220 1469 2285 1490 nee

1304 1510 1518 1554 despiciens,
1565 1520 1747 1554 premens,
1787 1509 1983 1552 impediens
2012 1515 2183 1547 caeteros,
2222 1507 2283 1540 sed

1278 1568 1281 1594 ἴ
1304 1571 1409 1602 agens
1425 1559 1499 1593 Deo
1523 1560 1668 1603 gratias,
1696 1559 1790 1604 quod
1814 1559 1902 1592 alios
1923 1559 2027 1592 etiam
2051 1559 2131 1592 facit
2153 1568 2285 1601 organa

1304 1609 1487 1650 salutaria·‚
1514 1616 1563 1642 est
1587 1609 1739 1653 denique
1758 1609 1924 1653 patientia
1942 1609 2101 1642 tribuens
2116 1607 2192 1642 Deo
2208 1608 2285 1641 lau-

1304 1662 1383 1693 dem
1415 1659 1585 1699 institiae,
1612 1671 1650 1692 ac
1673 1665 1817 1703 propter
1837 1659 2052 1702 agnitionem
2076 1659 2283 1692 delictorum

1304 1711 1482 1744 moderate
1503 1711 1617 1743 serens
1641 1721 1790 1753 poenas,
1816 1722 1879 1743 nec
1898 1710 2049 1743 irascens
2065 1707 2158 1750 Deo,
2184 1707 2284 1755 quasi

1304 1761 1493 1794 crudeliter
1508 1767 1662 1793 exerceat
1678 1771 1742 1792 nos
1758 1760 1811 1792 vel
1830 1760 1997 1802 negligat,
2022 1771 2102 1794 cum
2118 1759 2194 1794 loco
2208 1771 2286 1792 mo-

274 1803 480 1849 20‘103‘5051‘
509 1803 634 1845 &andei
661 1800 767 1833 ”lium
797 1797 1084 1843 ΡῙἮἪἎΜἱθῐᾞτι
1106 1798 1252 1830 ‘lecum'
1277 1807 1280 1846 ἱ
1304 1823 1445 1851 vemur,
1470 1818 1527 1844 aut
1546 1821 1666 1843 cursus
1684 1817 1800 1843 noster
1818 1809 2019 1854 impeditur.

276 1866 364 1892 esse,
392 1859 550 1886 amanter
573 1852 683 1891 cedit,
712 1847 955 1883 honestissime
978 1848 1072 1891 cupit
1095 1860 1133 1879 ac
1149 1848 1253 1879 ben‹·-
1277 1857 1281 1901 ν

275 1905 356 1937 facit
382 1904 431 1942 ei,
458 1915 518 1936 cor
540 1902 648 1946 ipsius
671 1912 734 1933 nec
752 1899 955 1931 accenditur
973 1897 1206 1929 aemulatione
1222 1905 1253 1931 et
1278 1919 1280 1924 ,

276 1953 487 1992 invidentia,
521 1964 583 1985 nec
610 1949 828 1994 impatientia
853 1955 884 1981 et
910 1947 1151 1989 indignatione
1174 1960 1253 1979 crn-

275 2005 406 2043 ciatur,
439 2015 511 2035 non
535 2002 705 2035 existimat
730 1999 857 2032 iniuste
878 2010 992 2031 secum
1017 1997 1089 2040 agi,
1120 1997 1172 2029 vel
1199 1997 1254 2028 in-

276 2055 401 2088 iuriam
434 2053 498 2086 sibi
534 2053 626 2090 fieri,
662 2051 742 2096 quia
771 2049 831 2082 scit
864 2046 930 2081 hoe
965 2049 1076 2091 ipsum
1108 2059 1281 2088 regnum·

276 2107 409 2138 donum
436 2103 499 2136 Dei
528 2114 616 2142 esse„
652 2113 715 2134 nec
748 2100 984 2132 invadendum
1016 2109 1087 2130 esse
1112 2098 1155 2129 ab
1181 2098 1254 2129 ullo

278 2154 431 2189 homine.
486 2152 559 2186 lmo
586 2153 693 2186 laetus
717 2151 785 2193 agit
807 2150 931 2191 gratias
953 2148 1045 2186 Deo,
1072 2149 1164 2193 qnod
1192 2160 1254 2190 pro

277 2207 386 2239 salute
418 2204 536 2248 populi
569 2215 662 2236 nnnc
693 2202 823 2234 vocarit
846 2208 876 2233 et
899 2199 1074 2238 excitarit,
1115 2199 1253 2241 sapien-

278 2266 364 2295 tem,
402 2257 554 2293 bonnm,
592 2254 724 2287 felicem
755 2259 787 2285 et
817 2257 975 2284 sanctum
1009 2261 1140 2290 regem,
1177 2261 1254 2289 gra-

278 2308 409 2340 tulatur
433 2305 662 2349 reipublicae,
689 2309 785 2347 optat
811 2309 849 2335 ut
873 2299 967 2334 Deus
989 2297 1071 2332 haec
1089 2300 1253 2332 lieni-licia

275 2358 439 2391 cumulet.

379 2406 446 2440 Hic
478 2406 549 2450 ipse
578 2405 671 2438 mitia
695 2411 726 2437 et
752 2402 862 2436 fidelis
885 2401 1021 2434 animus
1044 2400 1079 2432 in
1109 2398 1252 2432 lunatim
1278 2415 1279 2421 ¹

276 2467 323 2493 est
349 2470 426 2491 vera
446 2455 634 2489 humilitas.
688 2454 738 2488 Ac
755 2453 891 2499 quoties
907 2450 1035 2485 auditis
1052 2450 1120 2482 diri
1137 2452 1179 2483 de
1196 2463 1251 2483 sn-

277 2510 395 2553 perbia
420 2515 450 2541 et
476 2505 694 2543 humilitate,
722 2505 822 2537 toties
843 2502 942 2535 vobis
967 2502 1002 2535 in
1025 2508 1174 2534 mentem
1195 2514 1251 2532 vt·-

277 2561 371 2593 niant
392 2556 474 2591 haec
491 2557 645 2600 exempla
661 2556 776 2590 Saulis
788 2582 795 2593 .
825 2553 1013 2587 Absolonis
1028 2559 1059 2585 et
1078 2549 1252 2586 lonatlnw,
1276 2554 1277 2557 ’

378 2609 496 2653 ltaque
528 2608 732 2640 facillimum
765 2606 867 2638 suerit
896 2602 1102 2647 intelligenti
1126 2603 1250 2634 sumt..-

273 2668 427 2693 mentnm
448 2660 482 2691 in
504 2655 566 2691 hac
583 2657 760 2697 doctrina.
788 2655 981 2701 perspicere
996 2661 1026 2688 et
1043 2653 1250 2693 diiudicare,

1408 1869 1478 1902 lam
1504 1869 1635 1907 videte,
1663 1873 1747 1912 quot
1775 1869 1929 1901 membra
1953 1879 2013 1901 seu
2037 1868 2165 1912 species
2187 1879 2282 1901 com-

1304 1920 1495 1962 plectatur,
1528 1926 1561 1952 et
1584 1930 1624 1951 ex
1651 1918 1790 1963 quantis
1816 1918 2004 1952 virtutibus
2026 1917 2215 1963 composita
2238 1918 2282 1952 sit

1303 1967 1497 2004 humilitas.

1406 2019 1523 2052 Prima
1540 2019 1651 2051 virtus
1668 2025 1716 2051 est
1735 2018 1840 2051 timor
1857 2017 1933 2053 Dei.

1404 2077 1582 2118 Secunda,
1633 2077 1764 2121 agnitio
1803 2077 1931 2121 peccati
1970 2085 2002 2111 et
2034 2077 2284 2112 imbecillitatis

1277 2158 1280 2183 5
1304 2128 1474 2177 propriae.

1405 2178 1544 2218 Tertia,
1572 2178 1751 2210 continere
1766 2189 1801 2210 se
1818 2177 1908 2210 intra
1926 2186 2050 2219 metas,
2077 2190 2140 2211 nec
2155 2177 2282 2211 omissa

1305 2230 1357 2263 vel
1381 2231 1514 2263 deserta
1541 2229 1723 2261 vocatione
1751 2228 1911 2272 propria,
1942 2229 2073 2262 irruere
2097 2229 2132 2261 in
2157 2227 2282 2269 aliena,

1304 2287 1364 2314 aut
1380 2287 1538 2324 appetere
1555 2279 1732 2322 superiora
1751 2279 1895 2312 viribus.

1405 2340 1558 2383 Quarta.
1599 2338 1774 2371 neminem
1812 2337 2004 2380 despicere,
2045 2348 2108 2369 nec
2137 2336 2279 2370 accendi

1305 2390 1511 2424 invidentia.

1405 2441 1538 2483 Quinta
1550 2466 1558 2478 ,
1586 2451 1657 2472 non
1676 2439 1821 2471 fremere
1836 2437 2001 2470 adversus
2016 2433 2128 2469 Deum
2140 2435 2180 2469 'in
2197 2447 2279 2481 poe-

1276 2510 1278 2515 ·
1303 2491 1376 2531 nis,
1403 2493 1462 2524 sed
1481 2491 1514 2523 in
1533 2489 1725 2523 calamitate
1744 2487 1915 2532 patienter
1932 2487 2086 2522 obedire.

1404 2549 1537 2583 Uarum
1568 2548 1726 2581 onmium
1749 2547 1918 2580 virtutum
1943 2545 2117 2589 copulatio
2141 2550 2189 2578 est
2211 2541 2278 2578 lnt-

1302 2601 1443 2636 militas.
1504 2598 1553 2633 lta
1585 2606 1664 2631 sunt
1697 2595 1847 2630 humiles
1872 2594 2052 2635 lon-athas,
2086 2594 2217 2632 David.
2245 2603 2276 2629 et

1301 2652 1383 2685 casti
1411 2649 1548 2694 Angeli.
1616 2649 1683 2682 Sed
1713 2648 1871 2681 omnium
1905 2647 2052 2681 maxime
2085 2646 2175 2679 lilius
2201 2643 2281 2688 Dei,

2382 935 2386 960 ι’
