2409 2915
243 113 315 147 611

249 196 310 229 etsi
329 200 422 227 metu
439 191 684 235 perturbatur,
711 195 827 222 tamen
853 187 890 220 in
914 185 980 221 hac
999 188 1232 232 promissione

249 246 397 280 retinere
422 243 636 280 libertatem,
672 239 820 283 ideoque
841 238 1048 272 electionem
1072 250 1144 272 esse
1170 251 1232 271 vo-

251 293 451 328 luntariam.
506 291 561 325 Ad
587 301 690 335 quam
715 301 793 322 cum
817 289 958 322 accessit
984 287 1051 322 hoc
1075 289 1233 323 terribile

251 344 450 381 vinculum,
477 341 605 374 scilicet
629 341 886 378 iuramentum,
922 351 1143 384 nequaquam
1174 351 1233 383 pa—

252 395 320 428 ctio
341 393 419 427 talis
438 392 554 432 irrita,
577 392 635 424 sed
654 391 767 434 reipsa
790 402 872 423 vero
899 397 932 423 et
955 390 1156 423 voluntario
1181 390 1236 422 iu-

253 451 410 478 ramento
426 443 555 476 sancita
571 448 603 475 et
619 441 823 474 confirmata
839 451 912 473 esse
928 439 1111 474 iudicetur.
1165 438 1236 473 Ita-

253 506 319 540 que
330 493 452 527 sciatis
462 493 520 537 qui
542 491 769 525 iureiurando
786 488 889 523 fidem
906 490 1102 528 adstrinxit,
1121 489 1234 523 Deum

254 545 343 577 velle
368 551 406 577 ut
430 543 533 576 saciat
558 543 729 581 iuratum,
756 552 820 573 nec
837 540 955 574 eludat
972 541 1141 584 promissa
1160 540 1237 573 vio-

255 595 384 628 latione
403 593 602 627 iuramenti.
670 590 750 624 Nou
769 591 861 623 enim
880 591 1028 624 dubium
1048 598 1116 630 est,
1150 590 1236 635 quin

255 646 305 678 ira
322 644 386 677 Dei
414 643 542 676 saeviat
565 641 688 685 poenis
710 641 953 685 corporalibus
969 641 1006 674 in
1026 641 1236 675 redimentes

255 694 408 739 periurio
430 693 617 741 pecuniam
635 692 690 726 vel
707 692 826 726 vitam.

357 759 457 793 Ilanc
482 771 587 803 quam
614 757 758 792 recitavi
783 770 898 791 veram
923 757 1133 791 sententiam
1155 757 1237 789 dili-

256 818 376 854 genter
403 809 625 845 mementote.
693 809 762 843 Sed
786 815 823 842 ut
845 809 1014 842 libentius
1039 820 1077 841 ac
1101 807 1238 851 saepius

255 862 424 895 memoria
441 860 623 905 repetatis,
650 859 730 893 volo
747 859 847 892 vobis
863 857 1045 892 historiam
1060 858 1186 891 dicere.

360 927 514 971 Quidam
555 927 610 960 vir
650 926 781 959 nobilis
825 925 996 970 equestris
1031 924 1168 958 ordinis
1202 923 1239 957 in

257 978 423 1021 Francia,
450 976 560 1011 hostis
583 983 655 1010 erat
680 975 817 1010 Suevici
842 975 1009 1015 foederis,
1049 975 1078 1008 is
1100 987 1119 1008 a
1135 974 1239 1008 Prin-

257 1030 332 1073 cipe
344 1028 503 1061 Palatino
522 1034 641 1070 captus
658 1026 844 1059 iuramenti
859 1027 935 1059 loco
953 1027 1031 1058 data
1048 1025 1127 1066 fide,
1156 1037 1240 1059 con-

257 1079 407 1112 firmavit
425 1089 459 1110 se
475 1079 516 1110 ad
535 1078 628 1111 diem
646 1076 876 1110 constitutum
899 1076 1097 1110 rediturum
1122 1076 1165 1109 ad
1188 1077 1240 1109 lo-

257 1141 335 1162 cum
359 1129 588 1171 designatum.
642 1126 721 1170 Qua
747 1127 820 1169 lege
843 1138 904 1160 seu
928 1126 1131 1160 conditione
1157 1132 1241 1160 tunc

258 1180 405 1212 liberato
431 1179 545 1212 statim
569 1184 721 1222 potestas
747 1178 834 1210 facta
852 1183 922 1217 est,
949 1188 1028 1210 cum
1048 1177 1170 1218 vellet,
1197 1178 1238 1209 ad

257 1241 338 1262 suos
363 1229 548 1262 redeundi.
600 1225 676 1262 Etsi
703 1234 819 1261 autem
843 1225 995 1261 habebat
1021 1228 1239 1271 exploratum

257 1278 332 1318 liic,
360 1280 420 1324 qui
438 1280 540 1312 fidem
561 1290 658 1312 suam
677 1279 914 1324 obligaverat,
941 1278 969 1311 si
989 1277 1083 1312 iuxta
1101 1285 1240 1322 pactum

257 1331 454 1363 revertisset
472 1331 513 1362 ad
538 1328 630 1362 diem
654 1329 919 1373 praestitutum,
950 1340 1024 1361 non
1050 1329 1155 1361 modo
1174 1328 1240 1361 Pa-

257 1381 404 1413 latinum
424 1380 623 1423 Principem
641 1379 812 1423 optimum
836 1378 1022 1411 autoritate
1045 1389 1105 1411 sua
1132 1378 1241 1412 inter-

257 1442 433 1464 cessurum
452 1430 571 1470 fuisse,
597 1441 640 1462 ne
657 1440 782 1461 manus
800 1428 866 1471 ipsi
884 1428 1056 1461 violenter
1071 1428 1240 1461 afferren-

258 1488 334 1521 tur,
360 1483 424 1513 sed
446 1481 549 1513 etiam
577 1480 612 1512 in
639 1491 739 1512 causa
763 1479 871 1522 ipsius
894 1480 1059 1512 daturum
1086 1490 1240 1522 operam,

256 1538 295 1564 ut
319 1531 485 1574 depositis
504 1530 719 1567 inimiciciis,
753 1541 791 1562 ac
814 1540 894 1572 pace
919 1529 1120 1568 conciliata,
1156 1541 1239 1562 con-

256 1582 475 1621 ditionibus,
507 1591 611 1625 quam
634 1579 710 1613 fieri
737 1586 869 1622 posset,
910 1579 1129 1623 aequissimis
1152 1579 1240 1612 diri-

256 1638 435 1665 merentur
467 1631 633 1675 utrinque
667 1629 942 1669 controversiae,
983 1636 1101 1662 tamen
1135 1630 1238 1662 fidem

256 1682 572 1726 iusiurandnmque
604 1680 802 1723 negligens,
849 1679 1019 1723 promissa
1049 1691 1121 1712 non
1152 1680 1243 1721 fecit,

256 1745 377 1765 verum
395 1732 490 1765 brevi
510 1739 666 1779 tempore
684 1737 761 1774 post
780 1742 851 1762 non
869 1730 989 1773 procul
1015 1741 1032 1762 a
1054 1730 1144 1763 valle
1162 1729 1239 1763 loa-

257 1781 423 1822 cldmica,
462 1782 628 1825 plumbeo
654 1781 778 1824 globo,
822 1793 862 1813 ex
893 1780 1085 1813 bombarda
1115 1781 1240 1814 emisso

257 1834 419 1867 traiectos
444 1833 550 1872 obiit,
599 1832 690 1866 iusto
714 1831 783 1865 Dei
811 1830 942 1864 iudicio
967 1843 1113 1875 poenam
1141 1831 1241 1864 luens

257 1885 410 1926 periurio
429 1885 581 1926 dignam.

360 1951 471 1983 Porro
491 1948 582 1992 Papa
602 1947 785 1982 Romanus
810 1946 844 1979 in
870 1947 944 1979 inre
971 1947 1159 1985 canonico,
1196 1949 1239 1979 de

258 2000 464 2033 iuramentis
487 2000 518 2031 vi
546 1998 704 2037 extortis,
732 1997 892 2041 perplexe
917 1997 1092 2041 loquitur,
1120 2009 1157 2029 ac
1181 2009 1238 2027 ve-

257 2052 421 2084 teratorie
454 2050 542 2083 ludit
575 2046 829 2092 sophismatum
862 2047 1066 2090 praestigiis,
1141 2048 1237 2080 Alibi

256 2102 350 2133 enim
371 2102 465 2134 iubet
485 2107 595 2134 astute
621 2112 717 2136 eum,
754 2098 812 2142 qni
834 2105 926 2131 metu
948 2099 1076 2131 fractus
1096 2097 1237 2136 inravit,

256 2160 371 2195 petere
396 2151 653 2184 absolutionem
678 2162 695 2181 a
721 2148 906 2184 pontifice,
955 2156 985 2181 et
1010 2146 1072 2180 hac
1097 2149 1237 2180 absolu-

256 2203 351 2235 tione
367 2203 449 2235 dicit
471 2202 583 2244 ipsum
605 2199 744 2233 liberari
765 2211 780 2230 a
806 2198 974 2240 religione
998 2199 1236 2233 iurisiur.·ndi.

256 2254 350 2286 Alibi
369 2253 449 2284 dirit
471 2253 551 2285 talia
570 2257 665 2294 pact-t
694 2250 888 2282 iuramento
913 2249 1042 2281 sancita
1068 2252 1235 2283 servanda

255 2317 338 2338 esse.
400 2302 491 2335 llaec
527 2302 674 2334 varietas
705 2300 971 2343 responsionum
1006 2301 1118 2331 turbat
1153 2313 1234 2332 ron-

255 2355 426 2387 scientias.
481 2354 548 2386 Sed
567 2365 637 2384 non
662 2351 878 2383 immorabor
896 2347 976 2382 linit·
995 2350 1234 2391 disputationi.

253 2404 436 2439 Caeterum
454 2406 496 2436 de
512 2410 688 2447 praetextu
707 2401 938 2433 absolutionis
956 2401 1154 2444 pontificiae
1173 2402 1234 2432 luo-

255 2469 319 2488 nae
338 2463 468 2487 mentes
487 2454 712 2491 erudiantur,
749 2451 961 2494 impietatem
987 2463 1059 2483 esse
1081 2458 1109 2483 et
1137 2464 1233 2483 erro-

252 2519 323 2538 rem
343 2505 634 2537 contumeliosum
653 2510 772 2535 contra
790 2501 922 2542 Deum,
948 2502 1041 2546 qnod
1062 2500 1152 2544 Papa
1168 2503 1232 2535 sibi

252 2558 370 2589 sumsit
388 2555 608 2588 autoritatem
626 2553 830 2586 absolvendi
848 2550 1021 2591 homines,
1046 2564 1090 2584 ne
1107 2553 1231 2586 saciant

252 2607 418 2650 promissa
438 2606 592 2647 legitimo
612 2605 820 2637 iuramento.

251 2657 326 2689 loco
347 2657 522 2690 monuisse
539 2656 621 2690 satis
636 2655 690 2688 sit.

845 102 968 138 PHIL.
996 100 1110 138 MEL.
1139 99 1350 138 SCRIPTA
1377 100 1679 138 EXEGET10A;

1257 282 1262 329 1

1259 338 1265 578 l

874 2602 968 2637 llaec
993 2603 1144 2636 breviter
1169 2601 1232 2636 lioc
1257 2595 1259 2616 ⁸

2201 103 2275 138 612

1588 189 1648 222 Au
1672 189 1788 222 liceat
1815 186 1970 223 iurare?

1689 254 1742 289 De
1765 261 1871 289 textu.

1390 335 1570 372 Hactenus
1599 336 1666 373 hae
1693 340 1861 374 materiae
1883 340 1920 372 in
1945 339 2083 372 duabus
2107 339 2274 382 proximis

1289 387 1488 430 propositae
1523 389 1773 431 concionibus,
1827 390 2051 423 mediocriter
2086 389 2275 432 explicatae

1288 443 1390 477 sunt,
1428 437 1608 473 videlicet:
1644 439 1742 482 Quid
1767 441 1813 474 sit
1835 441 2094 479 iuramentum,
2130 446 2163 474 et
2187 450 2277 484 quae

1288 487 1538 531 promissiones
1565 489 1678 532 reipsa
1701 490 1772 524 sint
1795 491 2008 529 iuramenta,
2037 490 2165 535 quibus
2181 489 2276 523 obli-

1290 544 1417 581 gantur
1434 539 1680 575 conscientiae.
1731 539 1777 574 Et
1799 553 1887 586 quae
1909 541 2103 575 iuramenta
2129 540 2199 574 sint
2226 539 2277 573 ir-

1291 589 1375 629 rita,
1402 600 1466 622 nec
1482 601 1601 623 revera
1619 590 1689 623 sint
1707 590 1915 626 iuramenta.
1967 590 2071 625 Nunc
2095 590 2277 624 enarrabi-

1292 650 1369 672 mus
1386 645 1538 679 textum,
1567 641 1666 673 cuius
1683 638 1768 674 baec
1783 649 1865 676 sunt
1882 642 2004 675 verba:

1344 711 1433 759 Ego
1458 717 1578 747 aulem
1604 711 1684 747 dico
1709 713 1825 747 vobis:
1867 726 2018 761 prorsus
2043 726 2115 748 non
2147 713 2278 757 iumee,

1392 775 1503 811 neque
1516 776 1581 812 per
1596 763 1730 798 coelum
1742 792 1751 806 ‚
1777 776 1888 813 neque
1901 777 1965 812 per
1981 770 2114 799 terram
2131 769 2192 802 etc.

1395 837 1447 871 Ex
1464 836 1530 871 boc
1545 838 1637 872 dicto
1649 836 1900 882 Anabaptistae
1916 846 2160 874 exstruxerunt
2174 851 2278 874 suum

1294 888 1383 921 illud
1403 889 1592 933 delirium,
1621 901 1694 922 non
1722 889 1825 922 licere
1842 886 2052 923 Christianis
2067 890 2178 924 ullum
2194 891 2278 925 dare

1293 939 1538 973 iusiurandum
1550 966 1559 979 ‚
1591 946 1626 973 et
1643 936 1708 973 hac
1725 940 1929 984 quaestione
1945 940 2071 984 passim
2088 941 2279 976 turbarunt

1293 989 1456 1024 seditiose
1479 989 1617 1033 politica
1643 989 1783 1023 vincula
1808 990 1844 1022 in
1869 990 2080 1025 civitatibus.
2132 989 2280 1026 Constat

1294 1040 1387 1072 enim
1412 1041 1650 1074 iuramentum
1673 1051 1744 1073 esse
1768 1041 1993 1084 praecipuum
2018 1040 2198 1076 vinculum
2222 1042 2279 1075 iu-

1293 1090 1468 1124 diciorum
1485 1097 1518 1124 et
1535 1091 1673 1125 ordinis
1689 1090 1842 1135 politici,
1870 1092 1959 1125 sicut
1982 1091 2148 1125 usitatum
2171 1099 2223 1126 est
2240 1093 2279 1126 in

1294 1141 1418 1185 quavis
1446 1142 1720 1185 gubernatione,
1760 1142 1982 1185 magistratus
2004 1142 2199 1186 postulare,
2238 1149 2279 1177 ut

1294 1191 1450 1235 subditi,
1484 1203 1545 1225 seu
1576 1192 1668 1225 cives
1701 1191 1818 1225 iurent
1840 1204 1876 1225 se
1900 1192 2036 1236 legibus
2057 1192 2278 1237 obtempera·

1295 1248 1403 1278 turos.
1448 1240 1496 1275 Et
1512 1243 1549 1275 in
1568 1243 1645 1275 foro
1663 1242 1942 1276 dirimendarum
1960 1243 2279 1277 controversiarum

1294 1304 1414 1332 causa,
1447 1304 1548 1336 saepe
1567 1292 1768 1326 decurritur
1785 1305 1846 1333 eo,
1880 1299 1918 1326 ut
1942 1293 1997 1326 vel
2022 1305 2040 1326 a
2063 1293 2280 1336 magistratu,

1296 1342 1350 1374 vel
1389 1342 1566 1376 iudicibus
1608 1343 1774 1386 litigatori
1809 1343 2055 1377 iusiurandum
2090 1344 2279 1378 deseratur.

1295 1391 1396 1425 Talia
1432 1392 1627 1426 iuramenta
1668 1393 1794 1426 ordine
1836 1393 1980 1436 politico
2020 1398 2165 1434 sancita,
2217 1393 2278 1439 qui

1293 1443 1436 1476 damnat
1453 1450 1485 1476 et
1504 1443 1694 1486 improbat,
1721 1455 1765 1476 an
1791 1454 1862 1476 non
1886 1443 1979 1477 idem
2002 1443 2167 1477 seditiose
2192 1455 2275 1478 ner-

1295 1504 1356 1526 vos
1372 1493 1486 1527 civilis
1501 1493 1675 1527 societatis
1692 1493 1839 1527 incidit?

1396 1544 1636 1586 Quamobrem
1666 1543 1770 1586 paulo
1795 1543 2000 1586 diligentius
2022 1543 2211 1584 attendite,
2239 1551 2279 1578 ut

1295 1600 1385 1627 recte
1403 1594 1543 1627 discatis
1561 1594 1754 1636 intelligere
1769 1599 1902 1628 textum
1919 1593 1955 1626 in
1969 1591 2162 1628 Mattliaeo.
2216 1593 2279 1628 Li-

1295 1652 1376 1688 quet
1404 1645 1497 1677 enim
1522 1645 1758 1688 perniciosum
1783 1655 1938 1677 errorem
1964 1643 2277 1689 Anabaptistarum

1294 1706 1335 1727 ex
1353 1692 1415 1727 bac
1438 1695 1576 1728 inscitia
1600 1701 1633 1728 et
1650 1695 1835 1738 coecitate,
1863 1702 2031 1740 tanquam
2054 1695 2098 1728 ab
2122 1695 2198 1739 ipso
2219 1707 2279 1729 ca-

1295 1744 1364 1787 pite
1381 1757 1418 1778 ac
1439 1746 1536 1778 sonte
1555 1757 1696 1778 manare
1714 1752 1818 1789 atque
1835 1745 1940 1784 oriri,
1967 1745 2060 1790 quod
2085 1751 2118 1779 et
2133 1757 2277 1790 prorsus

1295 1795 1455 1838 ignorant
1480 1795 1669 1829 discrimen
1688 1795 1790 1838 Legis
1812 1802 1845 1829 et
1861 1792 2066 1837 Evangelii,
2093 1803 2124 1829 et
2142 1796 2277 1830 doctri-

1294 1857 1372 1878 nam
1410 1853 1590 1889 tantopere
1617 1845 1843 1878 necessariam
1871 1852 2048 1889 tamquam
2076 1846 2276 1887 salutarem,

1293 1896 1517 1939 pertinaciter
1536 1896 1682 1929 auribus
1699 1903 1731 1928 et
1750 1895 1876 1928 animis
1895 1895 2096 1930 excludunt.

1391 1945 1552 1979 Christus
1568 1954 1682 1980 autern
1710 1946 1744 1978 in
1769 1943 1835 1978 hoc
1859 1945 1972 1990 capite
1997 1957 2069 1978 non
2093 1945 2275 1979 constitnit

1292 1996 1464 2039 politiam,
1491 2009 1554 2030 nec
1571 1997 1614 2030 dc
1630 1996 1781 2037 negociis
1799 1996 2020 2029 vocationum
2032 2021 2041 2033 ,
2068 1997 2126 2029 sed
2143 1997 2185 2029 de
2203 1997 2275 2039 pri-

1292 2053 1367 2079 vata
1395 2047 1563 2091 cuiusque
1587 2047 1760 2080 munditie
1786 2046 1960 2090 loquitur,
2003 2059 2041 2079 ac
2064 2046 2209 2080 seorsim
2237 2047 2272 2080 in

1293 2098 1580 2140 interpretatione
1599 2098 1681 2139 legis
1698 2104 1864 2141 tanquam
1885 2097 1918 2129 in
1940 2096 2070 2130 iuditio
2088 2095 2173 2137 Dei,
2199 2097 2273 2130 sin-

1291 2148 1451 2188 gulorum
1472 2149 1575 2180 corda
1591 2148 1722 2189 arguit,
1756 2155 1894 2179 ostenso
1915 2155 2073 2189 peccato,
2108 2147 2273 2193 iubetque

1291 2210 1352 2231 nos
1373 2198 1575 2231 interiorem
1600 2198 1881 2235 immunditiem,
1909 2198 2128 2237 [utilitatem.
2159 2206 2190 2232 et
2216 2199 2271 2231 in-

1289 2249 1448 2282 ordinata
1467 2249 1630 2282 incendia
1650 2249 1764 2281 cordis
1782 2247 1926 2281 lnnnani
1943 2261 2145 2291 agnoscere:
2181 2249 2270 2282 sicut

1290 2299 1391 2342 paulo
1408 2307 1488 2333 ante
1508 2301 1550 2332 de
1570 2301 1618 2332 ira
1641 2301 1787 2337 iniusta,
1815 2307 1846 2332 et
1867 2299 2017 2332 fluitnnis
2039 2299 2203 2332 adulterii
2233 2299 2268 2331 in

1287 2351 1391 2383 corde
1415 2350 1642 2384 concionatus
1665 2357 1724 2383 est.
1794 2350 1845 2382 Ac
1868 2349 1983 2382 statim
2017 2357 2132 2392 postea
2163 2349 2267 2383 dicit:

1289 2400 1364 2434 Non
1384 2401 1529 2434 resistite.
1548 2402 1659 2441 titalo,
1687 2397 1880 2446 prohibens
1899 2399 2067 2443 privatam
2091 2399 2267 2444 cupidita-

1287 2459 1353 2485 tem
1373 2452 1558 2487 vindictae.

1388 2501 1480 2535 llaec
1501 2503 1592 2535 dicta
1609 2513 1680 2534 non
1701 2501 1894 2546 loquuntur
1909 2501 1953 2534 de
1970 2499 2112 2544 politico
2128 2501 2265 2543 ordine,

1286 2565 1346 2586 nec
1369 2559 1497 2586 rernm
1520 2552 1736 2595 corporalem
1760 2552 1918 2596 politiam
1942 2551 2177 2590 constituunt.
2205 2556 2265 2587 scd

1283 2611 1364 2637 sunt
1391 2603 1576 2637 conciones
1600 2602 1852 2645 poenitentiae,
1878 2609 2061 2646 arguentes
2085 2610 2265 2645 peccatum

1285 2654 1320 2687 in
1338 2654 1558 2698 singulorum
1575 2653 1751 2688 cordibus.
1804 2652 1938 2688 interea
1953 2653 2038 2687 sinit
2052 2650 2148 2687 Deus
2164 2654 2263 2688 ordi-
