2409 2915
285 94 364 135 535

289 182 369 217 tiae.
418 175 531 212 Nemo
549 172 645 209 enim
669 167 825 216 baptizat
841 167 969 213 spiritu
994 172 1114 201 sancto
1137 170 1171 199 et
1193 163 1269 207 igni

289 235 425 277 praeter
458 226 573 261 solum
605 225 723 258 deum.
781 219 966 264 Baptizare
1001 223 1118 251 autem
1144 215 1272 260 spiritu

290 286 409 315 sancto
425 284 458 312 et
474 276 564 320 igni,
591 281 643 309 est
657 275 741 307 dare
763 270 928 316 spiritum
944 274 1115 302 sanctum.
1166 265 1274 300 Sum-

289 342 366 369 ma,
406 328 584 372 baptizare
613 323 814 371 symbolum
845 327 896 355 est
919 317 1055 353 remissi
1079 316 1212 362 peccati
1241 320 1276 348 et

290 378 527 427 poenitentiae
543 377 695 421 signum.
738 372 927 408 Credentes
941 369 1010 403 sibi
1025 366 1188 403 Christus
1203 377 1276 399 ser-

290 437 366 471 vat,
398 441 472 463 non
495 429 675 463 credentes
694 423 818 459 reiicit.
870 420 944 466 Ipsi
967 419 1062 454 enim
1081 419 1204 454 datum
1225 422 1278 450 est

290 481 475 516 iudicium.

677 550 730 584 Co
739 548 773 584 ll
782 559 802 583 e
813 558 832 582 c
843 550 859 582 t
868 557 905 582 a.

393 615 616 653 Poenitentia
641 622 692 650 est
714 614 846 659 peccati
868 610 1100 647 mortificatio.
1150 607 1205 643 Ex
1227 608 1280 642 la-

294 669 450 716 pidibus,
478 668 515 703 id
532 674 595 709 est,
615 666 790 711 gentibus.
819 663 894 699 lam
909 675 993 697 vero
1008 669 1042 697 et
1058 660 1189 695 securis
1205 665 1280 700 etc„

294 723 332 755 id
352 728 422 763 est,
456 720 500 754 de
522 718 621 753 coelo
644 715 883 752 declarabitur
907 715 960 749 ira
990 713 1048 748 dei
1073 723 1178 756 super
1206 720 1280 746 vos.

877 80 1006 118 PHIL.
1030 76 1149 116 MEL.
1173 74 1383 115 SCRIPTA
1408 74 1710 114 EXEGETICA.

2234 76 2311 116 536

1321 161 1453 207 Tangit
1465 163 1664 197 clanculum
1680 161 1843 206 Iudaeos,
1866 160 1928 207 qui
1946 161 2024 206 plus
2039 161 2186 196 fiduciae
2199 159 2310 197 babe-

1323 214 1410 248 bant
1434 214 1474 247 in
1497 211 1678 248 Abraham
1704 225 1809 259 quarn
1834 213 1872 245 in
1888 213 1964 246 eius
1986 212 2109 253 fidem,
2146 218 2180 246 et
2205 224 2311 257 opera

1323 264 1417 298 fidei.
1451 263 1700 300 Ventilabrum
1715 263 1864 302 domini,
1891 262 1927 296 id
1949 269 2000 296 est
2016 262 2199 297 iudicium.
2239 260 2313 297 Re-

1325 314 1489 359 purgabit
1511 325 1626 348 aream
1643 326 1760 356 suam,
1788 314 1824 348 id
1841 321 1892 348 est
1906 320 2054 354 terram,
2076 319 2109 347 et
2124 322 2314 355 congrega-

1327 365 1380 399 bit
1401 365 1578 406 triticum,
1604 364 1641 398 id
1660 371 1711 399 est
1732 365 1940 399 convocabit
1956 364 2082 398 electos
2098 364 2135 396 in
2157 362 2315 406 gratiam.

1327 415 1469 449 Paleam
1485 421 1600 448 autem
1611 441 1620 455 ‚
1640 415 1677 448 id
1695 422 1758 456 est,
1784 427 1858 449 non
1874 415 2054 449 credentes
2070 414 2107 447 in
2124 411 2317 450 Christum.

1329 466 1531 510 Baptismus
1549 465 1625 498 sine
1642 466 1709 499 fide
1727 463 1819 499 nihil
1842 475 1903 500 est.
1954 464 2155 510 Baptismus
2180 469 2317 498 nostra-

1330 528 1410 551 rum
1423 516 1660 551 tentationum
1676 522 1711 550 et
1723 516 1973 551 adversitatum
1989 522 2041 550 est
2057 525 2198 551 ancora.

1693 623 1831 678 Caput
1859 626 1958 668 1111.

1431 706 1627 744 Inserimur
1644 706 1786 744 Christo
1803 719 1866 754 per
1884 706 2097 754 baptismum
2115 712 2179 743 etc.
2198 712 2266 744 etc.

499 1113 836 1163 CONCIONES
875 1111 1299 1158 EXPLICANTES
1334 1112 1743 1156 EVANGELIUM
1780 1112 2112 1155 ΜΑΤΤΗΑΕΙ.

380 1293 505 1326 Prodiit
527 1291 625 1332 liber,
657 1289 709 1322 cui
732 1290 863 1321 titulus:

461 1349 674 1392 „Conciones
704 1348 909 1386 explicantes
938 1345 1104 1385 integrum
1134 1343 1350 1384 Evangelium
1384 1343 1564 1382 Matthaei,
1594 1343 1814 1385 W'itebergae
1842 1342 1973 1374 habitae
2002 1351 2022 1372 a
2051 1341 2097 1372 M.
2122 1339 2320 1372 Sebastiano

503 1396 706 1431 Fmeschelio
728 1397 975 1438 Ambergense,
1011 1394 1251 1426 Archidiacono
1281 1396 1313 1424 in
1342 1393 1457 1425 eadem
1486 1395 1655 1435 Ecclesia,
1689 1396 1832 1434 scriptae
1860 1404 1879 1424 a
1901 1391 2054 1433 Philippo
2077 1389 2321 1424 Melanthum?

501 1449 723 1488 XVitebergae
748 1447 839 1478 1558.
869 1448 900 1477 8.
930 1447 952 1477 2
974 1446 1059 1485 alph.
1084 1446 1125 1476 10
1148 1446 1188 1485 pl.

461 1506 615 1538 Recusae
636 1506 669 1536 'm
693 1505 846 1546 operibus
867 1503 1090 1535 Melanthonis
1112 1503 1299 1544 witeberg.
1346 1504 1436 1534 Tom.
1454 1504 1509 1534 111.
1534 1513 1563 1544 p.
1576 1503 1640 1534 247
1657 1511 1726 1543 sqq.
1748 1519 1790 1526 —-
1833 1501 1986 1533 Recusae
2011 1501 2110 1533 etiam
2131 1499 2320 1540 twteberg.

505 1558 598 1588 1560.

375 1615 426 1646 De
449 1615 564 1656 genesi
586 1614 684 1644 huius
707 1612 821 1653 scripti
842 1610 1067 1644 Froeschelius
1089 1612 1122 1643 in
1145 1611 1286 1652 epistola
1306 1611 1504 1644 dedicatoria
1527 1611 1569 1643 ad
1591 1611 1750 1644 Senatum
1764 1611 2028 1652 Ambergensem
2050 1610 2080 1643 d.
2094 1609 2124 1642 d.
2140 1610 2193 1642 29.
2207 1607 2321 1650 Septb.

294 1666 386 1698 1558.
410 1667 495 1698 haec
517 1666 621 1697 literis
641 1664 826 1696 mandavit:

290 1756 394 1813 Cum
413 1777 519 1812 officii
537 1775 606 1810 mei
631 1775 768 1809 ratione
790 1771 879 1807 mihi
903 1771 1052 1815 singulis
1068 1770 1192 1804 diebus
1215 1769 1278 1803 Sa—

290 1829 386 1865 turni
404 1829 602 1872 vespertina
618 1825 749 1860 Concio
769 1831 855 1858 esset
879 1821 1042 1856 habenda
1068 1822 1105 1854 in
1130 1818 1194 1854 hac
1212 1819 1278 1853 Ec-

290 1879 414 1920 clesia,
442 1884 476 1911 et
499 1876 630 1910 iudicio
654 1875 838 1907 reverendi
863 1874 1018 1906 Pastoris
1042 1873 1110 1904 mei
1133 1871 1278 1904 sumsis-

289 1942 360 1964 sem
388 1927 634 1970 explicandum
660 1924 882 1957 auditoribus
900 1923 1028 1955 nostris
1045 1921 1276 1963 Evangelium

289 1975 497 2014 Iisnlllmei.
543 1975 620 2019 Ego
636 1982 750 2008 autem
771 1974 929 2007 conscius
948 1970 1034 2005 mibi
1053 1984 1148 2004 meae
1166 1972 1278 2004 inibe-

290 2030 466 2069 cillitatis,
493 2035 525 2062 et
540 2035 644 2061 notae
663 2025 828 2058 omnibus
845 2024 1012 2056 infantiae
1025 2050 1032 2062 ‚
1057 2034 1194 2055 vererer
1212 2023 1275 2055 ali-

289 2083 373 2127 quid
393 2092 429 2112 ex
445 2090 522 2112 meo
538 2077 650 2121 capite
666 2076 829 2116 affingere
846 2082 902 2106 aut
927 2074 1127 2115 exculpere:
1157 2074 1274 2115 rogavi

289 2130 521 2166 reverendum
556 2129 671 2161 virum
702 2125 743 2160 D.
770 2123 973 2167 Philippum
1008 2121 1274 2157 Mel-uttbonern

287 2187 548 2229 praeceptorem
563 2178 711 2216 fidelem,
729 2183 832 2220 atque
845 2177 930 2207 adeo
945 2173 1078 2207 Patrem
1096 2174 1275 2215 benignis-

287 2235 413 2268 simum
435 2237 606 2268 nostrum,
629 2234 709 2260 ante
725 2238 836 2259 annos
853 2225 1046 2258 octodecim
1064 2225 1181 2263 ferme,
1210 2227 1272 2257 ad-

287 2283 354 2318 huc
372 2283 510 2314 vivente
529 2278 682 2313 Lttthero
700 2277 776 2322 (qui
794 2277 896 2309 etiarn
919 2273 1042 2308 barum
1060 2276 1270 2307 concionum

286 2333 437 2377 amplius
454 2329 738 2375 quinquennium
757 2327 898 2360 auditor
921 2333 953 2360 et
971 2326 1102 2358 arbiter
1127 2326 1209 2370 snit)
1236 2334 1267 2358 nt

286 2385 374 2419 mibi
394 2384 427 2416 111
449 2382 532 2414 locis
548 2379 812 2413 obscurioribus
831 2385 915 2411 esset
935 2378 1157 2414 adiumento,
1187 2384 1214 2408 et
1242 2378 1267 2408 si

285 2449 346 2478 per
372 2433 592 2474 pravissimas
611 2430 856 2472 occupationes
879 2440 958 2460 snas
978 2434 1087 2471 posset
1102 2454 1109 2464 ,
1137 2434 1267 2459 textum

284 2484 527 2525 Iivnngvlistat·
545 2482 791 2522 distingueret,
820 2485 849 2511 et
871 2479 905 2511 111
925 2479 1018 2511 loros
1038 2485 1149 2510 certos
1175 2479 1266 2509 redi-

1432 1770 1539 1805 Hunc
1575 1771 1732 1805 laborem
1762 1770 1823 1804 ille
1860 1770 1895 1804 in
1930 1781 1966 1803 se
2000 1770 2131 1814 recepit
2158 1771 2322 1812 libenter,

1333 1823 1495 1868 quamvis
1520 1821 1824 1866 occupatissimus,
1851 1827 1888 1854 ut
1913 1827 1962 1854 est
1987 1827 2126 1865 paratus
2153 1822 2318 1856 omnibus

1331 1874 1372 1905 ad
1400 1873 1570 1906 eiusmodi
1594 1883 1716 1915 operas
1736 1872 1977 1915 praestandas,
2005 1883 2045 1904 ex
2067 1872 2196 1916 quibus
2218 1872 2317 1906 utili-

1330 1930 1381 1957 tas
1406 1924 1522 1968 aliqua
1549 1924 1701 1956 reditura
1720 1923 1773 1954 vel
1791 1923 1833 1954 ad
1861 1920 2050 1955 Ecclesiam
2076 1929 2107 1956 et
2132 1923 2318 1967 posterita-

1330 1981 1411 2011 tem,
1440 1974 1493 2006 vel
1512 1974 1554 2006 ad
1575 1973 1653 2006 illos
1671 1973 1782 2016 ipsos,
1811 1973 1870 2017 qui
1888 1984 2030 2016 operam
2049 1973 2122 2006 eius
2137 1980 2316 2018 expetunt,

1329 2024 1458 2067 sperari
1480 2030 1609 2067 potest:
1640 2023 1685 2056 ita
1705 2031 1742 2056 ut
1758 2035 1837 2056 vere
1857 2023 1950 2056 vivat
1970 2035 2031 2056 nec
2054 2023 2120 2056 sibi
2145 2036 2208 2056 nec
2233 2024 2316 2065 suis,

1330 2075 1390 2108 sed
1417 2085 1558 2118 prorsus
1580 2074 1679 2111 aliis,
1713 2072 1778 2106 boc
1801 2080 1870 2113 est,
1902 2071 2094 2114 Ecclesiae,
2124 2075 2173 2108 rei
2197 2075 2316 2109 litera·

1329 2125 1409 2163 riae,
1431 2132 1463 2158 et
1483 2125 1647 2158 omnibus
1664 2136 1764 2168 opem
1784 2124 1891 2167 ipsius
1910 2124 2182 2169 requirentibus.
2217 2125 2314 2159 Scri-

1328 2176 1394 2219 psit
1419 2176 1526 2218 igitur
1555 2174 1700 2218 singulis
1724 2175 1847 2207 diebus
1872 2173 2075 2208 parasceves
2102 2174 2190 2208 mibi
2216 2188 2313 2219 prae-

1329 2227 1417 2260 senti
1444 2226 1596 2269 priunum
1625 2226 1871 2270 dispositiones
1902 2232 1934 2257 et
1967 2237 2120 2258 summas
2144 2229 2312 2271 quasdam

1330 2278 1450 2309 breves
1467 2277 1689 2317 singulorum
1708 2277 1872 2319 capitum.
1909 2274 2044 2308 Deinde
2062 2277 2123 2309 ubi
2142 2279 2183 2309 ad
2204 2275 2238 2311 5.
2257 2289 2314 2311 ca·

1327 2335 1383 2369 put
1405 2329 1639 2370 pervenimus,
1668 2328 1773 2359 iustas
1793 2327 1898 2359 sertue
1916 2327 2103 2359 conciones
2122 2328 2314 2369 contexuit,

1323 2379 1528 2422 :liquandiu
1551 2378 1734 2411 vernacula
1754 2378 1892 2419 lingua,
1920 2385 1956 2409 ut
1976 2378 2085 2419 magis
2100 2380 2241 2423 proprie
2257 2390 2310 2412 res

1324 2429 1413 2473 ipsas
1437 2429 1657 2461 auditoribus
1674 2429 1757 2461 meis
1775 2440 1969 2472 proponere
1994 2440 2147 2472 possem.
2174 2429 2307 2474 reliqna

1320 2493 1337 2511 a
1359 2492 1430 2523 rap.
1443 2480 1476 2514 9.
1496 2479 1678 2522 explicavit
1695 2479 1814 2512 Latina
1832 2479 2002 2518 omtione,
2024 2479 2173 2513 subinde
2191 2487 2307 2513 tamen

283 2545 395 2578 geret,
429 2542 460 2567 et
486 2545 573 2577 quae
602 2532 636 2564 111
659 2532 815 2577 quolibet
844 2529 920 2560 loco
947 2529 999 2561 vel
1027 2529 1184 2561 ‹lnctrim
1215 2530 1264 2560 1·1·Ι
1320 2543 1373 2561 1111·
1397 2532 1591 2562 :nlntonens
1609 2541 1647 2561 ac
1675 2530 1867 2566 instruens,
1893 2530 2021 2573 qnibns
2047 2530 2162 2563 verbis
2187 2537 2305 2563 nostra

282 2585 474 2619 consutilia
493 2584 720 2629 proponenda
742 2581 962 2615 auditoribus
981 2586 1066 2613 esset
1084 2591 1260 2612 connnnn-

279 2646 413 2671 strare'.

1321 2582 1438 2620 lingua
1465 2593 1567 2625 qnam
1595 2580 1835 2622 propriissime
1859 2580 1975 2613 efferri
2002 2587 2033 2613 et
2061 2580 2159 2613 reddi
2181 2579 2306 2613 Latini

1319 2632 1537 2664 γης-1111111111
1559 2629 1711 2664 Ecclesia
1730 2638 1894 2675 usurpata
1916 2637 2074 2676 possent,
2101 2643 2190 2675 quas
2214 2630 2307 2665 Ger·
