2409 2915
120 93 170 130 42
177 96 194 130 1
660 90 743 130 ΧΠ.

121 178 159 213 in
176 175 369 221 Evangelio
385 174 506 212 Ioban.
524 187 598 221 cap.
611 175 668 210 14.
682 175 850 210 tribuitur
859 175 1008 220 Spiritui
1024 188 1105 210 san-

119 235 176 264 cto
192 229 380 274 appellatio
399 227 582 273 paracleti,
609 226 646 260 id
663 233 729 268 est,
755 227 927 263 advocati,

222 286 378 321 Miretur
392 292 506 320 autem
521 285 669 330 aliquis,
697 296 760 319 cut
775 282 834 319 hic
849 285 973 320 titulus
989 284 1103 329 Spiri-

120 338 173 372 tui
196 344 314 372 sancto
338 337 526 371 attributus
551 336 609 370 sit·
661 334 732 370 Sed
754 342 898 381 apparet
924 336 1103 380 principa-

61 397 63 410 ¹
118 388 201 422 liter
216 386 306 422 hanc
324 386 594 431 appellationem
612 386 806 430 significare
822 387 1052 431 praesentiam
1070 394 1102 421 et

119 438 232 473 officia
242 438 394 482 Spiritus
408 436 531 475 sancti,
558 437 596 470 in
610 436 808 471 ministerio
824 443 856 470 et
873 438 1101 478 consessione,

118 486 273 522 Ecclesia
301 494 438 521 accusat
461 488 654 529 mundum,
689 494 722 521 et
744 487 897 521 vicissim
921 499 940 521 a
965 489 1099 521 mundo

118 545 318 579 accusatur,
351 544 517 572 neutrum
537 544 654 571 autem
679 537 849 572 sustinere
870 544 1004 581 posset,
1031 538 1099 571 nisi

117 586 259 622 baberet
280 589 489 623 advocatum
510 588 672 632 spiritum
688 587 774 629 Dei,
800 590 981 622 docentem
1000 601 1099 621 men-

115 645 187 679 tes,
213 645 251 672 ut
273 645 364 672 recte
387 639 564 680 iudicent,
591 646 623 673 et
645 639 909 673 confirmantem
927 646 966 673 ut
983 639 1099 672 ausint

115 700 196 722 vere
221 689 397 733 profiteri,
429 690 580 724 refutare
604 700 758 733 errores,
785 695 817 723 et
842 690 993 734 perferre
1018 690 1096 723 odia

114 745 148 772 et
163 740 346 784 supplicia.

215 797 320 840 Quod
346 798 438 831 enim
462 799 581 832 doceat
599 797 751 843 Spiritus
768 806 924 836 sanctus,
952 805 1096 833 testatur

114 847 248 882 dictum
268 846 389 882 loban.
410 850 484 884 16..·
511 847 601 882 Cum
618 851 752 883 venerit
770 850 828 883 ille
847 850 989 894 spiritus
1005 849 1095 882 veri-

113 905 230 934 tatem.
285 898 369 932 ltem
396 897 518 933 lohan.
541 900 613 934 l4.:
641 900 788 934 Docebit
814 912 875 933 vos
899 900 1035 939 omnia,
1062 905 1096 933 et

112 948 245 992 rediget
261 949 360 982 vobis
378 949 413 981 in
431 950 637 983 memoriam
654 951 772 984 omnia
791 962 879 995 quae
895 949 968 984 dixi
983 949 1094 983 vobis.

112 995 159 1032 Et
179 1001 209 1032 1.
227 997 350 1034 lohan.
368 1002 419 1034 2.:
448 999 580 1034 Unctio
598 1001 698 1034 docet
715 1012 776 1034 vos
793 1002 836 1034 de
852 1000 1035 1041 omnibus,
1062 1006 1095 1033 et

113 1055 163 1082 est
182 1050 322 1090 veritaS,
349 1057 381 1084 et
398 1062 472 1083 non
490 1057 539 1084 est
555 1051 790 1085 mendacium.

212 1114 240 1149 1.
294 1114 477 1149 Discamus
504 1115 611 1159 igitur
636 1115 728 1150 inter
751 1116 917 1150 beneficia
942 1115 1094 1159 Spiritus

111 1166 220 1199 sancti
237 1165 273 1198 in
291 1166 518 1199 renovatione
536 1167 687 1210 primum
704 1178 775 1200 esse
791 1168 923 1200 docere.
956 1164 1003 1199 Et
1014 1166 1094 1211 qui-

113 1217 192 1249 dem
223 1216 410 1259 dupliciter
440 1217 558 1257 docet,
593 1217 733 1260 publice
763 1229 824 1260 per
847 1216 1093 1256 ministerium,

112 1273 146 1300 et
171 1266 265 1299 intus
289 1266 447 1300 accendit
470 1267 590 1300 lumen
607 1267 644 1299 in
662 1268 846 1305 cordibus,
873 1274 912 1300 ut
927 1268 1046 1300 dextre
1061 1273 1094 1299 et

110 1323 202 1349 recte
226 1316 396 1360 accipiant
413 1327 533 1349 vocem
549 1315 733 1359 Evangelii
745 1343 754 1356 ,
781 1328 843 1349 nec
862 1317 992 1359 fingant
1008 1317 1093 1348 alie-

110 1377 172 1399 nas
192 1365 395 1409 opiniones,
419 1365 507 1398 sicut
522 1366 623 1398 multi
643 1373 785 1410 propter
801 1367 930 1399 iudicia
946 1365 1093 1399 rationis

110 1423 341 1460 corrumpunt
364 1416 455 1450 dicta
471 1416 663 1459 Evangelii.
717 1415 764 1450 L't
783 1428 877 1449 nunc
895 1416 998 1449 multi
1015 1428 1093 1449 cor-

110 1474 279 1511 rumpunt
303 1466 497 1500 doctrinam
517 1467 558 1499 de
577 1467 685 1510 gratia
703 1473 735 1500 et
753 1467 1014 1506 iustificatione,
1041 1467 1092 1499 sa-

109 1517 235 1551 scinati
267 1514 432 1551 humanis
461 1516 707 1561 opinionibus,
741 1517 822 1562 quia
854 1517 1093 1560 imaginantur

108 1567 282 1602 iusticiam
305 1574 441 1601 tantum
466 1579 538 1600 esse
560 1568 840 1612 qualemcunque
860 1567 1093 1612 disciplinam,

110 1625 144 1652 et
169 1615 439 1662 deprehendunt
464 1617 499 1649 in
523 1618 650 1650 animis
675 1618 952 1656 dubitationem,
987 1629 1091 1661 quam

109 1675 234 1712 putant
250 1680 322 1700 non
341 1679 411 1700 esse
428 1668 568 1701 malam.
623 1667 710 1700 Item
727 1668 837 1701 multa
855 1668 947 1701 dicta
964 1670 1006 1700 ad
1025 1667 1091 1699 im-

110 1719 245 1764 perium
275 1719 528 1752 transtulerunt
557 1718 754 1761 pontifices,
789 1730 876 1762 quae
899 1718 1092 1762 loquuntur

110 1770 153 1802 de
181 1769 354 1813 spirituali
382 1768 652 1811 gubernatione,
685 1775 723 1801 ut
746 1768 837 1801 dicta
862 1769 903 1801 de
925 1768 1091 1801 clavibus.

109 1817 271 1864 Denique
286 1830 385 1862 saepe
399 1820 560 1852 deerrant
574 1816 735 1851 homines
746 1830 763 1851 a
775 1830 854 1851 vera
868 1819 955 1853 luce.
1010 1817 1091 1851 Ideo

110 1878 267 1916 petamus
294 1867 360 1902 hoc
387 1863 680 1909 beneficium,'nt
697 1867 849 1912 Spiritus
874 1874 1012 1901 sanctus
1035 1880 1092 1900 ac-

110 1921 235 1954 cendat
256 1920 292 1952 in
311 1920 415 1954 nobis
431 1920 543 1953 lucem
560 1919 758 1959 doctrinae,
788 1926 820 1953 et
836 1919 897 1952 ubi
917 1918 1092 1963 promitti-

109 1977 168 2005 tur
192 1970 344 2014 Spiritus
372 1977 530 2009 sanctus,
565 1969 713 2003 sciamus
736 1967 803 2003 hoc
827 1976 963 2004 tantum
985 1968 1092 2002 bene-

109 2021 225 2055 ficium
243 2021 410 2065 promitti.

212 2087 257 2123 11.

110 2140 264 2175 sionem,
291 2149 395 2182 quam
415 2137 576 2171 diabolus
598 2138 691 2170 varie
710 2137 915 2170 labefactare
932 2144 1091 2170 conatur.

109 2189 217 2224 Multi
236 2188 330 2221 enim
347 2199 426 2220 cum
444 2187 546 2220 initio
563 2193 653 2220 recte
669 2187 874 2229 sensissent,
901 2193 1019 2230 postea
1037 2186 1091 2218 vel

111 2239 301 2276 scandalis,
336 2237 390 2270 vel
413 2237 709 2281 speculationibus
732 2237 914 2271 contrariis
938 2236 1092 2280 impulsi,

113 2291 277 2325 dubitare
311 2294 521 2333 coeperunt,
562 2294 594 2321 et
633 2287 774 2320 tandem
813 2298 955 2330 prorsus
985 2286 1091 2320 ἄθεοι

112 2342 193 2375 sacti
217 2346 308 2374 sunt.
361 2337 413 2372 De
436 2337 491 2372 bis
517 2337 609 2371 enim
626 2337 784 2382 loquitur
800 2335 960 2371 Christus
978 2337 1013 2369 in
1031 2349 1090 2380 pa-

113 2391 234 2426 rabola
251 2390 432 2431 sementis,
461 2400 539 2422 cum
556 2388 689 2432 inquit:
719 2387 888 2421 Diabolus
904 2387 995 2431 rapit
1012 2398 1091 2420 ver-

113 2442 197 2477 bum
215 2453 255 2475 ex
272 2441 377 2475 corde
397 2451 530 2474 eorum.
567 2439 744 2472 Adversus
760 2435 850 2471 hanc
865 2444 997 2471 tantam
1015 2444 1091 2471 ten-

114 2493 281 2527 tationem
309 2491 418 2524 simus
443 2490 481 2523 in
505 2490 653 2523 statione
678 2496 710 2523 et
733 2488 769 2521 in
795 2488 965 2529 excubiis,
999 2494 1032 2522 et
1053 2496 1092 2523 ut

113 2541 244 2577 Paulus
266 2541 400 2586 inquit:
427 2539 651 2583 Depellarnus
674 2539 741 2572 tela
758 2539 887 2582 ignita,
913 2546 945 2573 et
962 2536 1091 2572 habea-

113 2603 191 2626 mus
213 2593 251 2626 in
273 2598 414 2636 promtu
437 2591 536 2623 firma
559 2590 774 2631 testimonia,
799 2601 860 2635 per
877 2601 964 2635 quae
979 2587 1092 2634 Spiri-

118 2648 173 2676 tus
190 2649 326 2677 sanctus
343 2641 523 2676 confirmat
540 2652 610 2676 cor.

308 2088 494 2121 Praeterea
517 2099 595 2121 cum
621 2087 741 2129 docet,
769 2086 951 2120 confirmat
974 2097 1091 2119 assen-

793 88 1186 127 ANNOTATIONES
1223 90 1273 127 IN
1305 91 1602 132 EVANGELlA.

2054 108 2138 144 422

1261 175 1328 211 111.
1378 177 1569 224 Postquam
1598 187 1712 215 autem
1741 185 1859 221 docuit
1882 186 2034 233 Spiritus
2055 203 2137 226 san-

1157 233 1252 267 ctus,
1280 234 1312 261 et
1336 228 1556 262 confirmavit
1580 234 1834 277 assensionem,
1864 238 1983 274 incitat
2009 243 2136 276 volun-

1155 283 1261 311 tatem
1278 284 1311 311 et
1326 290 1387 311 cor
1401 279 1442 311 ad
1461 279 1696 314 obediendum
1717 285 1780 327 legi
1793 287 1872 328 Dei,
1899 289 1932 321 id
1950 298 2010 332 est,
2034 304 2134 326 exus-

1155 327 1236 361 citat
1261 327 1422 361 timorem
1444 327 1528 367 Dei,
1565 330 1747 374 fiduciam,
1775 336 1996 373 dilectionem
2022 349 2053 376 et
2078 344 2133 376 in-

1154 378 1382 412 vocationem.
1435 377 1529 411 Haec
1553 392 1656 423 opera
1681 383 1928 422 describuntur
1953 389 2061 425 iuliis
2078 395 2132 426 di-

1154 428 1217 462 ctis
1234 427 1352 468 Pauli,
1379 427 1484 462 Rom.
1502 431 1550 464 8.:
1578 431 1770 475 Accepistis
1790 437 1950 478 spiritum
1972 442 2132 487 adoptio-

1152 479 1206 512 nis
1231 479 1382 512 filiorum
1410 479 1445 511 in
1473 492 1541 525 quo
1566 482 1754 516 clamamus
1777 485 1881 519 Abba
1906 497 2012 531 pater.
2065 493 2132 527 Hic

1151 529 1293 573 spiritus
1326 529 1567 563 testimonium
1604 533 1662 565 dat
1690 534 1827 576 spiritui
1858 545 1996 583 nostro,
2038 546 2131 587 quod

1151 580 1259 612 simus
1289 580 1350 612 filii
1375 578 1458 618 Dei,
1495 581 1529 613 id
1557 589 1624 622 est,
1659 583 1811 627 Spiritus
1835 596 1972 623 sanctus
1998 595 2130 626 exusci-

1150 637 1200 664 tat
1216 630 1252 662 in
1269 631 1370 663 nobis
1387 630 1469 663 tales
1484 637 1618 672 motus,
1646 634 1774 678 quibus
1791 639 1944 672 motibus
1961 653 2059 675 mens
2076 644 2130 676 in-

1150 687 1249 714 vocat
1273 679 1406 720 Deum,
1441 687 1474 714 et
1497 692 1577 714 vere
1601 684 1720 717 statuit
1744 683 1857 720 Deum
1883 691 1985 724 nobis
2009 696 2130 738 propi-

1150 742 1241 763 cium
1272 742 1361 769 esse,
1395 742 1460 763 nos
1486 739 1704 766 servaturum
1730 747 1819 776 esse,
1854 745 1886 771 et
1911 743 2067 776 exoritur
2093 745 2129 778 in

1149 787 1265 814 mente
1299 782 1470 825 quaedam
1500 782 1579 822 lux,
1612 783 1740 817 laetitia
1765 793 1796 818 et
1820 788 2006 832 sortitudm
2041 807 2130 839 quae

1149 837 1289 874 superat
1318 828 1471 865 bumana
1497 833 1609 874 mala,
1643 840 1676 867 et
1705 835 1847 870 subiicit
1872 850 1936 872 nos
1958 843 2127 878 voluntati

1147 881 1227 915 Dei.

1251 930 1333 964 ldeo
1349 929 1510 965 Christus
1527 932 1656 978 inquit:
1684 934 1763 969 Non
1781 937 1976 983 relinquam
1993 955 2053 976 vos
2071 958 2129 978 or-

1148 979 1302 1026 phanos,
1328 982 1427 1026 quasi
1452 983 1563 1023 dicat,
1589 985 1625 1017 in
1647 988 1780 1019 mundo
1799 988 1893 1021 eritis
1910 998 1948 1024 ut
1966 991 2129 1037 orphani,

1147 1032 1223 1065 sine
1246 1032 1504 1072 defensoribus,
1531 1033 1606 1067 sine
1629 1035 1802 1079 imperiis,
1829 1038 1904 1071 sine
1930 1050 2019 1076 certa
2038 1048 2127 1085 sede,

1147 1083 1206 1115 sed
1231 1083 1321 1115 dabo
1347 1082 1447 1115 vobis
1467 1083 1629 1127 spiritum
1649 1087 1873 1129 advocatum,
1898 1091 2078 1128 docentem
2096 1104 2128 1131 ct

1147 1134 1412 1166 confirmantem
1451 1144 1533 1173 vos,
1575 1136 1782 1178 dirigentem
1818 1141 1963 1174 consilia
1998 1152 2029 1178 et
2063 1158 2127 1188 gu-

1148 1183 1401 1223 bernationem,
1426 1189 1456 1216 et
1473 1192 1646 1226 regentem
1663 1194 1806 1221 eventus
1823 1189 2040 1231 mirabiliter,
2065 1198 2125 1241 qui

1148 1233 1303 1277 prospici
1323 1230 1477 1265 humana
1500 1236 1686 1277 prudentia
1710 1249 1780 1270 non
1807 1249 1961 1282 possunt.
2015 1243 2125 1282 Erant

1147 1281 1298 1326 orphani
1314 1283 1494 1325 Apostoli,
1523 1296 1584 1317 nec
1607 1287 1725 1319 videre
1743 1296 1919 1331 poterant,
1945 1299 2124 1336 quomodo

1147 1333 1347 1375 vagabundi
1379 1333 1542 1377 colligere
1565 1335 1718 1380 aliquam
1743 1336 1952 1379 Ecclesiam,
1990 1352 2021 1377 et
2043 1358 2126 1380 con-

1146 1384 1277 1416 sociare
1303 1390 1460 1426 possent,
1487 1391 1546 1417 aut
1568 1388 1745 1430 quomodo
1774 1394 1844 1421 tam
1867 1391 2022 1437 dissipati
2048 1408 2126 1430 coe-

1147 1440 1201 1466 tus
1232 1433 1422 1466 coalescere
1451 1433 1488 1466 in
1519 1447 1624 1467 unam
1651 1438 1845 1471 doctrinam
1873 1451 2021 1483 possent.
2078 1447 2126 1481 lta

1146 1495 1242 1516 nunc
1267 1495 1386 1516 sumus
1410 1481 1581 1527 orphani,
1618 1485 1725 1520 'l'urci
1748 1495 1781 1521 et
1805 1490 1864 1523 alii
1888 1493 2070 1530 minantur
2091 1510 2127 1531 se

1145 1534 1259 1567 lucem
1277 1531 1461 1577 Evangelii
1478 1535 1689 1570 extincturus
1706 1549 1791 1572 esse.

1249 1583 1318 1617 Sed
1344 1591 1460 1616 tamen
1480 1586 1574 1618 adest
1593 1587 1736 1630 spiritus
1757 1591 1966 1634 paracletus,
1995 1596 2053 1639 qui
2072 1597 2127 1630 lu-

1146 1645 1218 1666 cem
1250 1640 1282 1666 et
1312 1634 1421 1666 robur
1451 1634 1486 1666 in
1520 1636 1586 1678 piis
1615 1639 1789 1678 accendit,
1825 1653 1868 1673 ne
1892 1641 2124 1687 Evangelium

1146 1684 1331 1726 abiiciant,
1364 1690 1395 1716 et
1419 1684 1497 1716 Deo
1526 1697 1628 1718 curae
1661 1688 1744 1727 erit,
1779 1696 1818 1723 ut
1849 1700 1943 1732 regat
1970 1705 2114 1730 eventus

1146 1735 1229 1766 dum
1255 1734 1413 1766 doctrina
1439 1732 1621 1777 Evangelii
1646 1739 1833 1778 retinetur,
1868 1743 1966 1778 dabit
1991 1725 2127 1791 aliquas

1147 1784 1285 1828 politias
1305 1790 1338 1817 et
1354 1784 1470 1828 aliqua
1490 1783 1652 1829 hospitia.

1247 1833 1421 1877 Congruit
1451 1842 1566 1869 autem
1598 1848 1674 1869 cum
1705 1841 1944 1883 superioribus
1968 1846 2068 1880 dictis
2093 1855 2126 1882 et

1146 1884 1346 1917 dulcissima
1365 1885 1535 1918 sententia
1552 1887 1643 1929 apud
1657 1887 1861 1923 Zachariam
1878 1893 1920 1925 de
1935 1895 2114 1932 effectibus

1146 1934 1207 1979 qui
1233 1946 1296 1978 per
1318 1933 1490 1977 Spiritum
1515 1943 1672 1969 sanctum
1698 1940 1909 1975 excitantur:
1934 1927 2126 1981 Effundarri

1145 1996 1249 2028 snper
1274 1986 1418 2017 domum
1439 1986 1556 2019 David
1581 1987 1743 2031 spiritum
1769 1993 1898 2033 gratiae
1921 2002 1952 2028 et
1972 2008 2125 2040 precum,

1146 2035 1180 2067 id
1205 2042 1273 2074 est,
1299 2035 1390 2067 dabo
1414 2035 1591 2079 spiritum,
1619 2050 1680 2082 per
1698 2052 1799 2084 quem
1819 2054 2004 2085 agnoscent
2023 2050 2123 2082 mise-

1146 2085 1352 2125 ricordiam,
1386 2092 1418 2118 et
1443 2093 1594 2120 statuent
1619 2099 1653 2121 se
1679 2101 1750 2123 esse
1776 2092 1811 2124 in
1838 2095 1964 2138 gratia,
1999 2100 2122 2132 consu-

1145 2136 1238 2177 gient
1253 2136 1295 2168 ad
1309 2133 1441 2179 Deum,
1469 2144 1501 2170 et
1520 2137 1746 2176 invocabunt.
1800 2141 1886 2176 Nam
1905 2145 1978 2178 sine
1989 2147 2122 2190 Spiritu

1144 2192 1262 2219 sancto
1300 2186 1404 2219 corda
1440 2195 1583 2222 manent
1625 2189 1661 2222 in
1701 2192 1938 2234 dubitatione,
1985 2197 2123 2239 fugiunt

1145 2235 1278 2277 Deum,
1317 2243 1349 2269 et
1381 2237 1632 2281 opprimuntur
1658 2241 1898 2285 desperatione
1925 2252 1957 2279 et
1982 2250 2122 2290 pavori-

1145 2287 1220 2319 bus.
1284 2283 1437 2320 Econtra
1472 2300 1551 2321 cum
1587 2290 1742 2332 deposita
1779 2293 1868 2326 mala
1899 2298 2122 2340 conscientia,

1145 2337 1237 2370 lucet
1262 2336 1299 2369 in
1320 2338 1484 2371 cordibus
1502 2339 1633 2381 agnitio
1650 2341 1910 2377 misericordiae
1927 2358 1988 2389 per
2003 2347 2120 2382 Evan-

1143 2387 1293 2431 pelium,
1327 2388 1522 2431 concipitur
1547 2389 1698 2432 Spiritus
1727 2400 1879 2435 sanctus,
1913 2397 1971 2440 qui
2003 2410 2119 2441 pacem

1145 2444 1178 2472 et
1195 2437 1360 2472 laetitiam
1377 2438 1492 2472 cordis
1508 2439 1622 2480 efficit,
1649 2448 1681 2474 et
1698 2443 1850 2484 adiuvat,
1878 2452 1915 2478 nt
1931 2453 2119 2483 statuamus

1145 2500 1209 2522 nos
1238 2488 1346 2533 recipi
1372 2495 1405 2522 et
1428 2489 1601 2531 exaudiri,
1631 2498 1663 2525 et
1687 2492 1833 2535 impellit
1856 2501 1892 2527 nt
1919 2495 2120 2533 invocemus

1143 2537 1278 2580 Deum,
1303 2550 1341 2572 ac
1361 2545 1519 2582 petamus
1540 2547 1572 2574 et
1590 2548 1804 2584 expectemus
1824 2543 1934 2585 bona,
1962 2554 1994 2581 et
2011 2549 2046 2581 in
2066 2547 2118 2584 bis

1144 2590 1299 2623 motibus
1327 2589 1529 2623 accenditur
1556 2597 1588 2624 et
1612 2592 1732 2626 crescit
1755 2595 1952 2638 renovatio,
1986 2599 2029 2631 de
2052 2612 2118 2645 qua

1144 2640 1372 2674 concionatur
1387 2637 1630 2721 Evapgelium.

1434 2692 1457 2724 2
