2409 2915
253 92 325 126 871

260 173 470 221 pestatibus,
495 170 542 203 ita
566 166 726 203 doctrina
750 166 786 200 in
806 165 1073 201 difficultatibus
1096 172 1132 200 et
1153 164 1248 211 peri-

263 225 350 260 culis
369 220 544 256 salubrior
562 225 623 253 est.

387 322 520 358 Simile
537 323 594 355 est
616 328 778 366 sagenae
793 319 933 351 missae
951 319 991 351 in
1008 327 1128 351 mare.

658 391 858 418 Praefatio.

370 446 507 482 Omnes
530 443 596 480 hae
628 444 878 478 similitudines
902 442 1086 477 continent
1113 450 1257 485 genera-

273 499 356 533 liter
379 497 470 532 hanc
495 496 712 533 doctrinam,
747 495 841 539 quod
865 505 996 527 novum
1020 491 1088 526 hoc
1111 501 1258 535 regnum

275 549 446 589 Messiae,
472 560 544 581 non
563 547 607 580 sit
629 545 830 590 politicum,
857 556 920 577 nec
938 544 982 577 sit
1005 544 1122 577 futura
1140 543 1177 575 in
1196 538 1261 574 hac

276 600 418 634 mortali
435 599 516 639 vita,
543 597 601 629 illa
617 595 764 630 societas
780 592 966 628 hominurn
983 594 1073 628 iusta
1088 594 1163 626 sine
1181 603 1262 636 pec—

277 651 362 684 catis
380 656 442 683 etc.
469 648 559 682 sicut
582 646 760 690 fingebant
785 657 926 679 auream
954 651 1102 678 aetatem
1128 642 1263 677 Iudaei.

277 699 331 736 lta
349 698 408 734 hic
424 699 510 733 dicit
524 698 567 731 de
582 708 706 741 sagena
717 722 725 738 ,
751 703 785 730 et
801 696 959 730 continet
973 695 1041 728 tria
1057 694 1229 728 membra.

383 766 410 803 1.
463 765 569 809 Quod
588 763 742 798 Ecclesia
759 763 957 807 colligenda
974 762 1020 796 sit
1041 774 1126 796 voce
1145 759 1266 795 Evan-

282 818 383 863 gelii,
405 825 437 851 et
453 814 688 859 Evangelium
710 821 760 848 est
782 814 871 848 illud
897 820 988 855 rete,
1014 813 1110 858 quod
1133 810 1267 854 colligit

284 875 317 903 et
333 867 517 911 coniungit
534 864 708 900 homines.

393 925 440 960 Et
474 924 531 959 hic
567 930 727 958 teneatur
763 923 823 955 illa
864 921 1059 955 necessaria
1093 920 1268 955 doctrina:

286 978 385 1022 Quos
402 977 526 1019 elegit,
552 973 615 1008 hos
635 981 668 1008 et
686 973 836 1007 vocavit.

389 1035 494 1070 Nulla
512 1040 594 1067 sunt
609 1032 785 1066 Ecclesiae
803 1032 960 1065 membra
985 1031 1060 1064 sine
1076 1029 1272 1067 vocatione,

287 1088 324 1121 id
341 1093 409 1124 est,
437 1084 498 1118 etsi
517 1091 567 1118 est
582 1094 707 1127 magna
724 1082 834 1116 virtus
851 1081 1025 1123 Socratis,
1051 1077 1273 1123 Xenophon-

286 1138 331 1172 tis
346 1143 406 1170 aut
423 1135 605 1177 similium,
633 1141 750 1168 tamen
767 1133 849 1177 quia
864 1145 936 1166 non
955 1139 1036 1166 sunt
1051 1131 1176 1171 vocati,
1201 1141 1273 1163 non

289 1195 371 1222 sunt
395 1186 552 1219 membra
576 1184 752 1218 Ecclesiae
776 1182 864 1224 Dei,
897 1184 980 1228 quia
1011 1189 1151 1227 oportet
1174 1191 1275 1213 nosse

291 1237 561 1283 promissionem
590 1236 633 1268 de
661 1234 770 1269 Filio:
806 1233 918 1268 Nemo
947 1233 1110 1279 pervenit
1138 1232 1180 1266 ad
1208 1230 1276 1265 Pa-

291 1297 398 1329 trem,
426 1287 493 1321 nisi
514 1299 575 1331 per
592 1285 738 1320 Filium.

392 1353 438 1388 Il.
493 1353 534 1388 In
563 1352 628 1387 hac
651 1351 922 1395 congregatione
946 1350 983 1382 in
1011 1347 1076 1382 hac
1101 1347 1172 1380 vita
1197 1352 1278 1380 sunt

293 1406 377 1440 boni
398 1413 430 1438 et
444 1405 542 1438 mali.
594 1403 636 1436 Et
661 1401 744 1435 haec
763 1401 923 1435 doctrina
949 1406 982 1433 et
999 1398 1193 1432 consolatio
1217 1408 1280 1429 ne-

294 1456 439 1490 cessaria
456 1461 516 1489 est.
569 1452 774 1487 Donatistae
800 1452 973 1494 negabant
989 1450 1105 1482 valere
1126 1447 1280 1481 admini-

295 1507 499 1541 strationem
525 1504 852 1542 Sacramentorum‚
887 1513 976 1546 quae
1005 1501 1043 1533 fit
1070 1511 1132 1544 per
1159 1498 1282 1538 malos,

297 1565 329 1592 et
345 1558 488 1590 suerunt
508 1555 623 1598 magui
642 1553 814 1588 tumultus
830 1554 872 1585 de
890 1549 954 1584 bac
970 1562 1018 1584 re.

399 1615 505 1655 Item,
539 1612 669 1657 singuli
692 1610 853 1645 homines
876 1621 977 1654 saepe
1004 1609 1193 1643 turbantur
1217 1604 1284 1640 hoc

296 1667 474 1701 scandalo.
525 1664 615 1699 Cum
636 1663 777 1696 videant
794 1661 965 1704 plurimos
983 1671 1055 1693 esse
1070 1658 1199 1695 malos,
1226 1669 1284 1689 co-

298 1718 407 1761 gitant
428 1729 498 1749 nou
516 1714 641 1759 respici
659 1724 722 1747 nos
736 1725 754 1746 a
773 1711 869 1754 Deo,
895 1723 968 1745 non
985 1709 1166 1750 exaudiri,
1192 1705 1285 1741 nihil

298 1780 369 1802 esse
384 1766 586 1801 Ecclesiam.

403 1824 534 1859 Contra
559 1821 622 1856 has
648 1821 858 1856 tentationes
882 1830 1004 1853 omnes
1029 1817 1179 1852 tenenda
1205 1820 1286 1849 sunt

300 1877 392 1910 dicta
411 1876 520 1909 multa
544 1875 580 1907 in
598 1871 664 1907 hoc
681 1873 809 1916 capite,
837 1878 874 1904 ut
896 1881 1000 1914 supra
1018 1869 1060 1901 de
1078 1867 1228 1904 semine,
1255 1872 1287 1899 et

302 1926 359 1961 hic
376 1928 419 1959 (le
439 1926 543 1959 bonis
561 1931 592 1958 et
611 1923 710 1956 malis
728 1922 891 1966 piscibus=
916 1920 1009 1965 quod
1029 1930 1147 1951 revera
1166 1918 1202 1949 in
1223 1914 1288 1949 hac

304 1978 374 2011 vita
395 1977 464 2010 sint
489 1976 525 2008 in
544 1981 643 2009 coetu
659 1972 836 2007 Ecclesiae
857 1970 939 2010 Dei,
967 1969 1078 2003 renati
1095 1975 1126 2001 et
1142 1979 1213 2000 non
1233 1978 1287 1999 rc-

303 2028 393 2067 nati‚
420 2035 453 2060 et
473 2037 572 2069 saepe
595 2037 666 2057 non
695 2023 804 2057 renati
830 2023 900 2056 sint
922 2022 959 2054 in
983 2018 1288 2054 administratione

303 2079 609 2113 Sacramentorum
628 2082 691 2110 etc.

406 2135 488 2169 lileo
513 2147 584 2167 non
606 2134 791 2168 turbemur
807 2130 1035 2165 multitudine
1054 2128 1227 2162 malorum
1253 2127 1288 2159 in

306 2195 422 2221 nostra
440 2185 726 2229 congregatione,
754 2183 811 2216 sed
832 2182 980 2214 sciamus
997 2180 1099 2213 talem
1120 2190 1190 2212 esse
1211 2190 1288 2222 spc-

306 2239 393 2272 ciem
419 2244 598 2271 externam
624 2234 799 2268 Ecclesiae
824 2231 912 2271 Dei,
948 2238 980 2265 et
1006 2231 1135 2263 interea
1163 2230 1197 2261 iu
1223 2226 1289 2261 hoc

308 2297 408 2323 coetu
442 2295 645 2321 vocatorum
683 2293 797 2319 tamen
833 2294 968 2326 semper
1001 2282 1137 2326 aliquos
1178 2281 1290 2312 bonos

307 2340 416 2384 pisces
432 2350 518 2375 esse.
545 2344 577 2371 et
598 2337 708 2370 sciant
726 2345 848 2368 omnes
864 2340 1006 2375 agentes
1025 2330 1289 2375 poenitentiam,

306 2398 398 2424 certo
416 2401 451 2423 se
467 2388 571 2431 recipi
590 2389 676 2427 fule,
700 2393 794 2419 certo
813 2384 926 2419 Deum
944 2383 1120 2421 exaudire,
1149 2389 1179 2414 et
1201 2381 1290 2413 velle

305 2447 479 2486 praestare.
495 2439 674 2482 promissa,
701 2436 835 2471 etiamsi
854 2433 996 2480 plurimi
1015 2433 1083 2466 sint
1102 2433 1195 2471 mali,
1223 2432 1289 2463 sir-

306 2500 342 2526 ut
366 2491 567 2525 consolatur
591 2488 686 2523 Deus
710 2486 840 2522 Etiam:
873 2483 999 2519 Adhuc
1024 2490 1153 2527 septem
1177 2482 1288 2515 millia

307 2543 464 2575 virorum
494 2553 565 2573 non
596 2545 786 2573 curvarunt
821 2549 932 2579 genua
962 2536 1002 2568 :ul
1033 2532 1129 2567 ΒΑΜ.
1192 2532 1289 2573 ltem,

307 2593 379 2626 Nisi
402 2592 494 2626 Deus
514 2591 710 2636 reliquisset
734 2589 836 2623 uobis
859 2599 995 2628 semen,
1024 2586 1111 2619 sicut
1135 2583 1289 2619 Sodoma

302 2652 332 2677 ct
351 2644 525 2677 Gomorra
543 2653 705 2676 essemus.

852 79 978 116 PHlL.
1005 78 1120 116 MEL.
1150 78 1358 116 SCRIPTA
1387 75 1684 115 EXEGETICA.

2215 74 2290 110 872

1401 163 1498 197 Haec
1532 163 1726 197 consolatio
1759 173 1860 207 saepe
1893 161 2078 207 cogitanda
2105 167 2173 202 est,
2206 159 2291 206 quia

1304 215 1405 248 valde
1421 214 1525 248 multi
1540 221 1634 255 sunt,
1663 214 1723 259 qui
1741 219 1882 258 propter
1897 211 1964 246 hoc
1979 213 2184 247 scandalum
2200 212 2292 244 fiunt

1304 265 1560 308 languidiores,
1593 265 1648 298 vel
1679 264 1825 298 omnino
1849 275 1868 297 a
1897 263 1970 298 Deo
1992 263 2178 302 deficiunt,
2209 261 2293 306 quia

1307 317 1408 349 valde
1431 325 1592 357 magnam
1613 326 1685 348 esse
1710 315 1977 349 multitudinem
1996 313 2187 357 impiorum
2211 311 2295 346 ubi-

1308 378 1376 412 que
1392 365 1526 400 vident.
1567 363 1700 398 Contra
1715 363 1784 399 hoc
1800 365 2006 399 scandalum
2023 365 2090 397 fide
2109 363 2297 406 erigamur,

1309 425 1342 451 et
1364 428 1404 450 eo
1431 415 1612 449 ardentius
1628 413 1742 448 Deum
1765 416 1990 457 invocemus,
2016 426 2061 448 ne
2085 414 2297 447 inducamur

1312 469 1348 500 in
1378 465 1628 506 tentationem,
1664 466 1753 498 sicut
1779 466 1816 499 in
1844 465 1993 499 Psalmis
2020 477 2120 509 saepe
2147 463 2296 497 dicitur:

1312 518 1363 552 Ne
1386 517 1511 561 perdas
1532 527 1612 549 cum
1636 515 1756 559 impiis
1778 517 1931 550 animam
1949 528 2074 550 meam.
2099 512 2301 549 Psalm.26.

1315 569 1377 604 28.
1418 566 1506 601 Item
1517 594 1525 607 ,
1549 567 1586 599 in
1602 565 1770 600 Proverb.
1783 565 1820 602 5.
1857 566 1952 600 Pene
1968 566 2020 601 fui
2037 567 2075 599 in
2092 563 2190 599 omni
2206 564 2300 598 mato

1315 620 1353 652 in
1378 617 1495 651 medio
1511 615 1687 651 Ecclesiae
1704 623 1737 650 et
1752 615 1975 662 Symgogae,
2001 617 2038 651 id
2055 623 2124 656 est,
2151 626 2230 649 cum
2248 613 2302 647 vi—

1317 671 1435 704 derem
1451 668 1608 712 exempla
1623 668 1796 700 maximae
1814 666 2066 705 multitudinis,
2087 677 2177 711 pene
2193 672 2223 699 et
2240 675 2303 708 ego

1317 729 1434 754 mores
1458 724 1491 752 et
1515 718 1703 762 opiniones
1727 729 1849 751 eorum
1880 717 2037 750 imitatus
2062 728 2182 750 essem.
2233 714 2306 750 Nee

1319 771 1395 804 leve
1410 776 1587 803 certamen
1603 776 1671 809 est,
1698 766 1781 802 huic
1806 768 1992 802 tentationi
2012 767 2183 801 resistere.

1424 826 1488 860 111.
1528 828 1692 861 Tandem
1710 828 1747 861 fit
1765 827 1949 871 separatio.
1986 824 2084 859 Deus
2098 825 2136 858 in
2153 823 2218 858 hac
2235 823 2308 856 vita

1322 884 1488 923 repurgat
1511 875 1724 918 Ecclesiam,
1758 884 1798 911 ut
1821 878 1964 923 quando
1992 875 2141 910 ludaeos
2166 873 2310 913 delevit,

1323 929 1466 975 quando
1489 928 1619 962 delevit
1638 926 1791 961 Arianos
1809 935 1840 962 et
1857 929 1945 961 alios
1963 925 2176 967 haereticos,
2203 925 2252 959 ita
2275 930 2310 958 et

1323 991 1419 1014 nunc
1437 979 1503 1012 erit
1521 979 1626 1012 iudex
1643 979 1736 1012 inter
1751 990 1816 1012 nos
1834 985 1868 1013 et
1883 977 2052 1022 Papistas.

1429 1037 1554 1072 Postea
1575 1044 1741 1082 sequetur
1759 1045 1791 1071 et
1807 1037 1956 1071 alterum
1974 1035 2145 1070 iudicium
2169 1032 2314 1068 univer-

1326 1089 1417 1128 sale,
1449 1088 1510 1121 ubi
1533 1088 1790 1131 glorificabitur
1810 1085 1966 1122 Ecclesia
1991 1093 2025 1121 et
2050 1085 2314 1133 conspicientur

1327 1151 1461 1186 poenae
1482 1139 1729 1172 damnatorum
1747 1145 1812 1175 etc.

1669 1238 1778 1274 Alia
1805 1239 1971 1274 concio.

1541 1304 1604 1340 δίε
1620 1306 1686 1340 erit
1704 1307 1823 1340 omnis
1841 1305 1963 1340 scriba
1981 1303 2118 1341 doctus.

1433 1380 1529 1415 Haec
1553 1383 1674 1415 concio
1697 1382 1839 1426 proprie
1871 1381 2025 1415 instituit
2053 1379 2318 1414 concionatores

1334 1445 1394 1466 seu
1414 1433 1573 1465 doctores
1599 1432 1635 1465 in
1653 1432 1818 1466 Ecclesia.
1871 1431 1917 1465 Et
1934 1438 1983 1465 est
2000 1431 2097 1465 utilis
2113 1441 2318 1465 commone-

1334 1483 1438 1516 factio
1465 1495 1527 1526 pro
1554 1483 1720 1516 omnibus
1750 1481 1976 1521 hominibus,
2010 1488 2043 1515 et
2069 1481 2183 1525 primo
2209 1481 2321 1517 docet,

1335 1534 1430 1578 quod
1448 1545 1585 1566 necesse
1603 1533 1647 1566 sit
1665 1534 1808 1568 discere.
1861 1531 1928 1565 Hic
1951 1531 2140 1565 discrimen
2159 1530 2322 1564 conside-

1337 1591 1434 1618 retur
1448 1584 1540 1616 iuter
1556 1581 1727 1617 Ethnicas
1742 1583 1930 1626 religiones
1947 1589 1979 1616 et
1996 1579 2244 1616 Christianam.

1439 1639 1612 1676 Etbuicae
1632 1642 1792 1675 sciuntur
1819 1641 1894 1675 sine
1916 1640 2098 1680 doctrina,
2130 1639 2213 1684 quia
2241 1645 2324 1672 sunt

1339 1693 1508 1738 particula
1525 1693 1622 1735 legis,
1645 1699 1677 1726 et
1692 1693 1820 1726 deiude
1837 1691 2079 1737 qualecunque
2095 1701 2227 1723 numen
2244 1689 2324 1734 qui-

1338 1745 1424 1778 libet
1440 1744 1604 1784 finxerat,
1631 1741 1697 1789 hoc
1719 1743 1910 1787 putabatur
1929 1753 2009 1775 vere
2025 1752 2096 1774 esse
2112 1752 2264 1779 numen,
2292 1746 2324 1773 et

1339 1807 1408 1841 quo
1428 1795 1543 1838 plures
1558 1793 1650 1827 Deos
1666 1795 1857 1837 fingebant,
1881 1805 1922 1826 eo
1943 1791 2056 1826 maior
2071 1790 2236 1826 sanctitas
2253 1801 2326 1825 esse

1340 1846 1529 1891 putabatur
1543 1872 1552 1885 ,
1579 1852 1644 1879 etc.

1441 1902 1595 1938 Ecoutra
1611 1901 1767 1936 Ecclesia
1783 1900 1848 1935 Dei
1871 1907 1921 1935 est
1942 1901 2083 1935 condita
2102 1897 2226 1936 Verbo
2244 1913 2327 1945 pro-

1340 1954 1538 1995 missionis,
1565 1961 1597 1987 et
1622 1953 1889 1997 promissionem
1913 1952 2044 1995 gratiae.
2061 1953 2104 1985 de
2127 1951 2199 1985 filio
2223 1963 2328 1984 nemo

1341 2006 1514 2045 scivisset,
1540 2005 1567 2037 si
1593 2002 1688 2037 Deus
1710 2016 1781 2036 non
1807 2002 2010 2041 revelasset,
2038 2009 2070 2036 et
2091 2002 2185 2037 Deus
2209 2009 2327 2047 postea

1342 2056 1454 2089 voluit
1472 2055 1576 2088 scribi
1598 2054 1859 2088 revelationem.
1913 2051 2007 2097 Ergo
2029 2064 2173 2098 prorsus
2191 2064 2329 2086 necesse

1342 2114 1391 2140 est
1407 2105 1513 2145 disci,
1539 2105 1619 2140 ideo
1635 2105 1736 2138 toties
1754 2105 1959 2137 mandatum
1977 2112 2042 2138 est:
2072 2103 2176 2137 lluuc
2199 2104 2328 2139 audite.

1346 2157 1430 2191 ltem
1459 2156 1638 2190 leremiasz
1670 2155 1749 2189 Nun
1774 2155 1938 2189 mandavi
1963 2162 1994 2189 te
2010 2153 2243 2197 holocaustis,
2269 2156 2329 2188 sed

1342 2209 1460 2242 audite
1481 2219 1553 2247 me,
1582 2214 1644 2242 etc.

1445 2265 1495 2301 lta
1514 2264 1570 2300 hic
1587 2266 1733 2300 dicitur:
1761 2265 1883 2299 Scriba
1907 2265 1968 2311 qui
1985 2264 2182 2299 doctrinam
2200 2264 2330 2310 accepit

1342 2324 1374 2352 et
1392 2317 1531 2352 didicit.

1686 2408 1858 2433 Secunda
1880 2412 1975 2437 para.

1474 2459 1580 2509 Quid
1594 2464 1712 2494 aulem
1732 2459 1865 2493 discere
1882 2463 1912 2493 ct
1932 2456 2053 2493 docere
2070 2456 2198 2493 debet?

1444 2527 1496 2564 Ex
1520 2527 1704 2566 tin-sauro,
1733 2528 1768 2561 id
1796 2535 1864 2567 est,
1891 2539 1932 2561 ex
1950 2527 2050 2562 libris
2073 2539 2091 2562 a
2114 2526 2192 2562 Deo
2214 2528 2328 2562 tradi-

1347 2581 1402 2615 tis.
1458 2579 1677 2623 intelligatur
1701 2577 1886 2613 thesaurus
1903 2591 1975 2612 non
1995 2578 2134 2624 propria
2149 2578 2333 2623 sapientia,

1344 2633 1402 2667 scd
1422 2631 1504 2666 libri
1526 2630 1644 2665 traditi
1662 2627 1861 2675 Ecclesiae,
1888 2629 1970 2676 quia
1989 2640 2053 2664 nos
2066 2629 2238 2664 debemus
2260 2640 2333 2665 esu
