2409 2915
63 116 138 153 965
318 113 401 152 ΧΗ.

454 111 848 151 ANNOTATIONES
875 112 941 149 ET
968 113 1246 151 CONCIONES
1275 115 1324 150 IN
1351 115 1536 154 EVANG.
1566 118 1843 157 MATfflAEt.

2019 127 2092 164 966

158 201 274 234 David
298 200 402 234 etiam
436 199 595 246 loquitur
625 211 704 233 cum
731 211 791 241 eo,
825 205 858 233 et
890 201 1053 235 nominat
1107 211 1344 242 exerceamus,
1369 203 1613 246 confugiamus
1630 206 1674 239 ad
1692 217 1770 240 eum
1793 208 1828 242 in
1848 211 2013 245 omnibus
2034 225 2092 257 pe-

58 265 138 286 eum
158 251 321 285 Palmoni
338 258 370 285 et
392 249 559 286 Michaet.
587 249 770 292 Palmoni,
796 249 833 284 id
850 257 916 285 est:
943 252 1052 287 mira-

59 304 160 345 bitis,
187 302 458 346 Qunbettbetet,
485 300 766 346 Qunberbatticb.

159 351 335 394 Michae'l,
362 352 440 397 quis
457 352 546 385 sicut
569 350 690 385 Deus?
717 352 817 397 quasi
836 352 944 387 dicat:
980 351 1049 387 Iste

57 403 234 438 Dominus
268 410 318 437 est
349 403 439 436 sicut
453 400 568 443 Deus,
609 403 766 447 aequalis
789 402 904 445 Patri,
932 410 965 437 et
989 415 1051 447 per

59 453 154 488 hune
180 461 212 488 et
231 460 372 498 propter
394 450 489 486 hune
517 451 613 486 Deus
640 464 705 486 nos
730 453 854 498 recipit
872 461 906 488 et
923 461 1049 493 servat,

59 513 91 539 et
112 506 226 538 salvos
246 505 339 539 facit.

162 555 256 588 Haec
284 559 380 587 tanta
404 552 605 587 testimonia
636 555 755 588 omnia
784 552 962 588 Pharisaei
986 566 1049 587 ne-

60 606 243 650 glexerunt
266 610 300 637 et
319 611 571 647 corruperunt,
605 611 639 638 et
662 605 863 647 cogitabant
888 605 1046 638 nondum

62 667 134 690 esse
161 654 326 688 Messiam
350 654 387 686 in
413 654 477 687 ista
502 652 658 688 Ecclesia
685 654 809 695 lsrael,
845 668 907 688 nec
941 656 1046 688 fuisse

58 706 152 751 apud
194 704 327 741 Patres.
395 704 471 739 Hae
508 706 672 739 tenebrae
717 707 871 749 profecto
903 707 1047 740 fuerunt

57 767 215 800 magnae.

157 805 319 840 Secunda
337 806 477 847 solutio,
502 805 650 840 Messias
667 807 746 841 ideo
764 814 813 841 est
832 819 953 841 revera
968 808 1045 841 Do-

56 856 175 890 minus
193 855 358 897 Davidis‚
384 857 464 901 quia
483 868 631 899 regnum
649 858 746 890 aliud
764 859 917 891 instituit
935 865 1045 892 aeter-

55 911 165 947 num,
200 908 296 952 quod
324 907 429 950 longe
463 914 604 950 superat
634 919 782 949 regnum
807 908 977 947 Davidis‚
1013 913 1046 940 et

56 958 116 991 dat
131 957 377 991 liberationem
395 963 584 997 aeternam,
614 964 645 991 et
661 958 754 990 bona
773 966 911 992 aeterna
924 985 932 996 ,
959 970 1044 998 nou,

55 1008 146 1042 sicut
161 1008 278 1042 David
290 1035 300 1050 ‚
327 1014 465 1042 tantum
481 1015 680 1052 praesentes
697 1016 729 1042 et
745 1009 909 1042 mortales
928 1006 1045 1041 hostes

56 1059 232 1104 repressit.

157 1108 220 1143 Est
253 1109 362 1153 igitur
388 1107 537 1142 Messias
563 1107 739 1142 Dominus
761 1109 926 1150 Davidis,
962 1109 1044 1154 quia

57 1160 96 1193 in
121 1159 185 1192 illo
209 1166 350 1194 aeterno
373 1171 481 1203 regno
509 1160 602 1194 delet
624 1167 803 1207 peccatum
832 1167 863 1193 et
881 1167 1045 1200 mortem,

57 1217 91 1244 et
107 1211 225 1244 reddit
241 1209 373 1244 Davidi
390 1218 423 1243 et
446 1211 612 1244 omnibus
628 1211 852 1244 credentibus
874 1211 1042 1244 iustitiam

57 1268 91 1294 et
112 1261 220 1294 vitam
243 1267 431 1294 aeternam.
497 1260 573 1294 Imo
599 1268 632 1294 et
654 1261 690 1293 in
716 1258 779 1293 hac
805 1262 876 1305 ipsa
902 1261 1043 1304 politica

57 1311 311 1355 gubernatione
323 1309 486 1351 Davidis,
513 1309 571 1344 hic
581 1311 754 1345 Dominus
772 1311 918 1344 Messias
935 1312 1044 1349 adest,

57 1362 145 1405 regit
160 1363 196 1394 in
216 1361 356 1406 praeliis
377 1362 531 1394 dextram
548 1361 713 1401 Davidis,
741 1369 790 1394 est
806 1368 921 1394 custos
938 1361 1046 1393 totius

54 1409 161 1445 huius
177 1409 370 1451 Ecclesiae,
398 1418 432 1444 et
455 1423 530 1444 eam
554 1411 656 1444 valde
681 1411 816 1453 diligit,
842 1423 906 1455 pro
929 1422 967 1442 ea
986 1422 1045 1443 ae-

55 1469 196 1496 ternum
221 1460 361 1495 Patrem
386 1463 611 1506 deprecatur,
655 1461 829 1500 defendit,
870 1467 903 1494 et
933 1461 1044 1493 salvat

38 1521 132 1547 ‘eam
157 1519 240 1546 tunc
265 1524 425 1557 quoque,
468 1524 548 1544 cum
571 1510 686 1545 David
713 1518 746 1544 et
769 1512 830 1544 alii
864 1522 959 1554 reges
991 1523 1048 1544 re-

57 1569 185 1607 gnant,
213 1563 272 1606 qui
291 1573 412 1595 omnes
429 1569 511 1595 sunt
533 1568 670 1596 tantum
688 1561 848 1595 Ministri
867 1568 900 1596 et
915 1573 1046 1605 organa

57 1615 153 1648 illius
170 1612 362 1655 superioris
379 1612 546 1652 Domini,
573 1613 633 1657 qui
648 1618 698 1645 est
714 1612 807 1646 filius
822 1611 900 1648 Dei.

158 1662 254 1696 Haec
276 1663 478 1696 nesciebant
503 1661 692 1695 Pharisaei.
745 1662 864 1705 Quare
888 1674 966 1696 cum
991 1674 1047 1695 ar-

57 1714 206 1749 ticulum
230 1713 312 1746 fidei
335 1713 561 1757 praecipuum
587 1713 629 1746 de
655 1713 726 1745 filio
749 1712 835 1752 Dei,
869 1721 901 1746 et
927 1714 969 1745 de
993 1725 1048 1745 re-

57 1765 223 1799 missione
255 1770 476 1807 peccatorum
510 1764 772 1806 ignoraverint,
822 1764 1047 1796 manifestum

58 1823 127 1855 est,
154 1826 213 1848 eos
234 1827 308 1848 non
329 1814 434 1847 fuisse
460 1814 618 1847 membra
641 1812 836 1854 Ecclesiae,
863 1816 921 1847 sed
949 1820 1047 1847 erant

58 1865 264 1913 hypocritae
287 1865 418 1898 similes
441 1863 569 1898 Turcis
591 1871 624 1898 et
648 1865 766 1909 impiis
782 1863 918 1898 Iudaeis
944 1862 1048 1898 huius

61 1917 241 1962 temporis.

147 1966 258 2001 .Haec
281 1966 397 2000 brevis
431 1966 621 2000 declaratio
655 1965 723 1999 iam
755 1966 914 2000 sufficiat.

60 2030 126 2055 nos
141 2015 227 2052 haec
244 2019 314 2051 duo
334 2017 402 2049 iam
423 2017 694 2049 consideremus.

160 2068 320 2102 Primum
351 2069 394 2100 de
418 2079 542 2110 magna
567 2067 731 2101 coecitate
756 2066 793 2098 in
817 2067 949 2109 populo
972 2066 1047 2101 Dei.

61 2118 152 2153 Cum
169 2119 275 2152 suerit
299 2125 383 2152 tunc
401 2123 497 2150 tanta
515 2118 663 2151 coecitas
688 2118 723 2150 in
741 2117 802 2149 illo
820 2118 949 2160 populo
970 2129 1051 2151 eru-

61 2170 137 2203 dito
156 2176 188 2203 et
205 2168 410 2208 exercitato,
439 2168 548 2201 simus
571 2179 635 2200 nos
653 2168 856 2211 vigilantes,
885 2175 914 2200 et
937 2167 1049 2200 Deum

63 2231 221 2261 oremus,
248 2226 287 2253 ut
307 2230 381 2251 non
398 2218 491 2252 sinat
507 2218 663 2261 extingui
687 2219 798 2251 lucem
824 2218 979 2252 veritatis
996 2219 1051 2250 in-

63 2278 117 2305 ter
133 2282 208 2304 nos.

163 2321 347 2360 Secundo,
376 2319 465 2353 sicut
481 2318 596 2353 David
614 2318 742 2351 fatetur
761 2315 855 2351 hunc
873 2317 1053 2358 Messinm,

64 2373 109 2406 de
132 2384 202 2417 quo
228 2371 405 2417 loquitur,
435 2381 507 2403 esse
531 2368 747 2408 Dominum,
783 2369 847 2412 ipsi
876 2369 1052 2411 imperau-

64 2431 155 2463 tem,
189 2429 256 2456 eta
273 2434 341 2467 quo
360 2421 445 2454 velit
468 2420 540 2463 regi
566 2427 599 2453 et
622 2420 767 2452 salvari:
810 2419 854 2451 ita
878 2431 942 2451 nos
964 2432 1052 2464 quo-

66 2485 134 2519 que
151 2473 250 2506 firma
278 2473 344 2504 fide
369 2479 582 2511 statuamus,
608 2469 703 2503 hunc
720 2471 870 2503 eundem
889 2469 1053 2502 Messiam

65 2523 260 2558 Dominum
275 2522 441 2563 Davidis‚
467 2533 540 2555 esse
563 2521 666 2554 nobis
683 2519 897 2561 Dominum,
924 2527 955 2553 et
981 2532 1054 2554 cre-

67 2576 191 2608 damus
207 2585 286 2607 eum
305 2573 408 2606 nobis
430 2573 569 2614 adesse,
596 2572 698 2605 nobis
723 2573 808 2604 dare
829 2572 921 2603 bona
944 2578 1057 2604 aeter-

71 2637 134 2665 na,
168 2624 338 2658 iustitiam
372 2630 405 2657 et
433 2623 560 2663 vitam,
593 2622 780 2655 defendere
803 2622 906 2655 etiam
930 2633 995 2655 nos
1019 2622 1057 2655 in

68 2672 134 2709 hac
163 2675 245 2711 vita.

978 1964 1046 1999 Sed

1105 251 1227 284 riculis
1251 259 1284 285 et
1301 254 1466 296 negotiis,
1494 254 1584 288 sicut
1608 256 1681 299 ipse
1701 258 1803 292 dixit:
1834 258 1959 296 Venite
1976 264 2018 296 ad
2038 276 2092 297 me

1104 313 1245 342 omnes,
1273 303 1335 347 qui
1351 304 1487 338 onerati
1504 305 1586 338 estis
1610 314 1642 340 et
1658 308 1845 350 taboratis,
1871 317 1903 344 et
1924 324 1986 355 ego
2014 315 2092 347 refi-

1104 352 1193 385 ciam
1222 364 1295 391 yos,
1355 352 1490 387 Omnes
1516 362 1632 396 vocat,
1672 365 1705 391 et
1730 371 1849 393 revera
1883 363 1958 396 vult
1989 376 2090 407 opem

1104 403 1210 443 serre,
1236 414 1307 435 uon
1325 410 1460 437 tantum
1478 403 1623 445 Davidi,
1650 410 1710 440 sed
1737 410 1838 442 etiam
1856 410 1942 445 mihi
1962 421 1994 447 et
2013 415 2090 455 tibi,

1103 460 1135 487 et
1162 453 1266 485 nobis
1299 454 1466 487 omnibus
1494 455 1741 491 invocantibus
1781 472 1880 503 eum,
1932 470 1963 496 et
1999 472 2090 498 recte

1102 504 1390 546 agnoscentibus,
1425 505 1504 549 quis
1528 506 1590 543 sit,
1623 507 1803 550 videlicet,
1833 514 1924 556 quod
1947 515 1990 547 sit
2009 527 2089 548 vere

1101 553 1194 587 filius
1212 552 1302 594 Dei,
1329 561 1362 588 et
1379 554 1423 588 sit
1445 556 1657 590 constitutus
1672 558 1869 601 Mediator,
1896 561 2089 599 Redemtot

1102 611 1132 638 et
1152 604 1339 645 Salvator,
1375 612 1413 638 ut
1438 617 1499 649 per
1522 619 1601 639 eum
1625 615 1658 642 et
1684 617 1828 653 propter
1850 624 1929 644 eum
1959 615 2088 649 dentur

1100 655 1202 688 nobis
1224 655 1385 688 remissio
1403 663 1640 699 peccatorum,
1669 659 1817 701 iustitia,
1844 669 1875 694 et
1892 663 1960 697 vita
1977 672 2088 698 aeter-

1100 718 1164 744 na,
1200 713 1232 739 et
1255 713 1292 739 ut
1321 718 1382 749 per
1408 718 1487 738 eum
1511 716 1542 741 et
1571 716 1712 753 propter
1733 723 1811 743 eum
1836 713 1938 745 etiam
1964 715 1998 747 in
2025 714 2088 749 hac

1101 756 1170 789 vita
1195 763 1431 800 protegamur.
1494 755 1540 790 Et
1566 759 1732 798 sciamus,
1762 763 1856 806 quod
1880 775 1975 797 nunc
1998 778 2087 810 quo-

1100 819 1167 851 que
1192 819 1272 839 vere
1296 807 1385 840 adsit
1409 807 1530 846 nobis,
1557 815 1589 841 et
1611 811 1784 844 custodiat
1807 825 1870 845 nos
1897 814 1985 849 sicut
2009 817 2082 859 ipse

1100 857 1203 890 dicit:
1249 855 1358 895 Ecce,
1390 869 1452 900 ego
1477 859 1657 892 vobiscum
1683 871 1759 893 sum
1789 874 1897 907 usque
1927 866 1970 897 ad
2001 878 2087 899 con-

1099 907 1366 939 summationem
1388 907 1507 947 seculi,
1528 915 1592 941 etc.
1647 909 1750 942 Item:
1789 911 1999 959 Ubicunque
2016 917 2087 949 duo

1099 963 1158 990 aut
1175 964 1244 989 tres
1260 956 1459 998 congregati
1475 964 1558 990 sunt
1576 958 1612 990 in
1630 961 1774 993 nomine
1793 974 1890 1003 meo,
1919 964 1953 996 in
1971 967 2086 999 medio

1100 1019 1222 1055 eor-&im
1256 1018 1351 1047 sum,
1392 1013 1455 1040 etc.
1522 1006 1618 1041 Haec
1661 1009 1697 1041 in
1735 1011 1958 1048 invocatione
1994 1017 2089 1060 cogi-

1099 1059 1204 1091 tanda
1229 1063 1321 1092 sunt.

1420 1192 1558 1245 Caput
1603 1193 1764 1234 xxm.

1148 1272 1254 1308 Tunc
1271 1272 1376 1308 Iesus
1403 1273 1543 1309 loculus
1568 1280 1617 1308 es!
1641 1273 1695 1308 ad
1717 1276 1864 1315 turbas,
1899 1284 1929 1312 et
1953 1279 2006 1314 ad
2032 1280 2088 1315 di-

1202 1324 1363 1370 scipulos
1396 1338 1498 1366 suos,
1534 1323 1672 1359 dicens:
1716 1325 1765 1359 In
1791 1326 1966 1363 cathedra
1984 1331 2091 1366 Illosi

1200 1373 1322 1408 sedent
1340 1373 1491 1408 Scribne
1507 1380 1537 1408 εἰ
1554 1373 1771 1419 Pharisaei,
1799 1383 1859 1415 etc.

1201 1450 1269 1485 Hic
1286 1452 1412 1496 incipit
1435 1452 1576 1492 concio,
1610 1464 1699 1497 quae
1723 1455 1891 1498 praecipit
1914 1456 2091 1491 diiudica-

1100 1502 1232 1536 tionem
1253 1503 1452 1544 doctrinae,
1480 1510 1512 1536 et
1535 1503 1708 1547 ostendit,
1737 1505 1850 1549 qualis
1872 1506 1917 1540 sit
1941 1515 2091 1551 potestas

1101 1553 1304 1587 docentium
1323 1553 1359 1586 in
1377 1552 1546 1587 Ecclesia.

1201 1601 1249 1638 Et
1272 1604 1426 1648 primum
1454 1615 1590 1648 semper
1615 1604 1651 1636 in
1677 1604 1746 1637 vita
1773 1605 1924 1640 discerni
1955 1616 2092 1651 oportet

1101 1653 1297 1687 doctrinam
1328 1666 1346 1687 a
1371 1653 1447 1687 Deo
1481 1654 1685 1697 patefactam
1724 1657 1767 1688 de
1794 1668 1873 1689 vera
1911 1659 2092 1701 agnitione

1102 1705 1210 1748 ipsius
1232 1711 1263 1737 et
1288 1704 1528 1743 invocatione,
1561 1711 1594 1737 et
1613 1705 1819 1739 traditiones
1843 1705 2030 1749 humanm,
2059 1718 2092 1745 et

1102 1755 1283 1787 sciendum
1310 1761 1378 1793 est,
1414 1755 1500 1800 quid
1527 1755 1569 1787 de
1597 1762 1746 1801 utroque
1779 1768 1905 1800 genere
1938 1760 2091 1794 sentien-

1103 1807 1187 1839 dum
1213 1805 1268 1838 sit.

1458 1888 1577 1913 Prima
1612 1889 1748 1919 regula.

1327 1947 1382 1982 Sit
1399 1959 1479 1992 ergo
1498 1947 1584 1982 haec
1603 1949 1716 1993 prima
1736 1951 1866 1993 regula.

1203 2014 1309 2048 Nulla
1336 2017 1494 2049 doctrina
1523 2018 1565 2049 de
1583 2014 1648 2049 Dei
1674 2019 1818 2051 essentia
1847 2025 1879 2052 et
1904 2021 2095 2064 voluntate,

1105 2073 1136 2100 et
1155 2067 1196 2099 de
1217 2073 1335 2098 nostra
1360 2067 1490 2107 salute,
1520 2069 1718 2111 recipienda
1744 2076 1792 2101 est
1817 2069 1870 2101 vel
1892 2073 2093 2114 adproban-

1104 2118 1165 2156 da,
1193 2116 1261 2148 nisi
1279 2117 1350 2149 sola
1366 2115 1451 2150 haec
1474 2120 1632 2150 doctrina
1659 2117 1861 2161 Evangelii,
1889 2124 2015 2154 tradita
2031 2136 2092 2167 per

1104 2165 1284 2201 Christum
1302 2174 1334 2201 et
1351 2166 1546 2211 Prophetas
1564 2176 1595 2202 et
1614 2168 1811 2210 Apostolos.

1206 2216 1300 2251 Huic
1328 2219 1393 2251 soli
1424 2219 1605 2252 doctrinae
1630 2218 1724 2252 Deus
1753 2219 1953 2253 testimonia
1983 2223 2091 2265 dedit,

1105 2269 1197 2313 quod
1219 2268 1350 2312 abipso
1366 2270 1517 2303 revelata
1536 2270 1599 2306 sit,
1625 2269 1718 2301 iuxta
1736 2269 1841 2302 illud:
1871 2269 2003 2313 Filius,
2030 2276 2091 2319 qui

1107 2320 1207 2353 estin
1227 2319 1306 2351 sinu
1324 2318 1437 2353 Patris
1451 2348 1459 2359 ,
1487 2321 1558 2362 ipse
1577 2319 1751 2351 enarravit
1768 2320 1880 2352 nobis.

1209 2367 1252 2402 Et
1270 2367 1359 2402 hanc
1378 2371 1532 2413 regulam
1558 2370 1741 2402 confirmat
1757 2370 1889 2402 dictum
1907 2369 2025 2405 Pauli:
2053 2372 2094 2407 Si

1107 2420 1249 2463 angelus
1271 2421 1313 2453 de
1338 2422 1434 2454 coelo
1457 2421 1553 2454 aliud
1572 2417 1801 2462 Evangelium
1826 2421 1984 2461 docebit,
2009 2434 2094 2456 ana-

1108 2469 1223 2505 thema
1242 2470 1295 2502 sit.

1209 2520 1415 2555 Reiicienda
1432 2525 1480 2552 est
1495 2519 1601 2562 igitur
1617 2526 1816 2553 constanter
1833 2521 1949 2553 omnis
1963 2522 2097 2556 doctri-

1110 2584 1175 2610 ua,
1210 2571 1383 2604 contraria
1410 2569 1621 2613 Evangelio,
1649 2571 1722 2603 sive
1746 2571 1948 2604 nominetur
1967 2571 2096 2607 Malio-

1110 2623 1253 2662 metica‚
1285 2622 1357 2655 sive
1387 2619 1579 2664 Papistica,
1619 2620 1690 2652 sive
1724 2620 1880 2663 Iudaica,
1913 2622 1986 2655 sive
2013 2623 2095 2657 Mo-

313 2673 415 2707 lianc
441 2673 544 2706 fidem
573 2673 732 2719 quotidie
767 2673 805 2705 in
836 2672 1058 2707 invocatione
1113 2673 1265 2713 nastica,
1291 2673 1363 2706 sive
1379 2671 1530 2709 Ariana.
1557 2672 1629 2703 sive
1645 2669 1864 2706 Manichaea.

1495 2719 1580 2756 61⁶
