2409 2915
291 99 361 136 115

298 184 344 217 cit
367 183 521 227 reliquos
548 192 620 214 esse
644 179 732 212 alios
748 174 915 218 Iudices,
935 189 953 210 a
976 177 1105 222 quibus
1123 179 1277 222 punian-

300 241 357 267 tur
382 233 436 266 illi
463 233 525 277 qui
548 231 675 264 iniusta
697 229 874 269 feceruut,
909 235 948 261 ut
971 228 1153 271 Augustus
1176 229 1277 272 punit

300 282 508 317 Antonium.
561 280 605 313 Et
629 279 778 323 insignis
803 277 992 323 descriptio
1018 279 1108 322 regis
1131 277 1188 312 hic
1216 280 1280 312 ob-

301 334 470 367 servanda
497 338 564 371 est,
591 342 669 363 cum
694 331 757 364 ait:
785 327 903 375 Super
925 340 1046 363 omnes
1075 333 1124 363 est
1151 341 1214 362 rex
1242 328 1280 361 in

303 389 399 417 terra
425 379 479 415 ad
500 379 682 415 culturam
709 392 904 426 agrorum,
939 381 1002 413 ubi
1027 380 1195 414 discernit
1226 392 1282 412 re-

303 445 379 476 gem
405 446 423 466 a
445 440 616 478 tyranno,
644 439 816 477 tyrannus
838 431 984 473 dissipat
1009 437 1041 463 et
1060 438 1188 468 vastat,
1219 431 1282 463 bo-

302 496 368 518 nus
387 484 547 529 princeps
564 484 658 517 fovet
675 483 871 515 societatem
884 507 891 521 ‚
919 487 953 514 et
969 487 1089 514 tuetur
1108 482 1280 515 culturam

303 542 433 576 terrae,
457 533 651 572 Ecclesiae,
680 533 807 566 artium
834 537 867 564 et
891 531 1051 564 omnium
1079 544 1194 566 rerum
1219 533 1282 564 bo-

302 597 440 620 narum.

354 665 499 699 Avarus
516 676 588 697 non
607 661 819 711 implebitur
833 663 986 710 pecunia
999 689 1007 703 ,
1036 668 1066 696 et
1091 663 1156 711 qui
1178 667 1281 697 amal

407 714 576 754 divitias,
590 713 758 762 fructum
777 727 850 748 non
869 714 982 761 capiet
1000 725 1046 748 ex
1063 715 1126 749 eis.

405 780 529 815 Postea
554 788 750 826 sequuntur
781 782 904 825 longae
935 781 1122 814 conciones
1144 780 1284 824 vitupe-

304 830 648 872 rantesAvariciam‚
676 839 707 865 et
724 832 849 876 repetit
867 832 1075 865 sententiam
1093 843 1197 874 supra
1221 843 1284 874 po-

304 882 430 924 sitam,
463 895 551 928 quae
574 882 670 916 iubet
693 884 743 916 uti
775 883 879 916 rebus
901 883 994 916 iuxta
1023 881 1283 914 ordinationem

305 931 391 974 Dei,
418 934 515 974 cibo,
540 941 643 977 potu,
669 934 855 977 coniugio,
888 940 920 966 et
943 932 1074 965 servire
1105 932 1285 965 vocationi

306 983 398 1017 bona
423 984 635 1018 conscientia
658 991 688 1018 et
712 985 796 1017 fide:
829 991 975 1030 eventus
997 995 1099 1023 vero,
1128 982 1189 1027 qui
1212 994 1285 1015 non

305 1041 388 1068 sunt
405 1034 441 1067 in
459 1033 627 1079 p'otestate
645 1042 764 1069 nostra
776 1062 785 1075 ,
812 1035 1060 1068 commendare
1078 1032 1170 1071 Deo,
1198 1033 1287 1066 sicut

303 1095 405 1129 saepe
422 1085 578 1126 monuit,
605 1093 638 1119 et
655 1086 806 1120 subinde
822 1085 1051 1129 repetendum
1070 1091 1119 1118 est
1137 1084 1286 1118 dictum:

304 1134 523 1170 commenda
537 1134 612 1170 Deo
632 1136 724 1170 viam
741 1144 837 1170 tuam
851 1164 859 1177 ‚
884 1142 916 1169 et
935 1135 1008 1179 ipse
1025 1135 1140 1169 faciet.

674 1236 811 1289 Caput
841 1236 921 1278 Vt.

358 1315 528 1351 Etiamsi
547 1317 630 1365 quis
656 1316 803 1351 celebris
827 1321 898 1358 est,
933 1321 1051 1349 lamen
1076 1313 1142 1349 hoc
1164 1315 1289 1355 scitur,
1315 1322 1317 1335 ¹

409 1366 508 1414 quod
522 1365 631 1402 homo
646 1367 706 1409 sil,
729 1373 760 1402 el
777 1380 850 1402 non
866 1371 982 1414 polest
1001 1370 1136 1400 certare
1155 1378 1232 1399 cum
1252 1378 1290 1398 eo

406 1416 505 1465 quod
518 1424 568 1452 esl
581 1418 776 1466 potentius,

410 1484 450 1518 In
478 1486 546 1519 fine
570 1486 656 1521 sexti
683 1486 806 1530 capitis
831 1485 929 1530 ponit
948 1485 1175 1525 sementiam,
1202 1495 1289 1528 quae

306 1543 404 1583 regat
421 1548 503 1577 nos,
530 1543 568 1570 ut
585 1537 697 1572 officia
716 1536 912 1570 vocationis
930 1536 1120 1575 faciamus,
1147 1547 1210 1568 nec
1227 1535 1289 1568 ab—

309 1586 489 1627 iiciamus,
532 1588 751 1622 vocationem
785 1594 931 1635 propter
961 1585 1288 1619 dissimilitudinem

308 1644 514 1677 eventuum,
542 1638 590 1670 sic
606 1638 700 1670 enim
718 1639 780 1670 ait:
809 1637 980 1681 Quisquis
997 1635 1104 1670 homo
1125 1636 1285 1669 nomina-

307 1695 380 1728 tur,
407 1700 479 1721 uon
503 1694 614 1732 potest
631 1695 763 1721 certare
781 1699 858 1720 cum
877 1699 938 1730 eo,
968 1687 1064 1731 quod
1088 1693 1138 1720 est
1162 1692 1286 1730 poten-

307 1739 393 1778 tius,
420 1739 454 1771 id
474 1745 542 1779 est,
564 1750 636 1771 non
654 1745 765 1782 potest
781 1744 927 1771 eventus
942 1738 1158 1781 gubernare,
1185 1744 1218 1771 et
1236 1748 1290 1769 se-

307 1789 443 1834 quitur:
473 1786 568 1822 Sunt
586 1788 680 1822 enim
698 1787 830 1821 inania
850 1786 975 1829 verba,
1002 1789 1036 1821 id
1054 1795 1119 1827 est,
1147 1785 1212 1820 bae
1229 1799 1290 1821 cu-

307 1851 364 1872 rae
381 1847 414 1873 et
432 1839 700 1883 imaginationes
716 1840 839 1873 inanes
856 1846 956 1880 sunt,
983 1845 1015 1871 et
1034 1836 1124 1871 nibil
1143 1845 1290 1881 prosunt

308 1887 456 1923 homini.
510 1889 637 1924 Noster
653 1897 764 1924 textus
780 1889 906 1934 inquit.
961 1888 1057 1932 Quid
1083 1900 1220 1921 necesse
1240 1894 1290 1921 est

309 1938 446 1974 bomini
478 1941 609 1974 maiora
643 1952 680 1974 se
711 1952 897 1985 quaerere,
931 1940 990 1973 sed
1024 1940 1125 1972 lectio
1153 1937 1289 1972 Ebraea

311 1998 446 2025 tantum
474 1992 608 2036 inquit:
643 1989 742 2024 Nihil
771 1998 919 2035 prosunt
947 1988 1098 2023 homini.
1140 1988 1290 2023 Monent

311 2049 426 2076 autem
450 2049 489 2077 ut
511 2042 602 2083 dixi,
629 2050 667 2076 ut
690 2042 971 2084 consideremus,
1005 2052 1094 2085 quae
1121 2052 1223 2074 curae
1247 2041 1289 2073 ad

311 2104 375 2126 nos
392 2093 608 2137 pertineant,
635 2105 724 2140 quae
742 2105 814 2126 non
840 2092 1039 2137 pertineant
1065 2092 1106 2124 ad
1137 2103 1217 2131 nos,
1243 2091 1290 2124 si-

311 2151 366 2177 cut
385 2156 487 2188 supra
507 2151 574 2177 tres
591 2145 719 2188 gradus
733 2144 895 2183 fecimus,
911 2154 1030 2176 curam
1049 2142 1180 2175 laboris
1196 2142 1290 2175 iuxta

315 2196 554 2236 xor-ationem,
581 2193 666 2228 baec
684 2196 725 2228 ad
745 2206 808 2229 nos
823 2194 994 2239 pertinet,
1021 2193 1110 2227 aliae
1126 2201 1207 2227 sunt
1230 2205 1290 2226 cu-

313 2257 368 2278 rae
386 2246 429 2279 de
446 2253 582 2280 eventu.

312 2308 402 2328 nem.
460 2295 534 2329 llae
551 2309 622 2329 non
642 2297 818 2341 pertinent
836 2297 877 2330 ad
897 2307 972 2331 nos,

672 2404 807 2458 Caput
838 2405 932 2447 Vn.

364 2487 520 2533 Ignorat
539 2485 648 2522 homo
668 2487 761 2536 quid
781 2488 855 2522 sibi
878 2487 994 2534 prosit
1019 2487 1056 2521 in
1075 2485 1145 2522 hac
1163 2486 1236 2520 vita
1255 2487 1291 2520 in

414 2537 537 2573 dicbus
557 2539 747 2575 vanitatis.

412 2606 585 2650 Loquitur
602 2615 735 2649 aunem,
753 2609 794 2639 de
813 2607 917 2639 rebus
935 2607 999 2638 suli
1015 2607 1115 2645 Sole,
1144 2603 1207 2639 boc
1227 2613 1289 2648 ost,
1315 2632 1318 2654 3

308 2657 350 2689 de
372 2658 554 2691 eventibus
581 2658 614 2690 in
640 2657 702 2692 bac
728 2658 866 2692 mortali
885 2657 954 2691 sita
981 2659 1155 2702 prospe-ris
1173 2666 1202 2692 vt
1223 2659 1284 2690 acl-

882 91 1006 128 PHIL.
1034 91 1150 129 MEL.
1177 92 1384 128 SCRIPTA
1409 91 1707 128 EXEGETICA.

638 2245 722 2279 Item
747 2247 790 2279 de
805 2246 910 2279 rebus
933 2244 1011 2278 aliis
1028 2251 1120 2278 extra
1138 2244 1293 2278 vocatio·
1318 2288 1319 2295 ἵ

1315 2670 1317 2684 l

1314 2690 1318 2703 l

2239 91 2311 126 116

1306 189 1309 212 ῑ
1331 178 1452 213 versis.
1506 174 1630 222 loseph
1647 183 1746 221 putat
1770 177 1838 211 sibi
1856 189 1984 211 nocere
2009 177 2252 212 venditionem
2278 184 2312 210 et

1333 228 1476 271 profuit.
1529 227 1612 261 Ideo
1634 228 1811 273 sequitur,
1838 228 1909 262 Nec
1940 234 2053 273 potest
2085 228 2172 262 scire
2202 225 2311 262 homo

1331 279 1448 312 sutura
1468 278 1534 311 sub
1544 277 1644 318 Sole,
1670 279 1706 311 id
1727 285 1796 320 est,
1823 279 1908 324 quid
1926 279 1969 312 sit
1985 279 2147 312 futurum
2163 286 2241 327 post
2258 291 2312 312 res

1306 365 1309 371 Ι
1334 339 1518 372 prosperas
1541 335 1601 362 aut
1625 329 1797 362 adversas.
1848 329 1963 363 David
1991 341 2031 362 ex
2056 341 2193 363 summa
2217 330 2311 364 cala-

1308 376 1309 380 *
1333 379 1452 412 mitate
1470 379 1652 412 reducitur
1673 379 1709 412 in
1727 391 1894 423 reguum,
1927 380 2013 414 Saul
2033 392 2071 413 ex
2087 392 2223 413 summa
2238 380 2314 423 glo—

1307 426 1310 473 l,
1333 430 1385 463 ria
1406 430 1478 464 ruit
1493 430 1529 462 in
1548 430 1692 463 exitium
1710 437 1773 465 etc.
1827 429 1927 464 lubet
1951 431 2058 474 igitur
2080 431 2153 465 Deo
2178 431 2316 464 obtem-

1308 476 1310 528 ξ
1334 492 1456 525 perat-e
1473 481 1509 513 in
1527 481 1702 525 prosperis
1719 487 1753 514 et
1770 481 1925 514 adversis
1943 483 2068 522 rebus,
2087 489 2120 515 et
2135 482 2202 525 ipsi
2219 493 2315 515 com—

1308 532 1311 551 Ι
1335 532 1500 564 mendare
1517 532 1646 572 exitus,
1674 544 1746 565 non
1765 531 1892 564 fiducia
1917 533 2159 576 prosperitatis
2185 532 2314 565 iniusta

1307 573 1311 612 l
1335 589 1395 616 aut
1412 594 1485 615 uon
1501 582 1693 615 necessaria
1712 587 1862 622 tentare,
1887 594 1950 616 nec
1974 583 2088 625 frangi
2107 583 2317 616 adversitate

1335 646 1374 665 ac
1391 633 1537 665 deficere
1560 645 1578 664 a
1604 632 1700 673 Deo,
1734 633 1791 666 sed
1826 633 2028 666 meminisse
2059 633 2216 676 regulam
2234 632 2316 667 Iob:

1335 683 1483 717 Etiamsi
1500 683 1667 717 occiderit
1686 696 1760 722 me,
1789 683 1937 730 sperabo
1958 684 1995 716 in
2012 695 2104 718 eum.

1386 762 1528 798 illelius
1558 770 1608 799 esl
1643 777 1771 799 nomen
1800 764 1953 804 bonum,
1985 777 2098 812 quam
2132 768 2318 811 unguenta

1436 827 1612 861 preciosa.
2040 828 2050 841 s

1436 880 1505 915 Hic
1537 891 1714 917 coacervat
1750 883 1878 917 multas
1915 883 2126 923 sententias,
2169 893 2317 928 quarum

1337 932 1425 965 aliae
1446 931 1635 966 hortantur
1652 935 1694 967 ad
1712 935 1904 977 agendum,
1933 934 2020 967 aliae
2043 935 2085 966 ad
2103 932 2319 977 patientiam,

1338 983 1427 1016 aliae
1454 984 1682 1017 consolantur
1715 992 1870 1027 egentes,
1902 985 1990 1017 aliae
2014 984 2193 1025 adflictos,
2223 990 2262 1016 ut
2282 983 2320 1015 in

1341 1035 1490 1077 singulis
1503 1061 1511 1074 ‚
1533 1047 1602 1079 quo
1621 1036 1823 1068 referendae
1838 1042 1930 1076 sunt,
1949 1036 2143 1069 ostendam.
2198 1033 2320 1067 Prima

1313 1108 1315 1132 Ι
1342 1086 1384 1117 de
1399 1087 1492 1117 bono
1512 1085 1658 1118 nomine
1675 1097 1734 1119 seu
1745 1085 1855 1128 gloria
1875 1093 1923 1118 est
1942 1083 2143 1119 adhortatio
2154 1085 2197 1118 ad
2215 1096 2320 1128 agen-

1314 1134 1315 1165 l
1341 1136 1437 1168 dum.
1491 1136 1637 1169 Dictum
1664 1143 1713 1169 est
1737 1143 1853 1169 autem
1878 1136 1983 1173 alibi,
2015 1136 2120 1180 quid,
2150 1142 2243 1169 recte
2268 1135 2322 1168 lo-

1314 1175 1317 1240 !
1342 1187 1502 1230 quendo,
1531 1187 1574 1220 sit
1599 1187 1709 1230 gloria
1734 1198 1794 1219 seu
1818 1187 1954 1220 bonum
1978 1198 2108 1219 nomen
2132 1197 2248 1219 coram
2267 1185 2324 1218 iu-

1314 1248 1317 1275 ε
1342 1237 1433 1270 dicio
1458 1235 1625 1270 humano.
1684 1235 1747 1270 Est
1773 1237 1868 1270 enim
1900 1236 2109 1280 adprobatio
2140 1236 2322 1269 conscien-

1315 1282 1317 1319 ἒ
1342 1288 1410 1320 tiae
1428 1295 1568 1321 nostrae
1588 1295 1680 1321 recte
1698 1287 1905 1325 iudicantis,
1933 1294 1965 1320 et
1983 1287 2133 1320 aliorum
2151 1293 2243 1320 recte
2266 1286 2321 1320 iu-

1315 1353 1317 1388 3
1343 1338 1557 1386 dicandum,
1590 1346 1628 1372 ut
1653 1338 1772 1381 Scipio
1797 1338 1952 1371 liberans
1973 1349 2139 1385 sponsam
2166 1337 2323 1377 alterius,

1314 1389 1317 1404 ¹
1343 1386 1448 1422 babet
1465 1389 1630 1431 gloriam,
1660 1390 1693 1421 id
1717 1396 1785 1429 est,
1813 1389 1923 1436 ipsius
1947 1388 2182 1422 conscientiae
2205 1396 2324 1422 manet

1342 1439 1482 1483 illaesa,
1523 1437 1628 1473 habet
1661 1447 1694 1472 et
1726 1440 2017 1484 adprobationem
2050 1439 2202 1472 aliorum
2232 1445 2324 1473 recte

1343 1490 1589 1524 iudicantium.
1651 1489 1789 1524 Thraso
1816 1503 1888 1523 nou
1913 1488 2017 1523 habet
2044 1490 2214 1532 gloriam,
2241 1489 2324 1534 quia

1342 1553 1407 1573 nec
1432 1541 1504 1585 ipse
1530 1548 1620 1574 recte
1650 1541 1799 1582 iudicat,
1835 1553 2001 1584 arrogans
2023 1541 2090 1574 sibi
2122 1540 2224 1573 falsa:
2260 1551 2323 1574 nec

1342 1591 1403 1624 alii
1441 1592 1501 1636 qui
1537 1592 1758 1625 mentiuntur
1793 1592 2027 1630 adsentando,
2076 1590 2173 1624 Deus
2207 1597 2324 1624 autem

1342 1649 1522 1686 utrunque
1548 1642 1733 1685 praecipit,
1768 1650 1801 1676 et
1832 1649 1869 1675 ut
1893 1649 1985 1676 recta
2007 1641 2195 1681 faciamus,
2229 1647 2263 1675 et
2284 1648 2325 1676 ut

1343 1701 1434 1725 recte
1461 1694 1550 1726 sacta
1569 1693 1823 1736 adprobemus,
1856 1693 1951 1726 iuxta
1983 1692 2091 1726 illud:
2130 1691 2209 1725 Non
2228 1691 2327 1729 ‹licao

1342 1743 1466 1776 salsum
1484 1743 1735 1776 testimouium.
1791 1742 1876 1776 Vult
1895 1742 2060 1777 noticiam
2078 1742 2248 1776 virtutum
2267 1754 2326 1776 ex-

1313 1789 1317 1833 '3
1343 1801 1434 1830 tare,
1464 1800 1494 1826 et
1520 1800 1557 1826 nt
1580 1805 1809 1836 agnoscamus
1833 1793 1946 1838 qualis
1971 1793 2044 1836 ipse
2067 1792 2132 1833 sit,
2160 1799 2193 1826 et
2217 1800 2256 1826 ut
2280 1792 2325 1827 sit

1314 1839 1317 1898 l
1343 1844 1470 1878 rectrix
1497 1843 1596 1877 vitae.
1631 1842 1677 1877 Et
1703 1851 1739 1877 ut
1764 1843 1920 1890 conspici
1945 1843 2132 1876 discrimen
2153 1843 2324 1877 virtutum

1344 1902 1376 1927 et
1408 1894 1573 1928 vitiorum
1600 1894 1723 1937 possit.
1763 1895 1837 1928 vult
1864 1893 1957 1928 Deus
1989 1891 2154 1927 hinnauis
2182 1894 2324 1928 indiciis

1314 1960 1318 2009 Ι
1343 1957 1485 1989 quoque
1505 1945 1623 1988 puniri
1644 1945 1792 1977 scelera:
1821 1945 1894 1978 xult
1923 1951 1955 1978 et
1982 1952 2073 1977 recte
2090 1945 2176 1978 sacta
2195 1946 2323 1989 adpro-

1315 2011 1317 2039 ς
1345 1996 1419 2028 bari
1447 2003 1590 2039 propter
1614 1997 1701 2029 duas
1726 2007 1861 2034 causas,
1891 2003 1928 2030 ut
1945 1996 2134 2028 discrimen
2152 1996 2324 2030 virtutum

1315 2042 1317 2064 ¹
1344 2054 1376 2080 et
1402 2047 1568 2080 vitiorum
1601 2047 1644 2080 sit
1676 2048 1913 2090 conspectius,
1948 2053 1980 2080 et
2006 2054 2042 2079 ut
2066 2047 2125 2079 alii
2158 2047 2326 2091 exemplis

1315 2120 1318 2162 ¹
1344 2097 1562 2131 erudiantur.
1618 2098 1702 2131 Vult
1721 2098 1828 2142 igitur
1843 2099 1992 2131 fumosos
2009 2097 2085 2130 eiici
2114 2110 2153 2131 ex
2177 2097 2324 2132 societa-

1316 2168 1318 2188 t
1346 2155 1398 2189 te,
1424 2148 1532 2182 tribui
1557 2160 1637 2181 vero
1665 2146 1851 2182 honestum
1874 2149 1989 2182 locum
2006 2149 2041 2181 iu
2061 2149 2224 2183 societate
2242 2149 2324 2190 illis,

1347 2211 1495 2244 quorum
1513 2211 1627 2232 mores
1645 2207 1725 2232 sunt
1743 2200 1817 2232 siue
1837 2199 1992 2235 infamia.

1447 2249 1536 2284 Cum
1556 2250 1662 2293 igitur
1680 2251 1757 2283 talis
1773 2251 1983 2298 adprobatio
2007 2250 2049 2283 sit
2073 2248 2204 2284 sancita
2231 2249 2323 2283 ‹livi-

1348 2302 1461 2341 nitus,
1487 2308 1516 2334 et
1535 2302 1576 2334 sit
1597 2314 1650 2334 res
1669 2301 1778 2339 bona,
1807 2301 2028 2335 manufestum
2057 2308 2106 2334 est
2134 2298 2226 2334 banc
2249 2301 2324 2344 glo-

1348 2353 1435 2386 riam
1462 2353 1692 2395 adpetendam
1710 2365 1798 2389 esse.
1825 2359 1856 2386 et
1874 2352 2016 2397 quidem
2035 2353 2239 2385 nuamlatum
2261 2350 2324 2386 Dei

1347 2411 1408 2442 est,
1426 2410 1461 2437 ut
1479 2403 1640 2437 scaudala
1658 2404 1821 2441 vitemus,
1839 2410 1873 2435 ut
1892 2401 2021 2436 Paulus
2040 2402 2169 2448 iuquit:
2189 2401 2322 2437 Omnia

1318 2474 1319 2479 =
1347 2455 1388 2487 ad
1408 2455 1556 2497 gloriam
1570 2455 1636 2488 Dei
1655 2454 1768 2492 facite,
1786 2461 1815 2487 et
1837 2466 1906 2486 oon
1926 2453 2002 2487 sitis
2020 2454 2186 2487 scandalo
2203 2450 2323 2488 Eccle-

1347 2506 1426 2538 siae.
1481 2504 1523 2540 Et
1542 2505 1732 2538 benedixit
1752 2504 1985 2548 Augustinus:
2016 2503 2114 2538 Boua
2139 2505 2321 2538 conscien-

1316 2591 1317 2597 ἵ
1347 2557 1392 2589 tia
1412 2554 1498 2590 mibi
1515 2568 1604 2604 opus
1617 2563 1664 2590 est
1684 2563 1826 2600 propter
1845 2555 1975 2598 lleutu,
2006 2554 2102 2589 Bona
2123 2554 2214 2589 fama
2241 2567 2322 2600 pro-

1346 2615 1422 2650 pter
1447 2608 1657 2651 proximum.
1711 2606 1805 2640 Alibi
1833 2608 1936 2640 dixit:
1965 2606 2094 2640 Melius
2119 2613 2167 2640 est
2191 2619 2322 2641 nomen

1346 2659 1476 2692 bonum
1490 2686 1498 2697 ,
1526 2670 1630 2704 quam
1648 2657 1700 2692 dix
1713 2658 1791 2692 itiae
1810 2659 1950 2693 multae.
1989 2658 2038 2691 lbi
2058 2658 2185 2701 gradus
2204 2664 2321 2692 osteu—
