2409 2915
123 114 197 153 625

219 199 322 234 Hanc
336 200 580 246 aequalitatem
597 198 843 233 universaliter
861 198 897 231 in
915 198 1103 232 contracti-

118 253 184 287 bus
216 251 467 286 inaestimabili
493 249 661 294 sapientia
687 256 720 283 et
744 249 902 283 consiliis
932 249 1104 282 mirandis

118 303 272 337 instituit
293 315 332 336 ae
357 300 534 335 ordinavit
559 298 674 340 Deus,
704 306 743 333 ut
770 300 813 332 de
836 300 945 344 ipsius
971 300 1104 333 iustitia

119 353 386 387 commonefacti
417 361 661 394 agnoscamus,

119 415 205 439 esse.
259 403 327 438 Eos
344 402 469 445 igitur,
495 400 558 445 ‘qui
575 400 778 434 fidelitatem
797 408 974 444 praestant
992 401 1029 433 in
1047 398 1103 434 his

119 453 245 488 officiis
262 464 300 486 ac
317 451 420 485 bonis
435 451 699 495 corporalibuS,
726 451 880 485 vicissim
908 463 969 485 sua
995 452 1103 484 bene-

120 504 274 539 dictione
292 502 465 543 cumulat3
493 508 527 535 at
551 501 802 535 defraudantes
825 502 913 535 alios
930 502 967 534 in
984 513 1102 535 rerum

120 551 453 593 communicatione,
489 557 593 596 atque
617 559 809 586 crescentes
833 552 966 596 rapinis
990 559 1023 586 et
1047 552 1103 584 in-

118 601 397 647 iustisaucupiis,
424 602 519 636 Deus
535 602 638 635 etiam
656 603 694 636 in
705 600 769 636 hac
780 602 850 636 vita
868 603 967 637 iustis
979 603 1102 646 poenis

116 653 231 688 afficit.
265 651 331 696 Ac,
348 659 387 686 ut
403 659 549 687 testetur
567 664 602 686 se
616 665 688 686 non
704 653 879 696 negligere
896 654 1100 687 facultatum

116 702 442 738 administrationes
467 711 501 738 et
519 704 786 748 acquisitiones,
813 705 953 737 tandem
972 703 1101 737 excutit

115 764 176 788 eos
203 753 367 787 fortunis.
427 753 510 787 Ideo
543 754 628 787 dicit
654 751 829 798 Propheta
856 753 992 787 Esaias:
1028 753 1101 786 Vae

116 803 179 850 qui
192 804 390 849 praedaris,
417 805 498 850 quia
517 804 669 838 vicissim
688 805 904 848 spoliaberis.
933 803 979 838 Et
996 802 1101 838 Chri-

114 861 188 888 stus
205 853 380 888 Dominus
397 855 530 900 inquit:
560 854 781 900 Quacunque
806 867 967 889 mensura
991 854 1101 887 mensi

115 904 271 946 fueritis,
295 906 415 939 eadem
437 906 604 939 reddetur
621 913 652 939 et
671 906 782 940 vobis.

218 970 304 1013 lam,
329 985 416 1018 quae
432 973 501 1006 sint
517 973 696 1006 ordinaria
714 973 843 1006 tributa
861 972 1102 1016 imperiorum,

114 1033 189 1056 non
210 1022 367 1066 ignorari
385 1024 506 1063 debet,
535 1030 568 1056 et
587 1024 688 1056 facile
713 1030 825 1068 potest
851 1022 1020 1065 intelligi,
1047 1022 1101 1054 vi-

115 1073 260 1113 delicet,
287 1073 460 1116 legitimae
476 1081 507 1107 et
525 1074 670 1107 usitatae
687 1075 892 1117 pensiones,
917 1073 1100 1106 ordinatae

114 1123 154 1156 in
171 1124 273 1157 bonis
289 1125 527 1164 subditorum,
559 1132 597 1158 ut
614 1124 834 1167 magistratus
848 1124 931 1156 inde
950 1121 1100 1156 habeant

115 1174 329 1207 necessarios
350 1182 507 1215 sumtus,
543 1181 576 1207 et
600 1181 638 1207 ut
659 1175 728 1208 sint
751 1175 850 1207 nervi
876 1174 1100 1217 reipublicae,

116 1224 246 1269 quibus
261 1231 294 1257 et
310 1225 394 1257 belli
409 1224 586 1263 subsidia,
613 1231 645 1257 et
671 1225 765 1268 pacis
784 1231 988 1257 ornamenta
1016 1235 1100 1256 con-

115 1275 286 1309 tinentur.
339 1274 444 1308 Tales
460 1273 592 1318 publici
614 1275 747 1307 reditus
771 1286 843 1306 non
860 1281 941 1307 sunt
959 1285 1097 1306 usurae.

117 1322 193 1357 Imo
222 1324 351 1358 iustum
379 1331 428 1357 est
458 1324 613 1366 singulos
641 1322 724 1357 haec
748 1324 901 1366 legitima
926 1323 1098 1366 stipendia

114 1374 279 1417 pendere.
331 1373 420 1406 Nam
446 1373 577 1409 Paulus
601 1374 810 1407 nominatim
836 1373 989 1417 postulat
1008 1371 1098 1406 hanc

113 1423 338 1458 collationem
354 1424 586 1463 tributorum,
612 1422 717 1460 Rom.
736 1424 793 1460 13.
845 1422 911 1457 Cui
925 1424 1097 1457 tributum

111 1474 262 1515 debetis,
289 1474 461 1508 tributum
478 1474 613 1508 solvite.

213 1540 347 1575 Iustum
365 1549 416 1575 est
431 1541 569 1581 itidem,
597 1547 707 1574 emtos
725 1541 859 1574 fructus
876 1552 935 1574 seu
953 1541 1097 1580 reditus,

114 1602 193 1625 cum
211 1599 310 1635 pacto
328 1591 563 1631 revendendi,
591 1591 632 1623 iis
650 1591 778 1635 quibus
795 1592 968 1624 debentur
985 1592 1097 1624 fideli-

114 1647 169 1675 ter
189 1642 342 1681 solvere,
378 1649 559 1686 propterea
584 1642 679 1686 quod
702 1642 817 1674 omnis
839 1654 918 1674 vera
945 1642 1096 1684 legitima

116 1699 149 1725 et
165 1704 236 1726 non
253 1692 413 1725 simulata
434 1692 540 1725 emtio
552 1691 724 1724 divinitus
740 1691 901 1724 ordinata
922 1699 954 1725 et
970 1705 1097 1735 appro-

115 1743 196 1776 bata
214 1750 275 1776 est.
329 1740 376 1776 At
397 1742 555 1787 quisquis
572 1743 608 1773 in
626 1741 839 1774 emtionibus
864 1751 896 1775 et
921 1743 1096 1775 venditio-

112 1792 219 1825 nibus
235 1793 393 1825 fraudem
413 1793 527 1829 struit,
551 1799 582 1824 et
598 1791 712 1823 debita
732 1792 840 1834 pretia
858 1792 1009 1834 maligne
1026 1793 1097 1825 sol-

115 1842 184 1880 vit,
211 1842 269 1875 sur
288 1849 357 1880 est,
385 1840 593 1874 exhauriens
616 1841 746 1874 alienas
772 1841 971 1882 facultates,
1006 1850 1094 1876 erat-

116 1904 183 1936 que
207 1903 323 1925 sex-ere
348 1892 549 1936 puniendus
574 1903 592 1924 a
615 1891 829 1934 magistratu.
897 1891 965 1926 Sed
992 1893 1094 1926 etiam

116 1954 194 1975 cum
225 1943 447 1986 magistratus
484 1943 578 1976 deest
615 1941 750 1982 officio,
800 1949 832 1976 et
863 1943 989 1976 tolerat
1028 1943 1094 1975 alia

113 1992 228 2033 furta,
262 2000 379 2026 tamen
403 1991 498 2026 Deus
525 1989 677 2026 retrahet
707 1990 802 2026 hunc
832 1993 1028 2026 stellionem
1053 1994 1094 2025 ad

114 2054 255 2086 poenas.
316 2043 410 2076 Haec
431 2043 548 2076 brevis
573 2043 863 2077 commonefactio
897 2044 1023 2077 sufficit
1054 2044 1096 2076 de

113 2090 169 2125 bis
185 2093 322 2126 duobus
339 2093 487 2129 casibus.

217 2149 401 2184 Caeterum
433 2153 476 2184 de
499 2152 718 2186 mutuatione
747 2152 904 2196 proxime
937 2152 1097 2185 disserui.

117 2199 214 2235 Scias
243 2208 275 2235 et
291 2199 381 2234 hanc
409 2213 480 2234 esse
502 2202 659 2235 divinam
683 2203 963 2240 ordinationem,
992 2214 1095 2246 quam

116 2251 283 2296 utrinque
302 2258 333 2284 et
350 2265 366 2284 a
387 2252 558 2285 creditore
577 2259 610 2286 et
632 2264 650 2285 a
676 2253 833 2286 debitore
858 2253 931 2286 vult
949 2253 1098 2287 fideliter

116 2303 246 2335 servari
258 2301 362 2343 Deus,
383 2310 419 2335 nt
437 2315 498 2335 nec
516 2304 602 2335 dans
619 2310 741 2336 mutuo
759 2309 852 2346 petat
867 2303 1096 2336 accessionem

118 2353 313 2386 usurariam
344 2360 487 2396 propter
519 2353 673 2398 officium
700 2353 947 2393 mutilationis,
982 2360 1013 2386 et
1039 2365 1097 2385 su-

119 2414 216 2436 mens
232 2410 372 2443 mutuo,
400 2404 491 2437 hona
512 2404 578 2436 fide
596 2404 801 2437 tantundem
827 2404 993 2447 pecuniae
1018 2405 1097 2436 red-

118 2453 186 2488 dat.
239 2452 298 2487 Sic
319 2454 425 2497 igitur
445 2452 540 2487 Deus
564 2453 742 2487 ordinavit
775 2460 992 2487 contractum
1019 2467 1096 2486 mu-

118 2503 303 2543 mantonis,
330 2504 470 2550 utrique
486 2501 766 2538 contrahentium
787 2504 884 2549 quasi
911 2504 1011 2538 metis
1029 2505 1098 2537 cir·

118 2555 297 2588 cumdatis.

218 2609 399 2651 Creditor,
422 2611 482 2657 qui
501 2612 560 2645 dat
574 2619 714 2653 mutuo,
732 2624 803 2645 non
823 2612 924 2645 debet
941 2625 1097 2646 exercere

123 2669 300 2704 quaestum
325 2663 485 2707 pactione
510 2674 717 2703 usurarum,
752 2676 814 2696 nec
846 2663 980 2709 aliquid
1006 2664 1095 2697 ultra

172 2712 345 2746 Mens-ru.
365 2715 467 2747 Oeta.
495 2715 579 2749 Voi„
597 2713 690 2748 XIV.

374 113 460 151 XII.
512 111 900 150 ANNOTATIONES
927 111 992 148 ET
1017 111 1297 149 CONCIONES
1326 114 1374 149 IN
1401 113 1585 154 EVANG.
1613 116 1891 156 MATTHAEl.

2069 125 2142 159 626

1158 204 1287 232 sortem
1307 200 1501 243 postulare,
1529 213 1593 235 nec
1609 214 1648 235 ex
1665 203 1782 238 alieno
1806 205 1947 240 lucrari.
2000 205 2142 242 Etenim

1158 248 1306 282 Levitici
1337 250 1501 283 vicesimo
1534 252 1677 296 quint0,
1721 254 1791 288 Lex
1816 256 1937 291 divina
1970 258 2057 292 dicit
2083 271 2143 292 ex-

1128 284 1132 358 ,
1157 310 1290 343 presse:
1319 298 1422 332 Time
1440 299 1574 341 Deum,
1600 309 1639 336 ut
1663 305 1782 338 vivere
1805 307 1912 350 possit
1932 308 2039 342 frater
2062 315 2143 343 tuns

711 356 745 383 et
776 350 890 395 ipsum
924 351 1103 395 aequalem
1129 359 1132 395 ι
1158 351 1251 393 apud
1278 356 1323 384 te,

1383 349 1464 383 Non
1490 351 1638 394 accipias
1661 365 1679 385 a
1700 355 1805 388 fratre
1827 363 1888 390 tuo
1914 370 2051 399 usuras,
2079 372 2142 393 nec

1157 400 1306 444 amplius
1322 412 1426 445 quam
1445 401 1582 434 dedisti.
1634 402 1678 435 Et
1702 403 1737 436 in
1759 404 1896 439 Psalmo
1919 408 1976 444 14.
1996 410 2140 443 dicitur:

1156 449 1245 493 Quis
1268 448 1402 484 habitat
1429 451 1464 483 in
1490 452 1715 487 tabernaculo
1740 462 1800 487 tuo
1823 462 1887 489 etc.
1942 458 2013 501 Qui
2036 472 2142 503 pecu-

1156 501 1249 533 niam
1268 512 1366 534 suam
1386 502 1426 534 ad
1451 513 1592 535 usuram
1611 515 1682 536 non
1700 505 1807 540 dedit.
1837 505 1922 540 Item
1935 506 2061 543 Ezech.
2084 510 2139 544 18.

1155 551 1368 585 atrocissima
1385 552 1628 586 comminatio:
1656 553 1727 596 Qui
1746 557 1937 598 peccaverit
1956 560 2139 601 morietur,

1155 603 1441 635 accommodatur
1480 609 1513 636 et
1552 604 1594 636 ad
1626 604 1879 639 foeneratorem
1918 607 2141 651 impudenter

1155 652 1348 695 exigentem
1374 653 1524 696 amplius
1554 666 1657 698 quam
1685 663 1853 700 quantum
1881 665 2005 692 mutuo
2030 661 2140 696 dedit.

1154 702 1336 736 Praeterea
1361 702 1477 736 Lucae
1500 703 1533 737 6.
1594 702 1754 738 Christus
1785 706 1919 751 inquit:
1968 708 2137 743 Mutuum

1153 754 1251 794 date,
1278 751 1370 786 nihil
1388 754 1471 786 inde
1489 761 1677 797 sperantes.
1715 756 1820 798 Quod
1847 758 1979 791 dictum
1999 772 2070 793 non
2091 761 2137 795 ita

1155 815 1315 848 perverse
1329 815 1393 837 nec
1410 804 1540 837 insulse
1559 804 1794 848 intelligatur,
1818 814 1855 840 ut
1872 809 2138 851 ratiocinemur,

1155 866 1198 887 ne
1216 855 1357 899 quidem
1378 855 1482 887 licere
1498 862 1625 888 sortem
1642 867 1701 889 seu
1720 857 1866 902 capitale
1883 860 2028 902 sperari.
2070 859 2137 894 Es-

1153 912 1204 939 set
1221 905 1314 938 enim
1333 903 1417 938 haec
1433 917 1507 938 non
1524 906 1715 947 mutuatio,
1739 908 1798 940 sed
1817 908 1981 952 donatio,
2010 911 2037 942 si
2054 923 2136 954 pro-

1154 953 1291 989 hiberet
1307 962 1435 989 sortem
1454 956 1535 999 peti.
1589 955 1657 989 Hic
1683 957 1799 1002 itaque
1821 960 1986 1003 proprius
2008 968 2056 994 est
2082 962 2137 994 in-

1153 1006 1329 1046 tellectus,
1372 1012 1403 1039 et
1431 1007 1578 1049 simplex
1608 1018 1647 1040 ac
1677 1019 1757 1040 vera
1790 1008 2033 1053 interpretatio
2058 1024 2137 1045 ver-

1153 1057 1277 1090 borum
1299 1054 1451 1090 Christi:
1493 1056 1551 1090 Sic
1573 1063 1698 1091 mutuo
1722 1058 1830 1100 detis,
1862 1066 1902 1093 ut
1927 1064 2135 1095 tantundem

1156 1107 1324 1151 pecuniae
1348 1107 1542 1150 recipiatis,
1569 1119 1633 1140 nec
1658 1108 1694 1140 in
1721 1115 1844 1143 mutuo
1867 1110 2004 1144 lucrum
2031 1124 2135 1157 snpra

1153 1164 1281 1191 sortem
1302 1164 1443 1201 propter
1460 1157 1569 1201 ipsam
1587 1159 1842 1192 mutuationem
1861 1161 1998 1204 petatis.

1253 1207 1342 1241 Cum
1356 1205 1412 1240 his
1429 1209 1620 1252 praeceptis
1644 1210 1805 1252 congruit
1829 1207 1974 1245 historia
1999 1224 2136 1246 memo--

1152 1258 1273 1290 rabilis
1297 1264 1329 1290 et
1351 1258 1552 1301 perpulcra,
1586 1270 1674 1303 quae
1700 1266 1790 1293 extat
1813 1261 1849 1293 in
1873 1262 1998 1306 quinto
2023 1263 2136 1307 capite

1152 1307 1234 1340 libri
1251 1305 1398 1340 Esdrae:
1427 1307 1556 1350 Magna
1580 1309 1766 1343 difficultas
1789 1323 1951 1345 annonae
1973 1320 2006 1347 et
2028 1313 2136 1347 sames

1151 1365 1223 1391 erat
1254 1357 1290 1389 in
1315 1364 1406 1390 terra
1431 1356 1646 1397 Palaestina,
1681 1367 1864 1404 propterea
1887 1362 2137 1406 locupletiores

1151 1415 1184 1441 et
1206 1407 1385 1451 pecuniosi
1410 1415 1531 1442 mutuo
1548 1409 1679 1443 dabant
1697 1411 1879 1453 egentibus
1895 1412 2047 1450 civibus,
2075 1415 2136 1447 sed

1150 1458 1366 1501 postulantes
1384 1470 1526 1491 usuram
1544 1460 1783 1501 centesimam,
1808 1461 1841 1494 id
1861 1468 1922 1502 est,
1951 1475 2041 1507 quae
2055 1476 2136 1496 cen—

1150 1509 1276 1541 tesimo
1294 1520 1411 1541 mense
1430 1516 1553 1554 aequat
1569 1517 1716 1552 sortem,
1743 1512 1789 1544 ita
1809 1519 1845 1545 ut
1865 1512 1989 1556 inopes
2007 1513 2058 1546 illi
2077 1527 2137 1547 co-

1151 1565 1316 1602 gerentur
1340 1566 1373 1592 et
1395 1566 1523 1592 sortem
1546 1561 1710 1601 reddere,
1739 1568 1769 1594 et
1789 1563 1936 1605 singulis
1955 1564 2136 1598 mensibus

1150 1610 1193 1641 de
1216 1615 1354 1642 centum
1374 1610 1524 1652 pendere
1540 1622 1670 1649 unum,
1698 1623 1757 1644 sen
1776 1613 1818 1644 de
1835 1621 1975 1646 centum
1994 1614 2136 1648 florenis

1151 1671 1222 1692 uno
1247 1671 1340 1692 anno
1366 1659 1551 1692 duodecim
1574 1672 1698 1693 aureos
1722 1662 1870 1695 solvere.
1925 1663 2031 1705 Quod
2056 1677 2135 1697 cum

1151 1709 1345 1742 rescivisset
1369 1706 1575 1749 Nehernias,
1602 1711 1728 1744 exarsit
1753 1712 1820 1750 ira,
1848 1719 1881 1746 et
1904 1713 2136 1747 foeneratori-

1150 1760 1216 1791 bus
1245 1759 1316 1791 illis
1346 1759 1497 1801 graviter
1526 1760 1718 1802 obiurgatis
1742 1764 1948 1796 mandatum
1972 1764 2136 1798 divinum

1150 1809 1349 1852 proposuit:
1379 1808 1492 1842 Fratri
1517 1816 1577 1843 tuo
1600 1811 1731 1855 absque
1754 1824 1858 1845 usura
1883 1814 1984 1846 dabis
2001 1823 2136 1851 mutuo.

1151 1859 1269 1901 Quare
1299 1860 1536 1902 perterrefacti
1560 1861 1746 1894 creditores
1773 1863 2033 1897 confitebantur
2058 1877 2136 1908 pec-

1150 1916 1222 1942 cata
1245 1921 1325 1947 sua,
1352 1916 1385 1942 et
1406 1909 1539 1942 affectis
1556 1910 1684 1943 iniuria
1704 1912 1968 1955 pollicebantur
1982 1926 2016 1947 se
2035 1917 2135 1949 resti-

1149 1959 1321 1993 tutionem
1339 1959 1606 1993 centesimarum
1623 1961 1774 1995 facturos
1794 1975 1877 1997 esse.
1935 1962 2028 1998 Haec
2044 1966 2136 2000 dicta

1150 2010 1218 2042 sint
1238 2011 1279 2042 de
1297 2009 1464 2042 dantibus
1480 2017 1614 2045 mutuo.

1250 2058 1406 2099 Rursus,
1432 2060 1604 2103 accipiens
1629 2068 1789 2095 mutuum
1805 2064 2007 2098 meminerit
2024 2074 2056 2100 et
2072 2068 2135 2099 ob-

1149 2116 1261 2142 servet
1286 2117 1527 2153 praeceptum:
1562 2110 1641 2144 Non
1667 2113 1797 2146 furtum
1823 2114 1952 2155 facie-ss
1993 2115 2080 2148 Nam
2105 2118 2133 2149 si

1150 2166 1283 2192 recusat
1302 2160 1354 2192 vel
1372 2172 1444 2193 non
1464 2161 1579 2194 studet
1599 2174 1799 2203 munerare,
1828 2172 2000 2207 quantum
2021 2167 2133 2205 debet,

1151 2222 1268 2242 revera
1287 2210 1343 2242 sur
1360 2217 1419 2243 est.
1456 2209 1609 2244 Proinde
1624 2214 1725 2246 debet
1743 2214 1891 2246 fideliter
1906 2215 2042 2249 solvere
2057 2228 2133 2250 sor-

1151 2267 1237 2299 tem,
1267 2273 1354 2305 quae
1378 2261 1533 2306 aequalis
1556 2269 1603 2295 est
1629 2270 1767 2303 mutuo,
1796 2275 1854 2296 seu
1878 2266 2032 2307 pendere
2056 2273 2132 2300 tan-

1150 2311 1294 2344 tundem
1319 2318 1488 2356 quantum
1517 2313 1647 2345 sumsit.
1703 2313 1823 2346 Sanxit
1850 2315 1942 2347 enim
1963 2314 2058 2349 Deus
2080 2325 2132 2351 at-

1150 2373 1217 2405 que
1242 2362 1327 2394 adeo
1353 2362 1483 2405 flagitat
1506 2362 1658 2394 officium
1678 2371 1884 2408 utrumqne,
1919 2366 2078 2400 videlicet
2099 2376 2131 2401 et

1151 2412 1256 2444 dandi
1289 2419 1411 2445 mutuo
1444 2412 1636 2444 liberaliter
1666 2414 1740 2446 sine
1771 2416 1968 2456 captatione
1999 2423 2029 2449 et
2054 2418 2130 2450 sine

1149 2463 1310 2502 foenore,
1338 2469 1369 2495 et
1385 2462 1534 2495 fideliter
1550 2464 1720 2495 reddendi
1739 2476 1796 2505 ea,
1823 2478 1911 2509 quae
1928 2467 2056 2499 utenda
2074 2480 2130 2501 ac-

1149 2513 1290 2556 ceperiS.
1344 2512 1430 2546 Nam
1448 2518 1644 2546 contractus
1660 2515 1888 2548 mutuationis
1904 2528 1920 2547 a
1939 2517 2132 2551 donatione

1150 2563 1286 2602 differt,
1312 2570 1431 2607 estque
1447 2562 1613 2606 opitulari
1634 2565 1792 2606 proximo
1817 2566 2045 2600 translatione
2070 2581 2129 2611 pe-

1151 2614 1274 2646 cuniae
1290 2626 1349 2646 seu
1368 2613 1534 2645 frumenti
1552 2620 1626 2652 etr„
1649 2615 1706 2646 sed
1726 2627 1802 2646 cnm
1822 2613 1883 2648 hac
1904 2616 2129 2659 obligatione,

1150 2671 1186 2697 ut
1219 2665 1275 2697 die
1305 2663 1493 2697 constituto
1521 2664 1660 2696 debitor
1683 2666 1803 2698 reddat
1829 2665 1919 2698 idem
1944 2667 1979 2699 in
2001 2679 2127 2710 genere

1569 2712 1618 2746 40
