<?xml version="1.0" encoding="UTF-8"?>
<!DOCTYPE html PUBLIC "-//W3C//DTD XHTML 1.0 Transitional//EN"
    "http://www.w3.org/TR/xhtml1/DTD/xhtml1-transitional.dtd">
<html xmlns="http://www.w3.org/1999/xhtml" xml:lang="en" lang="en">
 <head>
  <title>
</title>
<meta http-equiv="Content-Type" content="text/html;charset=utf-8" />
  <meta name='ocr-system' content='tesseract 3.04.00' />
  <meta name='ocr-capabilities' content='ocr_page ocr_carea ocr_par ocr_line ocrx_word'/>
</head>
<body>
  <div class='ocr_page' id='page_1' title='image "./operaquaesupersu14melauoft/operaquaesupersu14melauoft_0015.png"; bbox 0 0 2409 2915; ppageno 0'>
   <div class='ocr_carea' id='block_1_1' title="bbox 0 0 53 2915">
    <p class='ocr_par' dir='ltr' id='par_1_1' title="bbox 0 0 53 2915">
     <span class='ocr_line' id='line_1_1' title="bbox 0 0 53 2915; baseline 0 0"><span class='ocrx_word' id='word_1_1' title='bbox 0 0 53 2915; x_wconf 95' lang='lat' dir='ltr'> </span> 
     </span>
    </p>
   </div>
   <div class='ocr_carea' id='block_1_2' title="bbox 156 112 201 146">
    <p class='ocr_par' dir='ltr' id='par_1_2' title="bbox 156 112 201 146">
     <span class='ocr_line' id='line_1_2' title="bbox 156 112 201 146; baseline -0.022 0"><span class='ocrx_word' id='word_1_2' title='bbox 156 112 201 146; x_wconf 80' lang='lat'>13</span> 
     </span>
    </p>
   </div>
   <div class='ocr_carea' id='block_1_3' title="bbox 143 183 1130 1241">
    <p class='ocr_par' dir='ltr' id='par_1_3' title="bbox 149 183 1130 584">
     <span class='ocr_line' id='line_1_3' title="bbox 157 183 1129 238; baseline -0.013 -9"><span class='ocrx_word' id='word_1_3' title='bbox 157 195 295 238; x_wconf 87' lang='lat' dir='ltr'>regulae</span> <span class='ocrx_word' id='word_1_4' title='bbox 320 190 532 236; x_wconf 86' lang='lat' dir='ltr'>respondent</span> <span class='ocrx_word' id='word_1_5' title='bbox 552 193 712 220; x_wconf 87' lang='lat' dir='ltr'>eventus:</span> <span class='ocrx_word' id='word_1_6' title='bbox 741 185 956 219; x_wconf 89' lang='lat' dir='ltr'>Scortatores</span> <span class='ocrx_word' id='word_1_7' title='bbox 979 191 1012 217; x_wconf 85' lang='lat' dir='ltr'>ct</span> <span class='ocrx_word' id='word_1_8' title='bbox 1028 183 1129 217; x_wconf 89' lang='lat' dir='ltr'>adul-</span> 
     </span>
     <span class='ocr_line' id='line_1_4' title="bbox 155 234 1130 288; baseline -0.014 -8"><span class='ocrx_word' id='word_1_9' title='bbox 155 253 247 280; x_wconf 89' lang='lat' dir='ltr'>teros</span> <span class='ocrx_word' id='word_1_10' title='bbox 265 244 385 288; x_wconf 88' lang='lat' dir='ltr'>puniet</span> <span class='ocrx_word' id='word_1_11' title='bbox 401 241 505 274; x_wconf 79' lang='lat' dir='ltr'>Deus.</span> <span class='ocrx_word' id='word_1_12' title='bbox 557 235 603 270; x_wconf 89' lang='lat' dir='ltr'>Et</span> <span class='ocrx_word' id='word_1_13' title='bbox 619 235 676 270; x_wconf 86' lang='lat' dir='ltr'>hic</span> <span class='ocrx_word' id='word_1_14' title='bbox 693 249 766 280; x_wconf 86' lang='lat' dir='ltr'>cap.</span> <span class='ocrx_word' id='word_1_15' title='bbox 782 235 816 269; x_wconf 88' lang='lat'>6.</span> <span class='ocrx_word' id='word_1_16' title='bbox 844 234 994 269; x_wconf 82' lang='lat' dir='ltr'>Adulter</span> <span class='ocrx_word' id='word_1_17' title='bbox 1012 236 1130 278; x_wconf 84' lang='lat' dir='ltr'>perdet</span> 
     </span>
     <span class='ocr_line' id='line_1_5' title="bbox 155 285 1130 331; baseline -0.013 -1"><span class='ocrx_word' id='word_1_18' title='bbox 155 297 306 330; x_wconf 86' lang='lat' dir='ltr'>animam</span> <span class='ocrx_word' id='word_1_19' title='bbox 330 301 444 327; x_wconf 84' lang='lat' dir='ltr'>suam,</span> <span class='ocrx_word' id='word_1_20' title='bbox 478 294 517 321; x_wconf 89' lang='lat' dir='ltr'>ut</span> <span class='ocrx_word' id='word_1_21' title='bbox 542 285 709 321; x_wconf 77' lang='lat' dir='ltr'>historiae</span> <span class='ocrx_word' id='word_1_22' title='bbox 734 287 890 331; x_wconf 88' lang='lat' dir='ltr'>privatae</span> <span class='ocrx_word' id='word_1_23' title='bbox 913 292 946 319; x_wconf 93' lang='lat' dir='ltr'>et</span> <span class='ocrx_word' id='word_1_24' title='bbox 971 285 1130 328; x_wconf 88' lang='lat' dir='ltr'>publicae</span> 
     </span>
     <span class='ocr_line' id='line_1_6' title="bbox 157 334 1130 381; baseline -0.012 -1"><span class='ocrx_word' id='word_1_25' title='bbox 157 346 354 381; x_wconf 84' lang='lat' dir='ltr'>ostendunt,</span> <span class='ocrx_word' id='word_1_26' title='bbox 380 338 507 379; x_wconf 83' lang='lat' dir='ltr'>David,</span> <span class='ocrx_word' id='word_1_27' title='bbox 532 337 652 379; x_wconf 92' lang='lat' dir='ltr'>Troia,</span> <span class='ocrx_word' id='word_1_28' title='bbox 680 335 826 370; x_wconf 82' lang='lat' dir='ltr'>Thebae</span> <span class='ocrx_word' id='word_1_29' title='bbox 842 343 903 370; x_wconf 88' lang='lat' dir='ltr'>etc.</span> <span class='ocrx_word' id='word_1_30' title='bbox 953 334 1000 369; x_wconf 88' lang='lat' dir='ltr'>Et</span> <span class='ocrx_word' id='word_1_31' title='bbox 1018 347 1130 378; x_wconf 85' lang='lat' dir='ltr'>quan-</span> 
     </span>
     <span class='ocr_line' id='line_1_7' title="bbox 155 387 1130 442; baseline -0.009 -15"><span class='ocrx_word' id='word_1_32' title='bbox 155 406 256 442; x_wconf 78' lang='lat' dir='ltr'>quam</span> <span class='ocrx_word' id='word_1_33' title='bbox 284 391 379 424; x_wconf 90' lang='lat' dir='ltr'>Deus</span> <span class='ocrx_word' id='word_1_34' title='bbox 410 389 546 432; x_wconf 86' lang='lat' dir='ltr'>mitigat</span> <span class='ocrx_word' id='word_1_35' title='bbox 576 399 706 433; x_wconf 86' lang='lat' dir='ltr'>poenas</span> <span class='ocrx_word' id='word_1_36' title='bbox 737 387 915 433; x_wconf 80' lang='lat' dir='ltr'>aliquibus</span> <span class='ocrx_word' id='word_1_37' title='bbox 947 387 1130 429; x_wconf 77' lang='lat' dir='ltr'>agentibus</span> 
     </span>
     <span class='ocr_line' id='line_1_8' title="bbox 153 439 1129 490; baseline -0.008 -14"><span class='ocrx_word' id='word_1_38' title='bbox 153 441 420 490; x_wconf 83' lang='lat' dir='ltr'>poenitentiam,</span> <span class='ocrx_word' id='word_1_39' title='bbox 454 446 571 474; x_wconf 82' lang='lat' dir='ltr'>tamen</span> <span class='ocrx_word' id='word_1_40' title='bbox 594 450 730 483; x_wconf 83' lang='lat' dir='ltr'><strong>semper</strong></span> <span class='ocrx_word' id='word_1_41' title='bbox 752 439 890 482; x_wconf 81' lang='lat' dir='ltr'>aliquae</span> <span class='ocrx_word' id='word_1_42' title='bbox 917 449 1049 480; x_wconf 90' lang='lat' dir='ltr'>poenae</span> <span class='ocrx_word' id='word_1_43' title='bbox 1071 449 1129 469; x_wconf 91' lang='lat' dir='ltr'>co-</span> 
     </span>
     <span class='ocr_line' id='line_1_9' title="bbox 151 487 1128 534; baseline -0.006 -9"><span class='ocrx_word' id='word_1_44' title='bbox 151 494 337 532; x_wconf 77' lang='lat' dir='ltr'>mitantur,</span> <span class='ocrx_word' id='word_1_45' title='bbox 365 497 399 524; x_wconf 91' lang='lat' dir='ltr'>et</span> <span class='ocrx_word' id='word_1_46' title='bbox 420 502 521 534; x_wconf 85' lang='lat' dir='ltr'>saepe</span> <span class='ocrx_word' id='word_1_47' title='bbox 543 496 680 534; x_wconf 89' lang='lat' dir='ltr'>peccata</span> <span class='ocrx_word' id='word_1_48' title='bbox 705 489 848 522; x_wconf 90' lang='lat' dir='ltr'>seminis</span> <span class='ocrx_word' id='word_1_49' title='bbox 872 488 1071 532; x_wconf 87' lang='lat' dir='ltr'>puniuntur</span> <span class='ocrx_word' id='word_1_50' title='bbox 1091 487 1128 519; x_wconf 90' lang='lat' dir='ltr'>in</span> 
     </span>
     <span class='ocr_line' id='line_1_10' title="bbox 149 541 661 584; baseline 0 -8"><span class='ocrx_word' id='word_1_51' title='bbox 149 544 299 584; x_wconf 84' lang='lat' dir='ltr'>semine,</span> <span class='ocrx_word' id='word_1_52' title='bbox 326 542 361 575; x_wconf 91' lang='lat' dir='ltr'>id</span> <span class='ocrx_word' id='word_1_53' title='bbox 381 548 447 582; x_wconf 90' lang='lat' dir='ltr'>est,</span> <span class='ocrx_word' id='word_1_54' title='bbox 474 541 510 574; x_wconf 91' lang='lat' dir='ltr'>in</span> <span class='ocrx_word' id='word_1_55' title='bbox 530 541 661 576; x_wconf 87' lang='lat' dir='ltr'>sobole.</span> 
     </span>
    </p>

    <p class='ocr_par' dir='ltr' id='par_1_4' title="bbox 143 590 1128 1241">
     <span class='ocr_line' id='line_1_11' title="bbox 253 590 1128 634; baseline -0.006 -8"><span class='ocrx_word' id='word_1_56' title='bbox 253 592 384 627; x_wconf 78' lang='lat' dir='ltr'>Inserta</span> <span class='ocrx_word' id='word_1_57' title='bbox 415 598 465 625; x_wconf 89' lang='lat' dir='ltr'>est</span> <span class='ocrx_word' id='word_1_58' title='bbox 493 599 607 625; x_wconf 88' lang='lat' dir='ltr'>autem</span> <span class='ocrx_word' id='word_1_59' title='bbox 641 591 841 624; x_wconf 85' lang='lat' dir='ltr'>dulcissima</span> <span class='ocrx_word' id='word_1_60' title='bbox 868 590 1007 630; x_wconf 88' lang='lat' dir='ltr'>concio,</span> <span class='ocrx_word' id='word_1_61' title='bbox 1041 600 1128 634; x_wconf 87' lang='lat' dir='ltr'>quae</span> 
     </span>
     <span class='ocr_line' id='line_1_12' title="bbox 148 642 1127 688; baseline -0.005 -11"><span class='ocrx_word' id='word_1_62' title='bbox 148 644 320 688; x_wconf 79' lang='lat' dir='ltr'>approbat</span> <span class='ocrx_word' id='word_1_63' title='bbox 345 642 548 685; x_wconf 89' lang='lat' dir='ltr'>coniugium</span> <span class='ocrx_word' id='word_1_64' title='bbox 568 649 601 676; x_wconf 93' lang='lat' dir='ltr'>et</span> <span class='ocrx_word' id='word_1_65' title='bbox 618 649 779 675; x_wconf 90' lang='lat' dir='ltr'>mutuum</span> <span class='ocrx_word' id='word_1_66' title='bbox 795 652 970 685; x_wconf 86' lang='lat' dir='ltr'>amorem,</span> <span class='ocrx_word' id='word_1_67' title='bbox 1000 648 1031 673; x_wconf 87' lang='lat' dir='ltr'>et</span> <span class='ocrx_word' id='word_1_68' title='bbox 1049 651 1127 673; x_wconf 88' lang='lat' dir='ltr'>sua-</span> 
     </span>
     <span class='ocr_line' id='line_1_13' title="bbox 148 690 1126 737; baseline -0.004 -11"><span class='ocrx_word' id='word_1_69' title='bbox 148 695 290 728; x_wconf 88' lang='lat' dir='ltr'>vitatem</span> <span class='ocrx_word' id='word_1_70' title='bbox 315 693 489 737; x_wconf 88' lang='lat' dir='ltr'>coniugii,</span> <span class='ocrx_word' id='word_1_71' title='bbox 517 699 550 727; x_wconf 89' lang='lat' dir='ltr'>et</span> <span class='ocrx_word' id='word_1_72' title='bbox 572 690 735 737; x_wconf 87' lang='lat' dir='ltr'>prohibet</span> <span class='ocrx_word' id='word_1_73' title='bbox 752 691 933 725; x_wconf 90' lang='lat' dir='ltr'>adulteria.</span> <span class='ocrx_word' id='word_1_74' title='bbox 985 691 1126 734; x_wconf 91' lang='lat' dir='ltr'>Appro-</span> 
     </span>
     <span class='ocr_line' id='line_1_14' title="bbox 149 741 1126 788; baseline -0.005 -10"><span class='ocrx_word' id='word_1_75' title='bbox 149 745 244 778; x_wconf 88' lang='lat' dir='ltr'>batio</span> <span class='ocrx_word' id='word_1_76' title='bbox 271 745 426 788; x_wconf 86' lang='lat' dir='ltr'>coniugii</span> <span class='ocrx_word' id='word_1_77' title='bbox 455 750 487 777; x_wconf 91' lang='lat' dir='ltr'>et</span> <span class='ocrx_word' id='word_1_78' title='bbox 510 743 623 777; x_wconf 88' lang='lat' dir='ltr'>mutui</span> <span class='ocrx_word' id='word_1_79' title='bbox 647 742 776 776; x_wconf 89' lang='lat' dir='ltr'>amoris</span> <span class='ocrx_word' id='word_1_80' title='bbox 801 749 868 780; x_wconf 89' lang='lat' dir='ltr'>est,</span> <span class='ocrx_word' id='word_1_81' title='bbox 896 754 973 775; x_wconf 91' lang='lat' dir='ltr'>cum</span> <span class='ocrx_word' id='word_1_82' title='bbox 994 741 1126 786; x_wconf 90' lang='lat' dir='ltr'>iuquit:</span> 
     </span>
     <span class='ocr_line' id='line_1_15' title="bbox 148 793 1124 836; baseline -0.006 -7"><span class='ocrx_word' id='word_1_83' title='bbox 148 794 339 829; x_wconf 86' lang='lat' dir='ltr'>Delecteris</span> <span class='ocrx_word' id='word_1_84' title='bbox 357 807 464 828; x_wconf 87' lang='lat' dir='ltr'>uxore</span> <span class='ocrx_word' id='word_1_85' title='bbox 482 794 734 828; x_wconf 86' lang='lat' dir='ltr'>adolescentiae</span> <span class='ocrx_word' id='word_1_86' title='bbox 750 800 847 831; x_wconf 88' lang='lat' dir='ltr'>tuae,</span> <span class='ocrx_word' id='word_1_87' title='bbox 876 793 909 825; x_wconf 88' lang='lat' dir='ltr'>id</span> <span class='ocrx_word' id='word_1_88' title='bbox 926 800 994 833; x_wconf 91' lang='lat' dir='ltr'>est,</span> <span class='ocrx_word' id='word_1_89' title='bbox 1021 803 1124 836; x_wconf 90' lang='lat' dir='ltr'>quam</span> 
     </span>
     <span class='ocr_line' id='line_1_16' title="bbox 148 844 1123 888; baseline -0.004 -9"><span class='ocrx_word' id='word_1_90' title='bbox 148 846 349 879; x_wconf 84' lang='lat' dir='ltr'>adolescens</span> <span class='ocrx_word' id='word_1_91' title='bbox 365 845 475 881; x_wconf 82' lang='lat' dir='ltr'>ducis.</span> <span class='ocrx_word' id='word_1_92' title='bbox 511 844 648 879; x_wconf 86' lang='lat' dir='ltr'>Deinde</span> <span class='ocrx_word' id='word_1_93' title='bbox 665 844 777 888; x_wconf 87' lang='lat' dir='ltr'>pingit</span> <span class='ocrx_word' id='word_1_94' title='bbox 793 855 945 876; x_wconf 90' lang='lat' dir='ltr'>amorem</span> <span class='ocrx_word' id='word_1_95' title='bbox 963 849 1123 876; x_wconf 90' lang='lat' dir='ltr'>mutuum</span> 
     </span>
     <span class='ocr_line' id='line_1_17' title="bbox 148 893 1125 940; baseline -0.004 -11"><span class='ocrx_word' id='word_1_96' title='bbox 148 896 279 940; x_wconf 84' lang='lat' dir='ltr'>insigni</span> <span class='ocrx_word' id='word_1_97' title='bbox 301 896 473 939; x_wconf 84' lang='lat' dir='ltr'>imagine,</span> <span class='ocrx_word' id='word_1_98' title='bbox 508 895 606 928; x_wconf 89' lang='lat' dir='ltr'>Talis</span> <span class='ocrx_word' id='word_1_99' title='bbox 629 895 674 929; x_wconf 83' lang='lat' dir='ltr'>sit</span> <span class='ocrx_word' id='word_1_100' title='bbox 698 907 814 934; x_wconf 90' lang='lat' dir='ltr'>amor,</span> <span class='ocrx_word' id='word_1_101' title='bbox 840 900 878 926; x_wconf 86' lang='lat' dir='ltr'>ut</span> <span class='ocrx_word' id='word_1_102' title='bbox 902 900 952 927; x_wconf 90' lang='lat' dir='ltr'>est</span> <span class='ocrx_word' id='word_1_103' title='bbox 977 893 1067 926; x_wconf 89' lang='lat' dir='ltr'>cervi</span> <span class='ocrx_word' id='word_1_104' title='bbox 1093 899 1125 925; x_wconf 86' lang='lat' dir='ltr'>et</span> 
     </span>
     <span class='ocr_line' id='line_1_18' title="bbox 147 942 1126 990; baseline -0.004 -10"><span class='ocrx_word' id='word_1_105' title='bbox 147 959 288 988; x_wconf 86' lang='lat' dir='ltr'>cervae,</span> <span class='ocrx_word' id='word_1_106' title='bbox 314 959 373 980; x_wconf 88' lang='lat' dir='ltr'>seu</span> <span class='ocrx_word' id='word_1_107' title='bbox 397 953 437 980; x_wconf 91' lang='lat' dir='ltr'>ut</span> <span class='ocrx_word' id='word_1_108' title='bbox 462 953 512 980; x_wconf 87' lang='lat' dir='ltr'>est</span> <span class='ocrx_word' id='word_1_109' title='bbox 533 958 678 990; x_wconf 92' lang='lat' dir='ltr'>capreae</span> <span class='ocrx_word' id='word_1_110' title='bbox 697 953 729 979; x_wconf 91' lang='lat' dir='ltr'>et</span> <span class='ocrx_word' id='word_1_111' title='bbox 745 942 907 984; x_wconf 84' lang='lat' dir='ltr'>hinnuli,</span> <span class='ocrx_word' id='word_1_112' title='bbox 934 945 967 977; x_wconf 93' lang='lat' dir='ltr'>id</span> <span class='ocrx_word' id='word_1_113' title='bbox 986 951 1054 983; x_wconf 87' lang='lat' dir='ltr'>est,</span> <span class='ocrx_word' id='word_1_114' title='bbox 1081 943 1126 976; x_wconf 86' lang='lat' dir='ltr'>sit</span> 
     </span>
     <span class='ocr_line' id='line_1_19' title="bbox 146 994 1125 1038; baseline -0.005 -7"><span class='ocrx_word' id='word_1_115' title='bbox 146 999 273 1031; x_wconf 86' lang='lat' dir='ltr'>ardens</span> <span class='ocrx_word' id='word_1_116' title='bbox 295 1010 411 1038; x_wconf 89' lang='lat' dir='ltr'>amor,</span> <span class='ocrx_word' id='word_1_117' title='bbox 439 997 514 1031; x_wconf 88' lang='lat' dir='ltr'>sine</span> <span class='ocrx_word' id='word_1_118' title='bbox 538 997 763 1030; x_wconf 81' lang='lat' dir='ltr'>simulatione</span> <span class='ocrx_word' id='word_1_119' title='bbox 787 1002 821 1028; x_wconf 91' lang='lat' dir='ltr'>et</span> <span class='ocrx_word' id='word_1_120' title='bbox 843 995 917 1028; x_wconf 88' lang='lat' dir='ltr'>sine</span> <span class='ocrx_word' id='word_1_121' title='bbox 938 994 1125 1034; x_wconf 80' lang='lat' dir='ltr'>coactione,</span> 
     </span>
     <span class='ocr_line' id='line_1_20' title="bbox 145 1045 1124 1087; baseline -0.003 -7"><span class='ocrx_word' id='word_1_122' title='bbox 145 1048 189 1082; x_wconf 90' lang='lat' dir='ltr'>sit</span> <span class='ocrx_word' id='word_1_123' title='bbox 205 1048 339 1087; x_wconf 86' lang='lat' dir='ltr'>suavis,</span> <span class='ocrx_word' id='word_1_124' title='bbox 366 1048 441 1081; x_wconf 90' lang='lat' dir='ltr'>sine</span> <span class='ocrx_word' id='word_1_125' title='bbox 457 1047 658 1081; x_wconf 88' lang='lat' dir='ltr'>morositate</span> <span class='ocrx_word' id='word_1_126' title='bbox 673 1053 705 1079; x_wconf 90' lang='lat' dir='ltr'>et</span> <span class='ocrx_word' id='word_1_127' title='bbox 721 1046 872 1085; x_wconf 81' lang='lat' dir='ltr'>fastidio,</span> <span class='ocrx_word' id='word_1_128' title='bbox 899 1045 943 1078; x_wconf 89' lang='lat' dir='ltr'>sit</span> <span class='ocrx_word' id='word_1_129' title='bbox 959 1045 1124 1085; x_wconf 86' lang='lat' dir='ltr'>sincerus,</span> 
     </span>
     <span class='ocr_line' id='line_1_21' title="bbox 145 1096 1123 1142; baseline -0.004 -11"><span class='ocrx_word' id='word_1_130' title='bbox 145 1098 219 1131; x_wconf 89' lang='lat' dir='ltr'>sine</span> <span class='ocrx_word' id='word_1_131' title='bbox 242 1099 518 1142; x_wconf 80' lang='lat' dir='ltr'>suspicionibus,</span> <span class='ocrx_word' id='word_1_132' title='bbox 553 1103 587 1130; x_wconf 87' lang='lat' dir='ltr'>et</span> <span class='ocrx_word' id='word_1_133' title='bbox 610 1097 684 1129; x_wconf 89' lang='lat' dir='ltr'>sine</span> <span class='ocrx_word' id='word_1_134' title='bbox 711 1096 892 1140; x_wconf 90' lang='lat' dir='ltr'>superbia,</span> <span class='ocrx_word' id='word_1_135' title='bbox 926 1102 959 1129; x_wconf 90' lang='lat' dir='ltr'>et</span> <span class='ocrx_word' id='word_1_136' title='bbox 983 1096 1123 1140; x_wconf 88' lang='lat' dir='ltr'>acquie-</span> 
     </span>
     <span class='ocr_line' id='line_1_22' title="bbox 145 1146 1125 1190; baseline -0.004 -8"><span class='ocrx_word' id='word_1_137' title='bbox 145 1155 242 1182; x_wconf 85' lang='lat' dir='ltr'>scant</span> <span class='ocrx_word' id='word_1_138' title='bbox 267 1149 432 1190; x_wconf 86' lang='lat' dir='ltr'>coniuges</span> <span class='ocrx_word' id='word_1_139' title='bbox 457 1148 495 1180; x_wconf 89' lang='lat' dir='ltr'>in</span> <span class='ocrx_word' id='word_1_140' title='bbox 518 1153 640 1180; x_wconf 90' lang='lat' dir='ltr'>mutuo</span> <span class='ocrx_word' id='word_1_141' title='bbox 667 1158 806 1186; x_wconf 88' lang='lat' dir='ltr'>amore,</span> <span class='ocrx_word' id='word_1_142' title='bbox 840 1158 884 1179; x_wconf 87' lang='lat' dir='ltr'>ne</span> <span class='ocrx_word' id='word_1_143' title='bbox 910 1146 1125 1179; x_wconf 82' lang='lat' dir='ltr'>divellantur</span> 
     </span>
     <span class='ocr_line' id='line_1_23' title="bbox 143 1195 1122 1241; baseline -0.002 -9"><span class='ocrx_word' id='word_1_144' title='bbox 143 1206 203 1233; x_wconf 91' lang='lat' dir='ltr'>aut</span> <span class='ocrx_word' id='word_1_145' title='bbox 222 1205 386 1241; x_wconf 89' lang='lat' dir='ltr'>appetant</span> <span class='ocrx_word' id='word_1_146' title='bbox 404 1198 501 1231; x_wconf 89' lang='lat' dir='ltr'>alios.</span> <span class='ocrx_word' id='word_1_147' title='bbox 553 1195 657 1231; x_wconf 84' lang='lat' dir='ltr'>Extat</span> <span class='ocrx_word' id='word_1_148' title='bbox 673 1197 808 1230; x_wconf 92' lang='lat' dir='ltr'>ardoris</span> <span class='ocrx_word' id='word_1_149' title='bbox 825 1197 1012 1240; x_wconf 89' lang='lat' dir='ltr'>descriptio</span> <span class='ocrx_word' id='word_1_150' title='bbox 1029 1197 1122 1241; x_wconf 91' lang='lat' dir='ltr'>apud</span> 
     </span>
    </p>
   </div>
   <div class='ocr_carea' id='block_1_4' title="bbox 142 1247 939 1336">
    <p class='ocr_par' dir='ltr' id='par_1_5' title="bbox 142 1247 939 1336">
     <span class='ocr_line' id='line_1_24' title="bbox 142 1247 551 1291; baseline 0.002 -12"><span class='ocrx_word' id='word_1_151' title='bbox 142 1247 348 1291; x_wconf 85' lang='lat' dir='ltr'>Oppianum</span> <span class='ocrx_word' id='word_1_152' title='bbox 365 1249 408 1281; x_wconf 91' lang='lat' dir='ltr'>de</span> <span class='ocrx_word' id='word_1_153' title='bbox 425 1247 551 1281; x_wconf 87' lang='lat' dir='ltr'>cervis:</span> 
     </span>
     <span class='ocr_line' id='line_1_25' title="bbox 205 1298 939 1336; baseline 0.003 -12"><span class='ocrx_word' id='word_1_154' title='bbox 205 1298 272 1334; x_wconf 83' lang='lat' dir='ltr'>Ipse</span> <span class='ocrx_word' id='word_1_155' title='bbox 295 1303 391 1325; x_wconf 88' lang='lat' dir='ltr'>tamen</span> <span class='ocrx_word' id='word_1_156' title='bbox 415 1307 517 1325; x_wconf 88' lang='lat' dir='ltr'>cervus</span> <span class='ocrx_word' id='word_1_157' title='bbox 540 1298 661 1335; x_wconf 87' lang='lat' dir='ltr'>pedibus</span> <span class='ocrx_word' id='word_1_158' title='bbox 684 1299 829 1326; x_wconf 82' lang='lat' dir='ltr'>velocibus</span> <span class='ocrx_word' id='word_1_159' title='bbox 851 1299 939 1336; x_wconf 83' lang='lat' dir='ltr'>ipsam</span> 
     </span>
    </p>
   </div>
   <div class='ocr_carea' id='block_1_5' title="bbox 128 1346 1121 2702">
    <p class='ocr_par' dir='ltr' id='par_1_6' title="bbox 203 1346 1061 1386">
     <span class='ocr_line' id='line_1_26' title="bbox 203 1346 1061 1386; baseline 0.002 -12"><span class='ocrx_word' id='word_1_160' title='bbox 203 1347 276 1375; x_wconf 89' lang='lat' dir='ltr'>Cum</span> <span class='ocrx_word' id='word_1_161' title='bbox 298 1346 372 1385; x_wconf 85' lang='lat' dir='ltr'>fugit</span> <span class='ocrx_word' id='word_1_162' title='bbox 395 1348 574 1385; x_wconf 83' lang='lat' dir='ltr'>assequitur,</span> <span class='ocrx_word' id='word_1_163' title='bbox 599 1349 732 1386; x_wconf 85' lang='lat' dir='ltr'>sistitque</span> <span class='ocrx_word' id='word_1_164' title='bbox 754 1350 906 1386; x_wconf 80' lang='lat' dir='ltr'>amplexus</span> <span class='ocrx_word' id='word_1_165' title='bbox 929 1354 1061 1376; x_wconf 86' lang='lat' dir='ltr'>amatam.</span> 
     </span>
    </p>

    <p class='ocr_par' dir='ltr' id='par_1_7' title="bbox 198 1392 1022 1437">
     <span class='ocr_line' id='line_1_27' title="bbox 198 1392 1022 1437; baseline 0.002 -12"><span class='ocrx_word' id='word_1_166' title='bbox 198 1392 296 1425; x_wconf 67' lang='grc' dir='ltr'>’Λλλά</span> <span class='ocrx_word' id='word_1_167' title='bbox 319 1397 397 1427; x_wconf 81' lang='grc' dir='ltr'>ποσὶ</span> <span class='ocrx_word' id='word_1_168' title='bbox 419 1400 603 1436; x_wconf 79' lang='grc' dir='ltr'><em>κραιπνοῖσι</em></span> <span class='ocrx_word' id='word_1_169' title='bbox 627 1395 712 1427; x_wconf 70' lang='grc' dir='ltr'>θεῶν</span> <span class='ocrx_word' id='word_1_170' title='bbox 735 1396 859 1437; x_wconf 70' lang='grc' dir='ltr'>ἐκίχανε</span> <span class='ocrx_word' id='word_1_171' title='bbox 882 1399 1022 1427; x_wconf 65' lang='grc' dir='ltr'>θέουσαν</span> 
     </span>
    </p>

    <p class='ocr_par' dir='ltr' id='par_1_8' title="bbox 203 1445 1097 1489">
     <span class='ocr_line' id='line_1_28' title="bbox 203 1445 1097 1489; baseline 0.002 -13"><span class='ocrx_word' id='word_1_172' title='bbox 203 1445 383 1486; x_wconf 69' lang='grc' dir='ltr'><em>φεύγουσαν</em></span> <span class='ocrx_word' id='word_1_173' title='bbox 403 1446 538 1488; x_wconf 79' lang='grc' dir='ltr'><em>μάρπτει</em></span> <span class='ocrx_word' id='word_1_174' title='bbox 562 1449 595 1478; x_wconf 77' lang='grc' dir='ltr'>δὲ</span> <span class='ocrx_word' id='word_1_175' title='bbox 618 1451 671 1479; x_wconf 79' lang='grc' dir='ltr'>καὶ</span> <span class='ocrx_word' id='word_1_176' title='bbox 694 1446 790 1488; x_wconf 68' lang='grc' dir='ltr'><em>ἀγκὰς</em></span> <span class='ocrx_word' id='word_1_177' title='bbox 809 1448 874 1488; x_wconf 74' lang='grc' dir='ltr'><em>ἔχει</em></span> <span class='ocrx_word' id='word_1_178' title='bbox 897 1447 1097 1489; x_wconf 78' lang='grc' dir='ltr'><em>παράκοιτιν.</em></span> 
     </span>
    </p>

    <p class='ocr_par' dir='ltr' id='par_1_9' title="bbox 239 1497 1121 1547">
     <span class='ocr_line' id='line_1_29' title="bbox 239 1497 1121 1547; baseline 0.002 -15"><span class='ocrx_word' id='word_1_179' title='bbox 239 1497 438 1533; x_wconf 83' lang='lat' dir='ltr'>Antithesis</span> <span class='ocrx_word' id='word_1_180' title='bbox 455 1512 538 1534; x_wconf 90' lang='lat' dir='ltr'>vero</span> <span class='ocrx_word' id='word_1_181' title='bbox 555 1501 753 1535; x_wconf 89' lang='lat' dir='ltr'>declaratur</span> <span class='ocrx_word' id='word_1_182' title='bbox 770 1502 948 1545; x_wconf 83' lang='lat' dir='ltr'>exemplis.</span> <span class='ocrx_word' id='word_1_183' title='bbox 1002 1501 1121 1547; x_wconf 90' lang='lat' dir='ltr'>Tybe-</span> 
     </span>
    </p>

    <p class='ocr_par' dir='ltr' id='par_1_10' title="bbox 128 1549 1121 2702">
     <span class='ocr_line' id='line_1_30' title="bbox 137 1549 1120 1593; baseline 0.004 -12"><span class='ocrx_word' id='word_1_184' title='bbox 137 1549 211 1582; x_wconf 87' lang='lat' dir='ltr'>rius</span> <span class='ocrx_word' id='word_1_185' title='bbox 231 1549 363 1584; x_wconf 73' lang='lat' dir='ltr'>invitus</span> <span class='ocrx_word' id='word_1_186' title='bbox 380 1551 477 1585; x_wconf 89' lang='lat' dir='ltr'>ducit</span> <span class='ocrx_word' id='word_1_187' title='bbox 492 1550 618 1585; x_wconf 87' lang='lat' dir='ltr'>Iuliam</span> <span class='ocrx_word' id='word_1_188' title='bbox 632 1579 641 1593; x_wconf 93' lang='lat'>,</span> <span class='ocrx_word' id='word_1_189' title='bbox 667 1550 725 1585; x_wconf 91' lang='lat' dir='ltr'>hic</span> <span class='ocrx_word' id='word_1_190' title='bbox 744 1552 921 1586; x_wconf 85' lang='lat' dir='ltr'>simulatio</span> <span class='ocrx_word' id='word_1_191' title='bbox 940 1558 974 1586; x_wconf 89' lang='lat' dir='ltr'>et</span> <span class='ocrx_word' id='word_1_192' title='bbox 987 1553 1120 1586; x_wconf 87' lang='lat' dir='ltr'>coactio</span> 
     </span>
     <span class='ocr_line' id='line_1_31' title="bbox 137 1600 1121 1647; baseline 0.004 -15"><span class='ocrx_word' id='word_1_193' title='bbox 137 1600 255 1634; x_wconf 89' lang='lat' dir='ltr'>reddit</span> <span class='ocrx_word' id='word_1_194' title='bbox 276 1601 479 1645; x_wconf 87' lang='lat' dir='ltr'>coniugium</span> <span class='ocrx_word' id='word_1_195' title='bbox 499 1603 654 1637; x_wconf 86' lang='lat' dir='ltr'>insuave.</span> <span class='ocrx_word' id='word_1_196' title='bbox 709 1602 752 1646; x_wconf 87' lang='lat' dir='ltr'>Q.</span> <span class='ocrx_word' id='word_1_197' title='bbox 771 1602 952 1637; x_wconf 90' lang='lat' dir='ltr'>Ciceronis</span> <span class='ocrx_word' id='word_1_198' title='bbox 967 1602 1121 1647; x_wconf 85' lang='lat' dir='ltr'>Pompo-</span> 
     </span>
     <span class='ocr_line' id='line_1_32' title="bbox 137 1650 1121 1688; baseline 0.005 -6"><span class='ocrx_word' id='word_1_199' title='bbox 137 1650 194 1683; x_wconf 91' lang='lat' dir='ltr'>nia</span> <span class='ocrx_word' id='word_1_200' title='bbox 225 1658 276 1684; x_wconf 88' lang='lat' dir='ltr'>est</span> <span class='ocrx_word' id='word_1_201' title='bbox 307 1653 491 1688; x_wconf 88' lang='lat' dir='ltr'>morosior.</span> <span class='ocrx_word' id='word_1_202' title='bbox 550 1652 688 1686; x_wconf 83' lang='lat' dir='ltr'>Multae</span> <span class='ocrx_word' id='word_1_203' title='bbox 720 1660 867 1686; x_wconf 90' lang='lat' dir='ltr'>naturae</span> <span class='ocrx_word' id='word_1_204' title='bbox 898 1654 1055 1686; x_wconf 82' lang='lat' dir='ltr'>virorum</span> <span class='ocrx_word' id='word_1_205' title='bbox 1087 1661 1121 1687; x_wconf 88' lang='lat' dir='ltr'>et</span> 
     </span>
     <span class='ocr_line' id='line_1_33' title="bbox 135 1701 1118 1746; baseline 0.004 -13"><span class='ocrx_word' id='word_1_206' title='bbox 135 1701 325 1734; x_wconf 78' lang='lat' dir='ltr'>mulierum</span> <span class='ocrx_word' id='word_1_207' title='bbox 347 1709 430 1736; x_wconf 89' lang='lat' dir='ltr'>sunt</span> <span class='ocrx_word' id='word_1_208' title='bbox 453 1703 668 1746; x_wconf 89' lang='lat' dir='ltr'>suspicaces,</span> <span class='ocrx_word' id='word_1_209' title='bbox 698 1704 885 1746; x_wconf 82' lang='lat' dir='ltr'>superbae,</span> <span class='ocrx_word' id='word_1_210' title='bbox 912 1705 1118 1739; x_wconf 88' lang='lat' dir='ltr'>diffidentes,</span> 
     </span>
     <span class='ocr_line' id='line_1_34' title="bbox 135 1751 1118 1792; baseline 0.003 -13"><span class='ocrx_word' id='word_1_211' title='bbox 135 1759 208 1780; x_wconf 89' lang='lat' dir='ltr'>non</span> <span class='ocrx_word' id='word_1_212' title='bbox 233 1754 411 1780; x_wconf 85' lang='lat' dir='ltr'>servantes</span> <span class='ocrx_word' id='word_1_213' title='bbox 434 1752 679 1792; x_wconf 82' lang='lat' dir='ltr'>aequalitatem</span> <span class='ocrx_word' id='word_1_214' title='bbox 705 1754 743 1780; x_wconf 85' lang='lat' dir='ltr'>in</span> <span class='ocrx_word' id='word_1_215' title='bbox 758 1751 1039 1782; x_wconf 83' lang='lat' dir='ltr'>conversatione:</span> <span class='ocrx_word' id='word_1_216' title='bbox 1067 1755 1118 1782; x_wconf 83' lang='lat' dir='ltr'>ta-</span> 
     </span>
     <span class='ocr_line' id='line_1_35' title="bbox 135 1796 1117 1835; baseline 0.001 -5"><span class='ocrx_word' id='word_1_217' title='bbox 135 1797 181 1830; x_wconf 90' lang='lat' dir='ltr'>lia</span> <span class='ocrx_word' id='word_1_218' title='bbox 212 1796 295 1829; x_wconf 79' lang='lat' dir='ltr'>vitia</span> <span class='ocrx_word' id='word_1_219' title='bbox 318 1797 438 1830; x_wconf 89' lang='lat' dir='ltr'>omnia</span> <span class='ocrx_word' id='word_1_220' title='bbox 461 1804 704 1835; x_wconf 75' lang='lat' dir='ltr'>removentur,</span> <span class='ocrx_word' id='word_1_221' title='bbox 737 1798 957 1831; x_wconf 89' lang='lat' dir='ltr'>considerato</span> <span class='ocrx_word' id='word_1_222' title='bbox 981 1799 1117 1832; x_wconf 90' lang='lat' dir='ltr'>sincero</span> 
     </span>
     <span class='ocr_line' id='line_1_36' title="bbox 135 1845 1116 1891; baseline 0.003 -11"><span class='ocrx_word' id='word_1_223' title='bbox 135 1853 169 1880; x_wconf 89' lang='lat' dir='ltr'>et</span> <span class='ocrx_word' id='word_1_224' title='bbox 197 1846 291 1879; x_wconf 92' lang='lat' dir='ltr'>dulci</span> <span class='ocrx_word' id='word_1_225' title='bbox 316 1847 443 1881; x_wconf 85' lang='lat' dir='ltr'>affectu</span> <span class='ocrx_word' id='word_1_226' title='bbox 468 1859 609 1891; x_wconf 90' lang='lat' dir='ltr'>capreae</span> <span class='ocrx_word' id='word_1_227' title='bbox 635 1855 667 1881; x_wconf 91' lang='lat' dir='ltr'>et</span> <span class='ocrx_word' id='word_1_228' title='bbox 689 1845 851 1888; x_wconf 88' lang='lat' dir='ltr'>hinnuli,</span> <span class='ocrx_word' id='word_1_229' title='bbox 884 1860 944 1882; x_wconf 89' lang='lat' dir='ltr'>seu</span> <span class='ocrx_word' id='word_1_230' title='bbox 967 1850 1058 1882; x_wconf 87' lang='lat' dir='ltr'>cervi</span> <span class='ocrx_word' id='word_1_231' title='bbox 1084 1856 1116 1883; x_wconf 89' lang='lat' dir='ltr'>et</span> 
     </span>
     <span class='ocr_line' id='line_1_37' title="bbox 135 1896 1114 1943; baseline 0.002 -13"><span class='ocrx_word' id='word_1_232' title='bbox 135 1909 266 1930; x_wconf 81' lang='lat' dir='ltr'>cervae.</span> <span class='ocrx_word' id='word_1_233' title='bbox 320 1896 366 1931; x_wconf 88' lang='lat' dir='ltr'>Et</span> <span class='ocrx_word' id='word_1_234' title='bbox 393 1898 518 1942; x_wconf 89' lang='lat' dir='ltr'>repetit</span> <span class='ocrx_word' id='word_1_235' title='bbox 541 1904 654 1932; x_wconf 85' lang='lat' dir='ltr'>textus</span> <span class='ocrx_word' id='word_1_236' title='bbox 677 1899 916 1932; x_wconf 83' lang='lat' dir='ltr'>dulcissimam</span> <span class='ocrx_word' id='word_1_237' title='bbox 941 1900 1114 1943; x_wconf 89' lang='lat' dir='ltr'>approba-</span> 
     </span>
     <span class='ocr_line' id='line_1_38' title="bbox 136 1947 1114 1993; baseline 0.003 -13"><span class='ocrx_word' id='word_1_238' title='bbox 136 1948 268 1981; x_wconf 87' lang='lat' dir='ltr'>tionem</span> <span class='ocrx_word' id='word_1_239' title='bbox 300 1947 431 1982; x_wconf 85' lang='lat' dir='ltr'>amoris</span> <span class='ocrx_word' id='word_1_240' title='bbox 460 1955 493 1982; x_wconf 88' lang='lat' dir='ltr'>et</span> <span class='ocrx_word' id='word_1_241' title='bbox 524 1949 674 1982; x_wconf 86' lang='lat' dir='ltr'>foederis</span> <span class='ocrx_word' id='word_1_242' title='bbox 705 1950 915 1993; x_wconf 87' lang='lat' dir='ltr'>coniugalis,</span> <span class='ocrx_word' id='word_1_243' title='bbox 949 1963 1026 1983; x_wconf 92' lang='lat' dir='ltr'>cum</span> <span class='ocrx_word' id='word_1_244' title='bbox 1051 1950 1114 1984; x_wconf 91' lang='lat' dir='ltr'>ait:</span> 
     </span>
     <span class='ocr_line' id='line_1_39' title="bbox 135 1997 1116 2040; baseline 0.002 -8"><span class='ocrx_word' id='word_1_245' title='bbox 135 1997 251 2032; x_wconf 86' lang='lat' dir='ltr'>Ubera</span> <span class='ocrx_word' id='word_1_246' title='bbox 277 1999 350 2032; x_wconf 88' lang='lat' dir='ltr'>eius</span> <span class='ocrx_word' id='word_1_247' title='bbox 372 1999 549 2033; x_wconf 91' lang='lat' dir='ltr'>inebrient</span> <span class='ocrx_word' id='word_1_248' title='bbox 572 2006 624 2040; x_wconf 90' lang='lat' dir='ltr'>te,</span> <span class='ocrx_word' id='word_1_249' title='bbox 654 2000 689 2033; x_wconf 90' lang='lat' dir='ltr'>id</span> <span class='ocrx_word' id='word_1_250' title='bbox 714 2007 782 2039; x_wconf 85' lang='lat' dir='ltr'>est,</span> <span class='ocrx_word' id='word_1_251' title='bbox 812 2001 855 2034; x_wconf 87' lang='lat' dir='ltr'>sit</span> <span class='ocrx_word' id='word_1_252' title='bbox 882 2012 983 2034; x_wconf 88' lang='lat' dir='ltr'>verus</span> <span class='ocrx_word' id='word_1_253' title='bbox 1007 2008 1040 2034; x_wconf 89' lang='lat' dir='ltr'>et</span> <span class='ocrx_word' id='word_1_254' title='bbox 1059 2014 1116 2034; x_wconf 90' lang='lat' dir='ltr'>ar—</span> 
     </span>
     <span class='ocr_line' id='line_1_40' title="bbox 135 2048 1115 2094; baseline 0.005 -14"><span class='ocrx_word' id='word_1_255' title='bbox 135 2048 221 2081; x_wconf 89' lang='lat' dir='ltr'>dens</span> <span class='ocrx_word' id='word_1_256' title='bbox 238 2061 352 2087; x_wconf 90' lang='lat' dir='ltr'>amor,</span> <span class='ocrx_word' id='word_1_257' title='bbox 381 2056 414 2084; x_wconf 85' lang='lat' dir='ltr'>et</span> <span class='ocrx_word' id='word_1_258' title='bbox 430 2062 502 2082; x_wconf 91' lang='lat' dir='ltr'>non</span> <span class='ocrx_word' id='word_1_259' title='bbox 519 2049 562 2084; x_wconf 85' lang='lat' dir='ltr'>sit</span> <span class='ocrx_word' id='word_1_260' title='bbox 578 2062 695 2094; x_wconf 85' lang='lat' dir='ltr'>vagus.</span> <span class='ocrx_word' id='word_1_261' title='bbox 748 2050 1026 2085; x_wconf 87' lang='lat' dir='ltr'>Considerentur</span> <span class='ocrx_word' id='word_1_262' title='bbox 1042 2064 1115 2085; x_wconf 90' lang='lat' dir='ltr'>em-</span> 
     </span>
     <span class='ocr_line' id='line_1_41' title="bbox 132 2096 1113 2149; baseline 0.006 -18"><span class='ocrx_word' id='word_1_263' title='bbox 132 2096 276 2142; x_wconf 85' lang='lat' dir='ltr'>phases,</span> <span class='ocrx_word' id='word_1_264' title='bbox 316 2100 422 2133; x_wconf 90' lang='lat' dir='ltr'>ubera</span> <span class='ocrx_word' id='word_1_265' title='bbox 452 2101 648 2145; x_wconf 86' lang='lat' dir='ltr'>significant</span> <span class='ocrx_word' id='word_1_266' title='bbox 681 2099 853 2149; x_wconf 72' lang='grc' dir='ltr'>στοργὴν.</span> <span class='ocrx_word' id='word_1_267' title='bbox 933 2101 1113 2137; x_wconf 90' lang='lat' dir='ltr'>Inebrient</span> 
     </span>
     <span class='ocr_line' id='line_1_42' title="bbox 133 2149 1112 2193; baseline 0.006 -12"><span class='ocrx_word' id='word_1_268' title='bbox 133 2149 305 2192; x_wconf 82' lang='lat' dir='ltr'>significat</span> <span class='ocrx_word' id='word_1_269' title='bbox 328 2162 494 2193; x_wconf 91' lang='lat' dir='ltr'>magnum</span> <span class='ocrx_word' id='word_1_270' title='bbox 518 2164 682 2187; x_wconf 90' lang='lat' dir='ltr'>amorem.</span> <span class='ocrx_word' id='word_1_271' title='bbox 742 2151 789 2186; x_wconf 89' lang='lat' dir='ltr'>Et</span> <span class='ocrx_word' id='word_1_272' title='bbox 810 2153 939 2186; x_wconf 86' lang='lat' dir='ltr'>deinde</span> <span class='ocrx_word' id='word_1_273' title='bbox 965 2154 1112 2187; x_wconf 89' lang='lat' dir='ltr'>dicitur:</span> 
     </span>
     <span class='ocr_line' id='line_1_43' title="bbox 132 2197 1111 2247; baseline 0.007 -16"><span class='ocrx_word' id='word_1_274' title='bbox 132 2197 182 2232; x_wconf 92' lang='lat' dir='ltr'>In</span> <span class='ocrx_word' id='word_1_275' title='bbox 207 2197 395 2233; x_wconf 76' lang='lat' dir='ltr'>dilectione</span> <span class='ocrx_word' id='word_1_276' title='bbox 414 2200 489 2234; x_wconf 80' lang='lat' dir='ltr'>eius</span> <span class='ocrx_word' id='word_1_277' title='bbox 508 2202 672 2247; x_wconf 75' lang='lat' dir='ltr'>ignores,</span> <span class='ocrx_word' id='word_1_278' title='bbox 699 2203 862 2237; x_wconf 83' lang='lat' dir='ltr'>videlicet</span> <span class='ocrx_word' id='word_1_279' title='bbox 879 2204 976 2239; x_wconf 84' lang='lat' dir='ltr'>alias.</span> <span class='ocrx_word' id='word_1_280' title='bbox 1029 2202 1111 2238; x_wconf 89' lang='lat' dir='ltr'>Est-</span> 
     </span>
     <span class='ocr_line' id='line_1_44' title="bbox 131 2253 1111 2297; baseline 0.006 -15"><span class='ocrx_word' id='word_1_281' title='bbox 131 2262 199 2295; x_wconf 83' lang='lat' dir='ltr'>que</span> <span class='ocrx_word' id='word_1_282' title='bbox 225 2263 379 2291; x_wconf 85' lang='lat' dir='ltr'>summa,</span> <span class='ocrx_word' id='word_1_283' title='bbox 408 2264 487 2285; x_wconf 84' lang='lat' dir='ltr'>vere</span> <span class='ocrx_word' id='word_1_284' title='bbox 511 2253 647 2296; x_wconf 83' lang='lat' dir='ltr'>diligito</span> <span class='ocrx_word' id='word_1_285' title='bbox 670 2260 765 2287; x_wconf 86' lang='lat' dir='ltr'>tuam</span> <span class='ocrx_word' id='word_1_286' title='bbox 793 2255 995 2297; x_wconf 83' lang='lat' dir='ltr'>coniugem,</span> <span class='ocrx_word' id='word_1_287' title='bbox 1024 2262 1055 2288; x_wconf 89' lang='lat' dir='ltr'>et</span> <span class='ocrx_word' id='word_1_288' title='bbox 1074 2268 1111 2289; x_wconf 94' lang='lat' dir='ltr'>ea</span> 
     </span>
     <span class='ocr_line' id='line_1_45' title="bbox 130 2301 1111 2349; baseline 0.007 -16"><span class='ocrx_word' id='word_1_289' title='bbox 130 2301 235 2334; x_wconf 86' lang='lat' dir='ltr'>unica</span> <span class='ocrx_word' id='word_1_290' title='bbox 260 2307 445 2335; x_wconf 89' lang='lat' dir='ltr'>contentus</span> <span class='ocrx_word' id='word_1_291' title='bbox 469 2309 560 2343; x_wconf 83' lang='lat' dir='ltr'>esto,</span> <span class='ocrx_word' id='word_1_292' title='bbox 587 2304 676 2337; x_wconf 90' lang='lat' dir='ltr'>sicut</span> <span class='ocrx_word' id='word_1_293' title='bbox 700 2302 783 2338; x_wconf 86' lang='lat' dir='ltr'>haec</span> <span class='ocrx_word' id='word_1_294' title='bbox 808 2306 862 2338; x_wconf 85' lang='lat' dir='ltr'>lex</span> <span class='ocrx_word' id='word_1_295' title='bbox 888 2307 929 2338; x_wconf 86' lang='lat' dir='ltr'>de</span> <span class='ocrx_word' id='word_1_296' title='bbox 947 2306 1111 2349; x_wconf 85' lang='lat' dir='ltr'>coniugio</span> 
     </span>
     <span class='ocr_line' id='line_1_46' title="bbox 131 2351 1111 2390; baseline 0.006 -7"><span class='ocrx_word' id='word_1_297' title='bbox 131 2351 246 2385; x_wconf 87' lang='lat' dir='ltr'>statim</span> <span class='ocrx_word' id='word_1_298' title='bbox 272 2352 308 2384; x_wconf 92' lang='lat' dir='ltr'>in</span> <span class='ocrx_word' id='word_1_299' title='bbox 327 2351 493 2386; x_wconf 87' lang='lat' dir='ltr'>Paradiso</span> <span class='ocrx_word' id='word_1_300' title='bbox 517 2355 646 2388; x_wconf 88' lang='lat' dir='ltr'>sancita</span> <span class='ocrx_word' id='word_1_301' title='bbox 666 2361 732 2387; x_wconf 90' lang='lat' dir='ltr'>est:</span> <span class='ocrx_word' id='word_1_302' title='bbox 760 2353 876 2389; x_wconf 89' lang='lat' dir='ltr'>Erunt</span> <span class='ocrx_word' id='word_1_303' title='bbox 893 2357 964 2390; x_wconf 91' lang='lat' dir='ltr'>duo</span> <span class='ocrx_word' id='word_1_304' title='bbox 983 2357 1018 2389; x_wconf 92' lang='lat' dir='ltr'>in</span> <span class='ocrx_word' id='word_1_305' title='bbox 1037 2369 1111 2389; x_wconf 89' lang='lat' dir='ltr'>car-</span> 
     </span>
     <span class='ocr_line' id='line_1_47' title="bbox 131 2403 1110 2445; baseline 0.007 -12"><span class='ocrx_word' id='word_1_306' title='bbox 131 2413 211 2434; x_wconf 85' lang='lat' dir='ltr'>nem</span> <span class='ocrx_word' id='word_1_307' title='bbox 236 2414 362 2443; x_wconf 88' lang='lat' dir='ltr'>unam,</span> <span class='ocrx_word' id='word_1_308' title='bbox 390 2403 423 2436; x_wconf 90' lang='lat' dir='ltr'>id</span> <span class='ocrx_word' id='word_1_309' title='bbox 450 2410 518 2445; x_wconf 90' lang='lat' dir='ltr'>est,</span> <span class='ocrx_word' id='word_1_310' title='bbox 543 2416 635 2438; x_wconf 93' lang='lat' dir='ltr'>unus</span> <span class='ocrx_word' id='word_1_311' title='bbox 658 2417 732 2438; x_wconf 90' lang='lat' dir='ltr'>mas</span> <span class='ocrx_word' id='word_1_312' title='bbox 749 2413 781 2440; x_wconf 85' lang='lat' dir='ltr'>et</span> <span class='ocrx_word' id='word_1_313' title='bbox 798 2418 866 2439; x_wconf 85' lang='lat' dir='ltr'>una</span> <span class='ocrx_word' id='word_1_314' title='bbox 885 2408 1036 2440; x_wconf 87' lang='lat' dir='ltr'>foemina</span> <span class='ocrx_word' id='word_1_315' title='bbox 1055 2407 1110 2440; x_wconf 92' lang='lat' dir='ltr'>in-</span> 
     </span>
     <span class='ocr_line' id='line_1_48' title="bbox 130 2453 1108 2502; baseline 0.007 -18"><span class='ocrx_word' id='word_1_316' title='bbox 130 2453 370 2496; x_wconf 79' lang='lat' dir='ltr'>separabiliter</span> <span class='ocrx_word' id='word_1_317' title='bbox 393 2454 517 2489; x_wconf 87' lang='lat' dir='ltr'>iuncti.</span> <span class='ocrx_word' id='word_1_318' title='bbox 585 2456 677 2499; x_wconf 88' lang='lat' dir='ltr'>Quia</span> <span class='ocrx_word' id='word_1_319' title='bbox 703 2463 786 2490; x_wconf 91' lang='lat' dir='ltr'>tunc</span> <span class='ocrx_word' id='word_1_320' title='bbox 812 2469 951 2502; x_wconf 89' lang='lat' dir='ltr'>quoque</span> <span class='ocrx_word' id='word_1_321' title='bbox 975 2459 1108 2491; x_wconf 88' lang='lat' dir='ltr'>etiamsi</span> 
     </span>
     <span class='ocr_line' id='line_1_49' title="bbox 129 2501 1109 2551; baseline 0.007 -16"><span class='ocrx_word' id='word_1_322' title='bbox 129 2509 253 2536; x_wconf 86' lang='lat' dir='ltr'>natura</span> <span class='ocrx_word' id='word_1_323' title='bbox 270 2501 454 2538; x_wconf 84' lang='lat' dir='ltr'>hominum</span> <span class='ocrx_word' id='word_1_324' title='bbox 469 2507 651 2541; x_wconf 87' lang='lat' dir='ltr'>mansisset</span> <span class='ocrx_word' id='word_1_325' title='bbox 663 2507 810 2551; x_wconf 84' lang='lat' dir='ltr'>integra,</span> <span class='ocrx_word' id='word_1_326' title='bbox 838 2508 1002 2541; x_wconf 86' lang='lat' dir='ltr'>voluisset</span> <span class='ocrx_word' id='word_1_327' title='bbox 1016 2508 1109 2543; x_wconf 84' lang='lat' dir='ltr'>Deus</span> 
     </span>
     <span class='ocr_line' id='line_1_50' title="bbox 130 2550 1108 2601; baseline 0.009 -16"><span class='ocrx_word' id='word_1_328' title='bbox 130 2550 290 2587; x_wconf 88' lang='lat' dir='ltr'>homines</span> <span class='ocrx_word' id='word_1_329' title='bbox 315 2555 510 2597; x_wconf 83' lang='lat' dir='ltr'>intelligere</span> <span class='ocrx_word' id='word_1_330' title='bbox 530 2558 740 2594; x_wconf 83' lang='lat' dir='ltr'>castitatem,</span> <span class='ocrx_word' id='word_1_331' title='bbox 769 2565 802 2592; x_wconf 86' lang='lat' dir='ltr'>et</span> <span class='ocrx_word' id='word_1_332' title='bbox 822 2567 994 2601; x_wconf 87' lang='lat' dir='ltr'>praestare</span> <span class='ocrx_word' id='word_1_333' title='bbox 1012 2572 1108 2593; x_wconf 85' lang='lat' dir='ltr'>exer-</span> 
     </span>
     <span class='ocr_line' id='line_1_51' title="bbox 128 2604 1107 2650; baseline 0.009 -14"><span class='ocrx_word' id='word_1_334' title='bbox 128 2604 249 2637; x_wconf 87' lang='lat' dir='ltr'>citium</span> <span class='ocrx_word' id='word_1_335' title='bbox 276 2605 513 2648; x_wconf 83' lang='lat' dir='ltr'>obcdientiae,</span> <span class='ocrx_word' id='word_1_336' title='bbox 544 2605 648 2641; x_wconf 88' lang='lat' dir='ltr'>buius</span> <span class='ocrx_word' id='word_1_337' title='bbox 673 2610 810 2642; x_wconf 88' lang='lat' dir='ltr'>ordinis</span> <span class='ocrx_word' id='word_1_338' title='bbox 833 2611 1107 2650; x_wconf 84' lang='lat' dir='ltr'>conservatione,</span> 
     </span>
     <span class='ocr_line' id='line_1_52' title="bbox 128 2654 839 2702; baseline 0.013 -16"><span class='ocrx_word' id='word_1_339' title='bbox 128 2654 311 2695; x_wconf 76' lang='lat' dir='ltr'>videlicet,</span> <span class='ocrx_word' id='word_1_340' title='bbox 338 2657 490 2691; x_wconf 76' lang='lat' dir='ltr'>vitandis</span> <span class='ocrx_word' id='word_1_341' title='bbox 507 2659 601 2702; x_wconf 82' lang='lat' dir='ltr'>vagis</span> <span class='ocrx_word' id='word_1_342' title='bbox 618 2659 839 2696; x_wconf 83' lang='lat' dir='ltr'>libidinibus.</span> 
     </span>
    </p>
   </div>
   <div class='ocr_carea' id='block_1_6' title="bbox 1152 192 1160 757">
    <p class='ocr_par' dir='ltr' id='par_1_11' title="bbox 1152 192 1160 757">
     <span class='ocr_line' id='line_1_53' title="bbox 1152 192 1160 757; baseline 0 0"><span class='ocrx_word' id='word_1_343' title='bbox 1152 192 1160 757; x_wconf 95' lang='lat' dir='ltr'> </span> 
     </span>
    </p>
   </div>
   <div class='ocr_carea' id='block_1_7' title="bbox 574 93 2161 136">
    <p class='ocr_par' dir='ltr' id='par_1_12' title="bbox 574 93 2161 136">
     <span class='ocr_line' id='line_1_54' title="bbox 574 93 2161 136; baseline -0.003 0"><span class='ocrx_word' id='word_1_344' title='bbox 574 102 618 136; x_wconf 86' lang='lat' dir='ltr'>X.</span> <span class='ocrx_word' id='word_1_345' title='bbox 670 96 970 134; x_wconf 85' lang='lat' dir='ltr'><strong>EXPLICATIO</strong></span> <span class='ocrx_word' id='word_1_346' title='bbox 1004 93 1411 133; x_wconf 87' lang='lat' dir='ltr'>PROVERBIORUM</span> <span class='ocrx_word' id='word_1_347' title='bbox 1443 93 1742 131; x_wconf 82' lang='lat' dir='ltr'><strong>SALOMONIS.</strong></span> <span class='ocrx_word' id='word_1_348' title='bbox 2118 98 2161 132; x_wconf 79' lang='lat'>14</span> 
     </span>
    </p>
   </div>
   <div class='ocr_carea' id='block_1_8' title="bbox 1286 181 2160 217">
    <p class='ocr_par' dir='ltr' id='par_1_13' title="bbox 1286 181 2160 217">
     <span class='ocr_line' id='line_1_55' title="bbox 1286 181 2160 217; baseline 0.001 -2"><span class='ocrx_word' id='word_1_349' title='bbox 1286 181 1333 215; x_wconf 84' lang='lat' dir='ltr'>Ut</span> <span class='ocrx_word' id='word_1_350' title='bbox 1356 189 1470 215; x_wconf 89' lang='lat' dir='ltr'>autem</span> <span class='ocrx_word' id='word_1_351' title='bbox 1494 183 1653 216; x_wconf 80' lang='lat' dir='ltr'>omnium</span> <span class='ocrx_word' id='word_1_352' title='bbox 1674 187 1842 216; x_wconf 87' lang='lat' dir='ltr'>virtutum</span> <span class='ocrx_word' id='word_1_353' title='bbox 1867 182 2063 217; x_wconf 89' lang='lat' dir='ltr'>intellectus</span> <span class='ocrx_word' id='word_1_354' title='bbox 2083 184 2160 216; x_wconf 85' lang='lat' dir='ltr'>ideo</span> 
     </span>
    </p>
   </div>
   <div class='ocr_carea' id='block_1_9' title="bbox 1157 230 2159 277">
    <p class='ocr_par' dir='ltr' id='par_1_14' title="bbox 1157 230 2159 277">
     <span class='ocr_line' id='line_1_56' title="bbox 1157 230 2159 277; baseline 0.004 -15"><span class='ocrx_word' id='word_1_355' title='bbox 1157 256 1158 262; x_wconf 68' lang='grc'>,</span> <span class='ocrx_word' id='word_1_356' title='bbox 1184 233 1360 266; x_wconf 88' lang='lat' dir='ltr'>mentibus</span> <span class='ocrx_word' id='word_1_357' title='bbox 1376 230 1560 265; x_wconf 85' lang='lat' dir='ltr'>homiuum</span> <span class='ocrx_word' id='word_1_358' title='bbox 1579 234 1711 267; x_wconf 89' lang='lat' dir='ltr'>inditus</span> <span class='ocrx_word' id='word_1_359' title='bbox 1731 240 1791 275; x_wconf 86' lang='lat' dir='ltr'>est,</span> <span class='ocrx_word' id='word_1_360' title='bbox 1816 241 1856 268; x_wconf 90' lang='lat' dir='ltr'>ut</span> <span class='ocrx_word' id='word_1_361' title='bbox 1872 231 1939 266; x_wconf 91' lang='lat' dir='ltr'>hoc</span> <span class='ocrx_word' id='word_1_362' title='bbox 1957 234 2070 277; x_wconf 90' lang='lat' dir='ltr'>ipsum</span> <span class='ocrx_word' id='word_1_363' title='bbox 2087 234 2159 266; x_wconf 85' lang='lat' dir='ltr'>dis-</span> 
     </span>
    </p>
   </div>
   <div class='ocr_carea' id='block_1_10' title="bbox 1178 281 2160 1036">
    <p class='ocr_par' dir='ltr' id='par_1_15' title="bbox 1178 281 2160 1036">
     <span class='ocr_line' id='line_1_57' title="bbox 1183 281 2160 327; baseline 0.001 -12"><span class='ocrx_word' id='word_1_364' title='bbox 1183 283 1316 316; x_wconf 89' lang='lat' dir='ltr'>crimen</span> <span class='ocrx_word' id='word_1_365' title='bbox 1346 281 1572 316; x_wconf 78' lang='lat' dir='ltr'>honestorum</span> <span class='ocrx_word' id='word_1_366' title='bbox 1601 291 1632 316; x_wconf 93' lang='lat' dir='ltr'>et</span> <span class='ocrx_word' id='word_1_367' title='bbox 1657 285 1812 327; x_wconf 89' lang='lat' dir='ltr'>turpium</span> <span class='ocrx_word' id='word_1_368' title='bbox 1836 285 1882 318; x_wconf 88' lang='lat' dir='ltr'>sit</span> <span class='ocrx_word' id='word_1_369' title='bbox 1908 284 2160 321; x_wconf 90' lang='lat' dir='ltr'>testimonium,</span> 
     </span>
     <span class='ocr_line' id='line_1_58' title="bbox 1183 333 2160 379; baseline -0.001 -12"><span class='ocrx_word' id='word_1_370' title='bbox 1183 335 1278 379; x_wconf 91' lang='lat' dir='ltr'>quod</span> <span class='ocrx_word' id='word_1_371' title='bbox 1304 334 1348 367; x_wconf 87' lang='lat' dir='ltr'>sit</span> <span class='ocrx_word' id='word_1_372' title='bbox 1364 333 1476 374; x_wconf 88' lang='lat' dir='ltr'>Deus,</span> <span class='ocrx_word' id='word_1_373' title='bbox 1503 340 1535 367; x_wconf 88' lang='lat' dir='ltr'>et</span> <span class='ocrx_word' id='word_1_374' title='bbox 1556 334 1715 367; x_wconf 88' lang='lat' dir='ltr'>ostendat</span> <span class='ocrx_word' id='word_1_375' title='bbox 1738 335 1849 378; x_wconf 89' lang='lat' dir='ltr'>qualis</span> <span class='ocrx_word' id='word_1_376' title='bbox 1866 335 1928 376; x_wconf 88' lang='lat' dir='ltr'>sit,</span> <span class='ocrx_word' id='word_1_377' title='bbox 1955 341 1987 368; x_wconf 91' lang='lat' dir='ltr'>et</span> <span class='ocrx_word' id='word_1_378' title='bbox 2005 335 2098 379; x_wconf 89' lang='lat' dir='ltr'>quod</span> <span class='ocrx_word' id='word_1_379' title='bbox 2117 334 2160 367; x_wconf 86' lang='lat' dir='ltr'>sit</span> 
     </span>
     <span class='ocr_line' id='line_1_59' title="bbox 1183 384 2158 427; baseline 0 -10"><span class='ocrx_word' id='word_1_380' title='bbox 1183 384 1306 424; x_wconf 85' lang='lat' dir='ltr'>iudex,</span> <span class='ocrx_word' id='word_1_381' title='bbox 1340 384 1386 418; x_wconf 88' lang='lat' dir='ltr'>ita</span> <span class='ocrx_word' id='word_1_382' title='bbox 1419 391 1451 418; x_wconf 89' lang='lat' dir='ltr'>et</span> <span class='ocrx_word' id='word_1_383' title='bbox 1482 384 1675 418; x_wconf 84' lang='lat' dir='ltr'>castitatem</span> <span class='ocrx_word' id='word_1_384' title='bbox 1697 385 1784 422; x_wconf 66' lang='lat' dir='ltr'>vult}</span> <span class='ocrx_word' id='word_1_385' title='bbox 1803 385 1897 418; x_wconf 88' lang='lat' dir='ltr'>Deus</span> <span class='ocrx_word' id='word_1_386' title='bbox 1927 385 2093 427; x_wconf 86' lang='lat' dir='ltr'>intelligi,</span> <span class='ocrx_word' id='word_1_387' title='bbox 2127 391 2158 417; x_wconf 86' lang='lat' dir='ltr'>et</span> 
     </span>
     <span class='ocr_line' id='line_1_60' title="bbox 1182 434 2158 478; baseline -0.001 -10"><span class='ocrx_word' id='word_1_388' title='bbox 1182 435 1399 468; x_wconf 89' lang='lat' dir='ltr'>severissime</span> <span class='ocrx_word' id='word_1_389' title='bbox 1434 435 1537 478; x_wconf 88' lang='lat' dir='ltr'>punit</span> <span class='ocrx_word' id='word_1_390' title='bbox 1573 445 1676 477; x_wconf 85' lang='lat' dir='ltr'>vagas</span> <span class='ocrx_word' id='word_1_391' title='bbox 1711 434 1896 475; x_wconf 75' lang='lat' dir='ltr'>libidines,</span> <span class='ocrx_word' id='word_1_392' title='bbox 1934 443 1973 469; x_wconf 91' lang='lat' dir='ltr'>ut</span> <span class='ocrx_word' id='word_1_393' title='bbox 2011 436 2158 468; x_wconf 85' lang='lat' dir='ltr'>sciamus</span> 
     </span>
     <span class='ocr_line' id='line_1_61' title="bbox 1181 483 2159 528; baseline -0.001 -10"><span class='ocrx_word' id='word_1_394' title='bbox 1181 487 1295 528; x_wconf 90' lang='lat' dir='ltr'>ipsum</span> <span class='ocrx_word' id='word_1_395' title='bbox 1319 496 1390 518; x_wconf 89' lang='lat' dir='ltr'>esse</span> <span class='ocrx_word' id='word_1_396' title='bbox 1409 492 1561 519; x_wconf 88' lang='lat' dir='ltr'>mentem</span> <span class='ocrx_word' id='word_1_397' title='bbox 1578 492 1722 525; x_wconf 87' lang='lat' dir='ltr'>castam,</span> <span class='ocrx_word' id='word_1_398' title='bbox 1749 492 1780 517; x_wconf 89' lang='lat' dir='ltr'>et</span> <span class='ocrx_word' id='word_1_399' title='bbox 1798 483 1862 518; x_wconf 91' lang='lat' dir='ltr'>hac</span> <span class='ocrx_word' id='word_1_400' title='bbox 1880 486 2159 519; x_wconf 88' lang='lat' dir='ltr'>consideratione</span> 
     </span>
     <span class='ocr_line' id='line_1_62' title="bbox 1181 535 2159 578; baseline 0 -9"><span class='ocrx_word' id='word_1_401' title='bbox 1181 537 1419 569; x_wconf 86' lang='lat' dir='ltr'>discernamus</span> <span class='ocrx_word' id='word_1_402' title='bbox 1449 548 1526 569; x_wconf 89' lang='lat' dir='ltr'>eum</span> <span class='ocrx_word' id='word_1_403' title='bbox 1554 547 1572 568; x_wconf 88' lang='lat' dir='ltr'>a</span> <span class='ocrx_word' id='word_1_404' title='bbox 1597 535 1731 568; x_wconf 86' lang='lat' dir='ltr'>naturis</span> <span class='ocrx_word' id='word_1_405' title='bbox 1756 535 1959 569; x_wconf 88' lang='lat' dir='ltr'>immundis.</span> <span class='ocrx_word' id='word_1_406' title='bbox 2018 535 2159 578; x_wconf 87' lang='lat' dir='ltr'>Cogite-</span> 
     </span>
     <span class='ocr_line' id='line_1_63' title="bbox 1181 584 2158 625; baseline -0.002 -5"><span class='ocrx_word' id='word_1_407' title='bbox 1181 599 1257 620; x_wconf 87' lang='lat' dir='ltr'>mus</span> <span class='ocrx_word' id='word_1_408' title='bbox 1280 593 1312 620; x_wconf 92' lang='lat' dir='ltr'>et</span> <span class='ocrx_word' id='word_1_409' title='bbox 1337 584 1421 625; x_wconf 86' lang='lat' dir='ltr'>hoc,</span> <span class='ocrx_word' id='word_1_410' title='bbox 1449 587 1485 618; x_wconf 91' lang='lat' dir='ltr'>in</span> <span class='ocrx_word' id='word_1_411' title='bbox 1509 586 1580 619; x_wconf 89' lang='lat' dir='ltr'>sola</span> <span class='ocrx_word' id='word_1_412' title='bbox 1597 585 1751 618; x_wconf 84' lang='lat' dir='ltr'>Ecclesia</span> <span class='ocrx_word' id='word_1_413' title='bbox 1771 584 1835 618; x_wconf 89' lang='lat' dir='ltr'>Dei</span> <span class='ocrx_word' id='word_1_414' title='bbox 1860 586 2025 619; x_wconf 89' lang='lat' dir='ltr'>mansisse</span> <span class='ocrx_word' id='word_1_415' title='bbox 2041 587 2158 619; x_wconf 90' lang='lat' dir='ltr'>incor-</span> 
     </span>
     <span class='ocr_line' id='line_1_64' title="bbox 1180 636 2157 681; baseline 0 -11"><span class='ocrx_word' id='word_1_416' title='bbox 1180 644 1318 681; x_wconf 85' lang='lat' dir='ltr'>ruptam</span> <span class='ocrx_word' id='word_1_417' title='bbox 1350 637 1545 670; x_wconf 82' lang='lat' dir='ltr'>doctrinam</span> <span class='ocrx_word' id='word_1_418' title='bbox 1572 637 1614 669; x_wconf 92' lang='lat' dir='ltr'>de</span> <span class='ocrx_word' id='word_1_419' title='bbox 1637 636 1790 669; x_wconf 88' lang='lat' dir='ltr'>vitandis</span> <span class='ocrx_word' id='word_1_420' title='bbox 1816 637 1910 681; x_wconf 82' lang='lat' dir='ltr'>vagis</span> <span class='ocrx_word' id='word_1_421' title='bbox 1937 637 2157 670; x_wconf 85' lang='lat' dir='ltr'>libidinibus.</span> 
     </span>
     <span class='ocr_line' id='line_1_65' title="bbox 1179 685 2158 732; baseline -0.002 -11"><span class='ocrx_word' id='word_1_422' title='bbox 1179 685 1225 721; x_wconf 88' lang='lat' dir='ltr'>Et</span> <span class='ocrx_word' id='word_1_423' title='bbox 1248 699 1348 732; x_wconf 88' lang='lat' dir='ltr'>saepe</span> <span class='ocrx_word' id='word_1_424' title='bbox 1375 700 1439 721; x_wconf 88' lang='lat' dir='ltr'>nos</span> <span class='ocrx_word' id='word_1_425' title='bbox 1464 687 1814 721; x_wconf 84' lang='lat' dir='ltr'>commonefaciamus</span> <span class='ocrx_word' id='word_1_426' title='bbox 1839 688 1882 719; x_wconf 92' lang='lat' dir='ltr'>de</span> <span class='ocrx_word' id='word_1_427' title='bbox 1904 687 2034 730; x_wconf 81' lang='lat' dir='ltr'>poenis.</span> <span class='ocrx_word' id='word_1_428' title='bbox 2087 686 2158 719; x_wconf 87' lang='lat' dir='ltr'>Pu—</span> 
     </span>
     <span class='ocr_line' id='line_1_66' title="bbox 1179 737 2158 781; baseline -0.002 -10"><span class='ocrx_word' id='word_1_429' title='bbox 1179 738 1330 771; x_wconf 88' lang='lat' dir='ltr'>niuntur</span> <span class='ocrx_word' id='word_1_430' title='bbox 1352 739 1444 771; x_wconf 89' lang='lat' dir='ltr'>enim</span> <span class='ocrx_word' id='word_1_431' title='bbox 1463 749 1567 781; x_wconf 85' lang='lat' dir='ltr'>vagae</span> <span class='ocrx_word' id='word_1_432' title='bbox 1584 738 1750 770; x_wconf 87' lang='lat' dir='ltr'>libidines</span> <span class='ocrx_word' id='word_1_433' title='bbox 1767 744 1799 770; x_wconf 88' lang='lat' dir='ltr'>et</span> <span class='ocrx_word' id='word_1_434' title='bbox 1817 737 2024 770; x_wconf 90' lang='lat' dir='ltr'>tristissimis</span> <span class='ocrx_word' id='word_1_435' title='bbox 2043 748 2158 769; x_wconf 85' lang='lat' dir='ltr'>exem-</span> 
     </span>
     <span class='ocr_line' id='line_1_67' title="bbox 1179 786 2157 832; baseline -0.002 -11"><span class='ocrx_word' id='word_1_436' title='bbox 1179 789 1247 832; x_wconf 87' lang='lat' dir='ltr'>plis</span> <span class='ocrx_word' id='word_1_437' title='bbox 1274 790 1311 821; x_wconf 91' lang='lat' dir='ltr'>in</span> <span class='ocrx_word' id='word_1_438' title='bbox 1336 786 1400 822; x_wconf 92' lang='lat' dir='ltr'>hac</span> <span class='ocrx_word' id='word_1_439' title='bbox 1424 789 1514 829; x_wconf 90' lang='lat' dir='ltr'>vita,</span> <span class='ocrx_word' id='word_1_440' title='bbox 1543 795 1575 822; x_wconf 89' lang='lat' dir='ltr'>et</span> <span class='ocrx_word' id='word_1_441' title='bbox 1600 788 1750 821; x_wconf 90' lang='lat' dir='ltr'>aeternis</span> <span class='ocrx_word' id='word_1_442' title='bbox 1774 788 2002 828; x_wconf 79' lang='lat' dir='ltr'>cruciatibus,</span> <span class='ocrx_word' id='word_1_443' title='bbox 2031 788 2058 820; x_wconf 90' lang='lat' dir='ltr'>si</span> <span class='ocrx_word' id='word_1_444' title='bbox 2085 799 2157 820; x_wconf 90' lang='lat' dir='ltr'>non</span> 
     </span>
     <span class='ocr_line' id='line_1_68' title="bbox 1178 837 2158 879; baseline -0.002 -8"><span class='ocrx_word' id='word_1_445' title='bbox 1178 840 1237 873; x_wconf 87' lang='lat' dir='ltr'>fiat</span> <span class='ocrx_word' id='word_1_446' title='bbox 1260 840 1441 873; x_wconf 87' lang='lat' dir='ltr'>conversio</span> <span class='ocrx_word' id='word_1_447' title='bbox 1466 841 1507 872; x_wconf 90' lang='lat' dir='ltr'>ad</span> <span class='ocrx_word' id='word_1_448' title='bbox 1528 839 1659 879; x_wconf 92' lang='lat' dir='ltr'>Deum,</span> <span class='ocrx_word' id='word_1_449' title='bbox 1686 839 1779 871; x_wconf 84' lang='lat' dir='ltr'>iuxta</span> <span class='ocrx_word' id='word_1_450' title='bbox 1800 838 1930 871; x_wconf 92' lang='lat' dir='ltr'>dictum</span> <span class='ocrx_word' id='word_1_451' title='bbox 1949 838 2036 870; x_wconf 89' lang='lat' dir='ltr'>illud</span> <span class='ocrx_word' id='word_1_452' title='bbox 2057 837 2158 870; x_wconf 87' lang='lat' dir='ltr'>Pauli</span> 
     </span>
     <span class='ocr_line' id='line_1_69' title="bbox 1182 888 2158 932; baseline -0.004 -9"><span class='ocrx_word' id='word_1_453' title='bbox 1182 891 1212 923; x_wconf 90' lang='lat'>1.</span> <span class='ocrx_word' id='word_1_454' title='bbox 1231 888 1392 924; x_wconf 86' lang='lat' dir='ltr'>Corinth.</span> <span class='ocrx_word' id='word_1_455' title='bbox 1413 892 1465 925; x_wconf 88' lang='lat'>6.:</span> <span class='ocrx_word' id='word_1_456' title='bbox 1493 889 1709 923; x_wconf 89' lang='lat' dir='ltr'>Scortatores</span> <span class='ocrx_word' id='word_1_457' title='bbox 1732 895 1765 921; x_wconf 91' lang='lat' dir='ltr'>et</span> <span class='ocrx_word' id='word_1_458' title='bbox 1789 888 1937 921; x_wconf 89' lang='lat' dir='ltr'>adulteri</span> <span class='ocrx_word' id='word_1_459' title='bbox 1957 900 2029 920; x_wconf 91' lang='lat' dir='ltr'>non</span> <span class='ocrx_word' id='word_1_460' title='bbox 2047 888 2158 932; x_wconf 89' lang='lat' dir='ltr'>possi-</span> 
     </span>
     <span class='ocr_line' id='line_1_70' title="bbox 1179 936 2157 983; baseline -0.003 -10"><span class='ocrx_word' id='word_1_461' title='bbox 1179 941 1313 974; x_wconf 85' lang='lat' dir='ltr'>debunt</span> <span class='ocrx_word' id='word_1_462' title='bbox 1342 952 1487 983; x_wconf 87' lang='lat' dir='ltr'>regnum</span> <span class='ocrx_word' id='word_1_463' title='bbox 1511 939 1586 973; x_wconf 89' lang='lat' dir='ltr'>Dei.</span> <span class='ocrx_word' id='word_1_464' title='bbox 1645 939 1689 973; x_wconf 89' lang='lat' dir='ltr'>Et</span> <span class='ocrx_word' id='word_1_465' title='bbox 1720 939 1757 971; x_wconf 89' lang='lat' dir='ltr'>in</span> <span class='ocrx_word' id='word_1_466' title='bbox 1786 936 1944 972; x_wconf 91' lang='lat' dir='ltr'>historiis</span> <span class='ocrx_word' id='word_1_467' title='bbox 1978 945 2011 972; x_wconf 90' lang='lat' dir='ltr'>et</span> <span class='ocrx_word' id='word_1_468' title='bbox 2037 938 2157 971; x_wconf 86' lang='lat' dir='ltr'>multis</span> 
     </span>
     <span class='ocr_line' id='line_1_71' title="bbox 1178 988 2146 1036; baseline -0.003 -12"><span class='ocrx_word' id='word_1_469' title='bbox 1178 991 1354 1025; x_wconf 87' lang='lat' dir='ltr'>aerumnis</span> <span class='ocrx_word' id='word_1_470' title='bbox 1373 991 1588 1036; x_wconf 88' lang='lat' dir='ltr'>quotidianis</span> <span class='ocrx_word' id='word_1_471' title='bbox 1605 989 1865 1023; x_wconf 87' lang='lat' dir='ltr'>consideremus</span> <span class='ocrx_word' id='word_1_472' title='bbox 1882 989 2052 1022; x_wconf 83' lang='lat' dir='ltr'>iudicium</span> <span class='ocrx_word' id='word_1_473' title='bbox 2070 988 2146 1022; x_wconf 82' lang='lat' dir='ltr'>Dei.</span> 
     </span>
    </p>
   </div>
   <div class='ocr_carea' id='block_1_11' title="bbox 1348 1101 1986 1146">
    <p class='ocr_par' dir='ltr' id='par_1_16' title="bbox 1348 1101 1986 1146">
     <span class='ocr_line' id='line_1_72' title="bbox 1348 1101 1986 1146; baseline 0.002 -12"><span class='ocrx_word' id='word_1_474' title='bbox 1348 1102 1417 1134; x_wconf 90' lang='lat' dir='ltr'>De</span> <span class='ocrx_word' id='word_1_475' title='bbox 1452 1102 1631 1135; x_wconf 91' lang='lat' dir='ltr'>altero</span> <span class='ocrx_word' id='word_1_476' title='bbox 1670 1101 1986 1146; x_wconf 89' lang='lat' dir='ltr'>Praecepto.</span> 
     </span>
    </p>
   </div>
   <div class='ocr_carea' id='block_1_12' title="bbox 1227 1174 1883 1224">
    <p class='ocr_par' dir='ltr' id='par_1_17' title="bbox 1227 1174 1883 1224">
     <span class='ocr_line' id='line_1_73' title="bbox 1227 1174 1883 1224; baseline 0 -14"><span class='ocrx_word' id='word_1_477' title='bbox 1227 1174 1322 1210; x_wconf 80' lang='lat' dir='ltr'>Bibe</span> <span class='ocrx_word' id='word_1_478' title='bbox 1335 1189 1472 1224; x_wconf 81' lang='lat' dir='ltr'>aquam</span> <span class='ocrx_word' id='word_1_479' title='bbox 1491 1174 1532 1210; x_wconf 85' lang='lat' dir='ltr'>de</span> <span class='ocrx_word' id='word_1_480' title='bbox 1549 1176 1622 1210; x_wconf 82' lang='lat' dir='ltr'>tuis</span> <span class='ocrx_word' id='word_1_481' title='bbox 1631 1175 1806 1224; x_wconf 78' lang='lat' dir='ltr'>sontibus</span> <span class='ocrx_word' id='word_1_482' title='bbox 1823 1181 1883 1211; x_wconf 86' lang='lat' dir='ltr'>elc.</span> 
     </span>
    </p>
   </div>
   <div class='ocr_carea' id='block_1_13' title="bbox 1175 1242 2156 1645">
    <p class='ocr_par' dir='ltr' id='par_1_18' title="bbox 1175 1242 2156 1645">
     <span class='ocr_line' id='line_1_74' title="bbox 1279 1242 2156 1288; baseline -0.002 -10"><span class='ocrx_word' id='word_1_483' title='bbox 1279 1244 1393 1279; x_wconf 89' lang='lat' dir='ltr'>Simul</span> <span class='ocrx_word' id='word_1_484' title='bbox 1419 1245 1617 1288; x_wconf 87' lang='lat' dir='ltr'>complexus</span> <span class='ocrx_word' id='word_1_485' title='bbox 1642 1252 1691 1278; x_wconf 89' lang='lat' dir='ltr'>est</span> <span class='ocrx_word' id='word_1_486' title='bbox 1715 1242 1772 1278; x_wconf 90' lang='lat' dir='ltr'>hic</span> <span class='ocrx_word' id='word_1_487' title='bbox 1795 1250 1976 1288; x_wconf 89' lang='lat' dir='ltr'>praecepta</span> <span class='ocrx_word' id='word_1_488' title='bbox 1995 1244 2038 1277; x_wconf 90' lang='lat' dir='ltr'>de</span> <span class='ocrx_word' id='word_1_489' title='bbox 2057 1243 2156 1277; x_wconf 89' lang='lat' dir='ltr'>iusti-</span> 
     </span>
     <span class='ocr_line' id='line_1_75' title="bbox 1177 1294 2156 1339; baseline -0.001 -11"><span class='ocrx_word' id='word_1_490' title='bbox 1177 1296 1228 1329; x_wconf 91' lang='lat' dir='ltr'>cia</span> <span class='ocrx_word' id='word_1_491' title='bbox 1251 1296 1473 1339; x_wconf 91' lang='lat' dir='ltr'>particulari,</span> <span class='ocrx_word' id='word_1_492' title='bbox 1498 1295 1696 1329; x_wconf 88' lang='lat' dir='ltr'>abstinente</span> <span class='ocrx_word' id='word_1_493' title='bbox 1718 1307 1736 1328; x_wconf 94' lang='lat' dir='ltr'>a</span> <span class='ocrx_word' id='word_1_494' title='bbox 1761 1297 1864 1329; x_wconf 90' lang='lat' dir='ltr'>rebus</span> <span class='ocrx_word' id='word_1_495' title='bbox 1886 1294 2028 1335; x_wconf 88' lang='lat' dir='ltr'>alienis,</span> <span class='ocrx_word' id='word_1_496' title='bbox 2056 1301 2089 1328; x_wconf 92' lang='lat' dir='ltr'>et</span> <span class='ocrx_word' id='word_1_497' title='bbox 2114 1295 2156 1327; x_wconf 92' lang='lat' dir='ltr'>de</span> 
     </span>
     <span class='ocr_line' id='line_1_76' title="bbox 1178 1344 2156 1390; baseline -0.002 -11"><span class='ocrx_word' id='word_1_498' title='bbox 1178 1347 1410 1390; x_wconf 84' lang='lat' dir='ltr'>parsimonia,</span> <span class='ocrx_word' id='word_1_499' title='bbox 1442 1353 1475 1380; x_wconf 90' lang='lat' dir='ltr'>et</span> <span class='ocrx_word' id='word_1_500' title='bbox 1498 1347 1540 1378; x_wconf 89' lang='lat' dir='ltr'>de</span> <span class='ocrx_word' id='word_1_501' title='bbox 1564 1346 1784 1382; x_wconf 89' lang='lat' dir='ltr'>liberalitate.</span> <span class='ocrx_word' id='word_1_502' title='bbox 1837 1344 1890 1379; x_wconf 90' lang='lat' dir='ltr'>Ac</span> <span class='ocrx_word' id='word_1_503' title='bbox 1914 1346 2066 1389; x_wconf 90' lang='lat' dir='ltr'>primum</span> <span class='ocrx_word' id='word_1_504' title='bbox 2092 1345 2156 1377; x_wconf 90' lang='lat' dir='ltr'>ob-</span> 
     </span>
     <span class='ocr_line' id='line_1_77' title="bbox 1177 1394 2155 1439; baseline -0.003 -9"><span class='ocrx_word' id='word_1_505' title='bbox 1177 1404 1334 1431; x_wconf 83' lang='lat' dir='ltr'>servetur</span> <span class='ocrx_word' id='word_1_506' title='bbox 1365 1395 1421 1430; x_wconf 92' lang='lat' dir='ltr'>hic</span> <span class='ocrx_word' id='word_1_507' title='bbox 1452 1397 1588 1439; x_wconf 88' lang='lat' dir='ltr'>insigne</span> <span class='ocrx_word' id='word_1_508' title='bbox 1618 1397 1855 1430; x_wconf 88' lang='lat' dir='ltr'>testimonium</span> <span class='ocrx_word' id='word_1_509' title='bbox 1882 1403 2001 1429; x_wconf 87' lang='lat' dir='ltr'>contra</span> <span class='ocrx_word' id='word_1_510' title='bbox 2026 1394 2155 1428; x_wconf 86' lang='lat' dir='ltr'>Mona-</span> 
     </span>
     <span class='ocr_line' id='line_1_78' title="bbox 1177 1446 2156 1491; baseline -0.003 -10"><span class='ocrx_word' id='word_1_511' title='bbox 1177 1446 1259 1481; x_wconf 90' lang='lat' dir='ltr'>chos</span> <span class='ocrx_word' id='word_1_512' title='bbox 1284 1455 1317 1482; x_wconf 90' lang='lat' dir='ltr'>et</span> <span class='ocrx_word' id='word_1_513' title='bbox 1334 1448 1598 1491; x_wconf 88' lang='lat' dir='ltr'>Anabaptistas‚</span> <span class='ocrx_word' id='word_1_514' title='bbox 1626 1448 1807 1481; x_wconf 89' lang='lat' dir='ltr'>laudantes</span> <span class='ocrx_word' id='word_1_515' title='bbox 1823 1446 2038 1480; x_wconf 90' lang='lat' dir='ltr'>Platonicam</span> <span class='ocrx_word' id='word_1_516' title='bbox 2060 1458 2156 1479; x_wconf 79' lang='lat' dir='ltr'>com-</span> 
     </span>
     <span class='ocr_line' id='line_1_79' title="bbox 1175 1495 2156 1543; baseline -0.002 -12"><span class='ocrx_word' id='word_1_517' title='bbox 1175 1499 1395 1533; x_wconf 89' lang='lat' dir='ltr'>munionem.</span> <span class='ocrx_word' id='word_1_518' title='bbox 1445 1497 1513 1532; x_wconf 84' lang='lat' dir='ltr'>Hic</span> <span class='ocrx_word' id='word_1_519' title='bbox 1537 1499 1630 1531; x_wconf 90' lang='lat' dir='ltr'>enim</span> <span class='ocrx_word' id='word_1_520' title='bbox 1657 1509 1813 1543; x_wconf 90' lang='lat' dir='ltr'>expresse</span> <span class='ocrx_word' id='word_1_521' title='bbox 1833 1498 1976 1531; x_wconf 88' lang='lat' dir='ltr'>dicitur:</span> <span class='ocrx_word' id='word_1_522' title='bbox 2005 1496 2063 1530; x_wconf 90' lang='lat' dir='ltr'>Tu</span> <span class='ocrx_word' id='word_1_523' title='bbox 2081 1495 2156 1530; x_wconf 93' lang='lat' dir='ltr'>Do-</span> 
     </span>
     <span class='ocr_line' id='line_1_80' title="bbox 1175 1548 2154 1590; baseline 0 -8"><span class='ocrx_word' id='word_1_524' title='bbox 1175 1550 1292 1584; x_wconf 91' lang='lat' dir='ltr'>minus</span> <span class='ocrx_word' id='word_1_525' title='bbox 1316 1561 1433 1583; x_wconf 89' lang='lat' dir='ltr'>rerum</span> <span class='ocrx_word' id='word_1_526' title='bbox 1459 1557 1598 1584; x_wconf 90' lang='lat' dir='ltr'>tuarum</span> <span class='ocrx_word' id='word_1_527' title='bbox 1622 1556 1780 1590; x_wconf 90' lang='lat' dir='ltr'>maneto,</span> <span class='ocrx_word' id='word_1_528' title='bbox 1805 1555 1835 1582; x_wconf 88' lang='lat' dir='ltr'>et</span> <span class='ocrx_word' id='word_1_529' title='bbox 1859 1560 1931 1582; x_wconf 91' lang='lat' dir='ltr'>non</span> <span class='ocrx_word' id='word_1_530' title='bbox 1953 1548 2013 1581; x_wconf 91' lang='lat' dir='ltr'>alii</span> <span class='ocrx_word' id='word_1_531' title='bbox 2032 1554 2154 1582; x_wconf 89' lang='lat' dir='ltr'>tecum.</span> 
     </span>
     <span class='ocr_line' id='line_1_81' title="bbox 1175 1598 2156 1645; baseline -0.005 -10"><span class='ocrx_word' id='word_1_532' title='bbox 1175 1600 1274 1635; x_wconf 87' lang='lat' dir='ltr'>Sicut</span> <span class='ocrx_word' id='word_1_533' title='bbox 1298 1601 1335 1633; x_wconf 92' lang='lat' dir='ltr'>in</span> <span class='ocrx_word' id='word_1_534' title='bbox 1361 1606 1563 1645; x_wconf 90' lang='lat' dir='ltr'>praecepto,</span> <span class='ocrx_word' id='word_1_535' title='bbox 1590 1599 1670 1634; x_wconf 91' lang='lat' dir='ltr'>Non</span> <span class='ocrx_word' id='word_1_536' title='bbox 1695 1601 1827 1634; x_wconf 88' lang='lat' dir='ltr'>furtum</span> <span class='ocrx_word' id='word_1_537' title='bbox 1852 1599 1973 1640; x_wconf 78' lang='lat' dir='ltr'>facies,</span> <span class='ocrx_word' id='word_1_538' title='bbox 2001 1598 2156 1632; x_wconf 92' lang='lat' dir='ltr'>sancitur</span> 
     </span>
    </p>
   </div>
   <div class='ocr_carea' id='block_1_14' title="bbox 1174 1647 2154 1735">
    <p class='ocr_par' dir='ltr' id='par_1_19' title="bbox 1174 1647 2154 1735">
     <span class='ocr_line' id='line_1_82' title="bbox 1175 1647 2154 1685; baseline -0.003 -2"><span class='ocrx_word' id='word_1_539' title='bbox 1175 1652 1353 1685; x_wconf 90' lang='lat' dir='ltr'>distinctio</span> <span class='ocrx_word' id='word_1_540' title='bbox 1378 1652 1634 1685; x_wconf 89' lang='lat' dir='ltr'>dominiorum:</span> <span class='ocrx_word' id='word_1_541' title='bbox 1661 1651 1707 1684; x_wconf 89' lang='lat' dir='ltr'>ita</span> <span class='ocrx_word' id='word_1_542' title='bbox 1731 1651 1879 1684; x_wconf 91' lang='lat' dir='ltr'>sciamus</span> <span class='ocrx_word' id='word_1_543' title='bbox 1903 1662 1976 1683; x_wconf 90' lang='lat' dir='ltr'>eam</span> <span class='ocrx_word' id='word_1_544' title='bbox 1997 1647 2052 1681; x_wconf 88' lang='lat' dir='ltr'>hic</span> <span class='ocrx_word' id='word_1_545' title='bbox 2069 1660 2154 1681; x_wconf 91' lang='lat' dir='ltr'>con-</span> 
     </span>
     <span class='ocr_line' id='line_1_83' title="bbox 1174 1695 2153 1735; baseline 0.001 -6"><span class='ocrx_word' id='word_1_546' title='bbox 1174 1702 1322 1735; x_wconf 73' lang='lat' dir='ltr'>firmari,</span> <span class='ocrx_word' id='word_1_547' title='bbox 1360 1708 1438 1729; x_wconf 90' lang='lat' dir='ltr'>cum</span> <span class='ocrx_word' id='word_1_548' title='bbox 1471 1698 1534 1729; x_wconf 88' lang='lat' dir='ltr'>ait:</span> <span class='ocrx_word' id='word_1_549' title='bbox 1572 1695 1627 1729; x_wconf 90' lang='lat' dir='ltr'>Tu</span> <span class='ocrx_word' id='word_1_550' title='bbox 1660 1696 1836 1730; x_wconf 86' lang='lat' dir='ltr'>Dominus</span> <span class='ocrx_word' id='word_1_551' title='bbox 1867 1709 1983 1730; x_wconf 91' lang='lat' dir='ltr'>rerum</span> <span class='ocrx_word' id='word_1_552' title='bbox 2013 1705 2153 1731; x_wconf 90' lang='lat' dir='ltr'>tuarum</span> 
     </span>
    </p>
   </div>
   <div class='ocr_carea' id='block_1_15' title="bbox 1165 1746 2153 2451">
    <p class='ocr_par' dir='ltr' id='par_1_20' title="bbox 1165 1746 2153 2451">
     <span class='ocr_line' id='line_1_84' title="bbox 1172 1746 2152 1791; baseline 0.003 -13"><span class='ocrx_word' id='word_1_553' title='bbox 1172 1753 1331 1787; x_wconf 90' lang='lat' dir='ltr'>maneto,</span> <span class='ocrx_word' id='word_1_554' title='bbox 1366 1753 1399 1780; x_wconf 89' lang='lat' dir='ltr'>et</span> <span class='ocrx_word' id='word_1_555' title='bbox 1426 1758 1499 1779; x_wconf 91' lang='lat' dir='ltr'>non</span> <span class='ocrx_word' id='word_1_556' title='bbox 1522 1746 1583 1779; x_wconf 88' lang='lat' dir='ltr'>alii</span> <span class='ocrx_word' id='word_1_557' title='bbox 1606 1753 1731 1782; x_wconf 89' lang='lat' dir='ltr'>tecum.</span> <span class='ocrx_word' id='word_1_558' title='bbox 1792 1746 1844 1780; x_wconf 91' lang='lat' dir='ltr'>Ac</span> <span class='ocrx_word' id='word_1_559' title='bbox 1870 1748 1912 1780; x_wconf 92' lang='lat' dir='ltr'>de</span> <span class='ocrx_word' id='word_1_560' title='bbox 1938 1748 2152 1791; x_wconf 86' lang='lat' dir='ltr'>parsimonia</span> 
     </span>
     <span class='ocr_line' id='line_1_85' title="bbox 1171 1794 2153 1844; baseline 0.002 -15"><span class='ocrx_word' id='word_1_561' title='bbox 1171 1809 1275 1840; x_wconf 91' lang='lat' dir='ltr'>supra</span> <span class='ocrx_word' id='word_1_562' title='bbox 1300 1797 1482 1840; x_wconf 89' lang='lat' dir='ltr'>praecipit:</span> <span class='ocrx_word' id='word_1_563' title='bbox 1509 1794 1598 1831; x_wconf 87' lang='lat' dir='ltr'>Non</span> <span class='ocrx_word' id='word_1_564' title='bbox 1615 1794 1676 1830; x_wconf 76' lang='lat' dir='ltr'>des</span> <span class='ocrx_word' id='word_1_565' title='bbox 1685 1795 1892 1844; x_wconf 77' lang='lat' dir='ltr'>facultates</span> <span class='ocrx_word' id='word_1_566' title='bbox 1907 1801 1991 1831; x_wconf 79' lang='lat' dir='ltr'>luas</span> <span class='ocrx_word' id='word_1_567' title='bbox 2007 1795 2153 1839; x_wconf 82' lang='lat' dir='ltr'>alienis,</span> 
     </span>
     <span class='ocr_line' id='line_1_86' title="bbox 1171 1845 2151 1890; baseline 0.002 -10"><span class='ocrx_word' id='word_1_568' title='bbox 1171 1850 1201 1880; x_wconf 83' lang='lat' dir='ltr'>et</span> <span class='ocrx_word' id='word_1_569' title='bbox 1217 1859 1335 1880; x_wconf 81' lang='lat' dir='ltr'>annos</span> <span class='ocrx_word' id='word_1_570' title='bbox 1353 1851 1432 1880; x_wconf 78' lang='lat' dir='ltr'>litos</span> <span class='ocrx_word' id='word_1_571' title='bbox 1448 1845 1596 1882; x_wconf 84' lang='lat' dir='ltr'>crudeli.</span> <span class='ocrx_word' id='word_1_572' title='bbox 1648 1847 1816 1881; x_wconf 88' lang='lat' dir='ltr'>Crudeles</span> <span class='ocrx_word' id='word_1_573' title='bbox 1833 1849 2012 1890; x_wconf 90' lang='lat' dir='ltr'>nominat,</span> <span class='ocrx_word' id='word_1_574' title='bbox 2035 1847 2151 1882; x_wconf 70' lang='lat' dir='ltr'>Hira-</span> 
     </span>
     <span class='ocr_line' id='line_1_87' title="bbox 1171 1895 2151 1943; baseline 0.003 -12"><span class='ocrx_word' id='word_1_575' title='bbox 1171 1895 1290 1937; x_wconf 82' lang='lat' dir='ltr'>dines,</span> <span class='ocrx_word' id='word_1_576' title='bbox 1318 1910 1406 1943; x_wconf 92' lang='lat' dir='ltr'>quae</span> <span class='ocrx_word' id='word_1_577' title='bbox 1423 1897 1617 1932; x_wconf 85' lang='lat' dir='ltr'>abutuntur</span> <span class='ocrx_word' id='word_1_578' title='bbox 1634 1898 1756 1932; x_wconf 90' lang='lat' dir='ltr'>alienis</span> <span class='ocrx_word' id='word_1_579' title='bbox 1768 1899 2004 1935; x_wconf 81' lang='lat' dir='ltr'>facultatibus.</span> <span class='ocrx_word' id='word_1_580' title='bbox 2056 1898 2151 1934; x_wconf 88' lang='lat' dir='ltr'>Haec</span> 
     </span>
     <span class='ocr_line' id='line_1_88' title="bbox 1170 1949 2150 1994; baseline 0.001 -12"><span class='ocrx_word' id='word_1_581' title='bbox 1170 1954 1336 1993; x_wconf 85' lang='lat' dir='ltr'>rapacitas</span> <span class='ocrx_word' id='word_1_582' title='bbox 1360 1949 1396 1981; x_wconf 92' lang='lat' dir='ltr'>in</span> <span class='ocrx_word' id='word_1_583' title='bbox 1422 1949 1512 1982; x_wconf 88' lang='lat' dir='ltr'>aulis</span> <span class='ocrx_word' id='word_1_584' title='bbox 1536 1949 1755 1993; x_wconf 89' lang='lat' dir='ltr'>conspectior</span> <span class='ocrx_word' id='word_1_585' title='bbox 1780 1956 1848 1991; x_wconf 88' lang='lat' dir='ltr'>est,</span> <span class='ocrx_word' id='word_1_586' title='bbox 1875 1956 1908 1984; x_wconf 89' lang='lat' dir='ltr'>et</span> <span class='ocrx_word' id='word_1_587' title='bbox 1934 1950 2091 1994; x_wconf 83' lang='lat' dir='ltr'>pingitur</span> <span class='ocrx_word' id='word_1_588' title='bbox 2113 1951 2150 1983; x_wconf 90' lang='lat' dir='ltr'>in</span> 
     </span>
     <span class='ocr_line' id='line_1_89' title="bbox 1168 1999 2149 2045; baseline 0.003 -13"><span class='ocrx_word' id='word_1_589' title='bbox 1168 2000 1286 2033; x_wconf 84' lang='lat' dir='ltr'>fabula</span> <span class='ocrx_word' id='word_1_590' title='bbox 1302 1999 1509 2039; x_wconf 87' lang='lat' dir='ltr'>Actaeonis,</span> <span class='ocrx_word' id='word_1_591' title='bbox 1537 2012 1639 2045; x_wconf 86' lang='lat' dir='ltr'>quem</span> <span class='ocrx_word' id='word_1_592' title='bbox 1658 2000 1711 2033; x_wconf 89' lang='lat' dir='ltr'>sui</span> <span class='ocrx_word' id='word_1_593' title='bbox 1728 2011 1828 2034; x_wconf 89' lang='lat' dir='ltr'>canes</span> <span class='ocrx_word' id='word_1_594' title='bbox 1843 2001 2043 2035; x_wconf 91' lang='lat' dir='ltr'>dilacerant.</span> <span class='ocrx_word' id='word_1_595' title='bbox 2097 2000 2149 2035; x_wconf 90' lang='lat' dir='ltr'>De</span> 
     </span>
     <span class='ocr_line' id='line_1_90' title="bbox 1168 2051 2149 2097; baseline 0.002 -14"><span class='ocrx_word' id='word_1_596' title='bbox 1168 2051 1378 2084; x_wconf 91' lang='lat' dir='ltr'>liberalitate</span> <span class='ocrx_word' id='word_1_597' title='bbox 1408 2062 1492 2083; x_wconf 90' lang='lat' dir='ltr'>vero</span> <span class='ocrx_word' id='word_1_598' title='bbox 1523 2057 1555 2084; x_wconf 86' lang='lat' dir='ltr'>et</span> <span class='ocrx_word' id='word_1_599' title='bbox 1585 2051 1814 2097; x_wconf 79' lang='lat' dir='ltr'>eleemosynis</span> <span class='ocrx_word' id='word_1_600' title='bbox 1836 2052 2035 2085; x_wconf 90' lang='lat' dir='ltr'>dulcissime</span> <span class='ocrx_word' id='word_1_601' title='bbox 2059 2052 2149 2086; x_wconf 87' lang='lat' dir='ltr'>dici-</span> 
     </span>
     <span class='ocr_line' id='line_1_91' title="bbox 1168 2098 2150 2149; baseline 0.001 -15"><span class='ocrx_word' id='word_1_602' title='bbox 1168 2108 1243 2135; x_wconf 89' lang='lat' dir='ltr'>tur:</span> <span class='ocrx_word' id='word_1_603' title='bbox 1272 2098 1496 2134; x_wconf 70' lang='lat' dir='ltr'>Dericentur</span> <span class='ocrx_word' id='word_1_604' title='bbox 1512 2100 1640 2148; x_wconf 80' lang='lat' dir='ltr'>sontes</span> <span class='ocrx_word' id='word_1_605' title='bbox 1665 2100 1866 2149; x_wconf 71' lang='lat' dir='ltr'>[misor-as,</span> <span class='ocrx_word' id='word_1_606' title='bbox 1894 2106 1924 2135; x_wconf 79' lang='lat' dir='ltr'>et</span> <span class='ocrx_word' id='word_1_607' title='bbox 1949 2106 1987 2135; x_wconf 79' lang='lat' dir='ltr'>lu</span> <span class='ocrx_word' id='word_1_608' title='bbox 2012 2100 2150 2135; x_wconf 87' lang='lat' dir='ltr'>Domi-</span> 
     </span>
     <span class='ocr_line' id='line_1_92' title="bbox 1167 2152 2148 2197; baseline 0.003 -13"><span class='ocrx_word' id='word_1_609' title='bbox 1167 2163 1236 2185; x_wconf 82' lang='lat' dir='ltr'>nus</span> <span class='ocrx_word' id='word_1_610' title='bbox 1255 2163 1375 2185; x_wconf 79' lang='lat' dir='ltr'>eorum</span> <span class='ocrx_word' id='word_1_611' title='bbox 1393 2156 1555 2193; x_wconf 84' lang='lat' dir='ltr'>maneto,</span> <span class='ocrx_word' id='word_1_612' title='bbox 1583 2152 1617 2185; x_wconf 90' lang='lat' dir='ltr'>id</span> <span class='ocrx_word' id='word_1_613' title='bbox 1637 2159 1704 2191; x_wconf 86' lang='lat' dir='ltr'>est,</span> <span class='ocrx_word' id='word_1_614' title='bbox 1731 2153 1888 2197; x_wconf 88' lang='lat' dir='ltr'>largiaris</span> <span class='ocrx_word' id='word_1_615' title='bbox 1906 2154 1948 2186; x_wconf 90' lang='lat' dir='ltr'>de</span> <span class='ocrx_word' id='word_1_616' title='bbox 1965 2154 2148 2195; x_wconf 88' lang='lat' dir='ltr'>fructibus,</span> 
     </span>
     <span class='ocr_line' id='line_1_93' title="bbox 1167 2201 2147 2248; baseline 0.001 -12"><span class='ocrx_word' id='word_1_617' title='bbox 1167 2203 1214 2237; x_wconf 87' lang='lat' dir='ltr'>ita</span> <span class='ocrx_word' id='word_1_618' title='bbox 1245 2210 1284 2237; x_wconf 89' lang='lat' dir='ltr'>ut</span> <span class='ocrx_word' id='word_1_619' title='bbox 1315 2203 1466 2237; x_wconf 88' lang='lat' dir='ltr'>retinere</span> <span class='ocrx_word' id='word_1_620' title='bbox 1496 2203 1607 2246; x_wconf 89' lang='lat' dir='ltr'>possis</span> <span class='ocrx_word' id='word_1_621' title='bbox 1634 2203 1796 2239; x_wconf 83' lang='lat' dir='ltr'>fundum.</span> <span class='ocrx_word' id='word_1_622' title='bbox 1848 2201 2015 2243; x_wconf 76' lang='lat' dir='ltr'>Ostendit</span> <span class='ocrx_word' id='word_1_623' title='bbox 2041 2205 2147 2248; x_wconf 88' lang='lat' dir='ltr'>igitur</span> 
     </span>
     <span class='ocr_line' id='line_1_94' title="bbox 1166 2254 2145 2295; baseline 0.002 -9"><span class='ocrx_word' id='word_1_624' title='bbox 1166 2255 1311 2288; x_wconf 89' lang='lat' dir='ltr'>modum</span> <span class='ocrx_word' id='word_1_625' title='bbox 1350 2254 1589 2293; x_wconf 86' lang='lat' dir='ltr'>liberalitatis,</span> <span class='ocrx_word' id='word_1_626' title='bbox 1630 2254 1707 2288; x_wconf 90' lang='lat' dir='ltr'>vult</span> <span class='ocrx_word' id='word_1_627' title='bbox 1743 2254 1898 2287; x_wconf 89' lang='lat' dir='ltr'>dominia</span> <span class='ocrx_word' id='word_1_628' title='bbox 1934 2255 2145 2295; x_wconf 84' lang='lat' dir='ltr'>conservari,</span> 
     </span>
     <span class='ocr_line' id='line_1_95' title="bbox 1167 2303 2145 2349; baseline 0 -11"><span class='ocrx_word' id='word_1_629' title='bbox 1167 2317 1239 2338; x_wconf 88' lang='lat' dir='ltr'>non</span> <span class='ocrx_word' id='word_1_630' title='bbox 1271 2305 1343 2339; x_wconf 81' lang='lat' dir='ltr'>fieri</span> <span class='ocrx_word' id='word_1_631' title='bbox 1372 2304 1592 2349; x_wconf 85' lang='lat' dir='ltr'>profusiones</span> <span class='ocrx_word' id='word_1_632' title='bbox 1622 2311 1654 2338; x_wconf 92' lang='lat' dir='ltr'>et</span> <span class='ocrx_word' id='word_1_633' title='bbox 1680 2305 1924 2349; x_wconf 90' lang='lat' dir='ltr'>dissipationes</span> <span class='ocrx_word' id='word_1_634' title='bbox 1950 2303 2145 2339; x_wconf 88' lang='lat' dir='ltr'>haeredita-</span> 
     </span>
     <span class='ocr_line' id='line_1_96' title="bbox 1165 2355 2144 2399; baseline -0.001 -10"><span class='ocrx_word' id='word_1_635' title='bbox 1165 2362 1260 2399; x_wconf 88' lang='lat' dir='ltr'>tum,</span> <span class='ocrx_word' id='word_1_636' title='bbox 1289 2363 1321 2390; x_wconf 88' lang='lat' dir='ltr'>et</span> <span class='ocrx_word' id='word_1_637' title='bbox 1345 2363 1462 2390; x_wconf 91' lang='lat' dir='ltr'>tamen</span> <span class='ocrx_word' id='word_1_638' title='bbox 1484 2355 1560 2390; x_wconf 88' lang='lat' dir='ltr'>vult</span> <span class='ocrx_word' id='word_1_639' title='bbox 1585 2355 1697 2388; x_wconf 79' lang='lat' dir='ltr'>iuvari</span> <span class='ocrx_word' id='word_1_640' title='bbox 1721 2362 1857 2399; x_wconf 89' lang='lat' dir='ltr'>egentes</span> <span class='ocrx_word' id='word_1_641' title='bbox 1883 2368 1946 2399; x_wconf 91' lang='lat' dir='ltr'>pro</span> <span class='ocrx_word' id='word_1_642' title='bbox 1969 2356 2144 2389; x_wconf 78' lang='lat' dir='ltr'>facultati-</span> 
     </span>
     <span class='ocr_line' id='line_1_97' title="bbox 1165 2405 2144 2451; baseline 0.001 -11"><span class='ocrx_word' id='word_1_643' title='bbox 1165 2407 1248 2449; x_wconf 88' lang='lat' dir='ltr'>bus,</span> <span class='ocrx_word' id='word_1_644' title='bbox 1270 2407 1360 2441; x_wconf 88' lang='lat' dir='ltr'>sicut</span> <span class='ocrx_word' id='word_1_645' title='bbox 1375 2405 1551 2440; x_wconf 88' lang='lat' dir='ltr'>Dominus</span> <span class='ocrx_word' id='word_1_646' title='bbox 1567 2406 1698 2451; x_wconf 89' lang='lat' dir='ltr'>inquit:</span> <span class='ocrx_word' id='word_1_647' title='bbox 1726 2406 1815 2441; x_wconf 88' lang='lat' dir='ltr'>Date</span> <span class='ocrx_word' id='word_1_648' title='bbox 1832 2418 1893 2450; x_wconf 92' lang='lat' dir='ltr'>pro</span> <span class='ocrx_word' id='word_1_649' title='bbox 1910 2406 2144 2441; x_wconf 77' lang='lat' dir='ltr'>facultatibus,</span> 
     </span>
    </p>
   </div>
   <div class='ocr_carea' id='block_1_16' title="bbox 1163 2488 2143 2706">
    <p class='ocr_par' dir='ltr' id='par_1_21' title="bbox 1213 2488 2143 2577">
     <span class='ocr_line' id='line_1_98' title="bbox 1213 2488 2143 2539; baseline -0.001 -15"><span class='ocrx_word' id='word_1_650' title='bbox 1213 2488 1308 2525; x_wconf 77' lang='lat' dir='ltr'>Pene</span> <span class='ocrx_word' id='word_1_651' title='bbox 1322 2490 1391 2539; x_wconf 84' lang='lat' dir='ltr'>sui</span> <span class='ocrx_word' id='word_1_652' title='bbox 1418 2491 1455 2524; x_wconf 88' lang='lat' dir='ltr'>in</span> <span class='ocrx_word' id='word_1_653' title='bbox 1484 2489 1585 2524; x_wconf 86' lang='lat' dir='ltr'>omni</span> <span class='ocrx_word' id='word_1_654' title='bbox 1605 2489 1723 2531; x_wconf 84' lang='lat' dir='ltr'>malo,</span> <span class='ocrx_word' id='word_1_655' title='bbox 1757 2491 1794 2524; x_wconf 87' lang='lat' dir='ltr'>in</span> <span class='ocrx_word' id='word_1_656' title='bbox 1815 2488 1931 2524; x_wconf 83' lang='lat' dir='ltr'>medio</span> <span class='ocrx_word' id='word_1_657' title='bbox 1949 2501 2143 2536; x_wconf 77' lang='lat' dir='ltr'>congrega-</span> 
     </span>
     <span class='ocr_line' id='line_1_99' title="bbox 1266 2542 1392 2577; baseline 0.016 -2"><span class='ocrx_word' id='word_1_658' title='bbox 1266 2542 1392 2577; x_wconf 77' lang='lat' dir='ltr'>lionis.</span> 
     </span>
    </p>

    <p class='ocr_par' dir='ltr' id='par_1_22' title="bbox 1265 2608 2143 2656">
     <span class='ocr_line' id='line_1_100' title="bbox 1265 2608 2143 2656; baseline 0 -13"><span class='ocrx_word' id='word_1_659' title='bbox 1265 2609 1307 2643; x_wconf 93' lang='lat' dir='ltr'>In</span> <span class='ocrx_word' id='word_1_660' title='bbox 1332 2608 1399 2644; x_wconf 87' lang='lat' dir='ltr'>boc</span> <span class='ocrx_word' id='word_1_661' title='bbox 1424 2612 1536 2656; x_wconf 88' lang='lat' dir='ltr'>capite</span> <span class='ocrx_word' id='word_1_662' title='bbox 1563 2619 1594 2646; x_wconf 86' lang='lat' dir='ltr'>et</span> <span class='ocrx_word' id='word_1_663' title='bbox 1619 2610 1702 2645; x_wconf 89' lang='lat' dir='ltr'>baec</span> <span class='ocrx_word' id='word_1_664' title='bbox 1728 2609 1874 2653; x_wconf 88' lang='lat' dir='ltr'>insignis</span> <span class='ocrx_word' id='word_1_665' title='bbox 1891 2609 2060 2643; x_wconf 86' lang='lat' dir='ltr'>sententia</span> <span class='ocrx_word' id='word_1_666' title='bbox 2078 2610 2143 2644; x_wconf 86' lang='lat' dir='ltr'>ob-</span> 
     </span>
    </p>

    <p class='ocr_par' dir='ltr' id='par_1_23' title="bbox 1163 2657 2142 2706">
     <span class='ocr_line' id='line_1_101' title="bbox 1163 2657 2142 2706; baseline -0.002 -12"><span class='ocrx_word' id='word_1_667' title='bbox 1163 2667 1321 2695; x_wconf 83' lang='lat' dir='ltr'>servetur</span> <span class='ocrx_word' id='word_1_668' title='bbox 1348 2663 1391 2695; x_wconf 87' lang='lat' dir='ltr'>de</span> <span class='ocrx_word' id='word_1_669' title='bbox 1416 2663 1581 2706; x_wconf 88' lang='lat' dir='ltr'>exemplis</span> <span class='ocrx_word' id='word_1_670' title='bbox 1605 2661 1860 2695; x_wconf 89' lang='lat' dir='ltr'>multitudinis:</span> <span class='ocrx_word' id='word_1_671' title='bbox 1896 2657 1990 2693; x_wconf 72' lang='lat' dir='ltr'>Pane</span> <span class='ocrx_word' id='word_1_672' title='bbox 2017 2659 2078 2702; x_wconf 85' lang='lat' dir='ltr'>fui</span> <span class='ocrx_word' id='word_1_673' title='bbox 2104 2660 2142 2692; x_wconf 87' lang='lat' dir='ltr'>in</span> 
     </span>
    </p>
   </div>
  </div>
 </body>
</html>
