2409 2915
132 141 181 177 29

132 235 192 263 net
216 239 298 262 vera
319 228 426 261 altera
450 226 586 269 regula,
617 227 699 271 quia
725 227 791 270 ipsi
809 239 950 272 quoque
969 228 1112 272 plerun-

132 291 200 325 que
230 279 267 311 in
293 276 356 312 hac
381 278 452 311 vita
478 277 666 320 rapiuntur
691 277 735 310 ad
763 290 910 321 poenas,
936 279 1030 313 iuxta
1055 280 1111 312 di—

132 337 243 364 ctum:
272 329 327 363 Ad
345 339 509 371 generum
521 326 659 361 Cereris
678 327 754 361 sine
772 330 877 361 caede
894 336 924 361 et
942 331 1110 372 sanguine

130 381 233 425 pauci
259 379 473 412 descendunt
498 390 612 421 reges,
645 386 677 411 et
701 379 789 411 sicca
819 388 930 413 morte
955 381 1109 424 tyranni.
1134 401 1136 420 1,

133 431 343 475 Quanquam
355 429 462 471 igitur
478 428 604 462 florent
620 429 840 474 aliquandiu,
858 437 972 463 tamen
992 438 1109 474 postea

131 481 353 515 excutiuntur
371 491 410 512 ex
429 479 599 522 imperiis,

227 529 390 564 Secundo
414 530 477 563 scit
500 528 653 562 Ecclesia
678 529 835 563 iusticiae
859 528 923 562 Dei
942 532 1109 564 conveni-

127 593 182 619 re,
209 587 248 614 ut
272 580 399 613 scelera
425 592 498 612 non
517 586 652 613 tantum
681 581 921 624 praesentibus
938 589 969 614 et
990 583 1133 614 brevi-

126 633 191 666 bus
208 630 390 674 suppliciis
404 630 544 674 puniat,
572 632 630 664 sed
653 631 814 665 aeternis.
858 631 939 664 ldeo
958 644 1106 676 respon-

125 684 182 716 det
204 683 247 715 ad
269 679 334 714 hoc
364 688 623 724 argumentum.
687 681 790 714 lustis
822 683 983 725 congruit
1020 684 1106 716 bene

1132 528 1134 541 l

563 141 607 177 X.
659 138 959 176 EXPLchTto
987 140 1397 181 PROVERBIORUM
1424 145 1724 186 SALOMONIS.

1130 715 1132 731 ’κ
1155 705 1234 738 licet
1258 712 1403 738 naturae
1415 733 1424 746 ‚

124 744 218 771 esse,
246 731 386 765 iniustis
403 732 503 764 male.
556 731 710 766 Ecclesia
735 739 784 765 est
807 733 917 771 iusta,
945 733 1105 778 Tyranni

124 790 206 818 sunt
232 783 375 823 iniusti,
409 781 504 825 Ergo
526 781 703 816 Ecclesiae
727 783 816 815 bene
837 783 900 823 sit,
929 783 1105 828 Tyrannis
1129 798 1131 833 j

122 834 224 869 male.
285 832 490 877 Respondet
518 832 670 866 Ecclesia
704 834 746 865 ad
772 834 958 866 maiorem:
1010 833 1105 867 Cou-
1129 848 1130 855 ¹

121 884 216 928 gruit
234 884 332 917 iustis
354 885 442 917 bene
460 895 551 924 esse,
579 884 718 917 iniustis
738 885 844 924 male,
873 885 964 917 iuxta
990 885 1104 917 decla-

123 936 294 969 rationem
320 933 523 976 Evangelii,
565 936 660 979 quod
687 935 788 968 docet
819 947 927 980 quare
949 934 1102 968 Ecclesia

122 986 276 1020 subiecta
292 985 335 1018 sit
353 986 446 1018 cruci
476 985 511 1017 in
531 983 595 1017 hac
613 986 702 1025 vita,
731 992 762 1018 et
788 992 904 1018 tamen
922 997 1058 1028 semper
1085 999 1102 1018 a
1128 1003 1129 1007 ¹

122 1037 194 1071 Deo
211 1036 340 1069 servari
360 1043 497 1069 coetum
514 1036 690 1080 aliquem,
719 1042 750 1068 et
770 1043 886 1079 postea
903 1033 1102 1068 habituram
1127 1042 1129 1069 Ξ

121 1099 193 1121 esse
216 1085 407 1120 Ecclesiam
434 1092 575 1119 aeterna
603 1087 715 1125 bona,
743 1086 870 1129 impios
887 1093 1000 1119 autem
1028 1087 1101 1119 sore
1126 1105 1128 1115 ι

93 1167 98 1173 .
121 1139 158 1172 in
172 1138 323 1171 aeternis
344 1137 478 1181 poenis,
534 1135 607 1168 Imo
633 1134 716 1168 haec
742 1136 814 1179 ipsa
844 1137 997 1179 exempla
1020 1144 1102 1170 sunt
1125 1130 1128 1172 l

118 1188 316 1224 testimonia
335 1187 476 1220 venturi
495 1186 628 1221 iudicii.
683 1186 776 1228 Quia
791 1186 881 1219 Abel
905 1200 922 1219 a
939 1186 1027 1220 Caiu
1047 1189 1099 1220 in-
1125 1186 1127 1215 ἕ

120 1239 307 1276 terficitur,
335 1239 472 1271 etDeus
490 1237 599 1270 iustus
615 1243 714 1270 antea
731 1238 885 1270 ostendit
903 1250 938 1270 se
955 1238 1100 1281 diligere
1125 1258 1127 1267 ι

119 1289 222 1324 Abel.
273 1286 367 1330 Ergo
385 1294 488 1322 restat
505 1287 601 1319 aliud
619 1287 807 1328 iudicium,
837 1288 872 1320 in
892 1301 960 1332 quo
978 1297 1097 1322 osteu—

119 1343 221 1375 detur
234 1338 485 1371 dissimilitudo
506 1338 595 1370 Cain
615 1338 757 1371 etAbel.
812 1337 949 1371 Deinde
966 1341 1007 1371 ad
1030 1340 1097 1372 mi-

117 1402 239 1425 norem
269 1390 539 1433 respondeatur:
575 1387 731 1422 Ecclesia
755 1396 803 1422 est
830 1390 937 1430 iusta,
975 1390 1125 1429 videli-i

117 1449 170 1476 cet
190 1440 423 1484 imputatione
445 1446 478 1472 et
505 1439 721 1480 incoatione‚
755 1441 913 1473 noudum
938 1452 1101 1474 consum-
1123 1479 1125 1487 ᾖ

116 1492 280 1526 matione.
334 1489 446 1534 Igitur
467 1491 508 1522 ad
536 1497 673 1533 tempus
695 1498 892 1531 exercetur,
928 1498 966 1524 ut
991 1503 1099 1534 agno—
1123 1519 1124 1524 ,

117 1550 188 1578 scat
207 1541 376 1575 iudicium
393 1540 456 1574 Dei
475 1541 640 1574 adversus
666 1548 862 1585 peccatum,
889 1549 925 1575 ut
943 1542 979 1574 iu
996 1540 1100 1575 Esaia

115 1595 261 1629 dicitur:
286 1591 473 1634 Castigatio
493 1600 541 1625 est
559 1592 606 1624 eis
624 1592 827 1635 disciplina,
855 1600 893 1626 ut
912 1593 954 1625 ad
974 1600 1005 1626 te
1026 1594 1097 1626 cla-

115 1651 222 1679 ment.
275 1642 445 1687 Sequitur
462 1654 542 1685 ergo
560 1643 737 1674 conclusio
750 1670 758 1682 ‚
786 1643 926 1687 tyranni
945 1655 1044 1686 saepe
1062 1645 1098 1676 in
1123 1656 1124 1663 ¹

116 1694 182 1729 hac
199 1693 267 1726 vita
288 1693 505 1734 puniuntur,
521 1693 577 1724 sed
596 1693 842 1724 universaliter
860 1701 974 1735 postea
995 1702 1098 1727 eruut

117 1746 154 1778 in
173 1743 294 1787 poenis
312 1742 484 1784 aeternis,
511 1740 665 1774 Ecclesia
690 1743 751 1774 etsi
772 1743 955 1785 affligitur,
982 1750 1098 1775 tamen
1122 1754 1123 1780 1

115 1802 148 1828 et
164 1795 198 1826 in
216 1790 281 1825 hac
303 1792 370 1824 vita
389 1797 495 1824 sentit
512 1792 780 1833 mitigationem,
809 1799 841 1824 et
858 1799 973 1835 postea
990 1790 1098 1826 habe-
1121 1805 1122 1832 ι

114 1845 165 1879 bit
182 1850 321 1877 aeterna
339 1842 445 1875 bona.
1120 1838 1122 1862 ἴ

467 1924 603 1978 Caput
631 1926 728 1967 XII.
1119 1932 1121 1964 z

1119 1969 1121 1984 l

212 2001 327 2035 Multa
345 2005 426 2033 sunt
444 1999 534 2032 dicta
554 1999 588 2031 in
609 1999 818 2032 duodecimo
844 1999 973 2043 capite,
996 2011 1097 2043 saepe

110 2053 256 2097 repetita
274 2053 316 2084 de
334 2050 555 2095 providentia
573 2049 658 2089 Dei,
687 2052 779 2094 quod
805 2050 927 2083 iniusti
946 2051 1016 2083 sint
1032 2053 1095 2084 ‹la-

110 2105 181 2139 turi
204 2114 343 2148 poenas.
409 2100 494 2134 ltem
518 2102 560 2133 de
585 2101 724 2141 labore,
759 2102 802 2133 de
825 2102 965 2143 linguae
990 2102 1094 2141 xitiis,
1117 2093 1120 2122 l

111 2158 154 2189 de
187 2153 392 2195 mendacio,
427 2153 469 2184 de
497 2149 704 2195 sophistica,
735 2152 778 2184 ‹le
809 2152 1014 2195 calumniis,
1050 2154 1119 2202 del¹

111 2205 274 2240 iactantia
300 2210 332 2237 et
355 2202 600 2237 ostentatione.
654 2201 846 2246 Praecipue
872 2214 954 2235 vero
972 2179 1094 2235 m’emi-
1116 2206 1119 2222 ⁸

109 2257 202 2291 nerit
226 2256 335 2288 lector
360 2251 424 2286 lioc
442 2253 591 2285 dictum:
619 2252 848 2286 Abominatio
866 2250 1021 2286 Domino
1045 2254 1093 2286 la-

108 2309 165 2343 bia
185 2305 376 2339 mendacia.
430 2303 590 2336 Sciamus
610 2304 763 2360 praecipi
789 2315 944 2336 amorem
973 2311 1005 2337 et
1033 2316 1093 2337 cu—

107 2372 181 2394 ram
195 2357 346 2391 tuendae
363 2354 536 2393 veritatis,
566 2360 598 2386 et
616 2353 651 2385 in
672 2354 830 2387 doctrina
849 2355 891 2386 de
908 2353 981 2387 Deo
1005 2355 1091 2388 etin

107 2410 261 2447 artibus,
289 2414 323 2440 et
345 2407 381 2439 in
401 2405 567 2439 omnibus
586 2402 741 2437 honestis
769 2404 876 2448 pactis
900 2411 933 2438 et
952 2413 1092 2438 contra·
1113 2419 1116 2459 i

105 2462 231 2499 ctibus,
252 2465 284 2492 et
301 2458 382 2503 quia
394 2456 520 2490 veritas
537 2462 587 2488 est
604 2455 695 2488 inter
710 2468 761 2499 pr
755 2455 913 2498 iecipuas
931 2463 964 2488 et
981 2456 1091 2488 maxi-

104 2525 160 2546 me
171 2509 376 2566 conspicuas
392 2509 556 2546 virtutes,
585 2506 664 2539 ideo
684 2506 793 2538 atroci
817 2506 922 2538 xerbo
946 2507 1091 2540 damna-

105 2571 164 2598 tur
179 2560 395 2596 contrarium
414 2558 562 2600 sitium,
589 2563 623 2591 et
640 2557 843 2590 nominatur
863 2552 1113 2598 abominatio

105 2616 141 2648 id
168 2620 236 2653 est,
263 2611 332 2645 tale
354 2611 485 2643 malum
510 2609 605 2653 quod
623 2606 718 2641 Deus
743 2607 913 2651 singulari
932 2619 1088 2642 commo·
1110 2619 1112 2652 ξ

104 2665 200 2701 tione
217 2665 426 2703 detestatur,
451 2660 540 2694 sicut
569 2666 601 2693 et
626 2659 722 2692 idola
747 2659 979 2693 nominantur
1000 2656 1112 2750 fide-l

103 2712 286 2763 λύγματα.

1120 1874 1122 1902 ζ
1146 1866 1214 1903 ira,
1243 1878 1302 1899 seu
1322 1868 1364 1899 de
1381 1879 1504 1910 poena.

1119 1993 1120 2001 1
1145 1974 1197 2000 tos
1221 1968 1433 2008 ambitione,

2101 151 2150 184 30

1513 241 1649 294 Caput
1675 243 1739 283 XI
1743 242 1795 284 11.

1199 324 1304 360 Inter
1318 327 1490 375 superbos
1508 334 1558 362 esl
1578 332 1767 373 contentio,
1784 336 1814 365 el
1828 329 2143 379 apuddaliberan-

1261 383 1311 411 les
1330 383 1379 412 est
1396 379 1595 424 sapientia.

1262 451 1437 486 Graecum
1455 454 1586 487 dictum
1604 461 1671 488 est:
1702 453 1786 500 ὄρος
1802 454 1875 501 ὄοει
1892 456 1935 491 οἰ
1950 455 2041 504 ιιίγι
2046 469 2139 498 mat,

1158 502 1193 534 id
1221 510 1289 540 est,
1319 516 1419 536 mous
1444 505 1555 538 monti
1582 517 1653 538 non
1670 506 1853 547 miscetur,
1877 519 1945 551 quo
1963 509 2137 550 siguifica-

1158 560 1230 586 tum
1249 560 1315 593 est,
1343 566 1413 586 non
1440 568 1528 587 coni
1533 568 1629 588 entre
1655 556 1747 589 iuter
1766 558 1853 590 duos
1873 558 2001 600 pariter
2019 558 2137 592 elatos.

1132 619 1133 623 ¹
1157 581 1370 648 Quanqiiam
1396 613 1512 638 autem
1537 607 1653 650 plures
1677 614 1757 640 sunt
1781 608 2036 641 discordiarum
2056 620 2137 640 cau-

1155 666 1231 692 sae,
1259 661 1375 688 tamen
1392 657 1529 700 saepius
1553 669 1654 690 causa
1671 664 1721 690 est
1737 659 1918 702 superbia,
1941 671 2019 691 cum
2039 658 2138 691 vide-

1455 719 1544 751 quae
1580 719 1651 740 sese
1677 708 1915 747 admirantur,
1951 716 1983 742 et
2013 709 2138 742 volunt

1155 756 1379 796 antecellere,
1408 766 1553 792 sumunt
1576 759 1813 802 undecunque
1839 759 2037 792 occasiones
2062 771 2136 792 cer-

1154 806 1325 839 taminum
1338 833 1346 847 ‚
1371 819 1435 840 nec
1451 816 1641 842 moventur
1656 810 1917 851 magnitudine,
1942 817 2000 843 aut
2016 810 2135 853 parvi-

1155 863 1223 889 tate
1243 869 1379 903 rorum,
1407 860 1465 890 sed
1484 861 1654 892 dimicant
1679 860 1722 892 de
1740 860 2015 898 existimatione,
2045 867 2076 893 et
2093 861 2136 892 de

1128 931 1129 934 η
1154 907 1274 950 populi
1292 908 1481 950 applausu,
1509 917 1625 954 postea
1644 922 1731 954 quae
1751 911 1839 942 mala
1859 917 2050 955 sequantur
2068 922 2134 953 pu-

1128 967 1129 989 :
1153 957 1261 990 blicas
1288 958 1500 1000 discordias,

1535 967 1657 993 notum
1686 967 1748 993 est.
1808 960 1910 994 Unde
1940 968 2021 994 sunt
2051 958 2136 993 haec

1127 1028 1129 1038 2
1153 1008 1260 1040 dicta:
1290 1007 1443 1042 Patriam
1470 1018 1586 1044 tamen
1610 1011 1730 1043 obruit
1755 1010 1838 1043 olim
1866 1012 1977 1053 gloria
2007 1023 2134 1055 pauco-

1152 1070 1250 1101 rum,
1286 1059 1399 1092 laudis
1423 1061 1586 1107 titulique
1616 1061 1756 1104 cupido.
1820 1060 1903 1094 Item
1929 1061 2132 1095 Claudiani:

1126 1116 1127 1127 ³
1151 1108 1238 1141 Nam
1274 1117 1405 1143 caetera
1440 1125 1546 1156 regua
1575 1112 1730 1145 luxuries
1763 1112 1858 1146 vitiis
1885 1113 2046 1157 odiisque
2072 1124 2132 1145 su·

1150 1160 1269 1202 perbia
1295 1161 1409 1195 vertit.

1253 1236 1343 1269 Cum
1363 1236 1469 1279 igitur
1486 1234 1521 1269 bi
1539 1238 1608 1270 duo
1625 1238 1769 1271 affectus
1787 1239 1856 1273 siut
1873 1239 2047 1277 acerrimi,
2071 1250 2129 1271 cu—

1149 1285 1277 1330 piditas
1296 1287 1439 1329 gloriae,
1463 1294 1494 1320 et
1514 1288 1715 1329 iracundia,
1743 1302 1803 1322 seu
1819 1290 1992 1334 cupiditas
2014 1289 2132 1321 vindi-

1149 1343 1241 1375 ctae,
1269 1337 1362 1370 utin
1383 1337 1500 1371 Mario
1521 1345 1553 1371 et
1574 1339 1688 1384 Sylla,
1716 1341 1752 1372 in
1779 1340 1946 1383 Pompeio
1973 1348 2005 1373 et
2028 1339 2131 1379 Iulio,

1149 1394 1181 1420 et
1201 1387 1296 1427 aliis,
1325 1388 1534 1421 nominatim
1557 1389 1668 1422 Filius
1688 1390 1750 1424 Dei
1778 1391 1989 1433 gravissimis
2015 1389 2132 1422 verbis

1150 1438 1316 1481 praecipit
1340 1445 1378 1472 ut
1406 1439 1463 1472 isti
1483 1441 1553 1472 duo
1572 1441 1715 1474 affectus
1733 1442 1938 1477 frenentun
1959 1440 2094 1474 Discite
2112 1451 2131 1473 a

1150 1500 1220 1527 me,
1250 1489 1330 1533 quia
1348 1490 1442 1522 mitis
1459 1502 1534 1522 sum
1555 1498 1587 1524 et
1608 1489 1753 1524 humilis
1769 1493 1884 1527 corde.
1920 1490 2040 1525 Altera
2059 1491 2131 1523 vir-

1148 1546 1203 1572 tus
1226 1540 1418 1583 opponitur
1440 1542 1641 1585 superbiae,
1677 1543 1787 1576 altera
1811 1543 2043 1577 mansuetudo
2070 1554 2131 1575 cu-

1149 1590 1286 1633 piditati
1305 1591 1491 1627 vindictae.

1247 1665 1311 1700 Est
1331 1674 1445 1700 autem
1463 1667 1704 1702 Mansuetudo
1722 1669 1844 1709 virtus,
1871 1681 1958 1713 quae
1976 1669 2130 1711 primum

1147 1714 1414 1758 comprehendit
1439 1718 1630 1756 iusticiam,
1666 1730 1709 1750 ue
1733 1725 1865 1762 pugnet
1895 1719 1954 1751 ubi
1982 1730 2053 1750 non
2079 1723 2129 1749 est

1147 1777 1302 1799 necesse:
1339 1767 1466 1798 deinde
1499 1767 1535 1799 in
1568 1779 1682 1810 pugna
1712 1769 1902 1801 neccssaria
1928 1769 2130 1800 moderatur

1147 1817 1257 1856 iram,
1285 1823 1316 1849 et
1342 1817 1515 1859 probabili
1541 1818 1678 1850 ratione
1701 1819 1787 1851 lenit
1813 1818 1946 1863 aliquid
1974 1819 2016 1851 de
2038 1818 2128 1850 iusta

1558 1867 1664 1909 Quod
1690 1875 1804 1902 autem
1823 1869 2016 1912 opponitur
2039 1868 2130 1901 deli-

1145 1917 1278 1950 beratio
1303 1918 1539 1957 contentioni,
1575 1918 1790 1961 significatur
1815 1921 1951 1952 anivnos
1979 1919 2128 1963 impedi-

1466 1969 1516 2001 ira
1542 1969 1596 2001 vel
1627 1969 1705 2003 aliis
1735 1970 1936 2009 affectibus,
1971 1976 2030 2003 aut
2055 1981 2127 2002 non

1145 2030 1286 2051 cernere
1305 2031 1446 2059 verum,
1463 2026 1519 2051 aut
1534 2032 1612 2052 cum
1630 2029 1795 2061 cernunt,
1814 2029 1930 2055 tamen
1949 2033 2021 2054 non
2040 2020 2128 2053 velle

1146 2069 1256 2102 xideri
1273 2069 1365 2102 vinci
1378 2096 1387 2110 ‚
1415 2070 1504 2103 sicut
1522 2071 1667 2103 dicitur:

1227 2138 1335 2165 Aurum
1359 2143 1388 2165 et
1411 2147 1481 2175 opes
1505 2144 1535 2166 et
1557 2149 1624 2167 vasa
1647 2139 1787 2177 frequens
1809 2139 1925 2169 donavit
1947 2141 2064 2176 amicus,

1311 2188 1369 2221 Qui
1393 2189 1462 2217 velit
1486 2189 1601 2226 ingenio
1626 2190 1750 2224 cedere,
1774 2199 1855 2217 rarus
1877 2190 1943 2217 erit.

1246 2253 1363 2297 Quare
1392 2256 1427 2288 in
1453 2256 1706 2290 deliberatione
1724 2258 1851 2290 veritas
1872 2270 1910 2290 ex
1930 2257 2000 2290 suis
2018 2256 2126 2289 fonti-

1116 2313 1117 2330 }
1143 2305 1207 2337 bus
1226 2307 1423 2349 quaerenda
1441 2313 1508 2345 est,
1538 2320 1600 2340 ncc
1620 2308 1847 2351 impedienda
1865 2315 1914 2341 est
1941 2306 2124 2351 inquisitio

1116 2365 1117 2368 ’
1142 2356 1310 2389 fluctibus
1335 2354 1535 2390 affectuum.

1587 2358 1783 2401 Cogitanda
1807 2366 1887 2391 sunt
1906 2365 1936 2391 et
1958 2359 2035 2390 illa:
2063 2356 2125 2388 Ni-

1141 2407 1251 2439 mium
1273 2407 1473 2440 altercando
1499 2409 1627 2442 veritas
1651 2410 1836 2444 amittitur.
1901 2408 2003 2442 ltem:
2034 2406 2122 2440 Nam

1141 2457 1298 2501 quisquis
1332 2459 1480 2491 nimium
1515 2472 1586 2491 non
1617 2461 1726 2503 sapit,
1761 2461 1819 2492 ill·
1850 2459 1949 2501 sapit.
2009 2456 2120 2491 Crede

1139 2507 1225 2540 mihi
1243 2519 1363 2551 sapite
1379 2517 1516 2542 estnon
1542 2510 1689 2543 nimium
1707 2522 1731 2543 5
1727 2523 1836 2554 iperc.
1890 2509 2034 2542 Inventa
2058 2520 2121 2540 au-

1138 2566 1206 2592 tem
1231 2559 1377 2593 veritate
1408 2572 1506 2593 mens
1521 2562 1742 2606 acquiescat,
1777 2567 1853 2602 agat
1875 2558 1950 2592 Deo
1979 2559 2119 2603 gratias,

1137 2615 1169 2642 et
1197 2610 1378 2644 veritatem
1405 2612 1448 2643 ad
1475 2623 1575 2643 usum
1604 2612 1638 2643 in
1657 2612 1724 2644 vita
1742 2612 1915 2650 conferat,
1943 2611 2031 2643 sicut
2057 2620 2117 2642 su-

1137 2672 1197 2703 pra
1225 2661 1356 2694 dictum
1384 2669 1447 2696 est:
1485 2660 1713 2695 Abominatio
1737 2673 1853 2695 coram
1877 2662 1954 2696 Deo
1984 2661 2116 2694 labium

1136 2711 1295 2746 mendax.
