2409 2915
240 99 312 134 743
832 91 959 128 PHlL.
990 91 1106 127 MEL.
1135 88 1349 128 SCRIPTA
1376 87 1678 126 EXEGETICA.
2191 89 2268 126 744

243 196 315 222 res,
351 181 530 221 videlicet,
563 179 822 213 invocationem
848 185 882 212 et
903 178 1095 222 gratiarum
1119 178 1229 212 actio·
1254 176 1258 213 l
1283 176 1400 219 giatur
1414 177 1522 211 nobis
1535 175 1652 211 omnis
1670 175 1807 220 generis
1824 175 1930 216 bona,
1958 181 1998 209 ut
2014 175 2136 215 vitam,
2161 176 2269 217 cibos,

245 247 338 268 uem:
365 234 406 265 de
423 232 552 276 quibus
570 238 602 265 et
614 229 786 264 Psalm.9.
804 229 946 263 dicitur:
967 228 1039 272 Qui
1054 229 1162 273 eripis
1177 241 1231 262 me
1256 217 1258 252 i
1284 233 1428 271 potum,
1463 227 1591 261 bonam
1615 227 1874 268 valetudinem,
1906 226 2057 265 victum,
2091 237 2212 270 pacem
2235 234 2270 261 et

243 288 285 317 de
300 283 408 327 portis
425 282 560 322 mortis,
583 288 624 315 ut
640 280 851 314 annunciem
869 281 988 313 laudes
1003 288 1079 314 tuas
1096 281 1133 313 in
1149 292 1231 323 por-
1257 279 1259 311 Ι
1283 277 1496 310 mediocrem
1530 278 1836 323 tranquillitatem:
1884 277 1965 311 item
2003 276 2200 321 spiritualia
2235 285 2270 311 et

245 336 287 368 iis
303 334 393 366 filiae
413 332 513 368 Sion.
577 331 628 365 Ac
647 332 815 365 Salomon
836 331 1018 365 constituit
1035 332 1231 375 generalem
1258 332 1259 374 ᾖ
1286 334 1427 361 aeterna
1445 327 1634 369 beneficia,
1659 335 1699 362 ut
1717 328 1937 363 Salvator-em
1956 327 2067 361 filium
2081 339 2185 361 suurn
2198 327 2273 362 Do-

245 385 398 427 regulam
415 384 458 416 de
475 383 642 416 omnibus
659 383 816 425 ingratis.
870 381 1122 417 Proverb.17.:
1152 381 1232 414 Non
1258 391 1259 394 ’
1286 378 1423 411 minum
1451 384 1612 412 nostrum
1637 377 1751 412 lesum
1774 377 1976 419 Christum,
2011 389 2109 412 suam
2139 378 2274 413 doctri-

245 437 381 470 recedet
401 435 532 468 malum
549 445 567 467 a
585 435 691 467 domo
709 433 850 476 ingrati.
1287 441 1368 462 nam
1394 429 1598 470 salutarem,
1632 430 1819 472 gratuitam
1847 429 2090 464 remissionem
2114 435 2274 474 peccato-

346 500 424 535 Hoc
442 501 576 534 dictum
595 511 723 544 quaeso
740 499 868 542 affigite
884 499 1029 540 animis,
1056 507 1089 533 et
1106 511 1234 543 expen—
1259 496 1263 535 i
1287 491 1366 538 “fin
1378 507 1387 521 '
1414 480 1587 538 Spiritum
1606 485 1786 538 {anetuni’
1810 481 1924 539 Vitffm.
1940 487 2137 538 aeiemam’
2160 486 2196 514 et
2211 491 2275 514 au-

245 553 336 593 dite,
369 563 474 596 quam
498 561 638 594 graves,
673 561 778 595 quam
805 550 983 584 durabiles
1008 562 1140 594 poenas
1168 549 1234 582 mi-
1259 538 1263 583 ἰ
1287 531 1412 564 xilium
1430 543 1468 565 ac
1486 531 1732 564 liberationem
1750 543 1787 564 in
1805 531 2074 571 afflictionibus,
2107 531 2277 565 debemus

246 611 351 637 netur
371 603 489 641 Deus,
524 613 601 634 cum
632 601 697 634 ait:
734 599 881 645 Semper
906 598 1054 634 haesura
1081 601 1169 634 mala
1197 601 1235 633 in
1260 586 1263 614 ἶ
1290 582 1445 625 profecto
1463 582 1610 615 reddere
1625 580 1700 614 Deo
1718 587 1840 615 mutua
1856 593 1895 615 ac
1910 589 2005 626 grata
2022 582 2156 621 officia,
2176 581 2277 615 vide-

246 657 374 692 domo,
400 653 436 686 in
461 652 582 685 liberis
607 651 837 695 ingratorum.
892 651 988 694 Quid
1013 652 1080 685 dici
1102 651 1236 685 tristius
1260 625 1263 681 i
1288 632 1394 716 ἑξεῖ]
1415 631 1653 690 Οιῖεάἰθῃῑίῗῑῃ
1673 631 1769 716 idum
1786 629 2018 716 Evafigenugn
2040 640 2072 668 et
2094 639 2277 718 ἳὲῃῗεῳω

245 703 407 785 poterat?
460 702 502 787 ἶΙΝΕ)
536 703 681 760 eandem
714 703 924 738 sententiam
941 703 1118 786 dloquitur
1142 701 1236 786 Dietils
1260 687 1264 751 i
1290 689 2055 779 oggaogctogsstghggtgeitetgtpgtimdoafcquch
2079 695 2278 769 (ἐεῑεΐὴῖἰιέ

248 756 1238 849 [ἕξῖζὲῐῇἰὲηῃοἳίῃᾞῐῗῃᾞεὶῗέἑῶ’Ψέἳιοάεὲἓΐὲἑῗῃᾏεεέ
1262 816 1263 828 ,
1290 785 1482 828 composita
1500 797 1541 818 ex
1565 785 1703 819 duabus
1728 784 1875 818 summis
1900 783 2110 826 virtutibus,
2137 785 2280 824 scilicet,

248 868 334 889 auro
359 855 570 901 locupletavi
589 866 665 893 eos,
695 855 826 888 idcirco
843 866 964 888 rursus
982 855 1136 888 auferam
1155 855 1239 898 ipsis
1291 842 1438 870 ‘'²⁰²³oe
1455 842 1489 870 et
1505 842 1636 870 ¹¹¹⁵t¹²¹³
1653 835 1832 879 ⁰b¹¹g³me
1848 835 1891 869 ad
1910 841 2031 869 mutua
2050 835 2177 870 omma·

247 919 323 940 inea
348 908 462 947 dona,
489 917 605 939 meum
625 906 840 938 frumentum
859 912 891 938 et
910 905 1044 943 linum,
1069 914 1134 940 etc.
1152 912 1184 939 et
1202 905 1239 939 in
1393 901 1576 937 Postremo
1603 901 1660 948 (ut
1684 903 1722 936 in
1748 915 1857 947 pauca
1884 903 2122 950 conseramus)
2144 903 2281 950 quoties

248 958 409 991 omnium
433 963 620 1001 conspectu
647 956 830 989 stultitiam
856 967 979 989 eorum
998 956 1180 996 revelabo,
1207 963 1240 990 et
1292 954 1410 988 dicitis
1427 954 1666 997 precationes,
1695 954 1829 987 debetis
1854 952 1938 988 liaec
1961 966 2051 1000 quae
2074 954 2166 988 dicta
2188 960 2283 993 sunt,

250 1008 493 1043 meiiisestabo.
545 1005 592 1040 Et
618 1006 744 1050 passim
769 1012 886 1041 extant
904 1007 940 1039 in
959 1006 1063 1041 dictis
1081 1007 1240 1042 coelesti-
1292 1005 1412 1039 animo
1435 1005 1620 1049 complecti
1643 1017 1683 1038 ac
1707 1005 1885 1038 meditari:
1927 1005 2000 1039 imo
2024 1017 2128 1049 saepe
2149 1005 2284 1039 debetis

251 1061 315 1092 lius
357 1058 489 1091 similes
532 1057 824 1091 comminationes
865 1058 1032 1092 adversus
1073 1058 1239 1101 ingratos.
1292 1054 1388 1090 hunc
1409 1056 1572 1089 ordinem
1590 1067 1743 1088 servare:
1772 1055 1888 1099 primo
1903 1056 2056 1090 recitetis
2072 1055 2284 1101 Symbolum

250 1110 326 1143 lmo
354 1108 568 1153 experientia
597 1114 630 1141 et
663 1105 892 1142 historiarum
921 1109 1133 1142 testimoniis
1155 1121 1240 1142 con·-
1293 1107 1560 1151 Apostolicum,
1596 1113 1636 1140 ut
1659 1107 1817 1150 cogitetis
1840 1119 1944 1152 quem
1963 1106 2077 1141 Deum
2102 1106 2286 1146 invocetis,

249 1160 446 1198 vincimur,
482 1159 638 1203 ingratos
667 1159 786 1203 urgeri
817 1172 837 1193 a
867 1158 943 1194 Deo
976 1159 1178 1193 iustissimis
1209 1167 1242 1194 et
1294 1165 1327 1191 et
1344 1159 1438 1192 inter
1453 1157 1668 1202 precandum
1688 1157 1941 1202 alloquamini,
1967 1164 2072 1204 atque
2090 1158 2137 1192 ita
2154 1157 2286 1191 discer-

250 1208 437 1244 horrendis
454 1210 590 1254 poenis.
1295 1209 1388 1243 natis
1420 1216 1524 1254 atque
1555 1208 1748 1251 seiungatis
1775 1208 2036 1242 invocationem
2063 1215 2214 1243 vestram
2240 1207 2286 1241 ab

356 1279 403 1312 Μ
437 1277 595 1324 quaeris,
630 1289 803 1323 quaenam
828 1278 942 1312 vinus
966 1284 1015 1311 est
1041 1279 1244 1321 gratitudo?
1294 1257 1447 1293 Ethnica
1472 1259 1710 1293 invocatione.
1778 1258 1886 1300 Item,
1921 1265 1961 1293 ut
1984 1259 2052 1294 fide
2076 1258 2287 1294 intueamini

252 1337 283 1363 et
307 1329 392 1374 quid
409 1328 553 1374 proprie
569 1329 774 1362 nominatur
790 1328 1033 1372 ingratitudo?
1079 1327 1240 1372 Respou-
1295 1309 1548 1367 pfomi⁵⁵i⁰¹¹e⁵
1572 1310 1670 1367 ‘latas
1693 1309 1870 1343 BeeleSiae
1893 1322 1956 1368 ¹³⁹¹:
1985 1316 2017 1344 et
2046 1317 2192 1369 propte}-
2213 1321 2288 1343 me‘

253 1382 336 1413 deo:
367 1378 559 1413 Gratitudo
583 1379 829 1422 complectitur
850 1380 938 1412 duas
957 1379 1123 1416 virtutes,
1151 1380 1243 1411 veri—
1296 1361 1467 1417 ‘hato‘enf
1496 1358 1692 1416 D⁰m¹¹¹u¹f¹
1725 1358 1840 1394 1⁰⁵um
1868 1358 2052 1395 Chnsmm
2082 1361 2288 1396 ‘mmmmm

252 1437 359 1464 tatem
384 1437 417 1464 et
442 1430 622 1464 iustitiam.
659 1429 798 1462 Veritas
822 1429 978 1472 agnoscit
1003 1435 1035 1462 et
1060 1430 1244 1472 profitetur
1295 1422 1359 1454 9¹⁸⁰
1379 1410 1481 1443 ¹¹⁰b¹⁵
1499 1417 1532 1444 Εἰ
1553 1416 1809 1443 resuscnamm’

252 1482 348 1515 unde
372 1481 417 1514 sit
439 1487 618 1524 acceptum
640 1480 870 1520 beneficium,
899 1486 938 1513 ut
963 1480 991 1512 si
1016 1480 1094 1524 quis
1110 1480 1244 1514 amicus
1400 1477 1584 1518 Secundo,
1611 1489 1711 1521 saepe
1728 1477 1879 1512 recitetis
1901 1478 2071 1522 expressis
2093 1478 2230 1519 verbis,
2256 1484 2289 1512 et

254 1532 320 1566 tibi
337 1533 445 1565 donet
461 1527 824 1564 decemIoacliimicos
839 1541 901 1564 seu
912 1529 1072 1569 Taleros,
1099 1537 1137 1564 tu
1154 1539 1245 1564 certe
1298 1535 1390 1562 certa
1421 1529 1535 1562 forma
1567 1528 1779 1566 verborum,
1807 1528 1998 1571 gratiarum
2023 1528 2217 1569 actionem,
2250 1535 2291 1562 ut

256 1583 362 1616 debes
381 1581 556 1626 profiteri,
582 1578 679 1614 hune
699 1581 814 1626 ipsum
830 1581 981 1613 amicum
998 1592 1070 1614 esse
1085 1588 1243 1614 autorem
1299 1579 1622 1613 commonefaciatis
1653 1590 1715 1612 vos
1748 1579 1841 1622 ipsos
1873 1579 1916 1612 de
1946 1579 2163 1622 gratitudine
2198 1579 2292 1612 veris

256 1632 417 1666 beneficii
441 1632 478 1665 in
502 1638 535 1666 te
558 1631 690 1666 collati.
743 1630 793 1664 lta
813 1643 892 1665 cum
910 1629 1005 1664 Deus
1022 1632 1157 1665 adiuvit
1174 1631 1246 1665 Da-
1299 1630 1409 1663 animi
1434 1629 1589 1663 motibus
1612 1630 1802 1663 exercenda
1828 1640 1907 1672 erga
1922 1628 2059 1671 Deum,
2092 1640 2182 1675 quae
2205 1629 2293 1676 qui-

256 1685 373 1717 videm
394 1683 622 1728 praeliantem
642 1693 722 1715 cum
741 1679 888 1716 Goliatli
901 1707 912 1723 ,
941 1689 1000 1715 aut
1018 1682 1147 1727 eripuit
1166 1695 1245 1716 eum
1300 1682 1380 1714 dem
1397 1687 1430 1714 et
1448 1680 1699 1714 beneficiorum
1714 1680 1987 1715 celebrationem
2004 1688 2037 1715 et
2053 1681 2209 1715 studium
2227 1681 2293 1715 ob—

257 1734 420 1768 saevitiae
450 1733 584 1774 Saulis,
625 1731 740 1767 David
778 1741 896 1776 gratus
926 1733 1046 1777 lingua
1079 1741 1113 1768 et
1141 1735 1247 1767 corde
1301 1731 1475 1766 edientiae
1495 1731 1752 1776 complectitur.

257 1785 535 1819 consonantibus
552 1782 637 1818 haec
652 1785 706 1817 vel
720 1783 848 1817 similia
862 1786 967 1817 verba
981 1785 1124 1833 repetit:
1154 1784 1247 1818 Toto

259 1844 397 1882 pectore
414 1837 517 1870 credo
532 1843 565 1870 et
577 1836 723 1876 affirmo,
751 1837 846 1881 quod
859 1834 1019 1877 sitDeus‚
1046 1837 1141 1881 quod
1153 1848 1249 1870 meos

259 1888 408 1930 gemitus
420 1888 593 1928 exaudiat,
619 1887 837 1931 quodipsius
849 1887 1018 1926 bonitate,
1043 1888 1250 1931 praesentia,

261 1939 453 1982 praesidio,
480 1945 513 1972 et
531 1937 663 1971 auxilio
681 1943 807 1975 tectus,
834 1948 872 1969 ac
890 1937 1049 1970 munitus
1065 1938 1248 1971 victoriam

261 1996 467 2023 consecutus
491 1988 556 2022 sim
581 1989 747 2020 adversus
764 1985 911 2020 Goliatli
937 1994 967 2021 et
986 1988 1139 2023 Saulem.
1193 1989 1250 2022 Sic

262 2040 390 2083 singuli
418 2039 586 2072 debemus
610 2050 681 2071 esse
708 2050 845 2071 veraces
868 2050 945 2082 erga
970 2039 1107 2080 Deum,
1145 2040 1251 2073 debe-

263 2103 339 2124 mus
365 2090 486 2129 fateri,
524 2089 619 2135 quod
646 2101 727 2122 vere
750 2089 793 2122 sit
817 2088 931 2129 Deus,
965 2091 1058 2135 quod
1087 2102 1167 2123 vere
1193 2103 1251 2124 ex-

262 2142 381 2175 audiat
406 2139 622 2181 Ecclesiam,
649 2141 743 2185 quod
769 2147 864 2174 certo
892 2148 1028 2175 nostras
1051 2153 1168 2186 preces
1196 2154 1252 2175 re-

261 2193 386 2237 cipiat,
414 2199 447 2226 et
470 2191 572 2225 nobis
598 2191 801 2235 opituletur.
859 2191 953 2225 llaec
978 2205 1058 2225 vera
1082 2193 1252 2237 professio

261 2257 319 2277 seu
338 2243 510 2277 consessio
527 2249 575 2277 est
595 2242 748 2287 primum
768 2254 857 2286 opus
877 2243 1114 2286 gratitudinis.

1405 1799 1549 1841 Tertio,
1576 1800 1728 1834 recitetis
1747 1801 1896 1833 sormam
1924 1801 2091 1845 precandi
2118 1812 2136 1834 a
2152 1798 2295 1835 Christo

1303 1850 1538 1896 propositam,
1580 1857 1615 1885 et
1643 1851 1776 1884 faciatis
1801 1851 1988 1895 petitiones
2012 1859 2236 1885 aeternorum
2260 1859 2293 1886 et

1303 1902 1540 1947 corporalium
1559 1902 1754 1941 bonorum,
1781 1902 1908 1946 petatis
1923 1911 1959 1936 ut
1979 1901 2075 1937 Deus
2092 1903 2193 1936 vobis
2209 1914 2294 1947 pro-

1305 1961 1380 1998 pter
1397 1953 1508 1986 silium
1533 1953 1760 1986 mediatorem
1784 1954 1891 1987 donet
1909 1954 2152 1987 remissionem
2171 1965 2293 1998 pecca—

1304 2013 1434 2042 torum,
1461 2003 1634 2047 Spiritum
1653 2010 1811 2037 sanctum
1829 2006 2074 2048 procedentem
2089 2005 2135 2038 ab
2151 2012 2295 2039 aeterno

1305 2054 1407 2088 Patre
1425 2061 1457 2088 et
1476 2053 1568 2087 Filio
1585 2052 1741 2088 Domino
1761 2062 1881 2089 nostro
1900 2054 1977 2089 lesu
1994 2053 2157 2097 Christo,
2192 2063 2226 2090 et
2240 2056 2293 2090 vi·

1305 2114 1375 2139 tam
1401 2112 1590 2139 aeternam.
1647 2105 1753 2146 ltem,
1785 2118 1903 2139 veram
1928 2107 2126 2142 doctrinam
2151 2107 2196 2141 ab
2219 2107 2296 2152 ipso

1306 2158 1530 2202 patefactam,
1554 2169 1676 2190 verum
1696 2157 1912 2191 intellectum
1926 2185 1934 2199 ,
1962 2171 2101 2203 pacem,
2128 2158 2295 2193 salutaria

1305 2208 1497 2252 regimina,
1523 2215 1641 2253 postea
1659 2209 1763 2242 etiam
1790 2209 1928 2243 addatis
1952 2210 2140 2253 petitiones
2161 2209 2295 2253 singuli

1306 2261 1349 2293 de
1368 2259 1515 2304 privatis
1530 2271 1568 2293 ac
1586 2259 1738 2304 propriis
1757 2260 2022 2295 necessitatibus
2039 2260 2295 2305 corporalibus.

369 2309 488 2344 Altera
529 2310 639 2343 xirtus
670 2307 922 2354 comprehensa
958 2311 992 2343 iu
1028 2311 1252 2352 gratitudine,
1276 2341 1279 2347 ,
1305 2318 1339 2345 et
1356 2311 1468 2344 dictae
1488 2311 1680 2355 precationi
1699 2312 1859 2345 succedat
1871 2309 1997 2352 Amen,
2024 2311 2059 2344 id
2076 2318 2145 2349 est,
2173 2323 2296 2345 accen-

263 2374 322 2395 svu
350 2362 498 2394 alterum
519 2373 606 2405 opus
624 2361 850 2403 gratitudinis
868 2368 917 2395 est
937 2361 1066 2395 iustitia
1081 2389 1088 2399 ,
1113 2360 1176 2394 lior
1192 2370 1253 2401 est,
1305 2364 1409 2395 datur
1427 2362 1525 2395 firma
1542 2363 1696 2396 assensio
1716 2362 1795 2396 fidei
1815 2362 2095 2396 commendantis
2111 2361 2187 2396 Deo
2203 2362 2298 2407 peri-

262 2412 454 2457 aequalitas
473 2419 652 2456 praestans
670 2419 790 2445 mutua
809 2412 932 2445 officia.
972 2414 1126 2456 Quando
1143 2425 1251 2454 agim-
1304 2414 1381 2447 cula
1407 2420 1440 2447 ct
1463 2420 1625 2453 eventus,
1658 2420 1690 2447 ct
1717 2412 1929 2457 pacificantis
1953 2420 2058 2459 :itque
2080 2413 2298 2449 consolanti·

263 2465 328 2497 scis
346 2464 515 2503 amicum,
547 2475 565 2496 a
597 2475 666 2508 quo
699 2463 907 2496 beneficium
937 2464 1117 2508 accepisti,
1153 2466 1195 2496 de
1220 2473 1252 2498 t«-
1305 2465 1431 2504 corda,
1474 2471 1510 2498 ut
1540 2464 1761 2510 acquiescant
1784 2463 1910 2497 fiducia
1937 2464 2154 2508 praesentiae
2179 2471 2213 2499 et
2235 2475 2296 2510 spe

264 2516 351 2547 liene
376 2515 539 2548 meritum
559 2525 651 2553 esse,
680 2513 810 2548 iustitia
829 2515 960 2557 obligat
981 2521 1013 2549 te
1031 2515 1073 2549 ad
1093 2522 1250 2548 mutuam
1304 2515 1426 2549 auxilii
1444 2515 1568 2549 divini.
1625 2513 1663 2548 ln
1691 2515 1820 2548 talibus
1837 2512 2049 2550 Christianis
2073 2522 2107 2551 et
2129 2515 2296 2561 spiritua-

264 2566 562 2606 hem-volentiam,
595 2571 625 2598 et
661 2565 702 2597 ad
735 2565 847 2599 officia
881 2573 990 2607 certa,
1023 2579 1082 2600 seu
1117 2574 1250 2605 mutua,
1305 2568 1396 2601 lilius
1412 2565 1752 2606 exercitiis,discetis
1768 2577 1890 2599 verum
1909 2566 2124 2602 intellectum
2141 2573 2175 2602 et
2192 2577 2296 2601 usum

263 2617 474 2650 lirun-sartori
504 2617 710 2660 praestanda
737 2629 802 2660 pro
827 2617 980 2658 viritim,
1007 2624 1039 2652 et
1067 2618 1172 2651 modo
1200 2619 1250 2651 sa—
1304 2615 1408 2652 liuius
1425 2618 1625 2657 doctrinae,
1653 2629 1742 2663 quat·
1760 2624 1842 2651 tunc
1860 2619 2004 2652 denium
2020 2618 2195 2653 dulcesce·
2216 2617 2296 2652 ani-

261 2669 440 2701 ciiltatum.
505 2667 552 2702 lta
578 2680 655 2702 cum
682 2666 777 2701 Deus
806 2668 973 2703 immensa
1000 2669 1155 2704 bonitate
1182 2669 1247 2702 lar·
1273 2701 1275 2707 ,
1303 2669 1384 2707 mis.
1412 2669 1594 2703 etfirmain
1616 2668 1894 2703 consolationem
1910 2670 2044 2706 afferet.
2097 2667 2149 2703 Ac
2167 2669 2294 2715 reipsa
