<?xml version="1.0" encoding="UTF-8"?>
<!DOCTYPE html PUBLIC "-//W3C//DTD XHTML 1.0 Transitional//EN"
    "http://www.w3.org/TR/xhtml1/DTD/xhtml1-transitional.dtd">
<html xmlns="http://www.w3.org/1999/xhtml" xml:lang="en" lang="en">
 <head>
  <title>
</title>
<meta http-equiv="Content-Type" content="text/html;charset=utf-8" />
  <meta name='ocr-system' content='tesseract 3.04.00' />
  <meta name='ocr-capabilities' content='ocr_page ocr_carea ocr_par ocr_line ocrx_word'/>
</head>
<body>
  <div class='ocr_page' id='page_1' title='image "./operaquaesupersu14melauoft/operaquaesupersu14melauoft_0076.png"; bbox 0 0 2409 2915; ppageno 0'>
   <div class='ocr_carea' id='block_1_1' title="bbox 263 97 331 132">
    <p class='ocr_par' dir='ltr' id='par_1_1' title="bbox 263 97 331 132">
     <span class='ocr_line' id='line_1_1' title="bbox 263 97 331 132; baseline 0.059 -4"><span class='ocrx_word' id='word_1_1' title='bbox 263 97 331 132; x_wconf 80' lang='lat'><strong>135</strong></span> 
     </span>
    </p>
   </div>
   <div class='ocr_carea' id='block_1_2' title="bbox 268 172 1283 1376">
    <p class='ocr_par' dir='ltr' id='par_1_2' title="bbox 318 172 1249 225">
     <span class='ocr_line' id='line_1_2' title="bbox 318 172 1249 225; baseline -0.009 -12"><span class='ocrx_word' id='word_1_2' title='bbox 318 178 390 214; x_wconf 89' lang='lat' dir='ltr'><strong>Vir</strong></span> <span class='ocrx_word' id='word_1_3' title='bbox 421 189 560 225; x_wconf 77' lang='lat' dir='ltr'><strong>pauper</strong></span> <span class='ocrx_word' id='word_1_4' title='bbox 586 181 615 210; x_wconf 79' lang='lat' dir='ltr'><strong>et</strong></span> <span class='ocrx_word' id='word_1_5' title='bbox 650 174 799 220; x_wconf 76' lang='lat' dir='ltr'><strong>sapiens</strong></span> <span class='ocrx_word' id='word_1_6' title='bbox 831 172 1004 207; x_wconf 79' lang='lat' dir='ltr'><strong>liberabit</strong></span> <span class='ocrx_word' id='word_1_7' title='bbox 1042 172 1182 214; x_wconf 81' lang='lat' dir='ltr'><strong>urbem,</strong></span> <span class='ocrx_word' id='word_1_8' title='bbox 1219 177 1249 205; x_wconf 87' lang='lat' dir='ltr'><strong>el</strong></span> 
     </span>
    </p>

    <p class='ocr_par' dir='ltr' id='par_1_3' title="bbox 369 222 1279 278">
     <span class='ocr_line' id='line_1_3' title="bbox 369 222 1279 278; baseline -0.003 -15"><span class='ocrx_word' id='word_1_9' title='bbox 369 242 461 263; x_wconf 81' lang='lat' dir='ltr'><strong>unus</strong></span> <span class='ocrx_word' id='word_1_10' title='bbox 476 231 640 275; x_wconf 76' lang='lat' dir='ltr'><strong>peccator</strong></span> <span class='ocrx_word' id='word_1_11' title='bbox 657 224 777 260; x_wconf 84' lang='lat' dir='ltr'><strong>mulla</strong></span> <span class='ocrx_word' id='word_1_12' title='bbox 793 224 890 259; x_wconf 83' lang='lat' dir='ltr'><strong>bona</strong></span> <span class='ocrx_word' id='word_1_13' title='bbox 906 222 1040 272; x_wconf 86' lang='lat' dir='ltr'><strong>perdel.</strong></span> <span class='ocrx_word' id='word_1_14' title='bbox 1278 269 1279 278; x_wconf 27' lang='grc' dir='ltr'>Ι</span> 
     </span>
    </p>

    <p class='ocr_par' dir='ltr' id='par_1_4' title="bbox 1278 282 1279 295">
     <span class='ocr_line' id='line_1_4' title="bbox 1278 282 1279 295; baseline 0 0"><span class='ocrx_word' id='word_1_15' title='bbox 1278 282 1279 295; x_wconf 78' lang='grc' dir='ltr'>Ι</span> 
     </span>
    </p>

    <p class='ocr_par' dir='ltr' id='par_1_5' title="bbox 268 301 1283 957">
     <span class='ocr_line' id='line_1_5' title="bbox 370 301 1279 347; baseline -0.004 -10"><span class='ocrx_word' id='word_1_16' title='bbox 370 304 478 337; x_wconf 81' lang='lat' dir='ltr'><strong>Valde</strong></span> <span class='ocrx_word' id='word_1_17' title='bbox 505 303 646 347; x_wconf 87' lang='lat' dir='ltr'><strong>prodest</strong></span> <span class='ocrx_word' id='word_1_18' title='bbox 671 301 893 335; x_wconf 80' lang='lat' dir='ltr'><strong>considerare</strong></span> <span class='ocrx_word' id='word_1_19' title='bbox 917 301 953 334; x_wconf 90' lang='lat' dir='ltr'><strong>in</strong></span> <span class='ocrx_word' id='word_1_20' title='bbox 973 301 1062 339; x_wconf 89' lang='lat' dir='ltr'><strong>vita,</strong></span> <span class='ocrx_word' id='word_1_21' title='bbox 1090 308 1129 334; x_wconf 94' lang='lat' dir='ltr'><strong>ut</strong></span> <span class='ocrx_word' id='word_1_22' title='bbox 1147 312 1250 343; x_wconf 85' lang='lat' dir='ltr'><strong>supra</strong></span> <span class='ocrx_word' id='word_1_23' title='bbox 1278 307 1279 310; x_wconf 79' lang='grc'>’</span> 
     </span>
     <span class='ocr_line' id='line_1_6' title="bbox 268 349 1281 401; baseline -0.004 -14"><span class='ocrx_word' id='word_1_24' title='bbox 268 367 408 401; x_wconf 80' lang='lat' dir='ltr'><strong>quoque</strong></span> <span class='ocrx_word' id='word_1_25' title='bbox 437 355 569 387; x_wconf 86' lang='lat' dir='ltr'><strong>dictum</strong></span> <span class='ocrx_word' id='word_1_26' title='bbox 599 359 664 386; x_wconf 87' lang='lat' dir='ltr'><strong>est:</strong></span> <span class='ocrx_word' id='word_1_27' title='bbox 702 351 780 386; x_wconf 93' lang='lat' dir='ltr'><strong>Duo</strong></span> <span class='ocrx_word' id='word_1_28' title='bbox 808 364 878 385; x_wconf 83' lang='lat' dir='ltr'><strong>esse</strong></span> <span class='ocrx_word' id='word_1_29' title='bbox 904 349 1087 385; x_wconf 88' lang='lat' dir='ltr'><strong>hominum</strong></span> <span class='ocrx_word' id='word_1_30' title='bbox 1115 363 1253 394; x_wconf 82' lang='lat' dir='ltr'><strong>genera,</strong></span> <span class='ocrx_word' id='word_1_31' title='bbox 1278 362 1281 384; x_wconf 74' lang='grc' dir='ltr'>ε</span> 
     </span>
     <span class='ocr_line' id='line_1_7' title="bbox 268 398 1282 446; baseline -0.005 -8"><span class='ocrx_word' id='word_1_32' title='bbox 268 408 326 438; x_wconf 88' lang='lat' dir='ltr'><strong>alii</strong></span> <span class='ocrx_word' id='word_1_33' title='bbox 345 411 426 438; x_wconf 89' lang='lat' dir='ltr'><strong>sunt</strong></span> <span class='ocrx_word' id='word_1_34' title='bbox 444 416 522 437; x_wconf 86' lang='lat' dir='ltr'><strong>vasa</strong></span> <span class='ocrx_word' id='word_1_35' title='bbox 543 405 632 443; x_wconf 78' lang='lat' dir='ltr'><strong>irae,</strong></span> <span class='ocrx_word' id='word_1_36' title='bbox 665 404 723 436; x_wconf 83' lang='lat' dir='ltr'><strong>alii</strong></span> <span class='ocrx_word' id='word_1_37' title='bbox 743 415 822 435; x_wconf 90' lang='lat' dir='ltr'><strong>vasa</strong></span> <span class='ocrx_word' id='word_1_38' title='bbox 841 402 1115 437; x_wconf 88' lang='lat' dir='ltr'><strong>misericordiae.</strong></span> <span class='ocrx_word' id='word_1_39' title='bbox 1164 401 1251 434; x_wconf 76' lang='lat' dir='ltr'><strong>Vasa</strong></span> <span class='ocrx_word' id='word_1_40' title='bbox 1279 398 1282 446; x_wconf 97' lang='grc' dir='ltr'>Ι</span> 
     </span>
     <span class='ocr_line' id='line_1_8' title="bbox 269 451 1282 517; baseline -0.005 -28"><span class='ocrx_word' id='word_1_41' title='bbox 269 458 338 489; x_wconf 81' lang='lat' dir='ltr'><strong>irae</strong></span> <span class='ocrx_word' id='word_1_42' title='bbox 360 462 442 489; x_wconf 91' lang='lat' dir='ltr'><strong>sunt</strong></span> <span class='ocrx_word' id='word_1_43' title='bbox 467 453 629 488; x_wconf 88' lang='lat' dir='ltr'><strong>homines</strong></span> <span class='ocrx_word' id='word_1_44' title='bbox 645 454 820 491; x_wconf 84' lang='lat' dir='ltr'><strong>infelices,</strong></span> <span class='ocrx_word' id='word_1_45' title='bbox 849 453 907 497; x_wconf 85' lang='lat' dir='ltr'><strong>qui</strong></span> <span class='ocrx_word' id='word_1_46' title='bbox 924 453 990 485; x_wconf 92' lang='lat' dir='ltr'><strong>sibi</strong></span> <span class='ocrx_word' id='word_1_47' title='bbox 1009 461 1041 485; x_wconf 87' lang='lat' dir='ltr'><strong>et</strong></span> <span class='ocrx_word' id='word_1_48' title='bbox 1055 453 1132 485; x_wconf 89' lang='lat' dir='ltr'><strong>aliis</strong></span> <span class='ocrx_word' id='word_1_49' title='bbox 1148 453 1252 485; x_wconf 83' lang='lat' dir='ltr'><strong>exitio</strong></span> <span class='ocrx_word' id='word_1_50' title='bbox 1279 451 1282 517; x_wconf 88' lang='grc' dir='ltr'>Ι</span> 
     </span>
     <span class='ocr_line' id='line_1_9' title="bbox 269 503 1254 547; baseline -0.005 -7"><span class='ocrx_word' id='word_1_51' title='bbox 269 514 368 547; x_wconf 80' lang='lat' dir='ltr'><strong>sunt,</strong></span> <span class='ocrx_word' id='word_1_52' title='bbox 396 506 459 539; x_wconf 89' lang='lat' dir='ltr'><strong>etsi</strong></span> <span class='ocrx_word' id='word_1_53' title='bbox 485 506 662 538; x_wconf 90' lang='lat' dir='ltr'><strong>interdum</strong></span> <span class='ocrx_word' id='word_1_54' title='bbox 688 504 804 546; x_wconf 79' lang='lat' dir='ltr'><strong>magni</strong></span> <span class='ocrx_word' id='word_1_55' title='bbox 830 509 863 536; x_wconf 92' lang='lat' dir='ltr'><strong>et</strong></span> <span class='ocrx_word' id='word_1_56' title='bbox 885 503 1059 547; x_wconf 89' lang='lat' dir='ltr'><strong>sapientes</strong></span> <span class='ocrx_word' id='word_1_57' title='bbox 1080 510 1180 544; x_wconf 91' lang='lat' dir='ltr'><strong>sunt,</strong></span> <span class='ocrx_word' id='word_1_58' title='bbox 1208 503 1254 535; x_wconf 86' lang='lat' dir='ltr'><strong>si—</strong></span> 
     </span>
     <span class='ocr_line' id='line_1_10' title="bbox 269 553 1253 601; baseline -0.005 -10"><span class='ocrx_word' id='word_1_59' title='bbox 269 565 327 591; x_wconf 89' lang='lat' dir='ltr'><strong>cut</strong></span> <span class='ocrx_word' id='word_1_60' title='bbox 344 556 454 591; x_wconf 88' lang='lat' dir='ltr'><strong>Solon</strong></span> <span class='ocrx_word' id='word_1_61' title='bbox 478 557 611 601; x_wconf 83' lang='lat' dir='ltr'><strong>inquit:</strong></span> <span class='ocrx_word' id='word_1_62' title='bbox 637 554 759 588; x_wconf 82' lang='lat' dir='ltr'><strong>Everti</strong></span> <span class='ocrx_word' id='word_1_63' title='bbox 777 553 1008 597; x_wconf 82' lang='lat' dir='ltr'><strong>Respublicas</strong></span> <span class='ocrx_word' id='word_1_64' title='bbox 1031 567 1048 587; x_wconf 87' lang='lat' dir='ltr'><strong>a</strong></span> <span class='ocrx_word' id='word_1_65' title='bbox 1071 555 1206 597; x_wconf 85' lang='lat' dir='ltr'><strong>magnis</strong></span> <span class='ocrx_word' id='word_1_66' title='bbox 1223 560 1253 586; x_wconf 89' lang='lat' dir='ltr'><strong>ct</strong></span> 
     </span>
     <span class='ocr_line' id='line_1_11' title="bbox 269 602 1255 649; baseline -0.005 -8"><span class='ocrx_word' id='word_1_67' title='bbox 269 607 521 641; x_wconf 80' lang='lat' dir='ltr'><strong>excellentibus</strong></span> <span class='ocrx_word' id='word_1_68' title='bbox 540 605 701 649; x_wconf 88' lang='lat' dir='ltr'><strong>ingeniis.</strong></span> <span class='ocrx_word' id='word_1_69' title='bbox 756 604 806 638; x_wconf 87' lang='lat' dir='ltr'><strong>Ita</strong></span> <span class='ocrx_word' id='word_1_70' title='bbox 826 611 925 637; x_wconf 83' lang='lat' dir='ltr'><strong>erant</strong></span> <span class='ocrx_word' id='word_1_71' title='bbox 942 616 1019 638; x_wconf 85' lang='lat' dir='ltr'><strong>vasa</strong></span> <span class='ocrx_word' id='word_1_72' title='bbox 1039 605 1110 638; x_wconf 86' lang='lat' dir='ltr'><strong>irae</strong></span> <span class='ocrx_word' id='word_1_73' title='bbox 1129 602 1255 644; x_wconf 82' lang='lat' dir='ltr'><strong>Achas,</strong></span> 
     </span>
     <span class='ocr_line' id='line_1_12' title="bbox 269 650 1283 699; baseline -0.006 -7"><span class='ocrx_word' id='word_1_74' title='bbox 269 656 475 696; x_wconf 77' lang='lat' dir='ltr'><strong>sedechias,</strong></span> <span class='ocrx_word' id='word_1_75' title='bbox 498 663 532 690; x_wconf 86' lang='lat' dir='ltr'><strong>et</strong></span> <span class='ocrx_word' id='word_1_76' title='bbox 549 656 684 691; x_wconf 79' lang='lat' dir='ltr'><strong>Romae</strong></span> <span class='ocrx_word' id='word_1_77' title='bbox 704 654 876 696; x_wconf 78' lang='lat' dir='ltr'><strong>Catilina,</strong></span> <span class='ocrx_word' id='word_1_78' title='bbox 903 656 1084 689; x_wconf 86' lang='lat' dir='ltr'><strong>Antonius</strong></span> <span class='ocrx_word' id='word_1_79' title='bbox 1101 663 1133 689; x_wconf 90' lang='lat' dir='ltr'><strong>et</strong></span> <span class='ocrx_word' id='word_1_80' title='bbox 1152 655 1253 688; x_wconf 91' lang='lat' dir='ltr'><strong>multi</strong></span> <span class='ocrx_word' id='word_1_81' title='bbox 1279 650 1283 699; x_wconf 86' lang='grc' dir='ltr'>Ι</span> 
     </span>
     <span class='ocr_line' id='line_1_13' title="bbox 269 705 1256 748; baseline -0.004 -7"><span class='ocrx_word' id='word_1_82' title='bbox 269 710 346 748; x_wconf 87' lang='lat' dir='ltr'><strong>alii,</strong></span> <span class='ocrx_word' id='word_1_83' title='bbox 381 715 413 741; x_wconf 89' lang='lat' dir='ltr'><strong>et</strong></span> <span class='ocrx_word' id='word_1_84' title='bbox 440 708 476 740; x_wconf 91' lang='lat' dir='ltr'><strong>in</strong></span> <span class='ocrx_word' id='word_1_85' title='bbox 501 705 656 740; x_wconf 82' lang='lat' dir='ltr'><strong>Ecclesia</strong></span> <span class='ocrx_word' id='word_1_86' title='bbox 681 706 946 747; x_wconf 84' lang='lat' dir='ltr'><strong>Samosatenus‚</strong></span> <span class='ocrx_word' id='word_1_87' title='bbox 982 705 1108 746; x_wconf 87' lang='lat' dir='ltr'><strong>Arius,</strong></span> <span class='ocrx_word' id='word_1_88' title='bbox 1135 705 1256 739; x_wconf 83' lang='lat' dir='ltr'><strong>Mani-</strong></span> 
     </span>
     <span class='ocr_line' id='line_1_14' title="bbox 269 756 1257 801; baseline -0.004 -9"><span class='ocrx_word' id='word_1_89' title='bbox 269 757 413 799; x_wconf 79' lang='lat' dir='ltr'><strong>chacus,</strong></span> <span class='ocrx_word' id='word_1_90' title='bbox 436 765 467 791; x_wconf 90' lang='lat' dir='ltr'><strong>et</strong></span> <span class='ocrx_word' id='word_1_91' title='bbox 484 758 586 791; x_wconf 90' lang='lat' dir='ltr'><strong>multi</strong></span> <span class='ocrx_word' id='word_1_92' title='bbox 602 758 662 790; x_wconf 89' lang='lat' dir='ltr'><strong>alii</strong></span> <span class='ocrx_word' id='word_1_93' title='bbox 680 757 865 801; x_wconf 81' lang='lat' dir='ltr'><strong>perniciosi</strong></span> <span class='ocrx_word' id='word_1_94' title='bbox 885 758 1056 791; x_wconf 91' lang='lat' dir='ltr'><strong>doctores.</strong></span> <span class='ocrx_word' id='word_1_95' title='bbox 1109 756 1162 797; x_wconf 88' lang='lat' dir='ltr'><strong>De</strong></span> <span class='ocrx_word' id='word_1_96' title='bbox 1178 757 1257 791; x_wconf 83' lang='lat' dir='ltr'><strong>tali-</strong></span> 
     </span>
     <span class='ocr_line' id='line_1_15' title="bbox 270 807 1256 853; baseline -0.001 -12"><span class='ocrx_word' id='word_1_97' title='bbox 270 811 335 842; x_wconf 83' lang='lat' dir='ltr'><strong>]›us</strong></span> <span class='ocrx_word' id='word_1_98' title='bbox 358 809 524 842; x_wconf 89' lang='lat' dir='ltr'><strong>omnibus</strong></span> <span class='ocrx_word' id='word_1_99' title='bbox 547 809 681 853; x_wconf 85' lang='lat' dir='ltr'><strong>inquit:</strong></span> <span class='ocrx_word' id='word_1_100' title='bbox 712 807 812 841; x_wconf 88' lang='lat' dir='ltr'><strong>Unus</strong></span> <span class='ocrx_word' id='word_1_101' title='bbox 834 815 1012 852; x_wconf 86' lang='lat' dir='ltr'><strong>peccator,</strong></span> <span class='ocrx_word' id='word_1_102' title='bbox 1038 808 1146 853; x_wconf 88' lang='lat' dir='ltr'><strong>multa</strong></span> <span class='ocrx_word' id='word_1_103' title='bbox 1164 808 1256 841; x_wconf 89' lang='lat' dir='ltr'><strong>bona</strong></span> 
     </span>
     <span class='ocr_line' id='line_1_16' title="bbox 270 855 1258 904; baseline -0.001 -12"><span class='ocrx_word' id='word_1_104' title='bbox 270 861 409 904; x_wconf 88' lang='lat' dir='ltr'><strong>perdet,</strong></span> <span class='ocrx_word' id='word_1_105' title='bbox 443 855 594 894; x_wconf 76' lang='grc' dir='ltr'><em>πολλάκι</em></span> <span class='ocrx_word' id='word_1_106' title='bbox 626 857 687 893; x_wconf 80' lang='grc' dir='ltr'><strong>καὶ</strong></span> <span class='ocrx_word' id='word_1_107' title='bbox 719 855 894 902; x_wconf 77' lang='grc' dir='ltr'><em>ξύμπασα</em></span> <span class='ocrx_word' id='word_1_108' title='bbox 925 856 1026 898; x_wconf 75' lang='grc' dir='ltr'><em>πόλις</em></span> <span class='ocrx_word' id='word_1_109' title='bbox 1051 860 1168 893; x_wconf 80' lang='grc' dir='ltr'><em>κακοῦ</em></span> <span class='ocrx_word' id='word_1_110' title='bbox 1192 857 1258 892; x_wconf 80' lang='grc' dir='ltr'><strong>ἀν-</strong></span> 
     </span>
     <span class='ocr_line' id='line_1_17' title="bbox 270 908 536 957; baseline -0.004 -13"><span class='ocrx_word' id='word_1_111' title='bbox 270 908 358 957; x_wconf 67' lang='grc' dir='ltr'><strong>δρὸς</strong></span> <span class='ocrx_word' id='word_1_112' title='bbox 375 910 536 956; x_wconf 74' lang='grc' dir='ltr'><strong>ἐπαυρεῖ.</strong></span> 
     </span>
    </p>

    <p class='ocr_par' dir='ltr' id='par_1_6' title="bbox 270 975 1258 1376">
     <span class='ocr_line' id='line_1_18' title="bbox 372 975 1256 1021; baseline -0.003 -9"><span class='ocrx_word' id='word_1_113' title='bbox 372 977 441 1012; x_wconf 89' lang='lat' dir='ltr'><strong>Sed</strong></span> <span class='ocrx_word' id='word_1_114' title='bbox 466 989 544 1010; x_wconf 87' lang='lat' dir='ltr'><strong>vasa</strong></span> <span class='ocrx_word' id='word_1_115' title='bbox 571 977 833 1010; x_wconf 78' lang='lat' dir='ltr'><strong>misericordiae</strong></span> <span class='ocrx_word' id='word_1_116' title='bbox 859 984 940 1011; x_wconf 86' lang='lat' dir='ltr'><strong>sunt</strong></span> <span class='ocrx_word' id='word_1_117' title='bbox 958 975 1138 1015; x_wconf 89' lang='lat' dir='ltr'><strong>homines,</strong></span> <span class='ocrx_word' id='word_1_118' title='bbox 1168 989 1256 1021; x_wconf 87' lang='lat' dir='ltr'><strong>quo-</strong></span> 
     </span>
     <span class='ocr_line' id='line_1_19' title="bbox 272 1027 1257 1072; baseline -0.002 -10"><span class='ocrx_word' id='word_1_119' title='bbox 272 1042 350 1062; x_wconf 91' lang='lat' dir='ltr'><strong>rum</strong></span> <span class='ocrx_word' id='word_1_120' title='bbox 374 1040 495 1062; x_wconf 89' lang='lat' dir='ltr'><strong>cursus</strong></span> <span class='ocrx_word' id='word_1_121' title='bbox 519 1029 680 1062; x_wconf 85' lang='lat' dir='ltr'><strong>salutaris</strong></span> <span class='ocrx_word' id='word_1_122' title='bbox 705 1035 755 1061; x_wconf 88' lang='lat' dir='ltr'><strong>est</strong></span> <span class='ocrx_word' id='word_1_123' title='bbox 772 1028 857 1072; x_wconf 88' lang='lat' dir='ltr'><strong>ipsis</strong></span> <span class='ocrx_word' id='word_1_124' title='bbox 874 1035 905 1061; x_wconf 85' lang='lat' dir='ltr'><strong>et</strong></span> <span class='ocrx_word' id='word_1_125' title='bbox 922 1028 1018 1067; x_wconf 89' lang='lat' dir='ltr'><strong>aliis,</strong></span> <span class='ocrx_word' id='word_1_126' title='bbox 1046 1035 1083 1061; x_wconf 95' lang='lat' dir='ltr'><strong>ut</strong></span> <span class='ocrx_word' id='word_1_127' title='bbox 1102 1027 1257 1065; x_wconf 78' lang='lat' dir='ltr'><strong>Samuel,</strong></span> 
     </span>
     <span class='ocr_line' id='line_1_20' title="bbox 270 1078 609 1120; baseline -0.003 -7"><span class='ocrx_word' id='word_1_128' title='bbox 270 1080 406 1120; x_wconf 86' lang='lat' dir='ltr'><strong>David,</strong></span> <span class='ocrx_word' id='word_1_129' title='bbox 435 1078 609 1113; x_wconf 80' lang='lat' dir='ltr'><strong>Ieremias.</strong></span> 
     </span>
     <span class='ocr_line' id='line_1_21' title="bbox 273 1129 1257 1174; baseline -0.002 -10"><span class='ocrx_word' id='word_1_130' title='bbox 273 1130 423 1171; x_wconf 86' lang='lat' dir='ltr'><strong>civitate,</strong></span> <span class='ocrx_word' id='word_1_131' title='bbox 451 1137 490 1164; x_wconf 90' lang='lat' dir='ltr'><strong>ut</strong></span> <span class='ocrx_word' id='word_1_132' title='bbox 505 1130 578 1174; x_wconf 90' lang='lat' dir='ltr'><strong>ipse</strong></span> <span class='ocrx_word' id='word_1_133' title='bbox 594 1130 727 1173; x_wconf 81' lang='lat' dir='ltr'><strong>scribit,</strong></span> <span class='ocrx_word' id='word_1_134' title='bbox 756 1130 823 1163; x_wconf 90' lang='lat' dir='ltr'><strong>fuit</strong></span> <span class='ocrx_word' id='word_1_135' title='bbox 843 1129 1017 1169; x_wconf 76' lang='lat' dir='ltr'><strong>Ieremias,</strong></span> <span class='ocrx_word' id='word_1_136' title='bbox 1045 1130 1116 1174; x_wconf 87' lang='lat' dir='ltr'><strong>qui,</strong></span> <span class='ocrx_word' id='word_1_137' title='bbox 1145 1141 1257 1174; x_wconf 84' lang='lat' dir='ltr'><strong>quan-</strong></span> 
     </span>
     <span class='ocr_line' id='line_1_22' title="bbox 272 1180 1257 1226; baseline -0.001 -13"><span class='ocrx_word' id='word_1_138' title='bbox 272 1193 376 1226; x_wconf 77' lang='lat' dir='ltr'><strong>quam</strong></span> <span class='ocrx_word' id='word_1_139' title='bbox 406 1182 437 1214; x_wconf 90' lang='lat' dir='ltr'><strong>ei</strong></span> <span class='ocrx_word' id='word_1_140' title='bbox 461 1181 606 1225; x_wconf 88' lang='lat' dir='ltr'><strong>plurimi</strong></span> <span class='ocrx_word' id='word_1_141' title='bbox 633 1193 704 1213; x_wconf 91' lang='lat' dir='ltr'><strong>non</strong></span> <span class='ocrx_word' id='word_1_142' title='bbox 731 1180 1040 1225; x_wconf 80' lang='lat' dir='ltr'><strong>obtemperabant,</strong></span> <span class='ocrx_word' id='word_1_143' title='bbox 1076 1188 1193 1214; x_wconf 85' lang='lat' dir='ltr'><strong>tamen</strong></span> <span class='ocrx_word' id='word_1_144' title='bbox 1221 1180 1257 1213; x_wconf 90' lang='lat' dir='ltr'><strong>in</strong></span> 
     </span>
     <span class='ocr_line' id='line_1_23' title="bbox 273 1230 1257 1275; baseline -0.001 -11"><span class='ocrx_word' id='word_1_145' title='bbox 273 1232 331 1264; x_wconf 86' lang='lat' dir='ltr'><strong>illa</strong></span> <span class='ocrx_word' id='word_1_146' title='bbox 351 1238 445 1265; x_wconf 85' lang='lat' dir='ltr'><strong>tanta</strong></span> <span class='ocrx_word' id='word_1_147' title='bbox 463 1232 669 1265; x_wconf 86' lang='lat' dir='ltr'><strong>confusione</strong></span> <span class='ocrx_word' id='word_1_148' title='bbox 686 1232 871 1275; x_wconf 84' lang='lat' dir='ltr'><strong>praecipue</strong></span> <span class='ocrx_word' id='word_1_149' title='bbox 888 1232 1039 1265; x_wconf 85' lang='lat' dir='ltr'><strong>servavit</strong></span> <span class='ocrx_word' id='word_1_150' title='bbox 1055 1230 1257 1265; x_wconf 83' lang='lat' dir='ltr'><strong>Ecclesiam.</strong></span> 
     </span>
     <span class='ocr_line' id='line_1_24' title="bbox 271 1281 1258 1322; baseline 0 -8"><span class='ocrx_word' id='word_1_151' title='bbox 271 1281 349 1315; x_wconf 90' lang='lat' dir='ltr'><strong>Hoc</strong></span> <span class='ocrx_word' id='word_1_152' title='bbox 373 1283 576 1315; x_wconf 87' lang='lat' dir='ltr'><strong>discrimine</strong></span> <span class='ocrx_word' id='word_1_153' title='bbox 599 1283 838 1322; x_wconf 86' lang='lat' dir='ltr'><strong>considerato,</strong></span> <span class='ocrx_word' id='word_1_154' title='bbox 864 1294 1005 1315; x_wconf 87' lang='lat' dir='ltr'><strong>oremus</strong></span> <span class='ocrx_word' id='word_1_155' title='bbox 1030 1282 1143 1316; x_wconf 88' lang='lat' dir='ltr'><strong>Deum</strong></span> <span class='ocrx_word' id='word_1_156' title='bbox 1171 1283 1258 1315; x_wconf 90' lang='lat' dir='ltr'><strong>assi-</strong></span> 
     </span>
     <span class='ocr_line' id='line_1_25' title="bbox 271 1332 1255 1376; baseline -0.001 -11"><span class='ocrx_word' id='word_1_157' title='bbox 271 1332 350 1366; x_wconf 87' lang='lat' dir='ltr'><strong>duis</strong></span> <span class='ocrx_word' id='word_1_158' title='bbox 373 1333 560 1376; x_wconf 84' lang='lat' dir='ltr'><strong>gemitibus</strong></span> <span class='ocrx_word' id='word_1_159' title='bbox 583 1333 733 1376; x_wconf 86' lang='lat' dir='ltr'><strong>singuli,</strong></span> <span class='ocrx_word' id='word_1_160' title='bbox 760 1339 798 1366; x_wconf 87' lang='lat' dir='ltr'><strong>ut</strong></span> <span class='ocrx_word' id='word_1_161' title='bbox 822 1333 926 1366; x_wconf 86' lang='lat' dir='ltr'><strong>faciat</strong></span> <span class='ocrx_word' id='word_1_162' title='bbox 945 1344 1008 1366; x_wconf 91' lang='lat' dir='ltr'><strong>nos</strong></span> <span class='ocrx_word' id='word_1_163' title='bbox 1024 1345 1102 1365; x_wconf 87' lang='lat' dir='ltr'><strong>vasa</strong></span> <span class='ocrx_word' id='word_1_164' title='bbox 1120 1333 1255 1366; x_wconf 87' lang='lat' dir='ltr'><strong>miseri-</strong></span> 
     </span>
    </p>
   </div>
   <div class='ocr_carea' id='block_1_3' title="bbox 272 1380 1285 1429">
    <p class='ocr_par' dir='ltr' id='par_1_7' title="bbox 272 1380 1285 1429">
     <span class='ocr_line' id='line_1_26' title="bbox 272 1380 1285 1429; baseline 0.001 -14"><span class='ocrx_word' id='word_1_165' title='bbox 272 1384 428 1423; x_wconf 88' lang='lat' dir='ltr'><strong>cordiae,</strong></span> <span class='ocrx_word' id='word_1_166' title='bbox 464 1396 528 1417; x_wconf 89' lang='lat' dir='ltr'><strong>nec</strong></span> <span class='ocrx_word' id='word_1_167' title='bbox 558 1383 649 1417; x_wconf 86' lang='lat' dir='ltr'><strong>sinat</strong></span> <span class='ocrx_word' id='word_1_168' title='bbox 676 1395 740 1417; x_wconf 89' lang='lat' dir='ltr'><strong>nos</strong></span> <span class='ocrx_word' id='word_1_169' title='bbox 761 1383 835 1416; x_wconf 81' lang='lat' dir='ltr'><strong>fieri</strong></span> <span class='ocrx_word' id='word_1_170' title='bbox 862 1390 971 1427; x_wconf 88' lang='lat' dir='ltr'><strong>pestes</strong></span> <span class='ocrx_word' id='word_1_171' title='bbox 996 1391 1029 1417; x_wconf 86' lang='lat' dir='ltr'><strong>te</strong></span> <span class='ocrx_word' id='word_1_172' title='bbox 1053 1380 1259 1429; x_wconf 71' lang='grc' dir='ltr'><em>ἀλάστορας</em></span> <span class='ocrx_word' id='word_1_173' title='bbox 1284 1394 1285 1410; x_wconf 44' lang='grc' dir='ltr'><strong>ὲ</strong></span> 
     </span>
    </p>
   </div>
   <div class='ocr_carea' id='block_1_4' title="bbox 273 1432 1258 1478">
    <p class='ocr_par' dir='ltr' id='par_1_8' title="bbox 273 1432 1258 1478">
     <span class='ocr_line' id='line_1_27' title="bbox 273 1432 1258 1478; baseline 0 -11"><span class='ocrx_word' id='word_1_174' title='bbox 273 1435 409 1476; x_wconf 84' lang='lat' dir='ltr'><strong>generis</strong></span> <span class='ocrx_word' id='word_1_175' title='bbox 428 1432 595 1477; x_wconf 89' lang='lat' dir='ltr'><strong>humani,</strong></span> <span class='ocrx_word' id='word_1_176' title='bbox 622 1435 712 1468; x_wconf 90' lang='lat' dir='ltr'><strong>sicut</strong></span> <span class='ocrx_word' id='word_1_177' title='bbox 728 1434 881 1468; x_wconf 87' lang='lat' dir='ltr'><strong>clamant</strong></span> <span class='ocrx_word' id='word_1_178' title='bbox 897 1432 1094 1478; x_wconf 81' lang='lat' dir='ltr'><strong>Prophetae</strong></span> <span class='ocrx_word' id='word_1_179' title='bbox 1112 1435 1148 1467; x_wconf 88' lang='lat' dir='ltr'><strong>in</strong></span> <span class='ocrx_word' id='word_1_180' title='bbox 1159 1433 1258 1467; x_wconf 87' lang='lat' dir='ltr'><strong>Psal-</strong></span> 
     </span>
    </p>
   </div>
   <div class='ocr_carea' id='block_1_5' title="bbox 273 1483 1287 1530">
    <p class='ocr_par' dir='ltr' id='par_1_9' title="bbox 273 1483 1287 1530">
     <span class='ocr_line' id='line_1_28' title="bbox 273 1483 1287 1530; baseline 0 -13"><span class='ocrx_word' id='word_1_181' title='bbox 273 1496 347 1517; x_wconf 85' lang='lat' dir='ltr'><strong>rno:</strong></span> <span class='ocrx_word' id='word_1_182' title='bbox 375 1483 525 1529; x_wconf 82' lang='lat' dir='ltr'><strong>Respice</strong></span> <span class='ocrx_word' id='word_1_183' title='bbox 543 1496 662 1518; x_wconf 80' lang='lat' dir='ltr'><strong>servos</strong></span> <span class='ocrx_word' id='word_1_184' title='bbox 681 1492 777 1525; x_wconf 90' lang='lat' dir='ltr'><strong>tuos,</strong></span> <span class='ocrx_word' id='word_1_185' title='bbox 805 1492 838 1519; x_wconf 86' lang='lat' dir='ltr'><strong>et</strong></span> <span class='ocrx_word' id='word_1_186' title='bbox 855 1485 966 1528; x_wconf 88' lang='lat' dir='ltr'><strong>dirige</strong></span> <span class='ocrx_word' id='word_1_187' title='bbox 985 1497 1073 1530; x_wconf 91' lang='lat' dir='ltr'><strong>opus</strong></span> <span class='ocrx_word' id='word_1_188' title='bbox 1089 1497 1258 1519; x_wconf 87' lang='lat' dir='ltr'><strong>manuum</strong></span> <span class='ocrx_word' id='word_1_189' title='bbox 1285 1497 1287 1522; x_wconf 71' lang='grc' dir='ltr'>ε</span> 
     </span>
    </p>
   </div>
   <div class='ocr_carea' id='block_1_6' title="bbox 537 1518 2302 1580">
    <p class='ocr_par' dir='ltr' id='par_1_10' title="bbox 537 1518 2302 1580">
     <span class='ocr_line' id='line_1_29' title="bbox 537 1518 2302 1580; baseline -0.002 -24"><span class='ocrx_word' id='word_1_190' title='bbox 537 1533 583 1570; x_wconf 65' lang='lat' dir='ltr'><strong>Et</strong></span> <span class='ocrx_word' id='word_1_191' title='bbox 600 1534 737 1569; x_wconf 50' lang='lat' dir='ltr'>Esaias:</span> <span class='ocrx_word' id='word_1_192' title='bbox 766 1535 823 1570; x_wconf 77' lang='lat' dir='ltr'><strong>Tu</strong></span> <span class='ocrx_word' id='word_1_193' title='bbox 839 1535 994 1569; x_wconf 65' lang='lat' dir='ltr'><strong>Domine</strong></span> <span class='ocrx_word' id='word_1_194' title='bbox 1019 1544 1117 1580; x_wconf 53' lang='lat' dir='ltr'><strong>pater</strong></span> <span class='ocrx_word' id='word_1_195' title='bbox 1142 1544 1260 1570; x_wconf 45' lang='lat' dir='ltr'><strong>noster</strong></span> <span class='ocrx_word' id='word_1_196' title='bbox 1286 1527 1287 1564; x_wconf 42' lang='grc' dir='ltr'>ζ</span> <span class='ocrx_word' id='word_1_197' title='bbox 1311 1529 1370 1555; x_wconf 84' lang='lat' dir='ltr'><strong>aut</strong></span> <span class='ocrx_word' id='word_1_198' title='bbox 1396 1518 1651 1567; x_wconf 76' lang='lat' dir='ltr'><strong>sycophantae,</strong></span> <span class='ocrx_word' id='word_1_199' title='bbox 1678 1528 1736 1554; x_wconf 85' lang='lat' dir='ltr'><strong>aut</strong></span> <span class='ocrx_word' id='word_1_200' title='bbox 1762 1520 1904 1563; x_wconf 80' lang='lat' dir='ltr'><strong>gloriosi</strong></span> <span class='ocrx_word' id='word_1_201' title='bbox 1929 1518 2150 1560; x_wconf 86' lang='lat' dir='ltr'><strong>Thrasones,</strong></span> <span class='ocrx_word' id='word_1_202' title='bbox 2185 1526 2302 1553; x_wconf 86' lang='lat' dir='ltr'><strong>tamen</strong></span> 
     </span>
    </p>
   </div>
   <div class='ocr_carea' id='block_1_7' title="bbox 1286 1571 2303 1611">
    <p class='ocr_par' dir='ltr' id='par_1_11' title="bbox 1286 1571 2303 1611">
     <span class='ocr_line' id='line_1_30' title="bbox 1286 1571 2303 1611; baseline -0.002 -5"><span class='ocrx_word' id='word_1_203' title='bbox 1286 1577 1287 1584; x_wconf 64' lang='lat'>¹</span> <span class='ocrx_word' id='word_1_204' title='bbox 1313 1585 1386 1606; x_wconf 91' lang='lat' dir='ltr'><strong>non</strong></span> <span class='ocrx_word' id='word_1_205' title='bbox 1413 1579 1598 1606; x_wconf 81' lang='lat' dir='ltr'><strong>moveatur</strong></span> <span class='ocrx_word' id='word_1_206' title='bbox 1621 1578 1712 1605; x_wconf 89' lang='lat' dir='ltr'><strong>recte</strong></span> <span class='ocrx_word' id='word_1_207' title='bbox 1729 1571 1880 1611; x_wconf 78' lang='lat' dir='ltr'><strong>faciens,</strong></span> <span class='ocrx_word' id='word_1_208' title='bbox 1907 1579 1945 1605; x_wconf 91' lang='lat' dir='ltr'><strong>ut</strong></span> <span class='ocrx_word' id='word_1_209' title='bbox 1963 1571 2098 1604; x_wconf 83' lang='lat' dir='ltr'><strong>deserat</strong></span> <span class='ocrx_word' id='word_1_210' title='bbox 2115 1582 2214 1604; x_wconf 86' lang='lat' dir='ltr'><strong>suam</strong></span> <span class='ocrx_word' id='word_1_211' title='bbox 2233 1578 2303 1604; x_wconf 80' lang='lat' dir='ltr'><strong>sta-</strong></span> 
     </span>
    </p>
   </div>
   <div class='ocr_carea' id='block_1_8' title="bbox 272 1541 1259 1677">
    <p class='ocr_par' dir='ltr' id='par_1_12' title="bbox 272 1541 1259 1677">
     <span class='ocr_line' id='line_1_31' title="bbox 274 1541 484 1569; baseline 0.005 -2"><span class='ocrx_word' id='word_1_212' title='bbox 274 1541 484 1569; x_wconf 86' lang='lat' dir='ltr'><strong>nostrarum.</strong></span> 
     </span>
     <span class='ocr_line' id='line_1_32' title="bbox 272 1585 1259 1631; baseline 0.001 -12"><span class='ocrx_word' id='word_1_213' title='bbox 272 1597 326 1627; x_wconf 87' lang='lat' dir='ltr'><strong>es,</strong></span> <span class='ocrx_word' id='word_1_214' title='bbox 353 1585 425 1619; x_wconf 84' lang='lat' dir='ltr'><strong>Nos</strong></span> <span class='ocrx_word' id='word_1_215' title='bbox 449 1587 561 1620; x_wconf 90' lang='lat' dir='ltr'><strong>lutum</strong></span> <span class='ocrx_word' id='word_1_216' title='bbox 587 1594 707 1627; x_wconf 87' lang='lat' dir='ltr'><strong>tuum,</strong></span> <span class='ocrx_word' id='word_1_217' title='bbox 734 1593 771 1621; x_wconf 92' lang='lat' dir='ltr'><strong>tu</strong></span> <span class='ocrx_word' id='word_1_218' title='bbox 790 1587 921 1620; x_wconf 84' lang='lat' dir='ltr'><strong>formas</strong></span> <span class='ocrx_word' id='word_1_219' title='bbox 937 1599 1021 1629; x_wconf 87' lang='lat' dir='ltr'><strong>nos,</strong></span> <span class='ocrx_word' id='word_1_220' title='bbox 1049 1585 1169 1631; x_wconf 83' lang='lat' dir='ltr'><strong>Opera</strong></span> <span class='ocrx_word' id='word_1_221' title='bbox 1186 1599 1259 1619; x_wconf 92' lang='lat' dir='ltr'><strong>ma-</strong></span> 
     </span>
     <span class='ocr_line' id='line_1_33' title="bbox 272 1637 1073 1677; baseline 0 -8"><span class='ocrx_word' id='word_1_222' title='bbox 272 1648 381 1669; x_wconf 88' lang='lat' dir='ltr'><strong>nuum</strong></span> <span class='ocrx_word' id='word_1_223' title='bbox 401 1644 539 1670; x_wconf 88' lang='lat' dir='ltr'><strong>tuarum</strong></span> <span class='ocrx_word' id='word_1_224' title='bbox 556 1649 695 1677; x_wconf 87' lang='lat' dir='ltr'><strong>sumus,</strong></span> <span class='ocrx_word' id='word_1_225' title='bbox 724 1649 767 1669; x_wconf 90' lang='lat' dir='ltr'><strong>ne</strong></span> <span class='ocrx_word' id='word_1_226' title='bbox 785 1637 944 1670; x_wconf 87' lang='lat' dir='ltr'><strong>irascaris</strong></span> <span class='ocrx_word' id='word_1_227' title='bbox 960 1638 1073 1673; x_wconf 77' lang='lat' dir='ltr'><strong>valde.</strong></span> 
     </span>
    </p>
   </div>
   <div class='ocr_carea' id='block_1_9' title="bbox 373 1701 1258 1745">
    <p class='ocr_par' dir='ltr' id='par_1_13' title="bbox 373 1701 1258 1745">
     <span class='ocr_line' id='line_1_34' title="bbox 373 1701 1258 1745; baseline 0.001 -8"><span class='ocrx_word' id='word_1_228' title='bbox 373 1704 489 1737; x_wconf 83' lang='lat' dir='ltr'><strong>Simul</strong></span> <span class='ocrx_word' id='word_1_229' title='bbox 515 1711 630 1738; x_wconf 88' lang='lat' dir='ltr'><strong>autem</strong></span> <span class='ocrx_word' id='word_1_230' title='bbox 651 1711 772 1737; x_wconf 90' lang='lat' dir='ltr'><strong>monet</strong></span> <span class='ocrx_word' id='word_1_231' title='bbox 790 1701 857 1738; x_wconf 91' lang='lat' dir='ltr'><strong>hoc</strong></span> <span class='ocrx_word' id='word_1_232' title='bbox 875 1705 1027 1745; x_wconf 90' lang='lat' dir='ltr'><strong>dictum,</strong></span> <span class='ocrx_word' id='word_1_233' title='bbox 1053 1704 1154 1738; x_wconf 86' lang='lat' dir='ltr'><strong>Bona</strong></span> <span class='ocrx_word' id='word_1_234' title='bbox 1174 1717 1258 1738; x_wconf 90' lang='lat' dir='ltr'><strong>con-</strong></span> 
     </span>
    </p>
   </div>
   <div class='ocr_carea' id='block_1_10' title="bbox 269 1755 1286 1802">
    <p class='ocr_par' dir='ltr' id='par_1_14' title="bbox 269 1755 1286 1802">
     <span class='ocr_line' id='line_1_35' title="bbox 269 1755 1286 1802; baseline 0.001 -14"><span class='ocrx_word' id='word_1_235' title='bbox 269 1756 347 1788; x_wconf 89' lang='lat' dir='ltr'><strong>silia</strong></span> <span class='ocrx_word' id='word_1_236' title='bbox 371 1768 388 1787; x_wconf 84' lang='lat' dir='ltr'><strong>a</strong></span> <span class='ocrx_word' id='word_1_237' title='bbox 413 1755 639 1799; x_wconf 84' lang='lat' dir='ltr'><strong>paucioribus</strong></span> <span class='ocrx_word' id='word_1_238' title='bbox 662 1755 796 1793; x_wconf 87' lang='lat' dir='ltr'><strong>audiri,</strong></span> <span class='ocrx_word' id='word_1_239' title='bbox 825 1762 858 1788; x_wconf 88' lang='lat' dir='ltr'><strong>et</strong></span> <span class='ocrx_word' id='word_1_240' title='bbox 880 1756 1102 1790; x_wconf 86' lang='lat' dir='ltr'><strong>multitudini</strong></span> <span class='ocrx_word' id='word_1_241' title='bbox 1120 1757 1259 1802; x_wconf 87' lang='lat' dir='ltr'><strong>placere</strong></span> <span class='ocrx_word' id='word_1_242' title='bbox 1285 1780 1286 1783; x_wconf 50' lang='lat'><em>=</em></span> 
     </span>
    </p>
   </div>
   <div class='ocr_carea' id='block_1_11' title="bbox 269 1805 1259 2054">
    <p class='ocr_par' dir='ltr' id='par_1_15' title="bbox 269 1805 1259 2054">
     <span class='ocr_line' id='line_1_36' title="bbox 271 1805 1258 1851; baseline 0.002 -12"><span class='ocrx_word' id='word_1_243' title='bbox 271 1806 444 1840; x_wconf 82' lang='lat' dir='ltr'><strong>deteriora</strong></span> <span class='ocrx_word' id='word_1_244' title='bbox 469 1807 626 1840; x_wconf 86' lang='lat' dir='ltr'><strong>consilia.</strong></span> <span class='ocrx_word' id='word_1_245' title='bbox 688 1805 771 1839; x_wconf 89' lang='lat' dir='ltr'><strong>Ideo</strong></span> <span class='ocrx_word' id='word_1_246' title='bbox 793 1806 927 1851; x_wconf 88' lang='lat' dir='ltr'><strong>inquit:</strong></span> <span class='ocrx_word' id='word_1_247' title='bbox 964 1806 1146 1851; x_wconf 82' lang='lat' dir='ltr'><strong>Sapientia</strong></span> <span class='ocrx_word' id='word_1_248' title='bbox 1172 1820 1258 1851; x_wconf 87' lang='lat' dir='ltr'><strong>pau-</strong></span> 
     </span>
     <span class='ocr_line' id='line_1_37' title="bbox 271 1855 1259 1900; baseline 0.001 -11"><span class='ocrx_word' id='word_1_249' title='bbox 271 1857 362 1900; x_wconf 90' lang='lat' dir='ltr'><strong>peris</strong></span> <span class='ocrx_word' id='word_1_250' title='bbox 386 1864 560 1891; x_wconf 86' lang='lat' dir='ltr'><strong>contemta</strong></span> <span class='ocrx_word' id='word_1_251' title='bbox 584 1864 645 1892; x_wconf 91' lang='lat' dir='ltr'><strong>est.</strong></span> <span class='ocrx_word' id='word_1_252' title='bbox 698 1855 814 1889; x_wconf 76' lang='lat' dir='ltr'><strong>Verba</strong></span> <span class='ocrx_word' id='word_1_253' title='bbox 839 1857 1035 1900; x_wconf 88' lang='lat' dir='ltr'><strong>sapientum</strong></span> <span class='ocrx_word' id='word_1_254' title='bbox 1062 1859 1259 1891; x_wconf 88' lang='lat' dir='ltr'><strong>audiuntur</strong></span> 
     </span>
     <span class='ocr_line' id='line_1_38' title="bbox 270 1907 1257 1953; baseline 0 -13"><span class='ocrx_word' id='word_1_255' title='bbox 270 1920 287 1940; x_wconf 86' lang='lat' dir='ltr'><strong>a</strong></span> <span class='ocrx_word' id='word_1_256' title='bbox 314 1907 516 1945; x_wconf 86' lang='lat' dir='ltr'><strong>silentibus,</strong></span> <span class='ocrx_word' id='word_1_257' title='bbox 546 1908 582 1940; x_wconf 84' lang='lat' dir='ltr'><strong>id</strong></span> <span class='ocrx_word' id='word_1_258' title='bbox 607 1914 676 1948; x_wconf 87' lang='lat' dir='ltr'><strong>est,</strong></span> <span class='ocrx_word' id='word_1_259' title='bbox 705 1919 777 1940; x_wconf 92' lang='lat' dir='ltr'><strong>non</strong></span> <span class='ocrx_word' id='word_1_260' title='bbox 800 1908 1000 1941; x_wconf 88' lang='lat' dir='ltr'><strong>furentibus</strong></span> <span class='ocrx_word' id='word_1_261' title='bbox 1023 1909 1140 1953; x_wconf 88' lang='lat' dir='ltr'><strong>aliqua</strong></span> <span class='ocrx_word' id='word_1_262' title='bbox 1158 1909 1257 1953; x_wconf 87' lang='lat' dir='ltr'><strong>cupi—</strong></span> 
     </span>
     <span class='ocr_line' id='line_1_39' title="bbox 270 1952 1257 2004; baseline 0.002 -13"><span class='ocrx_word' id='word_1_263' title='bbox 270 1958 396 1998; x_wconf 80' lang='lat' dir='ltr'><strong>ditate,</strong></span> <span class='ocrx_word' id='word_1_264' title='bbox 432 1959 490 1991; x_wconf 87' lang='lat' dir='ltr'><strong>sed</strong></span> <span class='ocrx_word' id='word_1_265' title='bbox 522 1958 776 2003; x_wconf 87' lang='lat' dir='ltr'><strong>quaerentibus</strong></span> <span class='ocrx_word' id='word_1_266' title='bbox 805 1959 1004 1999; x_wconf 82' lang='lat' dir='ltr'><strong>veritatem,</strong></span> <span class='ocrx_word' id='word_1_267' title='bbox 1040 1967 1071 1993; x_wconf 87' lang='lat' dir='ltr'><strong>et</strong></span> <span class='ocrx_word' id='word_1_268' title='bbox 1101 1952 1140 1993; x_wconf 80' lang='lat' dir='ltr'><strong>ea</strong></span> <span class='ocrx_word' id='word_1_269' title='bbox 1168 1972 1257 2004; x_wconf 81' lang='lat' dir='ltr'><strong>quae</strong></span> 
     </span>
     <span class='ocr_line' id='line_1_40' title="bbox 269 2008 1256 2054; baseline 0.002 -13"><span class='ocrx_word' id='word_1_270' title='bbox 269 2016 350 2042; x_wconf 90' lang='lat' dir='ltr'><strong>sunt</strong></span> <span class='ocrx_word' id='word_1_271' title='bbox 375 2009 550 2042; x_wconf 86' lang='lat' dir='ltr'><strong>salutaria.</strong></span> <span class='ocrx_word' id='word_1_272' title='bbox 607 2008 703 2043; x_wconf 80' lang='lat' dir='ltr'><strong>Alibi</strong></span> <span class='ocrx_word' id='word_1_273' title='bbox 727 2021 811 2042; x_wconf 87' lang='lat' dir='ltr'><strong>vero</strong></span> <span class='ocrx_word' id='word_1_274' title='bbox 830 2009 945 2054; x_wconf 91' lang='lat' dir='ltr'><strong>inquit</strong></span> <span class='ocrx_word' id='word_1_275' title='bbox 963 2009 1148 2043; x_wconf 75' lang='lat' dir='ltr'><strong>Salomon:</strong></span> <span class='ocrx_word' id='word_1_276' title='bbox 1177 2010 1256 2043; x_wconf 83' lang='lat' dir='ltr'><strong>Me-</strong></span> 
     </span>
    </p>
   </div>
   <div class='ocr_carea' id='block_1_12' title="bbox 858 83 1692 124">
    <p class='ocr_par' dir='ltr' id='par_1_16' title="bbox 858 83 1692 124">
     <span class='ocr_line' id='line_1_41' title="bbox 858 83 1692 124; baseline -0.002 -3"><span class='ocrx_word' id='word_1_277' title='bbox 858 87 980 122; x_wconf 86' lang='lat' dir='ltr'><strong>PHlL.</strong></span> <span class='ocrx_word' id='word_1_278' title='bbox 1011 85 1127 124; x_wconf 72' lang='lat' dir='ltr'>MEL.</span> <span class='ocrx_word' id='word_1_279' title='bbox 1154 85 1363 123; x_wconf 80' lang='lat' dir='ltr'><strong>SCRIPTA</strong></span> <span class='ocrx_word' id='word_1_280' title='bbox 1394 83 1692 120; x_wconf 77' lang='lat' dir='ltr'><strong>EXEGETtCA.</strong></span> 
     </span>
    </p>
   </div>
   <div class='ocr_carea' id='block_1_13' title="bbox 663 1073 1286 1123">
    <p class='ocr_par' dir='ltr' id='par_1_17' title="bbox 663 1073 1286 1123">
     <span class='ocr_line' id='line_1_42' title="bbox 663 1073 1286 1123; baseline -0.003 -11"><span class='ocrx_word' id='word_1_281' title='bbox 663 1079 715 1112; x_wconf 83' lang='lat' dir='ltr'><strong>Ac</strong></span> <span class='ocrx_word' id='word_1_282' title='bbox 733 1079 874 1123; x_wconf 86' lang='lat' dir='ltr'><strong>proprie</strong></span> <span class='ocrx_word' id='word_1_283' title='bbox 891 1079 971 1112; x_wconf 86' lang='lat' dir='ltr'><strong>talis</strong></span> <span class='ocrx_word' id='word_1_284' title='bbox 987 1077 1054 1111; x_wconf 70' lang='lat' dir='ltr'><strong>Vir</strong></span> <span class='ocrx_word' id='word_1_285' title='bbox 1071 1090 1203 1123; x_wconf 89' lang='lat' dir='ltr'><strong>pauper</strong></span> <span class='ocrx_word' id='word_1_286' title='bbox 1220 1078 1257 1110; x_wconf 93' lang='lat' dir='ltr'><strong>in</strong></span> <span class='ocrx_word' id='word_1_287' title='bbox 1283 1073 1286 1100; x_wconf 78' lang='grc' dir='ltr'>Ι</span> 
     </span>
    </p>
   </div>
   <div class='ocr_carea' id='block_1_14' title="bbox 1285 726 1287 1314">
    <p class='ocr_par' dir='ltr' id='par_1_18' title="bbox 1285 726 1287 1314">
     <span class='ocr_line' id='line_1_43' title="bbox 1285 726 1287 1314; baseline 0 0"><span class='ocrx_word' id='word_1_288' title='bbox 1285 726 1287 1314; x_wconf 95' lang='lat' dir='ltr'><strong> </strong></span> 
     </span>
    </p>
   </div>
   <div class='ocr_carea' id='block_1_15' title="bbox 1284 1650 1437 1707">
    <p class='ocr_par' dir='ltr' id='par_1_19' title="bbox 1284 1650 1437 1707">
     <span class='ocr_line' id='line_1_44' title="bbox 1284 1650 1288 1670; baseline 0 0"><span class='ocrx_word' id='word_1_289' title='bbox 1284 1650 1288 1670; x_wconf 67' lang='grc' dir='ltr'><strong><em>ο</em></strong></span> 
     </span>
     <span class='ocr_line' id='line_1_45' title="bbox 1285 1672 1437 1707; baseline 0 0"><span class='ocrx_word' id='word_1_290' title='bbox 1285 1672 1287 1692; x_wconf 54' lang='grc' dir='ltr'>Ι</span> <span class='ocrx_word' id='word_1_291' title='bbox 1312 1675 1437 1707; x_wconf 71' lang='lat' dir='ltr'><strong>lorem-</strong></span> 
     </span>
    </p>
   </div>
   <div class='ocr_carea' id='block_1_16' title="bbox 1282 1585 1290 2113">
    <p class='ocr_par' dir='ltr' id='par_1_20' title="bbox 1282 1585 1290 2113">
     <span class='ocr_line' id='line_1_46' title="bbox 1282 1585 1290 2113; baseline 0 0"><span class='ocrx_word' id='word_1_292' title='bbox 1282 1585 1290 2113; x_wconf 95' lang='lat' dir='ltr'><strong> </strong></span> 
     </span>
    </p>
   </div>
   <div class='ocr_carea' id='block_1_17' title="bbox 264 2060 1255 2249">
    <p class='ocr_par' dir='ltr' id='par_1_21' title="bbox 264 2060 1255 2249">
     <span class='ocr_line' id='line_1_47' title="bbox 270 2060 1255 2105; baseline 0.002 -13"><span class='ocrx_word' id='word_1_293' title='bbox 270 2060 336 2093; x_wconf 87' lang='lat' dir='ltr'><strong>lius</strong></span> <span class='ocrx_word' id='word_1_294' title='bbox 359 2067 407 2094; x_wconf 86' lang='lat' dir='ltr'><strong>est</strong></span> <span class='ocrx_word' id='word_1_295' title='bbox 427 2072 608 2093; x_wconf 83' lang='lat' dir='ltr'><strong>occurrere</strong></span> <span class='ocrx_word' id='word_1_296' title='bbox 628 2073 747 2101; x_wconf 90' lang='lat' dir='ltr'><strong>ursae,</strong></span> <span class='ocrx_word' id='word_1_297' title='bbox 775 2073 864 2105; x_wconf 85' lang='lat' dir='ltr'><strong>quae</strong></span> <span class='ocrx_word' id='word_1_298' title='bbox 882 2061 998 2094; x_wconf 85' lang='lat' dir='ltr'><strong>amisit</strong></span> <span class='ocrx_word' id='word_1_299' title='bbox 1016 2061 1149 2095; x_wconf 87' lang='lat' dir='ltr'><strong>catulos</strong></span> <span class='ocrx_word' id='word_1_300' title='bbox 1164 2073 1255 2102; x_wconf 88' lang='lat' dir='ltr'><strong>suos,</strong></span> 
     </span>
     <span class='ocr_line' id='line_1_48' title="bbox 267 2111 1254 2156; baseline 0.003 -14"><span class='ocrx_word' id='word_1_301' title='bbox 267 2123 370 2156; x_wconf 79' lang='lat' dir='ltr'><strong>quam</strong></span> <span class='ocrx_word' id='word_1_302' title='bbox 398 2111 493 2143; x_wconf 80' lang='lat' dir='ltr'><strong>fatuo</strong></span> <span class='ocrx_word' id='word_1_303' title='bbox 519 2111 553 2143; x_wconf 90' lang='lat' dir='ltr'><strong>in</strong></span> <span class='ocrx_word' id='word_1_304' title='bbox 573 2112 723 2145; x_wconf 88' lang='lat' dir='ltr'><strong>stulticia</strong></span> <span class='ocrx_word' id='word_1_305' title='bbox 742 2123 822 2152; x_wconf 87' lang='lat' dir='ltr'><strong>sua,</strong></span> <span class='ocrx_word' id='word_1_306' title='bbox 850 2112 884 2144; x_wconf 89' lang='lat' dir='ltr'><strong>id</strong></span> <span class='ocrx_word' id='word_1_307' title='bbox 907 2119 975 2152; x_wconf 88' lang='lat' dir='ltr'><strong>est,</strong></span> <span class='ocrx_word' id='word_1_308' title='bbox 1002 2119 1170 2156; x_wconf 84' lang='lat' dir='ltr'><strong>occupato</strong></span> <span class='ocrx_word' id='word_1_309' title='bbox 1190 2113 1254 2145; x_wconf 86' lang='lat' dir='ltr'><strong>ali-</strong></span> 
     </span>
     <span class='ocr_line' id='line_1_49' title="bbox 264 2163 1254 2207; baseline 0.006 -16"><span class='ocrx_word' id='word_1_310' title='bbox 264 2174 331 2206; x_wconf 74' lang='lat' dir='ltr'><strong>qua</strong></span> <span class='ocrx_word' id='word_1_311' title='bbox 348 2163 548 2205; x_wconf 74' lang='lat' dir='ltr'><strong>cupiditate,</strong></span> <span class='ocrx_word' id='word_1_312' title='bbox 573 2170 632 2197; x_wconf 78' lang='lat' dir='ltr'><strong>aut</strong></span> <span class='ocrx_word' id='word_1_313' title='bbox 649 2163 817 2196; x_wconf 77' lang='lat' dir='ltr'><strong>fascinato</strong></span> <span class='ocrx_word' id='word_1_314' title='bbox 834 2163 940 2197; x_wconf 86' lang='lat' dir='ltr'><strong>stulta</strong></span> <span class='ocrx_word' id='word_1_315' title='bbox 954 2163 1179 2207; x_wconf 81' lang='lat' dir='ltr'><strong>persuasione</strong></span> <span class='ocrx_word' id='word_1_316' title='bbox 1191 2165 1254 2197; x_wconf 90' lang='lat' dir='ltr'><strong>ad-</strong></span> 
     </span>
     <span class='ocr_line' id='line_1_50' title="bbox 264 2213 728 2249; baseline 0.009 -6"><span class='ocrx_word' id='word_1_317' title='bbox 264 2214 392 2245; x_wconf 74' lang='lat' dir='ltr'><strong>versari</strong></span> <span class='ocrx_word' id='word_1_318' title='bbox 413 2213 647 2247; x_wconf 64' lang='lat' dir='ltr'><strong>difficilimum</strong></span> <span class='ocrx_word' id='word_1_319' title='bbox 668 2221 728 2249; x_wconf 89' lang='lat' dir='ltr'><strong>est.</strong></span> 
     </span>
    </p>
   </div>
   <div class='ocr_carea' id='block_1_18' title="bbox 638 2239 1281 2402">
    <p class='ocr_par' dir='ltr' id='par_1_22' title="bbox 638 2239 1281 2402">
     <span class='ocr_line' id='line_1_51' title="bbox 638 2239 1281 2402; baseline 0 -13"><span class='ocrx_word' id='word_1_320' title='bbox 638 2349 770 2402; x_wconf 76' lang='lat' dir='ltr'><strong>Caput</strong></span> <span class='ocrx_word' id='word_1_321' title='bbox 815 2351 867 2390; x_wconf 79' lang='grc' dir='ltr'><strong>Χ.</strong></span> <span class='ocrx_word' id='word_1_322' title='bbox 1277 2239 1281 2353; x_wconf 93' lang='grc' dir='ltr'>Ι</span> 
     </span>
    </p>
   </div>
   <div class='ocr_carea' id='block_1_19' title="bbox 310 2429 1246 2525">
    <p class='ocr_par' dir='ltr' id='par_1_23' title="bbox 310 2429 1246 2525">
     <span class='ocr_line' id='line_1_52' title="bbox 310 2429 1246 2481; baseline 0.002 -17"><span class='ocrx_word' id='word_1_323' title='bbox 310 2429 469 2464; x_wconf 69' lang='lat' dir='ltr'><strong>Jlusme,</strong></span> <span class='ocrx_word' id='word_1_324' title='bbox 512 2436 706 2464; x_wconf 57' lang='lat' dir='ltr'><strong>mnrnntmt</strong></span> <span class='ocrx_word' id='word_1_325' title='bbox 747 2439 981 2481; x_wconf 75' lang='lat' dir='ltr'><strong>corrumpunt</strong></span> <span class='ocrx_word' id='word_1_326' title='bbox 1015 2434 1147 2467; x_wconf 63' lang='lat' dir='ltr'><strong>suavia</strong></span> <span class='ocrx_word' id='word_1_327' title='bbox 1183 2446 1246 2467; x_wconf 83' lang='lat' dir='ltr'><strong>un-</strong></span> 
     </span>
     <span class='ocr_line' id='line_1_53' title="bbox 359 2487 508 2525; baseline 0.013 -11"><span class='ocrx_word' id='word_1_328' title='bbox 359 2487 508 2525; x_wconf 69' lang='lat' dir='ltr'><strong>guenta.</strong></span> 
     </span>
    </p>
   </div>
   <div class='ocr_carea' id='block_1_20' title="bbox 251 2558 1274 2709">
    <p class='ocr_par' dir='ltr' id='par_1_24' title="bbox 251 2558 1274 2709">
     <span class='ocr_line' id='line_1_54' title="bbox 358 2558 1246 2600; baseline 0.005 -10"><span class='ocrx_word' id='word_1_329' title='bbox 358 2558 393 2590; x_wconf 87' lang='lat' dir='ltr'><strong>ld</strong></span> <span class='ocrx_word' id='word_1_330' title='bbox 421 2566 490 2592; x_wconf 81' lang='lat' dir='ltr'><strong>est:</strong></span> <span class='ocrx_word' id='word_1_331' title='bbox 540 2559 620 2591; x_wconf 74' lang='lat' dir='ltr'><strong>tuna</strong></span> <span class='ocrx_word' id='word_1_332' title='bbox 645 2560 809 2599; x_wconf 72' lang='lat' dir='ltr'><strong>consilia,</strong></span> <span class='ocrx_word' id='word_1_333' title='bbox 840 2562 930 2594; x_wconf 80' lang='lat' dir='ltr'><strong>bona</strong></span> <span class='ocrx_word' id='word_1_334' title='bbox 949 2562 1127 2600; x_wconf 76' lang='lat' dir='ltr'><strong>doctrina.</strong></span> <span class='ocrx_word' id='word_1_335' title='bbox 1156 2569 1246 2594; x_wconf 82' lang='lat' dir='ltr'><strong>artes</strong></span> 
     </span>
     <span class='ocr_line' id='line_1_55' title="bbox 254 2610 1274 2658; baseline 0.003 -16"><span class='ocrx_word' id='word_1_336' title='bbox 254 2618 342 2642; x_wconf 82' lang='lat' dir='ltr'><strong>recte</strong></span> <span class='ocrx_word' id='word_1_337' title='bbox 363 2610 571 2643; x_wconf 82' lang='lat' dir='ltr'><strong>constitutae</strong></span> <span class='ocrx_word' id='word_1_338' title='bbox 587 2611 747 2655; x_wconf 76' lang='lat' dir='ltr'><strong>quotidie</strong></span> <span class='ocrx_word' id='word_1_339' title='bbox 766 2621 1044 2656; x_wconf 81' lang='lat' dir='ltr'><strong>corrumpuntur</strong></span> <span class='ocrx_word' id='word_1_340' title='bbox 1064 2626 1125 2653; x_wconf 78' lang='lat' dir='ltr'><strong>per</strong></span> <span class='ocrx_word' id='word_1_341' title='bbox 1142 2615 1244 2645; x_wconf 85' lang='lat' dir='ltr'><strong>arde·</strong></span> <span class='ocrx_word' id='word_1_342' title='bbox 1269 2618 1274 2658; x_wconf 85' lang='grc' dir='ltr'>Ι</span> 
     </span>
     <span class='ocr_line' id='line_1_56' title="bbox 251 2661 1241 2709; baseline 0.004 -16"><span class='ocrx_word' id='word_1_343' title='bbox 251 2663 361 2694; x_wconf 85' lang='lat' dir='ltr'><strong>liones</strong></span> <span class='ocrx_word' id='word_1_344' title='bbox 410 2662 469 2705; x_wconf 83' lang='lat' dir='ltr'><strong>qui</strong></span> <span class='ocrx_word' id='word_1_345' title='bbox 490 2661 624 2694; x_wconf 77' lang='lat' dir='ltr'><strong>facilius</strong></span> <span class='ocrx_word' id='word_1_346' title='bbox 642 2663 838 2696; x_wconf 85' lang='lat' dir='ltr'><strong>audiuntur</strong></span> <span class='ocrx_word' id='word_1_347' title='bbox 859 2664 894 2696; x_wconf 82' lang='lat' dir='ltr'><strong>in</strong></span> <span class='ocrx_word' id='word_1_348' title='bbox 913 2664 1002 2698; x_wconf 84' lang='lat' dir='ltr'><strong>aulis</strong></span> <span class='ocrx_word' id='word_1_349' title='bbox 1019 2671 1050 2698; x_wconf 89' lang='lat' dir='ltr'><strong>et</strong></span> <span class='ocrx_word' id='word_1_350' title='bbox 1071 2665 1106 2697; x_wconf 90' lang='lat' dir='ltr'><strong>in</strong></span> <span class='ocrx_word' id='word_1_351' title='bbox 1127 2677 1241 2709; x_wconf 77' lang='lat' dir='ltr'><strong>popu-</strong></span> 
     </span>
    </p>
   </div>
   <div class='ocr_carea' id='block_1_21' title="bbox 2219 83 2290 118">
    <p class='ocr_par' dir='ltr' id='par_1_25' title="bbox 2219 83 2290 118">
     <span class='ocr_line' id='line_1_57' title="bbox 2219 83 2290 118; baseline -0.014 0"><span class='ocrx_word' id='word_1_352' title='bbox 2219 83 2290 118; x_wconf 78' lang='lat'><strong>156</strong></span> 
     </span>
    </p>
   </div>
   <div class='ocr_carea' id='block_1_22' title="bbox 1303 169 2293 263">
    <p class='ocr_par' dir='ltr' id='par_1_26' title="bbox 1303 169 2293 263">
     <span class='ocr_line' id='line_1_58' title="bbox 1303 169 2293 216; baseline -0.003 -12"><span class='ocrx_word' id='word_1_353' title='bbox 1303 172 1357 212; x_wconf 90' lang='lat' dir='ltr'><strong>lo,</strong></span> <span class='ocrx_word' id='word_1_354' title='bbox 1382 183 1486 216; x_wconf 84' lang='lat' dir='ltr'><strong>quam</strong></span> <span class='ocrx_word' id='word_1_355' title='bbox 1504 169 1666 205; x_wconf 87' lang='lat' dir='ltr'><strong>homines</strong></span> <span class='ocrx_word' id='word_1_356' title='bbox 1685 171 1832 205; x_wconf 88' lang='lat' dir='ltr'><strong>modesti</strong></span> <span class='ocrx_word' id='word_1_357' title='bbox 1851 177 1882 204; x_wconf 90' lang='lat' dir='ltr'><strong>et</strong></span> <span class='ocrx_word' id='word_1_358' title='bbox 1902 178 2092 215; x_wconf 81' lang='lat' dir='ltr'><strong>pauperes,</strong></span> <span class='ocrx_word' id='word_1_359' title='bbox 2119 176 2211 204; x_wconf 89' lang='lat' dir='ltr'><strong>recte</strong></span> <span class='ocrx_word' id='word_1_360' title='bbox 2229 170 2293 202; x_wconf 89' lang='lat' dir='ltr'><strong>do-</strong></span> 
     </span>
     <span class='ocr_line' id='line_1_59' title="bbox 1303 221 1958 263; baseline -0.005 -7"><span class='ocrx_word' id='word_1_361' title='bbox 1303 229 1436 263; x_wconf 83' lang='lat' dir='ltr'><strong>centes,</strong></span> <span class='ocrx_word' id='word_1_362' title='bbox 1463 230 1522 256; x_wconf 87' lang='lat' dir='ltr'><strong>aut</strong></span> <span class='ocrx_word' id='word_1_363' title='bbox 1540 223 1704 256; x_wconf 85' lang='lat' dir='ltr'><strong>salutaria</strong></span> <span class='ocrx_word' id='word_1_364' title='bbox 1723 221 1958 255; x_wconf 85' lang='lat' dir='ltr'><strong>consulentes.</strong></span> 
     </span>
    </p>
   </div>
   <div class='ocr_carea' id='block_1_23' title="bbox 1354 312 2290 412">
    <p class='ocr_par' dir='ltr' id='par_1_27' title="bbox 1354 312 2290 412">
     <span class='ocr_line' id='line_1_60' title="bbox 1354 312 2290 361; baseline -0.003 -13"><span class='ocrx_word' id='word_1_365' title='bbox 1354 312 1552 361; x_wconf 81' lang='lat' dir='ltr'><strong>Paulisper</strong></span> <span class='ocrx_word' id='word_1_366' title='bbox 1574 314 1704 349; x_wconf 83' lang='lat' dir='ltr'><strong>melior</strong></span> <span class='ocrx_word' id='word_1_367' title='bbox 1725 320 1774 348; x_wconf 75' lang='lat' dir='ltr'><strong>est</strong></span> <span class='ocrx_word' id='word_1_368' title='bbox 1792 313 1958 349; x_wconf 78' lang='lat' dir='ltr'><strong>stulticia</strong></span> <span class='ocrx_word' id='word_1_369' title='bbox 1976 326 2087 361; x_wconf 78' lang='lat' dir='ltr'><strong>quam</strong></span> <span class='ocrx_word' id='word_1_370' title='bbox 2104 314 2290 360; x_wconf 75' lang='lat' dir='ltr'><strong>sapientia</strong></span> 
     </span>
     <span class='ocr_line' id='line_1_61' title="bbox 1407 365 1588 412; baseline 0 -13"><span class='ocrx_word' id='word_1_371' title='bbox 1407 371 1437 399; x_wconf 81' lang='lat' dir='ltr'><strong>el</strong></span> <span class='ocrx_word' id='word_1_372' title='bbox 1451 365 1588 412; x_wconf 80' lang='lat' dir='ltr'><strong>gloria.</strong></span> 
     </span>
    </p>
   </div>
   <div class='ocr_carea' id='block_1_24' title="bbox 1307 442 2299 1241">
    <p class='ocr_par' dir='ltr' id='par_1_28' title="bbox 1307 442 2299 1241">
     <span class='ocr_line' id='line_1_62' title="bbox 1407 442 2294 490; baseline -0.005 -12"><span class='ocrx_word' id='word_1_373' title='bbox 1407 443 1581 490; x_wconf 86' lang='lat' dir='ltr'><strong>Congruit</strong></span> <span class='ocrx_word' id='word_1_374' title='bbox 1604 456 1682 478; x_wconf 88' lang='lat' dir='ltr'><strong>cum</strong></span> <span class='ocrx_word' id='word_1_375' title='bbox 1706 443 1816 476; x_wconf 87' lang='lat' dir='ltr'><strong>dicto:</strong></span> <span class='ocrx_word' id='word_1_376' title='bbox 1845 442 1925 476; x_wconf 92' lang='lat' dir='ltr'><strong>Non</strong></span> <span class='ocrx_word' id='word_1_377' title='bbox 1951 443 2102 486; x_wconf 88' lang='lat' dir='ltr'><strong>ponebat</strong></span> <span class='ocrx_word' id='word_1_378' title='bbox 2120 442 2214 475; x_wconf 86' lang='lat' dir='ltr'><strong>enim</strong></span> <span class='ocrx_word' id='word_1_379' title='bbox 2234 453 2294 475; x_wconf 89' lang='lat' dir='ltr'><strong>ru-</strong></span> 
     </span>
     <span class='ocr_line' id='line_1_63' title="bbox 1307 493 2295 538; baseline -0.003 -10"><span class='ocrx_word' id='word_1_380' title='bbox 1307 507 1421 528; x_wconf 80' lang='lat' dir='ltr'><strong>mores</strong></span> <span class='ocrx_word' id='word_1_381' title='bbox 1439 503 1519 529; x_wconf 87' lang='lat' dir='ltr'><strong>ante</strong></span> <span class='ocrx_word' id='word_1_382' title='bbox 1534 496 1692 529; x_wconf 82' lang='lat' dir='ltr'><strong>salutem.</strong></span> <span class='ocrx_word' id='word_1_383' title='bbox 1737 493 1868 528; x_wconf 83' lang='lat' dir='ltr'><strong>Fabius</strong></span> <span class='ocrx_word' id='word_1_384' title='bbox 1885 494 2062 538; x_wconf 88' lang='lat' dir='ltr'><strong>paulisper</strong></span> <span class='ocrx_word' id='word_1_385' title='bbox 2077 494 2205 527; x_wconf 86' lang='lat' dir='ltr'><strong>stultus</strong></span> <span class='ocrx_word' id='word_1_386' title='bbox 2222 504 2295 525; x_wconf 84' lang='lat' dir='ltr'><strong>esse</strong></span> 
     </span>
     <span class='ocr_line' id='line_1_64' title="bbox 1307 544 2295 590; baseline -0.003 -11"><span class='ocrx_word' id='word_1_387' title='bbox 1307 547 1546 589; x_wconf 85' lang='lat' dir='ltr'><strong>existimatur,</strong></span> <span class='ocrx_word' id='word_1_388' title='bbox 1589 547 1647 580; x_wconf 88' lang='lat' dir='ltr'><strong>sed</strong></span> <span class='ocrx_word' id='word_1_389' title='bbox 1679 552 1797 590; x_wconf 84' lang='lat' dir='ltr'><strong>postea</strong></span> <span class='ocrx_word' id='word_1_390' title='bbox 1827 551 1973 578; x_wconf 86' lang='lat' dir='ltr'><strong>eventus</strong></span> <span class='ocrx_word' id='word_1_391' title='bbox 2004 545 2179 585; x_wconf 87' lang='lat' dir='ltr'><strong>ostendit,</strong></span> <span class='ocrx_word' id='word_1_392' title='bbox 2219 544 2295 577; x_wconf 85' lang='lat' dir='ltr'><strong>eius</strong></span> 
     </span>
     <span class='ocr_line' id='line_1_65' title="bbox 1308 595 2294 640; baseline -0.004 -9"><span class='ocrx_word' id='word_1_393' title='bbox 1308 597 1453 631; x_wconf 89' lang='lat' dir='ltr'><strong>consilia</strong></span> <span class='ocrx_word' id='word_1_394' title='bbox 1474 598 1581 630; x_wconf 78' lang='lat' dir='ltr'><strong>fuisse</strong></span> <span class='ocrx_word' id='word_1_395' title='bbox 1604 596 1788 635; x_wconf 81' lang='lat' dir='ltr'><strong>salutaria,</strong></span> <span class='ocrx_word' id='word_1_396' title='bbox 1813 603 1845 630; x_wconf 92' lang='lat' dir='ltr'><strong>et</strong></span> <span class='ocrx_word' id='word_1_397' title='bbox 1870 596 2034 639; x_wconf 83' lang='lat' dir='ltr'><strong>congruit.</strong></span> <span class='ocrx_word' id='word_1_398' title='bbox 2057 596 2151 640; x_wconf 91' lang='lat' dir='ltr'><strong>quod</strong></span> <span class='ocrx_word' id='word_1_399' title='bbox 2176 595 2294 640; x_wconf 88' lang='lat' dir='ltr'><strong>sequi-</strong></span> 
     </span>
     <span class='ocr_line' id='line_1_66' title="bbox 1308 643 2292 693; baseline -0.004 -12"><span class='ocrx_word' id='word_1_400' title='bbox 1308 656 1380 681; x_wconf 92' lang='lat' dir='ltr'><strong>tur:</strong></span> <span class='ocrx_word' id='word_1_401' title='bbox 1410 645 1626 693; x_wconf 81' lang='lat' dir='ltr'><strong>Sapientum</strong></span> <span class='ocrx_word' id='word_1_402' title='bbox 1653 645 1763 681; x_wconf 82' lang='lat' dir='ltr'><strong>corda</strong></span> <span class='ocrx_word' id='word_1_403' title='bbox 1788 649 1826 680; x_wconf 86' lang='lat' dir='ltr'><strong>in</strong></span> <span class='ocrx_word' id='word_1_404' title='bbox 1853 643 1986 679; x_wconf 75' lang='lat' dir='ltr'><strong>dextra</strong></span> <span class='ocrx_word' id='word_1_405' title='bbox 2003 657 2117 678; x_wconf 87' lang='lat' dir='ltr'><strong>manu</strong></span> <span class='ocrx_word' id='word_1_406' title='bbox 2136 656 2230 688; x_wconf 82' lang='lat' dir='ltr'><strong>esse,</strong></span> <span class='ocrx_word' id='word_1_407' title='bbox 2257 645 2292 678; x_wconf 92' lang='lat' dir='ltr'><strong>id</strong></span> 
     </span>
     <span class='ocr_line' id='line_1_67' title="bbox 1309 696 2297 741; baseline -0.003 -10"><span class='ocrx_word' id='word_1_408' title='bbox 1309 706 1376 737; x_wconf 85' lang='lat' dir='ltr'><strong>est,</strong></span> <span class='ocrx_word' id='word_1_409' title='bbox 1412 699 1548 732; x_wconf 89' lang='lat' dir='ltr'><strong>firmius</strong></span> <span class='ocrx_word' id='word_1_410' title='bbox 1577 699 1708 740; x_wconf 88' lang='lat' dir='ltr'><strong>teneri,</strong></span> <span class='ocrx_word' id='word_1_411' title='bbox 1742 711 1786 731; x_wconf 91' lang='lat' dir='ltr'><strong>ne</strong></span> <span class='ocrx_word' id='word_1_412' title='bbox 1812 698 2057 741; x_wconf 85' lang='lat' dir='ltr'><strong>obtemperent</strong></span> <span class='ocrx_word' id='word_1_413' title='bbox 2083 696 2297 735; x_wconf 85' lang='lat' dir='ltr'><strong>iracundiae,</strong></span> 
     </span>
     <span class='ocr_line' id='line_1_68' title="bbox 1309 745 2294 789; baseline -0.004 -6"><span class='ocrx_word' id='word_1_414' title='bbox 1309 749 1445 789; x_wconf 87' lang='lat' dir='ltr'><strong>dolori,</strong></span> <span class='ocrx_word' id='word_1_415' title='bbox 1482 750 1680 785; x_wconf 88' lang='lat' dir='ltr'><strong>ambitioni.</strong></span> <span class='ocrx_word' id='word_1_416' title='bbox 1747 747 1954 782; x_wconf 73' lang='lat' dir='ltr'><strong>Stultorum</strong></span> <span class='ocrx_word' id='word_1_417' title='bbox 1989 745 2100 781; x_wconf 84' lang='lat' dir='ltr'><strong>corda</strong></span> <span class='ocrx_word' id='word_1_418' title='bbox 2134 751 2220 781; x_wconf 77' lang='lat' dir='ltr'><strong>sunt</strong></span> <span class='ocrx_word' id='word_1_419' title='bbox 2255 745 2294 779; x_wconf 86' lang='lat' dir='ltr'><strong>in</strong></span> 
     </span>
     <span class='ocr_line' id='line_1_69' title="bbox 1308 800 2295 843; baseline -0.003 -10"><span class='ocrx_word' id='word_1_420' title='bbox 1308 800 1484 841; x_wconf 77' lang='lat' dir='ltr'><strong>sinislra,</strong></span> <span class='ocrx_word' id='word_1_421' title='bbox 1518 801 1553 833; x_wconf 86' lang='lat' dir='ltr'><strong>id</strong></span> <span class='ocrx_word' id='word_1_422' title='bbox 1578 808 1649 842; x_wconf 86' lang='lat' dir='ltr'><strong>est,</strong></span> <span class='ocrx_word' id='word_1_423' title='bbox 1685 801 1860 834; x_wconf 89' lang='lat' dir='ltr'><strong>infirmius</strong></span> <span class='ocrx_word' id='word_1_424' title='bbox 1882 806 2067 840; x_wconf 88' lang='lat' dir='ltr'><strong>tenentur,</strong></span> <span class='ocrx_word' id='word_1_425' title='bbox 2092 805 2202 832; x_wconf 85' lang='lat' dir='ltr'><strong>ruunt</strong></span> <span class='ocrx_word' id='word_1_426' title='bbox 2225 810 2295 843; x_wconf 85' lang='lat' dir='ltr'><strong>quo</strong></span> 
     </span>
     <span class='ocr_line' id='line_1_70' title="bbox 1311 849 2296 895; baseline -0.002 -11"><span class='ocrx_word' id='word_1_427' title='bbox 1311 853 1382 890; x_wconf 84' lang='lat' dir='ltr'><strong>ira,</strong></span> <span class='ocrx_word' id='word_1_428' title='bbox 1417 851 1591 895; x_wconf 84' lang='lat' dir='ltr'><strong>cupiditas</strong></span> <span class='ocrx_word' id='word_1_429' title='bbox 1614 852 1764 895; x_wconf 84' lang='lat' dir='ltr'><strong>gloriae,</strong></span> <span class='ocrx_word' id='word_1_430' title='bbox 1799 852 1900 885; x_wconf 86' lang='lat' dir='ltr'><strong>dolor</strong></span> <span class='ocrx_word' id='word_1_431' title='bbox 1923 858 1984 884; x_wconf 88' lang='lat' dir='ltr'><strong>aut</strong></span> <span class='ocrx_word' id='word_1_432' title='bbox 2007 850 2067 883; x_wconf 91' lang='lat' dir='ltr'><strong>alii</strong></span> <span class='ocrx_word' id='word_1_433' title='bbox 2093 850 2186 883; x_wconf 87' lang='lat' dir='ltr'><strong>coeci</strong></span> <span class='ocrx_word' id='word_1_434' title='bbox 2211 849 2296 882; x_wconf 82' lang='lat' dir='ltr'><strong>affe-</strong></span> 
     </span>
     <span class='ocr_line' id='line_1_71' title="bbox 1310 900 2297 948; baseline -0.003 -12"><span class='ocrx_word' id='word_1_435' title='bbox 1310 909 1383 937; x_wconf 91' lang='lat' dir='ltr'><strong>ctus</strong></span> <span class='ocrx_word' id='word_1_436' title='bbox 1411 902 1610 946; x_wconf 86' lang='lat' dir='ltr'><strong>impellunt.</strong></span> <span class='ocrx_word' id='word_1_437' title='bbox 1663 901 1718 948; x_wconf 30' lang='lat' dir='ltr'><strong>Et.</strong></span> <span class='ocrx_word' id='word_1_438' title='bbox 1733 903 1850 946; x_wconf 85' lang='lat' dir='ltr'><strong>regula</strong></span> <span class='ocrx_word' id='word_1_439' title='bbox 1877 902 2029 936; x_wconf 87' lang='lat' dir='ltr'><strong>traditur</strong></span> <span class='ocrx_word' id='word_1_440' title='bbox 2044 902 2087 934; x_wconf 84' lang='lat' dir='ltr'><strong>de</strong></span> <span class='ocrx_word' id='word_1_441' title='bbox 2101 900 2297 944; x_wconf 84' lang='lat' dir='ltr'><strong>proprieta—</strong></span> 
     </span>
     <span class='ocr_line' id='line_1_72' title="bbox 1310 951 2298 996; baseline -0.005 -8"><span class='ocrx_word' id='word_1_442' title='bbox 1310 961 1359 994; x_wconf 90' lang='lat' dir='ltr'><strong>te,</strong></span> <span class='ocrx_word' id='word_1_443' title='bbox 1386 953 1634 987; x_wconf 87' lang='lat' dir='ltr'><strong>universaliter</strong></span> <span class='ocrx_word' id='word_1_444' title='bbox 1656 954 1842 987; x_wconf 86' lang='lat' dir='ltr'><strong>coniuncta</strong></span> <span class='ocrx_word' id='word_1_445' title='bbox 1869 965 1947 987; x_wconf 91' lang='lat' dir='ltr'><strong>cum</strong></span> <span class='ocrx_word' id='word_1_446' title='bbox 1973 953 2055 985; x_wconf 76' lang='lat' dir='ltr'><strong>falsa</strong></span> <span class='ocrx_word' id='word_1_447' title='bbox 2074 951 2298 996; x_wconf 88' lang='lat' dir='ltr'><strong>persuasione</strong></span> 
     </span>
     <span class='ocr_line' id='line_1_73' title="bbox 1310 1004 2298 1049; baseline -0.003 -12"><span class='ocrx_word' id='word_1_448' title='bbox 1310 1005 1520 1048; x_wconf 81' lang='lat' dir='ltr'><strong>sapientiae,</strong></span> <span class='ocrx_word' id='word_1_449' title='bbox 1549 1004 1714 1037; x_wconf 86' lang='lat' dir='ltr'><strong>videlicet</strong></span> <span class='ocrx_word' id='word_1_450' title='bbox 1737 1006 1831 1049; x_wconf 91' lang='lat' dir='ltr'><strong>quod</strong></span> <span class='ocrx_word' id='word_1_451' title='bbox 1856 1015 1978 1036; x_wconf 89' lang='lat' dir='ltr'><strong>omnes</strong></span> <span class='ocrx_word' id='word_1_452' title='bbox 1996 1004 2066 1036; x_wconf 90' lang='lat' dir='ltr'><strong>sint</strong></span> <span class='ocrx_word' id='word_1_453' title='bbox 2082 1009 2298 1046; x_wconf 83' lang='lat' dir='ltr'><strong>arrogantes,</strong></span> 
     </span>
     <span class='ocr_line' id='line_1_74' title="bbox 1310 1053 2299 1097; baseline -0.002 -9"><span class='ocrx_word' id='word_1_454' title='bbox 1310 1067 1383 1088; x_wconf 88' lang='lat' dir='ltr'><strong>sese</strong></span> <span class='ocrx_word' id='word_1_455' title='bbox 1411 1055 1649 1096; x_wconf 86' lang='lat' dir='ltr'><strong>admirentur,</strong></span> <span class='ocrx_word' id='word_1_456' title='bbox 1694 1061 1728 1088; x_wconf 87' lang='lat' dir='ltr'><strong>et</strong></span> <span class='ocrx_word' id='word_1_457' title='bbox 1752 1054 1840 1087; x_wconf 90' lang='lat' dir='ltr'><strong>alios</strong></span> <span class='ocrx_word' id='word_1_458' title='bbox 1862 1055 2056 1097; x_wconf 85' lang='lat' dir='ltr'><strong>despiciant</strong></span> <span class='ocrx_word' id='word_1_459' title='bbox 2081 1066 2119 1087; x_wconf 88' lang='lat' dir='ltr'><strong>ac</strong></span> <span class='ocrx_word' id='word_1_460' title='bbox 2142 1053 2299 1087; x_wconf 82' lang='lat' dir='ltr'><strong>iudicent</strong></span> 
     </span>
     <span class='ocr_line' id='line_1_75' title="bbox 1309 1103 2299 1150; baseline -0.004 -11"><span class='ocrx_word' id='word_1_461' title='bbox 1309 1107 1423 1140; x_wconf 85' lang='lat' dir='ltr'><strong>fatuos</strong></span> <span class='ocrx_word' id='word_1_462' title='bbox 1447 1117 1536 1146; x_wconf 84' lang='lat' dir='ltr'><strong>esse,</strong></span> <span class='ocrx_word' id='word_1_463' title='bbox 1560 1106 1649 1139; x_wconf 89' lang='lat' dir='ltr'><strong>sicut</strong></span> <span class='ocrx_word' id='word_1_464' title='bbox 1669 1104 1834 1150; x_wconf 89' lang='lat' dir='ltr'><strong>Epicurei</strong></span> <span class='ocrx_word' id='word_1_465' title='bbox 1863 1111 1895 1138; x_wconf 82' lang='lat' dir='ltr'><strong>et</strong></span> <span class='ocrx_word' id='word_1_466' title='bbox 1915 1103 2119 1150; x_wconf 86' lang='lat' dir='ltr'><strong>hypocritae</strong></span> <span class='ocrx_word' id='word_1_467' title='bbox 2141 1105 2299 1138; x_wconf 84' lang='lat' dir='ltr'><strong>iudicant</strong></span> 
     </span>
     <span class='ocr_line' id='line_1_76' title="bbox 1311 1155 2299 1200; baseline -0.002 -11"><span class='ocrx_word' id='word_1_468' title='bbox 1311 1157 1464 1190; x_wconf 87' lang='lat' dir='ltr'><strong>insanire</strong></span> <span class='ocrx_word' id='word_1_469' title='bbox 1482 1157 1684 1200; x_wconf 80' lang='lat' dir='ltr'><strong>Apostolos.</strong></span> <span class='ocrx_word' id='word_1_470' title='bbox 1740 1156 1930 1200; x_wconf 84' lang='lat' dir='ltr'><strong>Pompeius</strong></span> <span class='ocrx_word' id='word_1_471' title='bbox 1948 1155 2079 1190; x_wconf 85' lang='lat' dir='ltr'><strong>iudicat</strong></span> <span class='ocrx_word' id='word_1_472' title='bbox 2094 1167 2210 1189; x_wconf 86' lang='lat' dir='ltr'><strong>errare</strong></span> <span class='ocrx_word' id='word_1_473' title='bbox 2225 1155 2299 1188; x_wconf 83' lang='lat' dir='ltr'><strong>dis-</strong></span> 
     </span>
     <span class='ocr_line' id='line_1_77' title="bbox 1309 1208 1580 1241; baseline -0.004 0"><span class='ocrx_word' id='word_1_474' title='bbox 1309 1219 1466 1241; x_wconf 89' lang='lat' dir='ltr'><strong>suasores</strong></span> <span class='ocrx_word' id='word_1_475' title='bbox 1484 1208 1580 1241; x_wconf 85' lang='lat' dir='ltr'><strong>belli.</strong></span> 
     </span>
    </p>
   </div>
   <div class='ocr_carea' id='block_1_25' title="bbox 1361 1290 2301 1442">
    <p class='ocr_par' dir='ltr' id='par_1_29' title="bbox 1361 1290 2301 1442">
     <span class='ocr_line' id='line_1_78' title="bbox 1361 1290 2300 1338; baseline -0.004 -12"><span class='ocrx_word' id='word_1_476' title='bbox 1361 1291 1407 1326; x_wconf 83' lang='lat' dir='ltr'><strong>Si</strong></span> <span class='ocrx_word' id='word_1_477' title='bbox 1432 1291 1680 1338; x_wconf 61' lang='lat' dir='ltr'><strong>praevaluerit</strong></span> <span class='ocrx_word' id='word_1_478' title='bbox 1713 1290 1866 1335; x_wconf 76' lang='lat' dir='ltr'><strong>impelus</strong></span> <span class='ocrx_word' id='word_1_479' title='bbox 1888 1290 2104 1337; x_wconf 74' lang='lat' dir='ltr'><strong>potentioris</strong></span> <span class='ocrx_word' id='word_1_480' title='bbox 2126 1301 2234 1336; x_wconf 82' lang='lat' dir='ltr'><strong>super</strong></span> <span class='ocrx_word' id='word_1_481' title='bbox 2257 1294 2300 1326; x_wconf 75' lang='lat' dir='ltr'><strong>le,</strong></span> 
     </span>
     <span class='ocr_line' id='line_1_79' title="bbox 1414 1339 2301 1389; baseline -0.006 -13"><span class='ocrx_word' id='word_1_482' title='bbox 1414 1342 1531 1376; x_wconf 83' lang='lat' dir='ltr'><strong>locum</strong></span> <span class='ocrx_word' id='word_1_483' title='bbox 1556 1348 1658 1376; x_wconf 79' lang='lat' dir='ltr'><strong>tuum</strong></span> <span class='ocrx_word' id='word_1_484' title='bbox 1686 1354 1728 1375; x_wconf 85' lang='lat' dir='ltr'><strong>ne</strong></span> <span class='ocrx_word' id='word_1_485' title='bbox 1755 1340 1954 1389; x_wconf 77' lang='lat' dir='ltr'><strong>relinquas.</strong></span> <span class='ocrx_word' id='word_1_486' title='bbox 2022 1340 2125 1376; x_wconf 60' lang='grc' dir='ltr'><strong>Ᾱάηι</strong></span> <span class='ocrx_word' id='word_1_487' title='bbox 2149 1339 2301 1374; x_wconf 80' lang='lat' dir='ltr'><strong>sanatio</strong></span> 
     </span>
     <span class='ocr_line' id='line_1_80' title="bbox 1406 1393 2083 1442; baseline 0 -14"><span class='ocrx_word' id='word_1_488' title='bbox 1406 1393 1525 1442; x_wconf 79' lang='lat' dir='ltr'><strong>faciel</strong></span> <span class='ocrx_word' id='word_1_489' title='bbox 1545 1405 1683 1427; x_wconf 82' lang='lat' dir='ltr'><strong>cessare</strong></span> <span class='ocrx_word' id='word_1_490' title='bbox 1698 1405 1854 1439; x_wconf 76' lang='lat' dir='ltr'><strong>magnos</strong></span> <span class='ocrx_word' id='word_1_491' title='bbox 1870 1398 2083 1439; x_wconf 72' lang='lat' dir='ltr'><strong>peccatores.</strong></span> 
     </span>
    </p>
   </div>
   <div class='ocr_carea' id='block_1_26' title="bbox 1415 1468 2303 1514">
    <p class='ocr_par' dir='ltr' id='par_1_30' title="bbox 1415 1468 2303 1514">
     <span class='ocr_line' id='line_1_81' title="bbox 1415 1468 2303 1514; baseline -0.002 -11"><span class='ocrx_word' id='word_1_492' title='bbox 1415 1470 1453 1503; x_wconf 92' lang='lat' dir='ltr'><strong>Id</strong></span> <span class='ocrx_word' id='word_1_493' title='bbox 1477 1477 1541 1504; x_wconf 84' lang='lat' dir='ltr'><strong>est.-</strong></span> <span class='ocrx_word' id='word_1_494' title='bbox 1571 1468 1719 1504; x_wconf 90' lang='lat' dir='ltr'><strong>Etiamsi</strong></span> <span class='ocrx_word' id='word_1_495' title='bbox 1742 1469 1999 1514; x_wconf 86' lang='lat' dir='ltr'><strong>aliquantisper</strong></span> <span class='ocrx_word' id='word_1_496' title='bbox 2021 1469 2170 1502; x_wconf 69' lang='lat' dir='ltr'><strong>vincunt</strong></span> <span class='ocrx_word' id='word_1_497' title='bbox 2189 1468 2303 1502; x_wconf 80' lang='lat' dir='ltr'><strong>invidi</strong></span> 
     </span>
    </p>
   </div>
   <div class='ocr_carea' id='block_1_27' title="bbox 1308 1621 2302 2177">
    <p class='ocr_par' dir='ltr' id='par_1_31' title="bbox 1308 1621 2302 2177">
     <span class='ocr_line' id='line_1_82' title="bbox 1312 1621 2302 1666; baseline -0.003 -9"><span class='ocrx_word' id='word_1_498' title='bbox 1312 1625 1444 1658; x_wconf 90' lang='lat' dir='ltr'><strong>tionem</strong></span> <span class='ocrx_word' id='word_1_499' title='bbox 1468 1629 1612 1666; x_wconf 90' lang='lat' dir='ltr'><strong>propter</strong></span> <span class='ocrx_word' id='word_1_500' title='bbox 1636 1622 1898 1666; x_wconf 84' lang='lat' dir='ltr'><strong>perversitatem</strong></span> <span class='ocrx_word' id='word_1_501' title='bbox 1922 1621 2136 1655; x_wconf 87' lang='lat' dir='ltr'><strong>iudiciorum</strong></span> <span class='ocrx_word' id='word_1_502' title='bbox 2160 1628 2220 1655; x_wconf 87' lang='lat' dir='ltr'><strong>aut</strong></span> <span class='ocrx_word' id='word_1_503' title='bbox 2237 1622 2302 1654; x_wconf 89' lang='lat' dir='ltr'><strong>do—</strong></span> 
     </span>
     <span class='ocr_line' id='line_1_83' title="bbox 1491 1672 2302 1716; baseline -0.001 -10"><span class='ocrx_word' id='word_1_504' title='bbox 1491 1673 1614 1706; x_wconf 85' lang='lat' dir='ltr'><strong>Bonus</strong></span> <span class='ocrx_word' id='word_1_505' title='bbox 1636 1680 1668 1707; x_wconf 87' lang='lat' dir='ltr'><strong>et</strong></span> <span class='ocrx_word' id='word_1_506' title='bbox 1687 1672 1801 1706; x_wconf 87' lang='lat' dir='ltr'><strong>fidelis</strong></span> <span class='ocrx_word' id='word_1_507' title='bbox 1817 1679 1937 1716; x_wconf 78' lang='lat' dir='ltr'><strong>pastor</strong></span> <span class='ocrx_word' id='word_1_508' title='bbox 1953 1684 2026 1705; x_wconf 92' lang='lat' dir='ltr'><strong>non</strong></span> <span class='ocrx_word' id='word_1_509' title='bbox 2046 1678 2229 1706; x_wconf 81' lang='lat' dir='ltr'><strong>moveatur</strong></span> <span class='ocrx_word' id='word_1_510' title='bbox 2245 1684 2302 1705; x_wconf 88' lang='lat' dir='ltr'><strong>ca—</strong></span> 
     </span>
     <span class='ocr_line' id='line_1_84' title="bbox 1312 1721 2300 1767; baseline -0.003 -9"><span class='ocrx_word' id='word_1_511' title='bbox 1312 1725 1458 1759; x_wconf 89' lang='lat' dir='ltr'><strong>lumniis</strong></span> <span class='ocrx_word' id='word_1_512' title='bbox 1483 1731 1542 1758; x_wconf 80' lang='lat' dir='ltr'><strong>aut</strong></span> <span class='ocrx_word' id='word_1_513' title='bbox 1567 1723 1663 1767; x_wconf 82' lang='lat' dir='ltr'><strong>vulgi</strong></span> <span class='ocrx_word' id='word_1_514' title='bbox 1690 1724 1922 1761; x_wconf 88' lang='lat' dir='ltr'><strong>clamoribus,</strong></span> <span class='ocrx_word' id='word_1_515' title='bbox 1959 1730 1997 1756; x_wconf 89' lang='lat' dir='ltr'><strong>ut</strong></span> <span class='ocrx_word' id='word_1_516' title='bbox 2019 1724 2153 1756; x_wconf 84' lang='lat' dir='ltr'><strong>deserat</strong></span> <span class='ocrx_word' id='word_1_517' title='bbox 2176 1721 2300 1757; x_wconf 86' lang='lat' dir='ltr'><strong>Eccle—</strong></span> 
     </span>
     <span class='ocr_line' id='line_1_85' title="bbox 1311 1773 2299 1818; baseline -0.002 -9"><span class='ocrx_word' id='word_1_518' title='bbox 1311 1777 1416 1816; x_wconf 85' lang='lat' dir='ltr'><strong>siam,</strong></span> <span class='ocrx_word' id='word_1_519' title='bbox 1443 1783 1501 1808; x_wconf 90' lang='lat' dir='ltr'><strong>aut</strong></span> <span class='ocrx_word' id='word_1_520' title='bbox 1517 1786 1589 1808; x_wconf 89' lang='lat' dir='ltr'><strong>sese</strong></span> <span class='ocrx_word' id='word_1_521' title='bbox 1606 1775 1766 1808; x_wconf 88' lang='lat' dir='ltr'><strong>immutet</strong></span> <span class='ocrx_word' id='word_1_522' title='bbox 1782 1781 1813 1807; x_wconf 89' lang='lat' dir='ltr'><strong>et</strong></span> <span class='ocrx_word' id='word_1_523' title='bbox 1831 1774 1985 1806; x_wconf 72' lang='lat' dir='ltr'><strong>inflectat</strong></span> <span class='ocrx_word' id='word_1_524' title='bbox 2003 1775 2045 1806; x_wconf 85' lang='lat' dir='ltr'><strong>ad</strong></span> <span class='ocrx_word' id='word_1_525' title='bbox 2065 1773 2186 1818; x_wconf 85' lang='lat' dir='ltr'><strong>iniqua</strong></span> <span class='ocrx_word' id='word_1_526' title='bbox 2205 1774 2299 1807; x_wconf 77' lang='lat' dir='ltr'><strong>iudi—</strong></span> 
     </span>
     <span class='ocr_line' id='line_1_86' title="bbox 1310 1824 2230 1869; baseline 0.001 -11"><span class='ocrx_word' id='word_1_527' title='bbox 1310 1828 1373 1862; x_wconf 80' lang='lat' dir='ltr'><strong>cia.</strong></span> <span class='ocrx_word' id='word_1_528' title='bbox 1427 1827 1521 1869; x_wconf 74' lang='lat' dir='ltr'><strong>Quia</strong></span> <span class='ocrx_word' id='word_1_529' title='bbox 1540 1826 1673 1858; x_wconf 83' lang='lat' dir='ltr'><strong>interea</strong></span> <span class='ocrx_word' id='word_1_530' title='bbox 1691 1832 1805 1857; x_wconf 88' lang='lat' dir='ltr'><strong>tamen</strong></span> <span class='ocrx_word' id='word_1_531' title='bbox 1823 1824 1932 1857; x_wconf 84' lang='lat' dir='ltr'><strong>multa</strong></span> <span class='ocrx_word' id='word_1_532' title='bbox 1950 1835 2074 1857; x_wconf 81' lang='lat' dir='ltr'><strong>sanare</strong></span> <span class='ocrx_word' id='word_1_533' title='bbox 2091 1825 2230 1868; x_wconf 88' lang='lat' dir='ltr'><strong>poterit.</strong></span> 
     </span>
     <span class='ocr_line' id='line_1_87' title="bbox 1412 1873 2299 1921; baseline -0.002 -10"><span class='ocrx_word' id='word_1_534' title='bbox 1412 1877 1580 1921; x_wconf 77' lang='lat' dir='ltr'><strong>Sequitur</strong></span> <span class='ocrx_word' id='word_1_535' title='bbox 1595 1875 1721 1908; x_wconf 84' lang='lat' dir='ltr'><strong>deinde</strong></span> <span class='ocrx_word' id='word_1_536' title='bbox 1738 1875 1890 1920; x_wconf 86' lang='lat' dir='ltr'><strong>querela,</strong></span> <span class='ocrx_word' id='word_1_537' title='bbox 1915 1875 2104 1919; x_wconf 79' lang='lat' dir='ltr'><strong>deplorans</strong></span> <span class='ocrx_word' id='word_1_538' title='bbox 2120 1873 2187 1909; x_wconf 86' lang='lat' dir='ltr'><strong>hoc</strong></span> <span class='ocrx_word' id='word_1_539' title='bbox 2203 1888 2299 1909; x_wconf 87' lang='lat' dir='ltr'><strong>com-</strong></span> 
     </span>
     <span class='ocr_line' id='line_1_88' title="bbox 1310 1926 2300 1971; baseline -0.001 -10"><span class='ocrx_word' id='word_1_540' title='bbox 1310 1941 1416 1962; x_wconf 86' lang='lat' dir='ltr'><strong>mune</strong></span> <span class='ocrx_word' id='word_1_541' title='bbox 1440 1927 1592 1969; x_wconf 86' lang='lat' dir='ltr'><strong>malum,</strong></span> <span class='ocrx_word' id='word_1_542' title='bbox 1621 1927 1715 1971; x_wconf 88' lang='lat' dir='ltr'><strong>quod</strong></span> <span class='ocrx_word' id='word_1_543' title='bbox 1741 1937 1841 1970; x_wconf 82' lang='lat' dir='ltr'><strong>saepe</strong></span> <span class='ocrx_word' id='word_1_544' title='bbox 1866 1933 2013 1969; x_wconf 84' lang='lat' dir='ltr'><strong>regnaut</strong></span> <span class='ocrx_word' id='word_1_545' title='bbox 2035 1926 2133 1960; x_wconf 83' lang='lat' dir='ltr'><strong>stulti</strong></span> <span class='ocrx_word' id='word_1_546' title='bbox 2152 1933 2184 1960; x_wconf 83' lang='lat' dir='ltr'><strong>et</strong></span> <span class='ocrx_word' id='word_1_547' title='bbox 2205 1927 2300 1968; x_wconf 78' lang='lat' dir='ltr'><strong>mali,</strong></span> 
     </span>
     <span class='ocr_line' id='line_1_89' title="bbox 1309 1977 2298 2022; baseline 0 -11"><span class='ocrx_word' id='word_1_548' title='bbox 1309 1987 1344 2012; x_wconf 91' lang='lat' dir='ltr'><strong>ut</strong></span> <span class='ocrx_word' id='word_1_549' title='bbox 1369 1979 1503 2022; x_wconf 80' lang='lat' dir='ltr'><strong>gratior</strong></span> <span class='ocrx_word' id='word_1_550' title='bbox 1525 1985 1575 2011; x_wconf 87' lang='lat' dir='ltr'><strong>est</strong></span> <span class='ocrx_word' id='word_1_551' title='bbox 1600 1978 1637 2010; x_wconf 91' lang='lat' dir='ltr'><strong>in</strong></span> <span class='ocrx_word' id='word_1_552' title='bbox 1662 1978 1740 2011; x_wconf 87' lang='lat' dir='ltr'><strong>aula</strong></span> <span class='ocrx_word' id='word_1_553' title='bbox 1765 1983 1960 2010; x_wconf 87' lang='lat' dir='ltr'><strong>assentator</strong></span> <span class='ocrx_word' id='word_1_554' title='bbox 1975 1977 2138 2010; x_wconf 83' lang='lat' dir='ltr'><strong>alludens</strong></span> <span class='ocrx_word' id='word_1_555' title='bbox 2153 1978 2196 2010; x_wconf 86' lang='lat' dir='ltr'><strong>ad</strong></span> <span class='ocrx_word' id='word_1_556' title='bbox 2213 1978 2298 2012; x_wconf 74' lang='lat' dir='ltr'><strong>afl&#39;e—</strong></span> 
     </span>
     <span class='ocr_line' id='line_1_90' title="bbox 1308 2028 2298 2074; baseline -0.002 -10"><span class='ocrx_word' id='word_1_557' title='bbox 1308 2038 1382 2064; x_wconf 84' lang='lat' dir='ltr'><strong>ctus</strong></span> <span class='ocrx_word' id='word_1_558' title='bbox 1401 2029 1566 2069; x_wconf 87' lang='lat' dir='ltr'><strong>Domini,</strong></span> <span class='ocrx_word' id='word_1_559' title='bbox 1593 2041 1698 2074; x_wconf 88' lang='lat' dir='ltr'><strong>quam</strong></span> <span class='ocrx_word' id='word_1_560' title='bbox 1725 2028 1863 2072; x_wconf 85' lang='lat' dir='ltr'><strong>sapiens</strong></span> <span class='ocrx_word' id='word_1_561' title='bbox 1883 2035 1913 2062; x_wconf 89' lang='lat' dir='ltr'><strong>et</strong></span> <span class='ocrx_word' id='word_1_562' title='bbox 1931 2029 2044 2061; x_wconf 86' lang='lat' dir='ltr'><strong>fidelis</strong></span> <span class='ocrx_word' id='word_1_563' title='bbox 2063 2029 2298 2068; x_wconf 73' lang='lat' dir='ltr'><strong>consiliarius,</strong></span> 
     </span>
     <span class='ocr_line' id='line_1_91' title="bbox 1308 2082 1555 2115; baseline -0.008 -1"><span class='ocrx_word' id='word_1_564' title='bbox 1308 2082 1401 2115; x_wconf 80' lang='lat' dir='ltr'><strong>iuxta</strong></span> <span class='ocrx_word' id='word_1_565' title='bbox 1418 2093 1555 2113; x_wconf 76' lang='lat' dir='ltr'><strong>versus:</strong></span> 
     </span>
     <span class='ocr_line' id='line_1_92' title="bbox 1360 2136 2036 2177; baseline -0.004 -9"><span class='ocrx_word' id='word_1_566' title='bbox 1360 2136 1377 2169; x_wconf 76' lang='grc' dir='ltr'>ὅ</span> <span class='ocrx_word' id='word_1_567' title='bbox 1400 2141 1471 2177; x_wconf 67' lang='grc' dir='ltr'><strong>βίος</strong></span> <span class='ocrx_word' id='word_1_568' title='bbox 1492 2136 1631 2176; x_wconf 72' lang='grc' dir='ltr'><strong>μάλιστα</strong></span> <span class='ocrx_word' id='word_1_569' title='bbox 1656 2140 1721 2172; x_wconf 70' lang='grc' dir='ltr'><strong>τοῖς</strong></span> <span class='ocrx_word' id='word_1_570' title='bbox 1745 2141 1896 2176; x_wconf 58' lang='grc' dir='ltr'><strong>πονηροῖς</strong></span> <span class='ocrx_word' id='word_1_571' title='bbox 1920 2136 2036 2174; x_wconf 60' lang='grc' dir='ltr'><strong>ἥδεται,</strong></span> 
     </span>
    </p>
   </div>
   <div class='ocr_carea' id='block_1_28' title="bbox 1359 2186 2268 2231">
    <p class='ocr_par' dir='ltr' id='par_1_32' title="bbox 1359 2186 2268 2231">
     <span class='ocr_line' id='line_1_93' title="bbox 1359 2186 2268 2231; baseline 0 -14"><span class='ocrx_word' id='word_1_572' title='bbox 1359 2189 1487 2231; x_wconf 65' lang='grc' dir='ltr'><strong>πράττει</strong></span> <span class='ocrx_word' id='word_1_573' title='bbox 1512 2191 1545 2219; x_wconf 68' lang='grc' dir='ltr'><strong>δὲ</strong></span> <span class='ocrx_word' id='word_1_574' title='bbox 1569 2187 1683 2229; x_wconf 58' lang='grc' dir='ltr'><strong>ἄριστα</strong></span> <span class='ocrx_word' id='word_1_575' title='bbox 1708 2187 1822 2224; x_wconf 71' lang='grc' dir='ltr'><strong>κόλαξ,</strong></span> <span class='ocrx_word' id='word_1_576' title='bbox 1853 2186 1869 2217; x_wconf 72' lang='lat'><strong>‹¹›</strong></span> <span class='ocrx_word' id='word_1_577' title='bbox 1895 2187 2092 2228; x_wconf 63' lang='lat' dir='ltr'><strong>tri-xoqu&#39;irrg</strong></span> <span class='ocrx_word' id='word_1_578' title='bbox 2115 2187 2268 2228; x_wconf 64' lang='grc' dir='ltr'><strong>δεύτερος,</strong></span> 
     </span>
    </p>
   </div>
   <div class='ocr_carea' id='block_1_29' title="bbox 1356 2254 2047 2326">
    <p class='ocr_par' dir='ltr' id='par_1_33' title="bbox 1356 2254 2047 2326">
     <span class='ocr_line' id='line_1_94' title="bbox 1474 2254 1483 2267; baseline 0 0"><span class='ocrx_word' id='word_1_579' title='bbox 1474 2254 1483 2267; x_wconf 83' lang='grc'><strong>.</strong></span> 
     </span>
     <span class='ocr_line' id='line_1_95' title="bbox 1356 2273 2047 2326; baseline -0.004 -15"><span class='ocrx_word' id='word_1_580' title='bbox 1356 2274 1544 2326; x_wconf 77' lang='lat' dir='ltr'><strong>Quisodi!</strong></span> <span class='ocrx_word' id='word_1_581' title='bbox 1565 2276 1707 2318; x_wconf 59' lang='lat' dir='ltr'><strong>fos-earm</strong></span> <span class='ocrx_word' id='word_1_582' title='bbox 1719 2305 1727 2315; x_wconf 80' lang='grc'>,</span> <span class='ocrx_word' id='word_1_583' title='bbox 1755 2273 1884 2309; x_wconf 76' lang='lat' dir='ltr'><strong>incidi!</strong></span> <span class='ocrx_word' id='word_1_584' title='bbox 1902 2276 1940 2309; x_wconf 84' lang='lat' dir='ltr'><strong>in</strong></span> <span class='ocrx_word' id='word_1_585' title='bbox 1957 2287 2047 2309; x_wconf 84' lang='lat' dir='ltr'><strong>eam.</strong></span> 
     </span>
    </p>
   </div>
   <div class='ocr_carea' id='block_1_30' title="bbox 1406 2350 2294 2399">
    <p class='ocr_par' dir='ltr' id='par_1_34' title="bbox 1406 2350 2294 2399">
     <span class='ocr_line' id='line_1_96' title="bbox 1406 2350 2294 2399; baseline -0.003 -10"><span class='ocrx_word' id='word_1_586' title='bbox 1406 2355 1588 2399; x_wconf 78' lang='lat' dir='ltr'><strong>Superiori</strong></span> <span class='ocrx_word' id='word_1_587' title='bbox 1617 2354 1779 2397; x_wconf 73' lang='lat' dir='ltr'><strong>querelae</strong></span> <span class='ocrx_word' id='word_1_588' title='bbox 1799 2354 2010 2397; x_wconf 83' lang='lat' dir='ltr'><strong>respondent</strong></span> <span class='ocrx_word' id='word_1_589' title='bbox 2031 2350 2053 2385; x_wconf 80' lang='lat' dir='ltr'><strong>b</strong></span> <span class='ocrx_word' id='word_1_590' title='bbox 2069 2365 2115 2385; x_wconf 73' lang='lat' dir='ltr'><strong>nec</strong></span> <span class='ocrx_word' id='word_1_591' title='bbox 2130 2353 2223 2386; x_wconf 80' lang='lat' dir='ltr'><strong>dicta</strong></span> <span class='ocrx_word' id='word_1_592' title='bbox 2240 2364 2294 2386; x_wconf 89' lang='lat' dir='ltr'><strong>se-</strong></span> 
     </span>
    </p>
   </div>
   <div class='ocr_carea' id='block_1_31' title="bbox 1274 2404 2294 2506">
    <p class='ocr_par' dir='ltr' id='par_1_35' title="bbox 1274 2404 2294 2506">
     <span class='ocr_line' id='line_1_97' title="bbox 1303 2404 2294 2453; baseline -0.001 -14"><span class='ocrx_word' id='word_1_593' title='bbox 1303 2407 1446 2453; x_wconf 79' lang='lat' dir='ltr'><strong>quentia</strong></span> <span class='ocrx_word' id='word_1_594' title='bbox 1472 2408 1514 2439; x_wconf 79' lang='lat' dir='ltr'><strong>de</strong></span> <span class='ocrx_word' id='word_1_595' title='bbox 1543 2407 1681 2449; x_wconf 71' lang='lat' dir='ltr'><strong>poenis,</strong></span> <span class='ocrx_word' id='word_1_596' title='bbox 1709 2416 1797 2450; x_wconf 79' lang='lat' dir='ltr'><strong>quae</strong></span> <span class='ocrx_word' id='word_1_597' title='bbox 1822 2411 1966 2437; x_wconf 85' lang='lat' dir='ltr'><strong>mouent</strong></span> <span class='ocrx_word' id='word_1_598' title='bbox 1992 2404 2107 2437; x_wconf 73' lang='lat' dir='ltr'><strong>tristes</strong></span> <span class='ocrx_word' id='word_1_599' title='bbox 2127 2416 2202 2438; x_wconf 83' lang='lat' dir='ltr'><strong>esse</strong></span> <span class='ocrx_word' id='word_1_600' title='bbox 2221 2405 2294 2438; x_wconf 77' lang='lat' dir='ltr'><strong>exi-</strong></span> 
     </span>
     <span class='ocr_line' id='line_1_98' title="bbox 1274 2455 2294 2506; baseline -0.003 -14"><span class='ocrx_word' id='word_1_601' title='bbox 1274 2502 1276 2506; x_wconf 17' lang='lat'><em>?</em></span> <span class='ocrx_word' id='word_1_602' title='bbox 1303 2467 1356 2492; x_wconf 86' lang='lat' dir='ltr'><strong>tus</strong></span> <span class='ocrx_word' id='word_1_603' title='bbox 1389 2459 1563 2491; x_wconf 84' lang='lat' dir='ltr'><strong>malorum</strong></span> <span class='ocrx_word' id='word_1_604' title='bbox 1595 2456 1844 2493; x_wconf 70' lang='lat' dir='ltr'><strong>consiliorum,</strong></span> <span class='ocrx_word' id='word_1_605' title='bbox 1881 2455 1973 2488; x_wconf 71' lang='lat' dir='ltr'><strong>iuxta</strong></span> <span class='ocrx_word' id='word_1_606' title='bbox 2010 2455 2165 2497; x_wconf 74' lang='lat' dir='ltr'><strong>regulam</strong></span> <span class='ocrx_word' id='word_1_607' title='bbox 2193 2460 2294 2500; x_wconf 72' lang='lat' dir='ltr'><strong>saepe</strong></span> 
     </span>
    </p>
   </div>
   <div class='ocr_carea' id='block_1_32' title="bbox 1297 2505 2292 2707">
    <p class='ocr_par' dir='ltr' id='par_1_36' title="bbox 1297 2505 2292 2707">
     <span class='ocr_line' id='line_1_99' title="bbox 1548 2505 2292 2549; baseline -0.001 -8"><span class='ocrx_word' id='word_1_608' title='bbox 1548 2508 1689 2542; x_wconf 58' lang='lat' dir='ltr'><strong>Atracia</strong></span> <span class='ocrx_word' id='word_1_609' title='bbox 1722 2506 1847 2539; x_wconf 66' lang='grc' dir='ltr'><strong>ιΙι-Ιίσω</strong></span> <span class='ocrx_word' id='word_1_610' title='bbox 1882 2507 2081 2549; x_wconf 78' lang='lat' dir='ltr'><strong>puniuntur</strong></span> <span class='ocrx_word' id='word_1_611' title='bbox 2113 2505 2292 2541; x_wconf 81' lang='lat' dir='ltr'><strong>atrocibus</strong></span> 
     </span>
     <span class='ocr_line' id='line_1_100' title="bbox 1301 2556 2289 2604; baseline -0.001 -12"><span class='ocrx_word' id='word_1_612' title='bbox 1301 2563 1421 2604; x_wconf 74' lang='lat' dir='ltr'><strong>poeuis</strong></span> <span class='ocrx_word' id='word_1_613' title='bbox 1449 2562 1481 2593; x_wconf 89' lang='lat' dir='ltr'><strong>in</strong></span> <span class='ocrx_word' id='word_1_614' title='bbox 1509 2557 1571 2593; x_wconf 84' lang='lat' dir='ltr'><strong>hac</strong></span> <span class='ocrx_word' id='word_1_615' title='bbox 1597 2559 1678 2593; x_wconf 71' lang='lat' dir='ltr'><strong>vita.</strong></span> <span class='ocrx_word' id='word_1_616' title='bbox 1743 2556 1846 2590; x_wconf 81' lang='lat' dir='ltr'><strong>lteiu:</strong></span> <span class='ocrx_word' id='word_1_617' title='bbox 1885 2558 1964 2601; x_wconf 73' lang='lat' dir='ltr'><strong>Qua</strong></span> <span class='ocrx_word' id='word_1_618' title='bbox 1991 2569 2153 2591; x_wconf 79' lang='lat' dir='ltr'><strong>mensura</strong></span> <span class='ocrx_word' id='word_1_619' title='bbox 2180 2558 2289 2591; x_wconf 78' lang='lat' dir='ltr'><strong>mensi</strong></span> 
     </span>
     <span class='ocr_line' id='line_1_101' title="bbox 1299 2607 2288 2651; baseline -0.004 -6"><span class='ocrx_word' id='word_1_620' title='bbox 1299 2613 1454 2651; x_wconf 76' lang='lat' dir='ltr'><strong>fueritis,</strong></span> <span class='ocrx_word' id='word_1_621' title='bbox 1489 2612 1607 2644; x_wconf 84' lang='lat' dir='ltr'><strong>eadem</strong></span> <span class='ocrx_word' id='word_1_622' title='bbox 1633 2610 1836 2643; x_wconf 86' lang='lat' dir='ltr'><strong>remetietur</strong></span> <span class='ocrx_word' id='word_1_623' title='bbox 1859 2610 1971 2644; x_wconf 70' lang='lat' dir='ltr'><strong>vobis.</strong></span> <span class='ocrx_word' id='word_1_624' title='bbox 2030 2608 2078 2644; x_wconf 85' lang='lat' dir='ltr'><strong>lta</strong></span> <span class='ocrx_word' id='word_1_625' title='bbox 2105 2607 2161 2643; x_wconf 77' lang='lat' dir='ltr'><strong>liic</strong></span> <span class='ocrx_word' id='word_1_626' title='bbox 2185 2610 2288 2644; x_wconf 81' lang='lat' dir='ltr'><strong>dicit:</strong></span> 
     </span>
     <span class='ocr_line' id='line_1_102' title="bbox 1297 2659 2288 2707; baseline 0 -12"><span class='ocrx_word' id='word_1_627' title='bbox 1297 2664 1368 2707; x_wconf 82' lang='lat' dir='ltr'><strong>Qui</strong></span> <span class='ocrx_word' id='word_1_628' title='bbox 1389 2665 1474 2697; x_wconf 78' lang='lat' dir='ltr'><strong>fudit</strong></span> <span class='ocrx_word' id='word_1_629' title='bbox 1495 2663 1629 2695; x_wconf 78' lang='lat' dir='ltr'><strong>foveant</strong></span> <span class='ocrx_word' id='word_1_630' title='bbox 1676 2661 1795 2694; x_wconf 78' lang='lat' dir='ltr'><strong>incidit</strong></span> <span class='ocrx_word' id='word_1_631' title='bbox 1819 2661 1853 2693; x_wconf 89' lang='lat' dir='ltr'><strong>iu</strong></span> <span class='ocrx_word' id='word_1_632' title='bbox 1872 2673 1946 2694; x_wconf 74' lang='lat' dir='ltr'><strong>eam</strong></span> <span class='ocrx_word' id='word_1_633' title='bbox 1995 2668 2025 2695; x_wconf 79' lang='lat' dir='ltr'><strong>et</strong></span> <span class='ocrx_word' id='word_1_634' title='bbox 2043 2661 2205 2704; x_wconf 79' lang='lat' dir='ltr'><strong>congruit</strong></span> <span class='ocrx_word' id='word_1_635' title='bbox 2222 2659 2288 2695; x_wconf 83' lang='lat' dir='ltr'><strong>boc</strong></span> 
     </span>
    </p>
   </div>
   <div class='ocr_carea' id='block_1_33' title="bbox 1302 2511 1503 2554">
    <p class='ocr_par' dir='ltr' id='par_1_37' title="bbox 1302 2511 1503 2554">
     <span class='ocr_line' id='line_1_103' title="bbox 1302 2511 1503 2554; baseline -0.015 -12"><span class='ocrx_word' id='word_1_636' title='bbox 1302 2511 1482 2554; x_wconf 82' lang='lat' dir='ltr'><strong>repetitam</strong></span> <span class='ocrx_word' id='word_1_637' title='bbox 1496 2523 1503 2539; x_wconf 92' lang='lat'><strong>.·</strong></span> 
     </span>
    </p>
   </div>
  </div>
 </body>
</html>
