2409 2915
267 104 341 140 923

270 188 377 221 Tales
406 181 567 217 levitates
597 178 759 222 pugnant
779 181 859 205 cum
885 166 1108 202 institutione
1133 163 1258 199 coniu-

271 239 337 282 gii,
364 245 453 281 quae
480 231 584 265 debet
607 237 679 261 esse
703 223 868 258 voluntas
892 224 1060 267 perpetua
1084 213 1261 250 retinendi

272 296 469 328 coniugem.

374 343 464 378 Cum
485 339 593 382 igitur
608 334 678 369 hoc
694 333 800 367 modo
818 330 982 363 luderent
999 325 1131 366 Iudaei,
1156 321 1263 358 Chri-

275 405 348 432 stus
387 399 505 438 aperte
545 386 724 429 restringit
759 381 909 415 divortia
941 380 983 413 ad
1009 376 1104 412 hunc
1134 386 1263 414 casum,

277 447 418 493 quando
445 443 552 476 altera
579 447 727 483 persona
749 435 787 468 fit
810 431 982 466 adultera.
1045 427 1148 461 Tunc
1171 424 1264 458 enim

278 500 355 542 ipso
373 492 548 530 adulterio
565 488 715 523 solvitur
729 484 853 518 foedus
869 480 1038 524 coniugii,
1063 485 1096 511 et
1111 485 1268 521 persona,

280 559 370 595 quae
388 542 555 591 peccavit,
584 540 623 573 fit
640 549 697 571 rea
713 535 854 572 mortis,
883 539 915 566 et
931 532 1080 565 debebat
1098 525 1260 560 interfici.

388 612 483 646 Haec
501 608 583 642 satis
607 606 651 639 sit
674 602 732 637 bic
755 601 893 635 dixisse.
944 597 1070 637 Plura,
1103 605 1191 639 quae
1214 591 1271 625 hic

282 665 429 701 dicenda
448 666 582 698 essent,
611 654 818 690 commendo
830 649 1051 685 Consistorio
1070 652 1102 679 et
1118 643 1271 677 iudiciis.

282 715 522 751 Concionator
547 709 649 741 debet
673 703 739 738 boc
758 703 945 746 praecipue
964 700 1110 737 docere,
1135 701 1173 728 ut
1189 693 1273 727 sciat

284 765 456 812 populus,
490 760 576 806 quid
604 757 648 791 sit
675 753 898 796 coniugium,
933 757 967 784 et
992 748 1094 794 quale
1118 757 1190 779 esse
1213 745 1273 777 de-

283 820 383 857 beat,
413 821 446 847 et
471 819 510 846 ut
530 815 626 844 curet
642 804 774 841 servari
792 802 859 836 hoc
876 802 1017 840 foedus,
1044 809 1088 831 ne
1104 795 1275 830 dissolva-

287 876 365 908 tur,
401 871 434 898 et
458 870 497 897 ut
521 862 614 894 inter
638 870 671 891 se
696 855 900 900 patientiam
926 849 1077 884 habeant
1100 846 1277 888 coniuges,

290 916 427 953 etiamsi
458 924 527 958 qua
559 917 611 944 est
641 909 678 940 in
706 906 782 938 viro
816 910 874 937 aut
905 900 1052 934 muliere
1078 896 1277 932 infirmitas,

289 974 434 1015 propter
464 976 566 1009 quan·
599 960 751 993 libenter
783 958 964 999 quaereret
995 950 1102 983 altera
1131 956 1278 991 persona

293 1016 574 1053 dissolutionem.
634 1008 702 1042 Hic
726 1017 790 1039 nos
813 1003 1079 1037 concionatores
1103 1008 1280 1043 propona-

294 1081 372 1103 rnus
399 1076 516 1099 vocem
543 1058 728 1102 Evangelii
751 1054 979 1093 hominibus,
1005 1062 1050 1084 ne
1074 1049 1203 1083 saciant
1226 1047 1281 1080 in-

294 1122 401 1153 iustas
422 1113 672 1160 separationes.

401 1183 487 1217 Item
504 1193 547 1214 ne
564 1179 671 1213 altera
688 1185 837 1220 persona
850 1177 982 1206 tantam
995 1166 1175 1201 saevitiam
1187 1175 1282 1198 exer-

298 1243 388 1273 ceat,
417 1241 456 1268 ut
472 1233 632 1265 videatur
648 1227 737 1261 velle
754 1225 900 1259 alteram
916 1228 985 1255 tam
1002 1219 1063 1253 diu
1082 1225 1115 1252 et
1131 1223 1201 1250 tam
1217 1216 1285 1247 du-

298 1290 385 1323 riter
423 1282 638 1321 excruciare,
679 1284 719 1312 ut
754 1276 809 1309 vel
847 1272 974 1315 fugiat,
1017 1269 1071 1302 vel
1103 1267 1286 1300 moriatur.

300 1336 410 1373 Multi
428 1341 509 1368 sunt
526 1333 620 1365 enim
639 1330 676 1362 in
694 1325 858 1369 coniugio
874 1321 1084 1360 homicidae,
1111 1318 1195 1351 alias
1210 1315 1288 1354 viri,

302 1390 388 1423 alias
423 1385 600 1418 mulieres.
652 1378 754 1413 Hanc
787 1375 1010 1409 acerbitatem
1043 1377 1076 1403 et
1107 1366 1287 1402 saevitiam

302 1441 442 1473 frenare
480 1434 636 1470 discant,
684 1436 718 1463 et
759 1427 871 1460 sciant
907 1432 1063 1468 pugnare
1103 1430 1178 1452 eam
1209 1427 1288 1450 cum

304 1490 485 1524 mandato.

407 1545 491 1579 Post
518 1539 610 1575 hanc
636 1536 840 1571 concionem
865 1534 908 1567 ‹lc-
924 1530 1106 1573 coniugio,
1134 1537 1213 1560 cum
1231 1536 1293 1558 au-

307 1600 411 1633 diunt
434 1590 597 1636 discipuli
624 1586 786 1629 restringi
805 1583 975 1622 divortia,
1001 1579 1178 1624 incipiunt
1197 1587 1294 1608 mur-

308 1658 448 1684 murare
462 1673 470 1685 ,
497 1650 529 1677 et
553 1639 743 1686 conqueri,
772 1636 864 1680 quod
886 1633 1087 1675 coniugium
1106 1629 1148 1662 sit
1166 1628 1294 1660 durum

310 1698 507 1733 vinculum.
561 1691 629 1725 Hie
661 1687 820 1724 Christus
852 1683 1004 1719 occurrit
1036 1691 1157 1715 eorum
1191 1688 1297 1723 quae-

313 1749 440 1786 stioni,
475 1758 519 1779 an
551 1742 741 1775 vivendum
771 1738 814 1771 sit
838 1737 873 1769 in
897 1735 1083 1768 coelibatu.
1141 1729 1185 1762 lii
1209 1728 1298 1761 clare

314 1801 414 1835 dicit:
449 1796 528 1831 Non
553 1803 674 1827 omnes
698 1790 841 1834 capiunt
865 1786 1011 1819 verbum
1037 1781 1114 1816 lioc.
1178 1778 1215 1812 ld
1239 1784 1300 1815 est,

315 1852 390 1884 vult
408 1848 563 1891 regulam
583 1841 729 1881 servari,
755 1846 792 1873 ut
811 1839 929 1871 vivant
947 1836 982 1868 in
1000 1831 1164 1875 coniugio
1181 1839 1302 1862 omnes

317 1901 498 1936 homines,
523 1895 583 1940 qui
609 1905 681 1926 non
709 1897 791 1924 sunt
814 1886 984 1931 singulari
1007 1885 1113 1918 modo
1132 1887 1191 1915 aut
1209 1881 1304 1913 dono

318 1950 437 1987 idonei
454 1951 495 1982 ad
517 1953 647 1980 castum
667 1942 890 1976 coelibatum.

423 2015 524 2050 llanc
541 2010 695 2054 regulam
714 2007 819 2041 tradit
837 2013 865 2038 et
880 2004 1025 2038 Paulus:
1057 1999 1307 2046 Unusquisque

321 2070 449 2105 habeat
466 2075 609 2099 uxorem
628 2071 726 2094 suam
745 2058 907 2091 vitandae
925 2052 1145 2088 scortationis
1162 2061 1276 2084 causa.

425 2133 505 2168 Non
530 2136 703 2165 tentemus
718 2125 832 2160 Deum
846 2152 854 2163 ,
882 2135 944 2156 ner
967 2128 1086 2154 contra
1106 2118 1195 2152 lianc
1215 2116 1311 2150 ordi-

325 2187 504 2223 nationem
525 2181 588 2215 Dei
608 2179 831 2212 instituamus
850 2174 944 2207 aliud
964 2172 1053 2205 vitae
1071 2182 1197 2212 genus,
1224 2168 1313 2201 sicut

326 2240 420 2282 Papa
438 2234 527 2275 cogit
547 2232 588 2264 ad
607 2229 817 2263 coelibatum
839 2226 1015 2267 ingentem
1036 2220 1314 2257 multitudinem,

329 2299 361 2322 et
385 2282 552 2321 Munaclii
587 2289 617 2314 vt
645 2279 821 2313 Mnuiales
849 2276 1075 2308 instituerunt
1103 2271 1198 2304 aliud
1224 2270 1314 2302 vitae

330 2350 438 2382 genus
451 2364 458 2375 ,
487 2335 579 2367 unde
597 2330 782 2365 horribilia
801 2334 937 2372 peccata
955 2331 1029 2356 orta
1047 2330 1123 2356 sunt
1139 2349 1147 2359 ,
1175 2328 1316 2364 propter

331 2401 420 2435 quae
446 2386 540 2420 Deus
573 2390 683 2416 totum
718 2391 826 2423 genus
856 2376 1050 2411 tmnmnnm
1074 2373 1193 2418 punit,
1228 2371 1316 2405 sicut

333 2438 473 2487 punivit
492 2436 657 2470 Sodoma.

437 2495 576 2538 Excipit
593 2499 707 2525 autem
727 2490 790 2522 tria
807 2500 932 2531 genera
951 2484 1149 2520 hominum.

439 2555 596 2588 Primum
631 2557 711 2583 sunt
743 2549 895 2591 excepti,
927 2545 985 2591 qui
1021 2551 1144 2576 natura
1178 2539 1224 2571 sic
1250 2536 1321 2570 nati

339 2614 438 2646 sunt,
465 2612 503 2639 ut
528 2615 598 2637 non
625 2601 694 2635 siut
717 2600 834 2633 idonei
861 2599 902 2632 ad
927 2593 1216 2631 consuetudinem
1240 2600 1324 2622 con-

342 2659 505 2705 iugalem.

859 82 986 119 PHlL.
1012 78 1129 117 MEL.
1154 76 1362 115 SCRIPTA
1388 73 1685 115 ExEGETch·

1340 1377 1460 1411 fendat
1476 1381 1509 1408 et
1525 1374 1708 1418 gubernet.

1340 2354 1343 2365 ·
1368 2337 1549 2384 puiculis:
1581 2342 1611 2369 et
1629 2338 1753 2367 curent
1770 2330 1925 2363 iuniores
1943 2326 2094 2360 retinere
2113 2322 2180 2357 Dei
2198 2322 2302 2355 dona.

2215 66 2292 103 924

1413 161 1597 206 Secundo,
1631 160 1694 207 qui
1721 156 1860 195 castrati
1888 161 1970 190 sunt
1993 154 2087 189 ferro
2106 159 2166 188 aut
2189 150 2299 187 simili

1311 214 1492 249 violentia.

1415 263 1558 304 Tertio,
1601 261 1664 308 qui
1696 259 1874 303 singulare
1906 258 2041 291 donum
2066 252 2221 294 habent,
2259 258 2301 286 ut

1315 316 1389 349 sine
1419 313 1645 348 immunditie
1676 311 1809 356 possint
1834 308 1985 342 coelibes
2009 305 2147 345 vivere,
2178 310 2217 337 ut
2242 301 2302 336 Io-

1314 365 1450 400 hannes
1467 363 1645 409 Baptista,
1668 360 1850 400 Christus,
1878 356 2054 393 lohannes
2068 353 2305 397 Evangelista.

1317 416 1392 451 Hos
1423 426 1495 449 esse
1523 424 1654 459 paucos
1677 412 1751 456 ipse
1776 417 1889 445 textus
1913 407 2087 446 ostendit,
2120 404 2303 449 inquiens:

1317 468 1401 502 Non
1418 477 1539 500 onmes
1555 464 1699 508 capiunt
1715 462 1859 495 verbum
1876 458 1956 494 hoc.
2009 456 2094 492 Item
2113 455 2172 501 qui
2193 459 2306 499 potest

1319 529 1458 563 capere,
1485 515 1610 560 capiat.

1422 567 1496 601 Alii
1525 563 1689 601 homines
1718 561 1814 594 iuxta
1842 566 2024 599 naturam,
2059 555 2173 602 qualis
2196 559 2247 587 est
2269 552 2307 585 in

1322 618 1502 665 pluribus,
1530 616 1643 651 sciant
1665 611 1822 659 regulam
1847 622 1865 644 a
1883 609 1959 644 Deo
1982 608 2147 642 traditam
2165 614 2310 638 servan-

1323 671 1403 704 dam
1427 679 1520 711 esse,
1547 677 1637 713 quae
1658 664 1696 697 in
1722 661 1852 696 Genesi
1874 661 1965 694 clare
1989 659 2092 692 dicit:
2119 656 2221 691 Dixit
2237 652 2312 688 Do-

1324 721 1465 759 minus,
1494 730 1568 752 non
1599 722 1648 750 est
1673 715 1808 749 bonum
1833 709 1972 745 bomini
1996 719 2069 742 esse
2092 707 2226 748 solum,
2260 705 2312 737 fa·

1326 772 1415 805 ciam
1438 770 1468 803 ei
1494 766 1710 803 adiutorium
1734 762 1861 797 simile.
1913 759 2046 795 Audite
2068 770 2088 790 o
2111 756 2159 801 pii
2179 764 2314 796 omnes,

1326 824 1416 855 bene
1434 819 1652 854 considerate
1672 814 1757 849 haec
1776 813 1902 850 verba,
1926 811 1963 844 in
1983 808 2113 843 Genesi
2134 806 2223 840 dixit
2240 803 2316 838 Do-

1328 873 1461 906 minus:
1503 868 1594 913 Quis
1622 863 1792 911 praecipit
1820 859 2050 904 coniugium?
2101 856 2197 891 Deus
2231 855 2318 899 ipse,

1329 923 1390 968 qui
1413 921 1522 961 dixit,
1549 919 1583 952 id
1608 923 1676 957 est,
1701 922 1842 948 aeterno
1863 919 1896 946 et
1914 911 2063 944 immoto
2080 909 2220 941 decreto
2235 916 2317 939 san·
2352 934 2354 937 .

1330 974 1399 1015 xit,
1425 979 1464 1006 ut
1481 971 1527 1004 sit
1542 969 1623 1004 talis
1640 965 1843 1001 coniunctio
1859 962 1966 996 maris
1985 968 2018 995 et
2037 957 2223 993 foeminae.

1435 1021 1507 1056 Iam
1535 1020 1617 1053 vide
1645 1015 1828 1051 audaciam
1851 1013 1985 1057 Papae,
2019 1010 2080 1055 qui
2110 1009 2202 1042 delet
2228 1003 2320 1039 banc

1333 1085 1472 1108 vocem:
1496 1070 1594 1106 Dixit
1604 1067 1802 1105 Dominus,
1828 1071 1861 1098 et
1877 1062 1976 1107 ponit
1993 1058 2225 1094 contrariam:
2253 1055 2321 1089 Di-

1335 1126 1383 1159 cit
1406 1123 1520 1168 Papa,
1556 1127 1608 1155 est
1636 1120 1771 1153 bonum
1798 1113 1937 1149 homini
1961 1123 2033 1146 esse
2057 1110 2183 1144 solum.
2247 1105 2323 1140 lmo

1337 1175 1423 1210 dicit
1451 1172 1653 1217 turpissima
1676 1169 1730 1202 lex
1755 1165 1890 1210 Papae,
1923 1161 2126 1205 coniugium
2156 1169 2229 1192 esse
2256 1157 2326 1190 im-

1338 1225 1563 1265 munditiem,
1591 1229 1623 1256 et
1639 1225 1759 1254 contra
1776 1217 1895 1250 laudat
1912 1210 2234 1247 immundissimum
2247 1219 2328 1241 coe-

1339 1278 1504 1310 libatum.
1553 1272 1656 1306 Hanc
1677 1268 1890 1313 impietatem
1907 1264 2004 1300 Deus
2025 1260 2169 1300 retexit,
2195 1265 2230 1293 et
2245 1269 2327 1292 ore-

1341 1338 1418 1360 mus
1434 1336 1532 1364 eum,
1558 1330 1598 1356 ut
1615 1321 1706 1355 adsit
1723 1331 1804 1352 suae
1820 1313 2059 1354 ordinationi,
2086 1310 2251 1354 coniuges
2267 1309 2329 1342 de-

1394 1449 1500 1486 Tunc
1519 1446 1640 1483 oblati
1654 1448 1739 1480 sunl
1757 1442 1790 1478 ei
1801 1439 1964 1491 parvuli,
1992 1443 2030 1474 ul
2048 1438 2097 1473 eis
2112 1446 2246 1469 manus
2264 1433 2333 1467 im-

1445 1503 1590 1549 poneret
1617 1506 1647 1531 et
1674 1499 1807 1529 oraret.
1859 1488 2054 1537 Discipuli
2073 1492 2194 1522 autem
2217 1485 2334 1517 incre-

1446 1550 1589 1598 pabant
1606 1559 1676 1582 eos.
1732 1543 1838 1578 Iesus
1856 1554 1932 1576 vero
1948 1541 2002 1574 ait
2019 1538 2086 1574 eis:
2115 1535 2232 1571 Sinite
2245 1545 2335 1581 par-

1452 1600 1574 1640 vulos,
1598 1602 1628 1632 el
1656 1609 1698 1631 ne
1721 1591 1950 1641 prohibeatis
1974 1602 2031 1624 eos
2055 1585 2108 1623 ad
2128 1598 2181 1621 me
2207 1583 2335 1623 venire,

1453 1651 1586 1686 lulium
1605 1653 1654 1683 est
1673 1646 1768 1682 enim
1786 1655 1935 1690 regnum
1953 1639 2143 1676 coelorum.

1453 1729 1548 1764 Haec
1565 1734 1614 1761 est
1631 1724 1755 1760 concio
1773 1723 1815 1756 de
1833 1719 1951 1766 pueris
1966 1718 2068 1752 valde
2083 1715 2189 1759 digna
2205 1723 2339 1748 memo·

1353 1782 1424 1821 ria,
1452 1792 1556 1825 quam
1574 1775 1819 1811 distribuimus
1836 1773 1872 1805 in
1891 1777 2044 1817 quatuor
2062 1773 2188 1812 partes.

1456 1831 1573 1864 Prima
1597 1838 1676 1873 pars
1700 1826 1743 1860 sit
1768 1825 1811 1857 de
1835 1823 1950 1856 officio
1975 1824 2173 1865 parentum.
2229 1812 2341 1848 Votu-

1358 1894 1434 1917 mus
1458 1882 1552 1915 enim
1578 1891 1596 1912 a
1621 1876 1826 1923 parentibus
1847 1873 1979 1912 ordiri,
2006 1869 2088 1916 quia
2107 1874 2138 1901 et
2156 1872 2271 1901 textus
2285 1861 2342 1897 hic

1358 1934 1443 1968 dicit
1461 1934 1504 1966 de
1522 1928 1749 1964 affe-entibus
1770 1935 1906 1969 pueros.

1462 1981 1621 2017 Secunda
1640 1989 1718 2023 pars
1737 1977 1780 2010 sit
1799 1976 1842 2008 de
1857 1972 2029 2016 baptismo
2047 1969 2234 2002 infantum.

1463 2032 1585 2066 Tertia
1611 2041 1690 2074 pars
1716 2027 1759 2061 sit
1782 2027 1825 2059 de
1848 2022 2071 2058 institutione
2089 2025 2123 2053 et
2138 2016 2345 2052 educatione

1362 2085 1548 2121 infantum,
1577 2090 1728 2126 quorum
1745 2083 1837 2110 aetas
1855 2076 1922 2107 iam
1940 2079 1990 2106 est
2005 2082 2111 2115 capax
2128 2067 2347 2113 disciplinae.

1467 2134 1601 2177 Quarta
1626 2140 1704 2175 pars
1725 2129 1788 2167 sit,
1815 2127 1858 2159 de
1883 2125 2065 2158 voluntate
2084 2120 2150 2155 Dei
2172 2129 2251 2162 erga
2274 2117 2347 2162 pri-

1365 2197 1456 2220 mam
1482 2190 1647 2222 aetatem,
1678 2179 1772 2225 quod
1795 2176 1869 2211 Deo
1892 2175 2050 2220 placeant
2073 2171 2262 2205 retinentes
2287 2169 2349 2201 ba-

1367 2236 1482 2282 ptismi
1513 2236 1625 2272 dona,
1653 2238 1685 2265 et
1713 2243 1731 2263 a
1747 2227 1823 2263 Deo
1847 2230 2075 2271 protegantur
2099 2229 2130 2256 rt
2150 2218 2351 2254 custodian-

1367 2295 1424 2322 tur
1448 2292 1569 2319 contra
1596 2281 1730 2317 diaboli
1756 2280 1910 2317 furores,
1937 2283 1969 2310 et
1995 2275 2031 2307 in
2058 2273 2159 2306 bellis
2182 2278 2214 2305 et
2232 2269 2352 2303 multis

1707 2439 1752 2463 Dt-
1777 2435 1888 2468 prim·
1914 2436 2026 2465 parte.

1647 2499 1708 2535 De
1732 2495 1854 2547 officio
1879 2498 2085 2542 parentum.

1480 2583 1684 2626 Loquemur
1706 2577 1749 2610 de
1775 2574 1915 2608 duobus
1939 2570 2137 2615 agminibus
2159 2576 2360 2611 puerorum.

1379 2636 1430 2671 De
1460 2635 1573 2679 prima
1604 2636 1715 2664 aetate
1745 2638 1833 2672 quae
1860 2625 1903 2660 ad
1928 2622 2139 2667 baptismum
2172 2616 2362 2651 adserenda

2359 430 2361 435 .
2346 341 2359 403 -130
2344 251 2360 320 -ο-ζ».
2355 181 2358 217 .,
