2409 2915
254 96 326 130 807

255 228 377 269 Noah,
412 228 511 265 Sem,
548 224 727 260 Abraham
754 232 816 260 etc.
882 223 993 258 Multi
1017 224 1152 258 abiecta
1177 221 1242 256 hac

257 279 489 325 promissione
513 290 550 310 ac
574 278 659 317 fide,
695 277 738 309 ab
763 274 917 309 Ecclesia
943 285 978 308 se
1003 275 1242 313 seiunxerunt,

256 338 296 364 ut
309 330 397 364 Cain
418 336 452 362 et
467 329 527 369 alii
546 334 620 372 post
639 328 753 371 ipsum
775 325 1068 366 innumerabiles,
1095 338 1133 359 ac
1148 325 1241 365 rnul-

256 382 369 415 titudo
387 377 537 413 Ethnica
561 385 668 412 tetros
684 379 820 411 furores
838 376 1078 410 idololatricos
1095 375 1242 410 commi-

256 433 342 465 nisci
362 431 475 474 coepit
488 457 496 470 ‚
523 437 555 463 et
572 429 608 462 in
625 429 694 462 vita
712 427 969 476 turpitudinem
986 433 1108 462 tetram
1127 427 1241 472 palam

256 483 420 516 exercuit.

357 533 546 577 Postquam
565 543 646 564 vero
663 530 821 574 politiam
838 528 946 563 lsrae'l
958 530 1054 562 Deus
1073 529 1240 561 immensa

255 584 413 617 bonitate
431 582 629 622 constituit,
656 581 761 614 simul
779 578 845 614 hoc
861 580 1080 614 severissime
1099 590 1241 623 praece-

255 635 326 678 pit,
354 641 391 667 ut
410 635 451 666 de
468 639 617 666 venturo
637 632 826 666 liberatore
842 628 989 665 humani
1014 630 1152 674 generis
1177 630 1241 662 do-

256 691 402 718 ceretur.

254 793 391 819 tantum
425 785 521 828 signa
548 796 620 818 esse
652 791 792 817 externa
825 790 993 817 venturae
1023 782 1242 816 liberationis

254 848 317 881 per
339 837 464 869 silium.
518 835 589 869 Nec
612 835 879 878 imaginandum
904 841 954 867 est
980 840 1157 877 peccatum
1184 839 1242 866 aut

255 894 404 921 mortem
428 887 498 919 illis
524 886 652 919 ritibus
675 886 806 919 abolita
829 896 912 919 esse.
965 885 1017 917 Ac
1034 884 1070 916 in
1089 891 1162 917 toto
1180 883 1242 916 illo

255 950 363 981 regno
391 937 519 977 lsrael,
560 943 696 970 tantum
729 933 765 968 hi
796 936 940 969 fuerunt
962 932 1128 968 haeredes
1152 934 1243 968 vitae

254 995 437 1029 aeternae,
478 994 510 1021 et
535 999 636 1020 verae
657 985 833 1020 Ecclesiae
856 986 1031 1026 membra,
1074 985 1134 1030 qui
1160 997 1242 1029 pro-

254 1040 457 1072 missionem
473 1039 516 1071 de
531 1043 680 1070 venturo
697 1037 885 1070 liberatore
900 1036 968 1069 fide
982 1035 1134 1080 amplexi
1149 1042 1243 1070 sunt.

252 1088 300 1123 Et
319 1088 375 1122 hic
393 1090 466 1133 ipse
484 1089 652 1122 liberator
670 1100 749 1121 cum
769 1099 853 1120 voce
869 1085 974 1121 huius
997 1086 1243 1132 promissionis

255 1141 292 1173 in
318 1141 484 1173 cordibus
504 1139 721 1173 credentium
747 1135 937 1177 habitavit,
969 1144 1003 1172 et
1026 1137 1242 1181 agnitionem

252 1190 332 1233 Dei,
356 1198 388 1224 et
407 1190 667 1223 invocationem
685 1201 801 1222 veram
819 1189 987 1225 accendit.
1023 1188 1128 1222 Tales
1144 1194 1243 1221 erant

254 1240 445 1276 Zachariae
469 1248 626 1285 tempore
649 1241 722 1285 ipse
748 1237 956 1281 Zacharias,
992 1239 1158 1280 Simeon,
1187 1238 1242 1272 lo-

254 1290 364 1337 seph,
392 1291 524 1333 Maria,
550 1289 754 1334 Elizabeth‚
783 1291 909 1332 Anna,
936 1290 1088 1325 etmulti
1104 1289 1243 1323 aliiZa-

255 1342 393 1377 chariae
419 1350 452 1377 et
467 1342 645 1378 Simeonis
670 1342 868 1381 auditores,
903 1342 965 1386 qui
989 1340 1187 1375 doctrinam
1212 1346 1244 1373 et

254 1407 375 1428 vocem
392 1405 514 1427 eorum
533 1393 848 1437 amplectebantur.

357 1443 501 1478 Praeter
524 1444 616 1477 hanc
640 1455 757 1476 veram
776 1443 971 1476 Ecclesiam
995 1442 1105 1476 multa
1130 1441 1243 1474 millia

254 1492 544 1535 Pharisaeorum,
585 1493 872 1528 Sadducaeorum
898 1500 931 1526 et
953 1493 1106 1526 aliorum
1131 1499 1242 1535 erant,

256 1546 315 1590 qui
336 1546 512 1589 tingebant
526 1557 562 1578 se
578 1545 821 1577 remissionem
839 1551 1060 1587 peccatorum
1077 1543 1244 1588 consequi

254 1597 326 1629 suis
342 1596 539 1636 sacrificiis,
572 1603 605 1629 et
630 1595 732 1628 fidem
757 1594 920 1638 promissi
937 1593 1138 1628 liberatoris
1154 1594 1244 1626 abii-

255 1647 411 1687 ciebant‚
438 1653 471 1680 et
494 1646 672 1680 addebant
697 1645 765 1678 alia
792 1645 895 1679 etiam
921 1644 1075 1685 somnia,
1101 1642 1243 1678 habitu-

254 1710 332 1731 rum
353 1697 519 1731 Messiam
545 1708 691 1740 regnum
716 1695 899 1740 corporale
922 1702 1080 1736 tantum,
1107 1695 1145 1727 in
1173 1707 1243 1740 quo

255 1749 320 1792 ipsi
342 1749 469 1793 opibus
487 1756 519 1782 et
545 1747 700 1791 potentia
727 1747 892 1780 florentes
915 1747 1093 1790 regnaturi
1118 1753 1242 1780 essent.

255 1802 294 1832 ln
329 1797 383 1833 his
415 1799 568 1833 tenebris
600 1798 817 1842 impossibile
852 1798 919 1831 fuit
956 1797 1042 1832 tales
1078 1797 1244 1831 invocare

254 1849 387 1889 Deum,
413 1851 472 1895 qui
492 1849 732 1883 remissionem
750 1856 971 1891 peccatorum
995 1849 1155 1881 nondum
1181 1846 1244 1881 ha-

255 1902 389 1934 berent.
460 1900 541 1934 Fuit
573 1901 680 1943 igitur
709 1910 834 1942 magna
863 1899 1056 1933 multitudo
1080 1899 1179 1941 regni
1207 1911 1245 1932 ac

257 1952 377 1995 populi
397 1950 503 1984 lsrae'l
527 1963 598 1983 non
617 1956 755 1992 sancta,
783 1950 842 1982 sed
863 1956 998 1983 tantum
1015 1946 1244 1994 hypocritica,

257 2010 289 2036 et
313 2010 427 2036 tamen
450 2014 529 2035 cum
557 1999 622 2034 hac
645 2001 716 2044 ipsa
742 2000 971 2034 multitudine
994 2000 1101 2044 impia
1127 2011 1244 2033 semen

257 2060 414 2086 sanctum
460 2052 633 2086 divinitus
671 2051 892 2089 servabatur,
947 2052 990 2085 de
1025 2063 1095 2095 quo
1129 2051 1246 2095 inquit

258 2104 392 2137 Esaias:
438 2102 513 2137 Nisi
544 2102 719 2137 Dominus
749 2102 945 2147 reliquisset
978 2102 1082 2135 nobis
1115 2114 1245 2140 semen,

258 2157 343 2188 sicut
363 2154 516 2187 Sodoma
536 2153 616 2186 facti
635 2164 796 2186 essemus.

358 2205 569 2249 Saepissime
586 2216 667 2237 vero
686 2203 829 2241 accidit,
857 2210 893 2236 ut
913 2203 1016 2236 etiam
1034 2215 1073 2237 ex
1084 2201 1246 2238 Ethnicis

258 2257 400 2301 quidam
433 2255 630 2289 doctrinam
663 2254 938 2299 promissionum
965 2266 1003 2286 ex
1029 2255 1156 2288 sanctis
1183 2268 1246 2300 po-

258 2307 332 2350 puli
354 2306 459 2339 lsrael
479 2307 652 2340 discerent
673 2313 703 2339 et
719 2306 1032 2350 amplecterentur,
1069 2313 1100 2338 et
1125 2319 1244 2339 verum

529 2510 634 2543 'rates
666 2510 835 2543 l'jcclesiae
862 2511 1018 2543 mcmbra
1044 2511 1185 2543 suerunt
1214 2518 1244 2544 ct

260 2561 425 2594 haeredes
444 2561 533 2594 vitae
550 2569 727 2601 aeternae,
755 2561 888 2595 etiamsi
913 2562 1001 2595 ritus
1025 2573 1063 2594 ac
1090 2574 1244 2594 ceremo-

261 2614 335 2645 nias
359 2613 479 2657 populi
508 2611 611 2646 istm-1
637 2625 707 2645 nnn
733 2613 976 2647 observabant.
1020 2610 1063 2646 Et
1091 2613 1186 2645 fulsit
1210 2613 1244 2645 in

261 2664 389 2697 talibus
411 2676 534 2707 magna
561 2663 619 2697 illa
644 2670 676 2697 et
699 2676 823 2698 arcana
850 2663 1037 2711 sapientia,
1071 2665 1164 2709 quod
1192 2676 1244 2697 re.-

259 2511 361 2544 multi
387 2511 460 2545 alii.

847 87 970 122 PHlL.
998 86 1114 124 MEL.
1140 84 1348 123 SCRIPTA
1376 85 1674 123 EXEGETICA.

256 182 369 214 Adam
397 186 428 211 et
451 175 560 210 Evam
589 175 798 213 recitantur,
834 173 944 211 Abel,
971 170 1077 214 Seth,
1104 170 1242 212 Enoch,
1264 173 1267 178 ¹

456 681 501 717 Et
526 695 729 728 quanquam
751 682 917 716 sacrificia
943 689 977 716 et
999 682 1087 715 ritus
1112 680 1242 713 multos
1268 714 1269 725 χ

255 736 429 774 instituit,
464 741 581 768 tamen
606 745 667 767 sua
693 745 776 767 voce
801 733 1011 773 declaravit,
1038 731 1156 765 omnia
1182 731 1242 763 illa
1268 745 1270 786 {

1268 842 1270 848 ·
1296 839 1474 865 aeternam
1492 832 1663 866 restituat.

2205 88 2277 122 808

1292 172 1410 205 missio
1428 181 1649 217 peccatorum
1669 179 1806 207 tantum
1824 179 1968 217 propter
1990 170 2086 207 hunc
2109 173 2278 207 liberato-

1292 234 1364 255 rem
1383 224 1514 267 populo
1535 223 1641 258 lsrael
1665 224 1874 269 promissum
1893 223 2127 267 contingeret,
2163 224 2277 269 quod-

1292 285 1360 317 que
1383 274 1425 306 ad
1450 272 1545 308 hunc
1572 277 1804 309 redemtorem
1827 274 1894 307 fide
1916 274 2212 320 confugiendum,
2245 281 2279 308 et

1293 321 1350 356 hic
1375 335 1468 357 unus
1487 322 1604 366 Deus,
1632 326 1764 370 populo
1782 324 1887 359 lsrael
1913 326 2122 369 patefactus,
2149 336 2280 368 cogno-

1293 376 1441 407 scendus
1458 381 1489 408 et
1508 375 1743 415 invocandus,
1771 383 1803 410 et
1820 377 1983 410 voluntas
2000 373 2106 410 huius
2124 376 2196 409 veri
2213 374 2280 410 Dei

1294 437 1333 458 ex
1357 423 1614 469 Prophetarum
1640 439 1724 460 voce
1749 427 1913 460 discenda
1940 434 1972 460 et
1998 427 2198 472 quaerenda
2223 426 2280 467 sit,

1294 483 1326 509 et
1346 488 1419 509 non
1445 477 1530 510 alibi
1554 483 1619 511 etc.
1673 475 1772 510 Talis
1794 478 1862 511 suit
1884 485 1917 512 et
1938 475 1995 511 hic
2012 477 2192 517 centurio,
2219 477 2281 522 qui

1294 528 1562 570 promissionem
1589 533 1682 561 recte
1715 527 1888 562 intellexit
1918 541 1957 562 ac
1989 529 2132 567 didicit,
2175 528 2230 561 vel
2261 539 2280 561 a

1293 576 1388 611 lairo
1412 576 1702 624 Archisynagogo
1729 578 1784 611 sui
1810 579 1952 623 oppidi,
1992 580 2047 613 vel
2072 592 2091 612 a
2118 576 2280 623 losepho,

1294 629 1350 661 vel
1374 630 1418 662 ab
1440 627 1567 663 horum
1595 629 1835 670 auditoribus,
1871 630 1957 663 viris
1981 630 2108 664 sanctis
2134 637 2167 664 et
2191 636 2282 663 recte

1295 679 1477 714 institutis,
1542 679 1594 713 Ac
1617 679 1782 723 intelligit
1805 681 1985 719 centurio,
2019 680 2185 714 Messinm
2210 691 2281 714 esse

1294 729 1407 764 filium
1424 729 1510 769 Dei,
1538 743 1640 775 quem
1659 731 1724 764 scit
1745 737 1934 764 venturum
1958 732 2001 764 ad
2023 729 2108 770 hoc,
2145 738 2184 765 ut
2202 743 2282 775 pec·

1295 788 1411 814 catum
1435 787 1469 814 et
1491 788 1640 815 mortem
1666 783 1841 819 destruat,
1872 788 1905 815 et
1926 781 2094 816 iustitiam
2113 795 2152 816 ac
2173 782 2282 815 vitam

1716 831 1789 865 Nec
1808 832 1956 865 dubium
1980 839 2030 866 est
2048 830 2143 867 hunc
2166 833 2282 877 ipsum

1296 883 1537 916 centurionem
1571 883 1699 916 multas
1722 880 1853 917 Christi
1881 883 2068 918 conciones
2096 883 2283 923 audivisse,

1296 926 1329 968 et
1348 940 1441 967 recte
1458 933 1571 967 Deum
1590 934 1738 966 coluisse
1755 941 1788 967 et
1806 934 1998 969 invocasse.

1397 983 1546 1017 Discetis
1571 984 1681 1027 igitur
1706 982 1772 1017 hoc
1802 985 1839 1017 in
1874 984 1952 1018 loco
1979 997 2083 1018 verae
2107 983 2283 1018 Ecclesiae

1296 1036 1387 1069 cives
1401 1047 1419 1068 a
1432 1035 1590 1068 coetibus
1600 1035 1831 1068 idololatricis
1843 1035 2052 1077 discernere,
2070 1036 2190 1080 quales
2202 1042 2284 1069 sunt

1295 1084 1656 1126 PontificisRomani,
1684 1083 1944 1119 Monachorum
1962 1093 1996 1120 et
2012 1087 2183 1120 similium
2202 1098 2284 1130 por-

1296 1149 1417 1171 corum
1434 1136 1586 1180 agmina,
1613 1137 1674 1181 qui
1691 1136 1891 1170 existimant
1909 1137 2030 1171 missas
2045 1137 2284 1172 idololatricas

1295 1195 1355 1222 aut
1371 1188 1460 1222 ritus
1475 1186 1694 1221 Monasticos
1720 1198 1791 1220 esse
1808 1187 1933 1221 merita
1961 1189 2178 1221 remissionis
2203 1200 2284 1232 pec-

1296 1246 1453 1273 catorum
1473 1245 1504 1272 et
1523 1238 1611 1272 vitae
1628 1245 1788 1271 aeternae
1805 1245 1867 1273 etc.

1396 1289 1465 1323 Hic
1490 1295 1612 1322 contra
1637 1295 1840 1322 constanter
1870 1300 1909 1322 ac
1941 1289 2090 1323 firmiter
2116 1289 2286 1330 statuetis,

1294 1337 1462 1374 haeredes
1485 1340 1577 1373 vitae
1600 1347 1762 1374 aeternae
1791 1346 1824 1373 et
1857 1339 1949 1372 cives
1979 1352 2081 1373 verae
2106 1337 2285 1374 Ecclesiae

1295 1398 1430 1424 tantum
1450 1388 1514 1423 hos
1531 1401 1622 1430 esse,
1649 1390 1708 1434 qui
1734 1390 1978 1433 obtemperant
2001 1391 2095 1424 dicto
2120 1403 2159 1424 ac
2180 1401 2284 1434 regu-

1295 1442 1347 1475 lae
1365 1438 1515 1475 Christi:
1551 1441 1655 1484 Agite
1678 1441 1934 1485 poenitentiam
1957 1447 1989 1474 et
2013 1441 2143 1475 credite
2163 1439 2285 1475 Evan-

1294 1493 1396 1536 gelio.
1451 1491 1665 1537 Ubicunque
1683 1502 1764 1535 ergo
1787 1498 1922 1525 mentes
1944 1503 2025 1525 vere
2050 1498 2284 1536 expavescunt

1294 1543 1476 1587 agnitione
1501 1555 1541 1576 ac
1566 1549 1660 1575 metu
1684 1542 1756 1575 irae
1778 1540 1864 1582 Dei,
1900 1548 1934 1575 et
1955 1542 2024 1575 fide
2048 1541 2284 1576 Mediatorem

1294 1592 1476 1628 Christum
1495 1593 1671 1627 intuentes
1686 1592 1965 1626 consolationem
1994 1593 2039 1626 ab
2063 1593 2139 1637 ipso
2164 1604 2285 1638 exspe-

1295 1651 1411 1684 ctant,
1439 1651 1472 1678 et
1497 1644 1534 1677 in
1556 1641 1622 1677 hac
1646 1643 1889 1677 consolatione
1906 1643 2148 1689 acquiescunt:
2177 1644 2215 1678 in
2231 1650 2286 1678 ta-

1295 1696 1388 1729 libus
1406 1695 1677 1729 immutabiliter
1693 1695 1796 1728 etiam
1814 1707 1894 1728 vera
1919 1695 2098 1728 invocatio
2121 1702 2154 1729 et
2181 1694 2285 1729 iusti-

1295 1747 1342 1780 tia
1362 1747 1475 1780 bonae
1491 1745 1724 1779 conscientiae
1747 1745 1849 1780 lucet.
1910 1744 1958 1778 Hi
1984 1745 2087 1779 etiam
2111 1751 2205 1779 certo
2228 1757 2285 1779 re·-

1296 1804 1465 1842 putantur
1493 1809 1556 1841 pro
1581 1797 1663 1829 filiis
1685 1794 1773 1835 Dei,
1815 1803 1847 1829 et
1872 1803 1954 1829 sunt
1978 1808 2080 1829 verae
2106 1794 2286 1830 Ecclesiae

1294 1847 1472 1889 membra,
1499 1860 1572 1880 non
1587 1853 1725 1880 mortua
1748 1853 1808 1880 aut
1829 1847 2091 1885 commentitia,
2120 1848 2178 1880 sed
2202 1858 2284 1881 vera

1295 1907 1328 1933 et
1346 1899 1437 1933 viva.
1491 1897 1542 1932 Ac
1559 1898 1664 1937 tales,
1691 1897 1719 1930 si
1735 1898 1771 1929 in
1790 1895 1852 1930 hac
1868 1897 2098 1931 conversione
2114 1899 2156 1930 ad
2169 1895 2284 1931 Deum

1296 1956 1535 1994 perseverent,
1565 1956 1596 1982 et
1616 1949 1718 1981 fidem
1737 1948 1931 1987 retineant,
1959 1960 2039 1981 vere
2061 1949 2164 1982 etiam
2191 1949 2283 1984 vitae

1296 2009 1327 2035 et
1346 2001 1468 2034 salutis
1486 2007 1645 2033 aeternae
1665 1997 1832 2032 haeredes
1850 2005 1944 2034 sunt.

1398 2051 1475 2084 lloc
1492 2051 1681 2084 discrimen
1699 2062 1798 2083 verae
1822 2056 1853 2083 et
1880 2050 1985 2083 salsae
2004 2047 2180 2083 Ecclesiae
2202 2049 2286 2083 (lili-

1296 2110 1416 2147 genter
1437 2101 1689 2139 observabitis,
1716 2107 1750 2134 et
1767 2100 1871 2133 simul
1891 2101 2115 2134 considerare
2133 2101 2286 2140 discetis.

1296 2155 1357 2200 qui
1381 2154 1449 2187 sint
1467 2153 1540 2186 veri
1563 2159 1595 2186 et
1611 2152 1793 2185 necessarii
1813 2152 1946 2193 cultus,
1973 2152 2032 2197 qui
2051 2151 2285 2186 commentitii

1296 2213 1327 2239 et
1345 2202 1514 2250 prohibiti
1531 2216 1568 2237 ac
1584 2203 1752 2237 damnati.
1788 2201 1934 2237 Necesse
1949 2203 2043 2236 enim
2062 2209 2110 2236 est
2127 2202 2286 2246 singulos

1270 2292 1272 2301 x
1297 2257 1404 2296 scire,
1440 2267 1528 2301 quae
1550 2255 1591 2289 sit
1618 2266 1698 2287 vera
1723 2252 1901 2293 Ecclesia.
1937 2261 1970 2288 et
1993 2265 2285 2299 unumquemque

1270 2333 1272 2337 ,
1297 2309 1489 2349 adiungere
1514 2318 1550 2340 se
1572 2306 1615 2339 ad
1641 2305 1838 2338 societatem
1866 2305 1939 2338 eius
1961 2311 2120 2348 oportet,
2149 2311 2181 2338 et
2205 2316 2284 2339 cum

258 2357 371 2392 Deum
392 2358 487 2391 illius
506 2357 627 2401 populi
645 2364 675 2391 et
697 2357 919 2390 liberatorem
938 2357 1074 2399 generis
1100 2355 1244 2390 luuuaui
1270 2357 1272 2364 '

258 2416 507 2451 agnoscerent.
535 2415 566 2441 et
587 2421 666 2441 vera
689 2409 755 2441 fide
779 2415 810 2441 et
836 2407 1058 2441 invocatione.
1086 2415 1117 2441 et
1142 2409 1246 2442 culti·
1270 2404 1273 2435 ῗ

259 2462 324 2492 bus
344 2460 434 2493 veris
451 2460 625 2499 colerent,
656 2460 769 2504 qualis
786 2458 1034 2497 suitNaaman,
1063 2459 1186 2504 syrus,
1214 2468 1245 2493 ct
1270 2450 1273 2475 ἶ

1297 2372 1334 2391 ea
1352 2357 1465 2391 Deum
1489 2369 1675 2399 agnoscere
1697 2363 1728 2390 et
1750 2357 1922 2388 invocaro.
1974 2355 2071 2389 Sicut
2095 2355 2130 2388 in
2147 2355 2284 2389 diluvio

1298 2418 1393 2444 extra
1419 2422 1534 2443 arcam
1556 2408 1651 2442 Noae
1678 2419 1781 2440 nemo
1807 2407 2028 2446 servabatur,
2064 2407 2110 2440 ita
2135 2406 2285 2440 sciamus

1298 2462 1515 2494 verissimam
1535 2471 1606 2493 csse
1624 2458 1798 2501 regulam:
1828 2465 1922 2491 extra
1936 2455 2128 2491 Ecclesiam
2145 2469 2218 2491 non
2235 2464 2285 2491 est

1298 2513 1401 2547 salus.
1463 2512 1512 2546 Ac
1538 2509 1744 2544 beneficium
1768 2515 1815 2541 est
1841 2521 1913 2541 non
1943 2509 2137 2549 mediocre,
2172 2515 2205 2541 te
2227 2507 2284 2541 in-

1298 2564 1474 2607 telligere,
1502 2573 1590 2608 quae
1613 2561 1656 2593 sit
1682 2572 1761 2592 vera
1785 2557 1958 2599 Ecclesia.
1985 2568 2017 2595 ct
2043 2560 2154 2594 civem
2178 2556 2285 2593 huius

1297 2615 1447 2655 agminis
1463 2625 1551 2648 esse,
1574 2618 1611 2645 ut
1632 2611 1666 2644 in
1685 2608 1747 2644 hac
1765 2611 1928 2645 societate
1951 2623 1989 2644 ac
2006 2617 2106 2645 coetu
2129 2610 2284 2644 filiorum

1299 2665 1361 2699 Dei
1387 2678 1507 2700 verum
1533 2662 1646 2698 Deum
1673 2674 1856 2705 agnoscas.
1893 2663 2033 2696 invoces
2056 2674 2095 2695 ac
2119 2661 2285 2698 celebres-
