2409 2915
267 87 340 122 885

862 83 987 119 PHIL.
1016 81 1132 119 MEL.
1159 83 1367 121 SCRIPTA
1394 82 1696 121 EXEGETICA.

2213 87 2288 124 884

269 171 460 215 inspexeris
485 171 641 204 animum
666 177 786 210 tuum,
821 170 958 204 videbis
981 176 1014 204 te
1038 167 1092 203 bis
1116 170 1253 204 duabus
1302 169 1381 213 pori
1406 170 1520 210 victu,
1554 169 1728 216 hospitio,
1761 169 1985 213 defensione,
2017 170 2170 216 polinis,
2204 183 2288 216 pace

271 221 525 256 tentationibus
550 222 732 266 impediri,
766 233 810 254 ne
834 221 992 262 invoces,
1019 221 1102 266 quia
1124 222 1252 264 cogitas

272 279 304 306 te
327 272 510 315 indignum
531 284 612 305 esse.
668 272 755 305 Item
773 272 901 314 cogitas
917 270 1030 305 Deum
1049 283 1130 306 suos
1147 283 1253 316 quos-

273 323 354 356 dam
378 322 538 366 elegisse,
567 330 599 356 te
626 335 707 356 vero
732 323 872 366 negligi.

273 371 427 406 humana
445 380 667 417 argumenta,
696 375 777 419 quia
797 385 867 406 non
889 384 1008 406 sumus
1027 384 1125 419 pares
1140 373 1255 405 Abra-

273 421 358 464 hae,
391 422 510 463 filiae,
545 422 702 465 Elisaeo,
731 423 892 465 Danieli,
921 429 954 457 et
977 423 1171 464 similibus,
1197 434 1256 455 su-

272 485 350 507 mus
374 474 583 515 imbecilles,
614 475 690 508 sine
713 475 849 517 magnis
871 474 990 515 donis,
1024 474 1099 507 sine
1122 473 1255 507 autori-

273 531 361 568 tate,
390 525 472 559 ideo
490 526 618 569 negligi
638 537 700 558 nos
720 525 937 566 iudicamus,
964 531 998 559 et
1014 524 1257 569 desperatione

273 577 423 620 quadam
442 576 637 610 omittimus
655 576 926 612 invocationem.

375 633 442 668 Sed
475 631 530 667 hic
558 635 727 669 debemus
752 635 882 669 intueri
908 635 1036 668 animis
1059 633 1256 668 doctrinam

273 681 476 728 Evangelii,
504 697 592 729 quae
618 685 790 733 praecipit
816 686 859 719 de
885 685 969 725 fide,
995 686 1085 719 sicut
1110 685 1178 718 iam
1201 685 1256 717 di-

273 742 366 768 ctum
399 741 457 770 est.
511 735 688 770 Debemus
721 737 823 770 etiam
855 736 984 769 intueri
1018 733 1108 769 lianc
1140 734 1256 769 Cana-

274 797 397 818 naeam
421 786 642 829 magistram,
677 799 764 832 quae
790 787 936 820 refutata
960 786 1189 829 indignitate,
1222 793 1256 820 et

273 836 567 884 particularitate,
607 838 856 878 ratiocinatur,
898 837 1147 881 promissiones
1183 848 1256 870 non

273 893 411 920 tantum
437 888 479 920 ad
498 886 604 922 Isra'el
627 889 820 931 pertinere,
849 889 908 920 sed
932 887 1036 920 etiam
1061 888 1102 920 ad
1125 894 1256 930 gentes,

273 935 404 977 Canes,
433 938 566 983 inquit,
594 940 702 971 edunt
727 939 769 970 de
792 937 904 971 micis.
960 936 1009 971 lta
1028 938 1172 972 excitata
1190 939 1256 971 fide

274 987 438 1021 invocare
460 988 573 1022 Deum
604 989 640 1021 in
673 989 853 1031 agnitione
881 987 945 1020 filii
978 988 1051 1021 eius
1077 989 1256 1022 debemus.

272 1037 319 1072 Et
342 1036 424 1072 haec
447 1039 531 1072 fides
555 1051 592 1072 ac
610 1039 785 1073 invocatio
806 1039 841 1071 in
859 1036 914 1071 his
930 1039 991 1084 qui
1007 1045 1115 1083 agunt
1133 1040 1257 1083 poeui-

274 1089 438 1129 tentiam,
473 1096 522 1123 est
550 1101 707 1123 summus
734 1089 846 1123 cultus
871 1087 956 1130 Dei,
989 1096 1022 1123 et
1047 1090 1256 1134 praecipuus

272 1137 468 1181 Ecclesiae,
494 1140 583 1174 sicut
605 1138 661 1173 hic
686 1140 832 1174 dicitur:
862 1137 897 1173 Ο
916 1140 1045 1173 mulier
1062 1151 1186 1183 magna
1207 1147 1256 1175 est

273 1189 356 1223 fides
379 1197 447 1224 tua.
502 1190 546 1225 lit
571 1188 661 1224 hanc
683 1203 757 1224 non
781 1202 852 1224 esse
878 1191 1034 1231 irritam,
1062 1192 1119 1224 sed
1142 1191 1255 1235 impe-

271 1248 362 1274 trare
383 1241 491 1281 bona,
520 1239 603 1274 haec
622 1241 694 1286 ipsa
712 1254 778 1275 vox
795 1247 957 1275 testatur:
986 1240 1065 1276 Fiat
1083 1242 1147 1276 tibi
1166 1242 1256 1276 sicut

273 1292 333 1324 vis.
390 1291 487 1325 quta
506 1292 612 1325 illud:
642 1293 752 1326 Petite
770 1299 801 1325 et
817 1292 1006 1336 accipietis.

371 1350 590 1395 Proponitur
629 1363 710 1395 ergo
746 1351 850 1384 nobis
887 1351 924 1383 in
961 1349 1027 1384 hoc
1058 1349 1253 1394 Evangelio

272 1402 470 1445 exemplum
497 1402 595 1442 fidei,
629 1402 814 1436 eluctantis
839 1413 878 1433 ex
902 1401 1117 1445 gravissimis
1142 1407 1254 1435 tenta-

270 1453 446 1492 tionibus,
488 1459 518 1485 et
552 1453 642 1486 bona
676 1452 914 1495 impetrantis,
956 1458 995 1485 ut
1026 1463 1090 1484 nos
1113 1463 1253 1497 quoque

271 1503 444 1536 discamus
469 1503 608 1536 vincere
633 1503 884 1543 diffidentiam,
920 1502 1069 1536 excitare
1090 1502 1194 1535 fidem
1220 1509 1254 1535 et

271 1554 542 1587 invocationem.
617 1552 689 1586 Nec
729 1551 896 1586 babemus
931 1552 1088 1585 minores
1121 1564 1253 1593 causas,

272 1615 375 1649 quarn
402 1601 484 1636 haec
508 1603 714 1643 Canariae-a,
741 1615 829 1647 quae
854 1603 990 1636 laborat
1015 1603 1058 1636 de
1085 1603 1154 1635 filia
1181 1615 1254 1644 sua,

269 1656 318 1688 sic
335 1661 366 1688 et
384 1666 450 1688 nos
468 1655 510 1688 de
527 1654 656 1688 nostris
675 1653 938 1688 necessitatibus
956 1659 989 1687 ct
1005 1654 1048 1686 de
1065 1653 1228 1698 publicis.

500 1755 668 1801 Sequitur
692 1756 728 1789 in
755 1762 849 1789 textu
874 1752 1023 1789 historia

270 1822 311 1858 de
339 1828 498 1871 quatuor
523 1821 691 1856 millibus
713 1820 927 1856 andilorum
952 1818 1115 1861 Christi,
1148 1825 1254 1855 salu-

513 1878 677 1907 tatorum
695 1878 824 1920 septem
839 1872 1010 1919 panibus.

372 1941 412 1976 ln
439 1940 503 1976 hac
521 1940 668 1976 historia
689 1938 773 1974 haec
789 1941 1044 1974 consideranda
1064 1947 1097 1975 et
1113 1941 1252 1975 discen-

266 1996 309 2028 da
329 2000 422 2028 sunt.

373 2044 398 2079 Ι.
450 2041 648 2077 Discrimen
684 2042 775 2075 inter
808 2041 1057 2085 promissiones
1080 2042 1123 2075 de
1147 2042 1251 2075 rebus

267 2095 434 2135 aeternis,
467 2101 500 2128 et
528 2095 572 2127 de
604 2094 707 2126 rebus
736 2086 978 2137 praesentibus
1003 2104 1062 2126 seu
1086 2105 1250 2138 corpora-

266 2148 369 2180 libus.

370 2195 412 2230 ll.
467 2194 571 2237 Quod
597 2205 732 2238 semper
753 2193 977 2237 promissioni
998 2195 1169 2238 corporali
1189 2195 1250 2228 ad-

265 2249 378 2282 denda
402 2246 446 2280 sit
473 2246 630 2279 doctrina
657 2246 698 2277 de
722 2256 840 2283 cruce,
866 2245 920 2278 cni
947 2245 1099 2279 subiecta
1118 2253 1166 2279 est
1184 2245 1250 2280 Ec-

264 2299 366 2333 clesia
386 2305 526 2340 proptu-r
545 2307 682 2332 causas.
710 2307 798 2338 quae
816 2295 898 2328 alibi
919 2295 1078 2329 recitatae
1093 2303 1185 2331 suut.

368 2347 429 2382 ΙΙΙ.
483 2347 554 2380 (“ιιι·
570 2347 639 2379 siut
657 2347 804 2380 traditae
819 2345 1070 2391 promissiones
1086 2348 1128 2380 de
1142 2348 1247 2381 rebus

263 2399 522 2445 praesentibus,
546 2409 685 2441 nempe:

364 2450 389 2484 l.
446 2448 487 2483 [it
513 2455 704 2482 statuamus
725 2446 807 2480 haec
828 2447 921 2480 lion-‘t'
938 2459 1009 2481 non
1027 2447 1132 2481 obiici
1152 2460 1243 2487 casu.

260 2514 322 2536 nec
347 2500 460 2545 parari
488 2505 622 2533 tantum
647 2498 819 2531 industria
845 2496 1016 2539 bumana,
1042 2499 1100 2532 sed
1122 2501 1242 2532 creda-

258 2564 335 2586 mus
352 2552 414 2586 Dei
434 2549 597 2584 beneficia
618 2560 699 2583 esse.

364 2602 406 2635 ΙΙ.
457 2601 588 2638 Causa,
616 2612 693 2633 cum
712 2598 806 2633 Deus
826 2599 906 2633 velit
926 2599 962 2633 in
983 2597 1047 2633 bac
1065 2599 1134 2633 vita
1150 2610 1241 2632 sem-

255 2666 316 2699 per
338 2654 490 2699 aliquam
517 2662 589 2685 esse
612 2662 711 2685 suam
729 2648 943 2692 Ecclesiam,
971 2661 1060 2696 opus
1085 2657 1136 2685 est
1159 2663 1239 2685 cor-

926 319 972 356 Et
996 323 1164 355 accedunt
1188 320 1254 355 huc
1304 321 1379 354 ficia
1403 329 1554 365 praestat
1579 321 1693 362 Deus,
1730 324 1789 356 sed
1814 323 2036 357 mirabiliter.

1303 221 1440 265 aliqua,
1467 228 1506 255 ut
1533 222 1674 255 educari
1691 221 1827 255 soboles
1839 248 1848 262 ‚
1873 228 1907 256 et
1923 222 1990 255 coli
2007 222 2124 256 studia
2140 223 2291 266 possint.

1306 270 1388 304 Ideo
1409 278 1444 305 et
1466 272 1604 305 addidit
1627 270 1688 305 has
1713 272 1980 317 promissiones,
2013 279 2047 306 et
2073 270 2157 305 haec
2181 273 2289 306 bene-

2087 321 2166 356 Etsi
2193 323 2291 358 enim

1305 378 1481 415 grassatur
1496 383 1633 416 semper
1648 373 1820 407 Diabolus
1838 375 2004 407 adversus
2020 370 2211 406 Ecclesiam
2223 400 2233 414 ‚
2256 380 2291 407 et

1305 428 1388 456 sunt
1409 423 1541 456 assidui
1566 423 1738 456 tumultus
1759 424 1794 456 in
1813 425 1964 463 mundo,
1993 424 2121 469 quibus
2140 421 2290 458 humani

1305 472 1441 516 generis
1477 479 1613 517 peccata
1653 473 1789 507 assidua
1822 471 2044 508 horribiliter
2074 474 2289 517 puniuntur:

1307 530 1423 556 tamen
1448 524 1540 557 inter
1563 521 1627 556 hos
1650 524 1822 558 tumultus
1848 532 1961 559 servat
1984 524 2080 559 Deus
2096 522 2290 558 Ecclesiam

1306 585 1424 614 suam,
1451 581 1490 608 ut
1513 581 1662 607 stantem
1684 574 1854 618 populum
1873 573 1981 609 lsrae'l
2007 576 2044 609 in
2071 575 2159 609 mari
2179 575 2289 609 rubro

1306 625 1477 661 servabat.
1529 624 1573 658 Et
1590 631 1707 658 manet
1724 636 1868 668 corpus,
1894 626 2030 659 etiamsi
2047 626 2164 671 aliqua
2179 637 2291 660 mem·

1306 676 1369 708 bra
1407 675 1645 713 trucidentur,
1692 682 1731 709 ut
1770 681 1888 708 manet
1924 674 2072 709 Davidis
2111 677 2292 718 exercitus,

1306 726 1440 760 etiamsi
1457 726 1567 771 aliqui
1586 725 1714 759 milites
1731 726 1942 770 praeliantes
1957 727 2227 761 interficiuntur.

1410 775 1473 813 HI.
1526 776 1646 811 Tertia
1666 788 1766 810 causa
1785 783 1852 817 est,
1879 788 1942 809 cur
1959 774 2024 810 hae
2041 777 2291 821 promissiones

1305 827 1455 862 traditae
1480 835 1581 866 sunt,
1609 835 1647 861 ut
1670 827 1741 862 sint
1764 826 1926 869 exercitia
1948 827 2028 861 fidei
2047 834 2079 862 et
2095 827 2292 862 invocatio-

1306 879 1373 914 nis.
1443 878 1530 912 Vult
1559 877 1653 912 Deus
1685 890 1720 911 se
1749 878 1888 922 agnosci
1923 889 1984 922 per
2015 878 2289 913 invocationem,

1308 929 1391 962 Ideo
1423 929 1534 962 multa
1566 929 1768 973 proposuit,
1802 940 1891 974 quae
1914 940 1980 962 nos
2001 929 2043 962 de
2066 929 2291 962 invocatione

1306 981 1528 1013 admoneant.
1592 978 1678 1013 Vult
1706 991 1769 1013 nos
1799 981 1840 1012 ad
1875 990 1909 1013 se
1938 980 2142 1023 confugere,
2184 979 2290 1013 etiam

1306 1043 1384 1064 cum
1409 1043 1427 1064 a
1452 1037 1522 1064 tota
1547 1041 1666 1062 rernm
1688 1037 1812 1065 natura
1832 1030 1960 1064 deserti
1978 1037 2011 1064 et
2030 1029 2176 1074 proiecti
2191 1029 2291 1063 vide-

1305 1093 1404 1122 mur,
1439 1081 1528 1114 sicut
1551 1079 1666 1113 David
1699 1081 1829 1126 iuquit:
1862 1080 1966 1115 Pater
1995 1088 2029 1115 et
2058 1087 2168 1115 mater
2190 1082 2291 1114 dere-

1305 1131 1410 1177 liquit
1429 1143 1502 1170 ine,
1530 1129 1705 1164 Dominus
1723 1140 1838 1166 autem
1857 1132 2007 1176 suscepit
2023 1143 2092 1167 me.

1409 1181 1492 1216 llll.
1547 1181 1628 1224 Quo
1646 1182 1770 1215 ordine
1788 1183 1959 1230 petendae
1975 1182 2055 1216 sint.
2095 1180 2172 1215 Hoc
2188 1181 2291 1224 docet

1304 1233 1436 1267 dictum
1455 1230 1583 1268 Mattb.
1599 1233 1648 1266 6.:
1678 1232 1847 1275 Quaerite
1872 1233 2025 1276 primum
2049 1244 2196 1275 regnum
2214 1232 2290 1271 Dei,

1305 1291 1338 1317 et
1363 1291 1495 1317 caetera
1522 1284 1736 1317 adiicientnr
1760 1283 1871 1318 vobis,
1926 1283 1995 1318 Sed
2021 1284 2172 1317 addatur
2188 1283 2291 1316 labor

1305 1331 1472 1367 honestus
1491 1340 1523 1366 et
1539 1334 1664 1378 cuique
1681 1335 1893 1367 conveniens
1909 1334 2003 1368 iuxta
2022 1333 2251 1368 vocationem.

1408 1383 1450 1419 V.
1503 1382 1693 1426 Quomodo
1725 1385 1810 1417 fides
1839 1386 2032 1418 exercenda
2063 1384 2107 1418 sit
2137 1383 2174 1416 in
2201 1383 2290 1428 peti-

1305 1434 1400 1468 tione
1418 1434 1653 1478 corporalium
1671 1435 1862 1468 bonorum.

1406 1484 1566 1517 Primum
1588 1485 1768 1518 sciendum
1785 1492 1854 1523 est,
1881 1495 2017 1527 semper
2033 1483 2196 1527 petitioni
2211 1496 2290 1518 cor-

1305 1535 1478 1580 poralium
1507 1543 1669 1579 oportere
1700 1535 1899 1578 praelucere
1925 1535 2048 1574 fidem,
2081 1546 2149 1579 qua
2175 1535 2291 1567 credi-

1306 1597 1383 1619 mus
1417 1597 1480 1618 nos
1521 1593 1664 1629 propter
1692 1583 1873 1619 Christum
1915 1584 2025 1628 recipi
2054 1592 2086 1618 et
2117 1585 2290 1621 exaudiri.

1307 1636 1381 1670 lmo
1405 1643 1443 1669 ut
1468 1633 1550 1669 haec
1578 1636 1662 1669 sides
1686 1636 1722 1668 in
1748 1636 1851 1670 nobis
1868 1636 2080 1670 accendatur
2096 1641 2129 1670 et
2146 1642 2289 1674 crescat,

1306 1688 1385 1721 ideo
1417 1693 1486 1720 tam
1515 1687 1632 1720 variae
1664 1694 1826 1720 externae
1859 1685 2080 1727 occasiones,
2121 1686 2289 1730 pericula,

1305 1737 1513 1771 afflictiones
1543 1737 1741 1781 propositae
1768 1745 1862 1772 sunt.
1914 1736 2074 1771 Sciamus
2104 1747 2185 1781 ergo
2213 1737 2289 1782 pri-

1305 1800 1398 1822 mam
1423 1795 1455 1822 et
1478 1800 1650 1821 summam
1670 1788 1936 1832 promissionem
1953 1788 1996 1821 de
2011 1786 2227 1826 Medimni-e,
2254 1794 2289 1821 et

1306 1841 1348 1873 de
1373 1839 1675 1878 reconciliatione,
1702 1851 1839 1883 semper
1859 1838 1963 1871 simul
1986 1838 2287 1882 complectendam

1305 1902 1388 1926 esse.
1450 1889 1621 1931 Quotidie
1652 1889 1758 1931 igitur
1787 1901 1864 1923 cum
1898 1889 1940 1922 ad
1972 1899 2127 1922 mensam
2163 1889 2288 1922 recitas

1306 1939 1388 1974 llaec
1412 1941 1532 1973 verba:
1562 1940 1691 1973 Panem
1718 1946 1876 1973 nostrum
1895 1939 2141 1984 quotidianum
2158 1940 2201 1972 ‹la
2220 1951 2287 1972 no-

1304 1992 1356 2024 bis
1379 1989 1503 2033 hodie,
1533 1991 1614 2035 qnia
1641 2002 1720 2023 mox
1745 1990 1914 2033 obstrepit
1939 1989 2126 2023 infirmitas
2150 1996 2286 2023 nostra:

1304 2042 1400 2075 Deus
1417 2048 1450 2075 te
1468 2041 1653 2082 indignum
1671 2053 1742 2074 non
1760 2041 1911 2079 exaudit,
1940 2048 1972 2074 te
1989 2052 2061 2072 non
2078 2039 2154 2074 vult
2163 2041 2286 2074 ‹tesen-

1302 2104 1378 2125 sum
1411 2099 1470 2125 aut
1502 2093 1642 2125 alitum:
1680 2089 1736 2124 hic
1762 2091 1930 2125 intuenda
1958 2097 2007 2124 est
2034 2090 2220 2134 promissio
2242 2091 2286 2125 de

1303 2140 1465 2181 Christo,
1499 2149 1531 2176 et
1559 2143 1717 2176 addenda
1743 2143 1844 2180 sides,
1869 2143 1964 2187 quod
1989 2149 2131 2185 propter
2147 2141 2286 2175 Media-

1302 2201 1411 2228 torem
1437 2193 1648 2236 recipiantur
1672 2201 1703 2226 et
1727 2194 1968 2226 exaudiamur.
2023 2191 2104 2225 ideo
2128 2205 2208 2227 mox
2227 2204 2284 2226 se·

1300 2245 1435 2290 quitur:
1467 2243 1508 2277 Et
1528 2245 1664 2277 remitte
1682 2244 1783 2277 noliis
1800 2244 1916 2277 debita
1935 2249 2064 2278 nostra.

1402 2295 1522 2329 Postea
1549 2296 1632 2328 tides
1654 2295 1712 2328 illa
1738 2295 1802 2328 tria
1826 2295 1972 2336 cogitet,
1997 2305 2087 2338 qnae
2105 2304 2209 2339 supra
2228 2307 2284 2329 re-

1298 2346 1436 2379 censui:
1467 2345 1579 2379 Deum
1600 2346 1688 2379 velle
1705 2358 1722 2379 a
1743 2358 1778 2379 sc
1795 2346 1863 2388 peti
1884 2346 1974 2378 bona
1992 2345 2161 2388 corporis.
2202 2345 2282 2380 Pri-

1298 2410 1414 2436 mum,
1443 2404 1479 2430 ut
1505 2398 1687 2430 credmnns
1709 2408 1747 2429 ea
1771 2396 1846 2429 dari
1873 2395 2063 2434 divinitus,
2091 2408 2162 2429 non
2180 2403 2283 2441 pute-

1297 2460 1374 2480 mus
1403 2448 1509 2481 obiici
1542 2460 1632 2481 casu.
1696 2447 1874 2481 Secundo:
1918 2446 2010 2489 Quia
2043 2446 2120 2481 vult.
2148 2447 2281 2481 servari

1299 2498 1486 2532 Ecclesiam
1513 2499 1548 2531 in
1579 2496 1641 2531 liac
1659 2499 1747 2538 vita,
1775 2498 1833 2531 dat
1850 2496 1999 2537 victum,
2025 2497 2280 2537 defensionem.

1295 2547 1445 2594 hospitia
1471 2548 1681 2582 mirabiliter
1705 2556 1771 2582 etc.
1832 2547 1954 2582 'l‘ertio
1980 2547 2055 2581 vult
2078 2547 2219 2591 agnosci
2242 2556 2280 2584 et.

1293 2600 1359 2633 coli
1384 2601 1482 2634 Deus
1504 2597 1568 2633 liae
1589 2599 1832 2638 invocatione,
1859 2599 1939 2632 ideo
1965 2598 2094 2632 multas
2116 2609 2170 2632 res
2194 2610 2279 2643 pro-
2326 2632 2332 2637 ,

1292 2651 1428 2696 posuit,
1453 2661 1540 2697 quas
1562 2650 1633 2696 peti
1656 2650 1743 2685 vult.
1798 2649 1884 2684 Vult
1906 2656 1941 2684 et
1955 2648 2155 2683 confirmari
2173 2649 2279 2685 fidem
