2409 2915
227 109 326 146 1175

828 103 955 139 PHIL.
982 99 1100 136 MEL.
1127 93 1334 135 SCRIPTA
1360 94 1661 131 EXEGETICA.

2115 132 2122 138 ,
2168 96 2267 133 1176

226 197 459 242 Respondeo:
496 192 590 236 Quia
615 193 709 226 filius
732 192 769 224 in
794 197 892 235 patre
919 196 988 231 est,
1019 194 1052 221 et
1068 193 1168 231 pater
1184 185 1218 219 h:
1242 187 1248 218 l
1270 182 1428 228 Ideoque
1444 183 1565 216 eodem
1583 183 1705 223 verbo,
1730 193 1800 227 quo
1817 182 1891 227 ipse
1906 188 2005 226 pater
2018 183 2266 229 ostendum-⁵),

230 247 326 287 filio,
359 246 442 289 quia
477 245 626 276 verbum
674 255 744 286 quo
777 241 1002 283 cognoscitur
1025 238 1137 278 fitius,
1172 245 1220 271 est

228 296 387 342 potentia
412 302 445 328 et
471 293 535 326 filii
563 299 596 325 et
623 292 752 336 patris,
789 301 870 331 ergo
895 301 974 321 cum
1000 289 1222 331 cognoscitur

230 348 323 380 filius
355 357 419 378 suo
450 343 580 381 verbo,
616 352 755 375 necesse
780 347 850 378 est,
884 347 915 372 et
939 340 1061 372 eodem
1086 345 1221 381 patrem

230 395 409 440 cognosci.

363 485 508 525 Verba,
550 497 642 533 quae
667 496 730 531 ego
756 482 886 531 loquor
908 480 1008 516 vobis
1033 485 1093 517 ele.

334 557 374 590 ln
394 556 524 600 quibus
541 553 750 598 cognoscitis
768 564 839 591 me,
870 552 1028 595 adeoque
1042 550 1078 582 in
1098 549 1222 582 iisdem

231 614 366 652 patrem
392 606 615 650 cognoscitis.
668 603 820 638 Subiicit
844 602 887 634 de
910 602 1019 634 verbo
1038 600 1223 645 quaedam,

230 667 270 691 ut
299 659 441 695 doceat,
475 656 673 701 qualisnam
705 655 750 687 sit
782 652 956 697 cognitiO,
992 663 1059 696 qua
1091 657 1123 683 et
1147 651 1222 693 ipse

231 709 473 751 cognoscitur;
503 713 553 740 est
577 713 693 739 autem
718 705 820 745 fides,
849 716 916 747 qua
937 704 973 735 in
990 702 1097 734 verbo
1114 699 1223 733 Chri-

231 767 322 793 stum
354 755 665 802 apprehendimus.
725 754 882 788 Proinde
913 754 961 786 sic
991 752 1054 785 ait:
1101 750 1223 784 Verbo

230 822 287 842 me
318 808 545 852 cognoscetis.
608 807 738 845 Porro,
775 806 809 838 id
842 805 1007 842 verbum,
1042 802 1123 847 quia
1149 814 1222 834 non

230 867 281 893 est
305 858 460 893 humana
481 858 656 901 potentia,
683 858 762 890 idco
780 856 816 888 in
835 867 875 888 eo
893 861 924 887 et
940 860 1074 897 patrem
1093 863 1224 895 cogno-

230 911 349 951 scetis,
375 917 407 943 et
430 909 513 953 quia
539 921 615 941 meo
641 909 748 940 verbo
774 905 1009 947 cognoscetis,
1036 915 1092 935 me
1114 903 1224 937 vitam

231 972 321 999 esse,
350 959 566 1003 cognoscetis
582 965 692 998 certe,
720 968 776 989 me
796 956 833 988 in
851 963 948 999 patre
970 966 1054 989 esse.

443 1049 597 1098 Propter
620 1062 729 1098 opera
755 1049 838 1097 ipsa
867 1046 1007 1089 credite,

230 1119 290 1165 qui
313 1120 356 1153 de
376 1120 483 1153 verbo
502 1120 743 1153 testificantur.
779 1117 962 1151 Postremo
979 1116 1105 1159 allegat
1124 1115 1223 1148 verbi

230 1170 485 1205 testimonium.
540 1170 578 1204 Si
611 1171 720 1203 verbo
749 1181 821 1203 non
848 1167 1008 1208 creditis,
1045 1173 1080 1200 at
1104 1166 1224 1209 signis,

230 1221 359 1266 quibus
372 1222 575 1255 testificatus
591 1228 639 1254 est
658 1227 757 1264 pater
773 1221 816 1253 de
831 1231 906 1259 me,
934 1218 1076 1251 credite.
1130 1216 1223 1251 Sunt

230 1272 326 1305 enim
343 1273 441 1315 signa
457 1272 556 1304 verbi
572 1271 783 1305 testimonia.
840 1269 880 1303 ln
896 1281 1044 1309 summa,
1071 1265 1138 1300 hoc
1153 1268 1223 1311 agit

228 1320 409 1363 Christus,
436 1329 474 1356 ut
491 1323 673 1356 confirmet
690 1321 921 1355 conscientias
937 1321 1104 1352 adversus
1122 1330 1222 1352 scan-

229 1373 348 1407 dalum
363 1374 488 1408 crucis.
529 1372 617 1406 Nam
629 1373 717 1405 scire
729 1371 974 1410 conscientiae,
988 1382 1069 1414 ‘non
1082 1371 1222 1402 credere

230 1424 373 1464 volunt,
401 1436 465 1457 nec
491 1424 628 1466 ingredi
652 1421 716 1455 has
739 1423 920 1462 tenebras,
945 1427 984 1454 ut
1007 1432 1041 1453 se
1059 1419 1221 1453 commit-

229 1481 304 1508 tant
323 1473 419 1514 Deo,
445 1475 504 1507 sed
531 1485 668 1517 semper
691 1471 883 1506 haesitant:
912 1471 998 1516 quid
1025 1471 1052 1503 si
1073 1483 1145 1503 non
1165 1482 1221 1503 re-

229 1525 351 1568 spiciat
369 1537 432 1558 nos
442 1523 562 1557 Deus?
590 1525 656 1556 iam
676 1530 708 1557 et
726 1523 980 1567 relinquuntur
997 1521 1105 1554 sancti
1126 1521 1222 1554 velut

229 1575 368 1616 abiecti,
396 1575 488 1609 utin
507 1587 564 1608 eos
580 1575 710 1607 saeviat
727 1575 894 1608 mundus.
948 1571 1016 1605 Hic
1031 1584 1113 1605 vero
1132 1571 1220 1604 scire

230 1626 447 1659 voluntatem
474 1625 539 1659 Dei
571 1637 650 1669 erga
683 1637 717 1658 se
744 1623 946 1669 cupiuntss).
997 1622 1055 1656 Sic
1078 1622 1221 1656 affectos

229 1677 433 1711 consolatur
454 1675 635 1716 Christus,
668 1684 707 1710 ut
732 1683 902 1721 quaerant
929 1674 1034 1708 aliam
1059 1674 1221 1707 consola-

228 1728 381 1769 tionem,
411 1741 516 1773 quam
535 1728 572 1760 in
591 1741 631 1761 eo
649 1728 734 1762 etin
753 1739 813 1761 sua
831 1733 962 1766 morte3
991 1737 1044 1766 se,
1072 1725 1132 1771 qui
1151 1725 1220 1759 vita

227 1779 285 1820 sit,
312 1779 361 1813 sic
377 1780 548 1823 accepisse
565 1791 724 1822 regnum,
751 1779 800 1812 sic
816 1778 898 1811 item
916 1777 1092 1811 vivificare
1108 1789 1221 1822 quan·

227 1842 332 1875 quam
351 1838 518 1865 mortuns.

306 1921 440 1964 Amen,
474 1934 580 1955 amen
606 1920 686 1955 dt'co
711 1920 828 1963 vobis,
858 1921 925 1969 qui
946 1919 1057 1955 credit
1083 1924 1143 1953 etc.

331 1991 382 2024 Ne
403 1991 588 2031 dissidatis,
616 1991 702 2035 quin
723 2003 783 2034 per
801 2003 855 2023 me
871 1990 945 2024 sitis
966 1990 1141 2031 cognituri
1158 2002 1219 2033 pa-

229 2049 337 2083 trem,
365 2042 450 2086 quin
476 2054 592 2074 meum
615 2042 762 2074 verbum
786 2042 830 2074 sit
846 2041 1000 2085 potentia
1019 2039 1103 2079 Dei,
1132 2041 1219 2086 quin

228 2106 306 2127 mco
331 2094 437 2125 verbo
463 2093 539 2126 sitis
562 2093 743 2131 servandi,
771 2105 972 2138 quanquam
990 2091 1020 2137 ²)
1038 2093 1220 2135 crucifigar

229 2146 346 2179 modo.

446 2227 547 2276 Quia
574 2241 638 2275 ego
663 2226 757 2262 mdc»
782 2226 837 2261 ad
853 2232 1007 2276 patrem,

229 2301 262 2332 id
288 2306 355 2337 πεί,
391 2311 536 2339 regnum
560 2299 785 2341 auspicabor,
811 2297 871 2330 uhi
899 2297 1062 2340 impleam
1088 2297 1219 2337 onmia,

229 2352 310 2396 quia
329 2351 362 2383 in
385 2357 480 2394 patre
498 2362 587 2384 sum.
627 2349 715 2382 Nam
735 2347 964 2382 iaelanltristo
982 2348 1219 2380 subiiciuntur

710 2398 752 2433 Et
772 2400 953 2444 proximae
970 2399 1219 2441 disputationis

229 2461 258 2485 rt
278 2452 467 2496 superioris
485 2451 578 2483 illins
595 2451 847 2484 consolationis
863 2451 1038 2495 epilogum
1055 2450 1218 2493 concipit.

230 2503 317 2536 Nan·
343 2503 446 2547 paulo
470 2510 549 2535 anto
573 2503 710 2541 «locuit,
740 2510 871 2546 pati-viu
900 2501 1060 2544 cognosci
1089 2513 1148 2544 per
1172 2514 1217 2538 se,

228 2552 430 2593 Christum,
475 2554 579 2598 idque¹
614 2555 708 2593 idco,
746 2553 827 2599 qnia
861 2554 933 2600 ipsc.
968 2553 1011 2585 sit
1043 2552 1078 2584 in
1109 2559 1216 2596 patre.

229 2402 359 2439 oninia,
387 2402 467 2446 quia
487 2400 578 2434 fitius
597 2408 659 2433 cst.

262 2689 292 2715 ³)
314 2690 409 2711 Seru-r.
428 2688 562 2716 cupiunt.
588 2687 653 2709 ΤιιΙι.
677 2687 765 2717 rupte.
873 2688 902 2714 6)
922 2689 1017 2711 secer.
1037 2693 1129 2717 quarn.

1271 234 1368 279 qnod
1385 239 1423 267 ut
1441 234 1635 275 confirmet,
1663 233 1804 274 scilicet,
1826 233 1972 266 verbum
1992 244 2093 267 suum
2112 244 2185 267 esse
2201 246 2266 278 pa-

1273 284 1336 317 tris
1355 284 1568 327 potentiam,
1597 285 1740 318 adiecit:
1770 283 1842 326 Qui
1860 283 1970 316 credit
1989 283 2027 316 in
2045 296 2121 322 me,
2148 297 2267 328 opera,

1274 346 1363 379 quae,
1386 345 1448 376 ego
1467 334 1576 373 facio,
1604 335 1705 374 facit,
1731 334 1766 367 id
1783 341 1852 374 est,
1879 334 2055 377 siquidem
2072 335 2140 368 fide
2156 335 2194 367 in
2211 345 2267 368 me

1274 386 1396 417 eadem
1423 396 1529 428 opera
1555 384 1681 418 facturi
1705 383 1807 424 estis,
1833 383 2028 427 potentiam
2051 382 2121 417 Dei
2147 395 2266 417 meum

1274 435 1422 468 verbum
1447 446 1519 468 csse
1545 434 1771 477 cognoscetis.
1826 432 1900 467 Cur
1927 441 2044 467 autem
2069 434 2134 467 ait:
2172 433 2266 477 Quia

1274 487 1317 518 ad
1335 492 1468 529 patrem
1488 485 1603 518 vado?
1654 483 1884 528 Respondeo:
1912 483 1994 518 Ideo
2014 485 2097 529 quia
2115 485 2154 517 in
2169 491 2268 529 patre

1274 533 1438 570 (jhri‘stus
1461 542 1529 577 est,
1559 547 1664 583 opera
1684 535 1792 578 patris
1811 535 1884 578 ipse
1901 536 1996 569 facit.
2049 535 2130 569 Non
2149 543 2268 570 autem

1275 587 1354 619 ideo
1379 594 1412 620 et
1437 599 1502 620 nos
1527 588 1648 619 eadem
1670 586 1857 626 efficimus,
1884 587 1944 619 sed
1963 586 2043 620 ideo
2061 598 2126 619 nos
2145 587 2266 620 eadem

1275 649 1380 681 opera
1407 637 1597 678 efficimus,
1625 637 1706 682 quia
1725 633 1907 677 Christus,
1933 636 1994 681 qui
2018 637 2055 670 in
2080 644 2179 681 patre
2203 643 2267 681 est,

1275 689 1344 721 iam
1371 689 1408 720 in
1436 688 1540 721 nobis
1560 694 1621 722 est.
1675 687 1765 720 Nam
1785 687 1836 720 ire
1855 687 1897 720 ad
1920 694 2071 729 patrem,
2100 695 2170 726 est,
2197 688 2267 720 im-

1275 739 1370 783 plere
1396 739 1528 773 omnia.
1583 737 1639 772 Ad
1665 735 1795 783 Ephes.
1814 736 1840 771 I.
1860 745 1892 771 et
1909 736 1971 770 lv.
2026 737 2071 771 Et
2096 738 2185 772 sicut
2209 751 2268 771 ex-

1275 790 1377 831 ponit
1411 789 1561 829 Paulus,
1605 796 1742 823 secutus
1771 788 1971 829 Psalmum,
2011 789 2143 822 donare
2174 790 2268 823 dona

1275 838 1502 880 hominibus,
1528 840 1731 873 illuminare
1755 847 1788 873 et
1811 838 2038 874 sanctificare.
2091 838 2156 873 Est
2172 840 2267 873 enim

1275 902 1422 934 regnum
1441 889 1596 929 Christi,
1625 903 1696 935 quo
1715 891 1752 922 in
1771 897 1862 923 terra
1879 897 2018 933 regnat,
2045 890 2083 923 in
2102 891 2268 924 cordibus

1275 942 1514 982 credentium3
1544 941 1650 985 idque
1673 948 1724 974 est
1746 942 1864 973 sedere.
1887 953 1992 984 super
2008 941 2136 974 solium
2153 940 2269 975 David

1276 993 1394 1037 patris.
1449 991 1555 1035 Quod
1575 994 1616 1025 ad
1635 992 1915 1025 consolationem
1930 992 2075 1032 attinet,
2102 992 2192 1026 sicut
2209 1004 2269 1026 su-

1275 1055 1336 1087 pra
1356 1043 1565 1076 confirmare
1582 1043 1697 1087 coepit
1714 1042 1924 1087 Apostolos,
1951 1049 1990 1076 ut
2007 1043 2043 1075 id
2061 1054 2095 1076 se
2112 1044 2268 1082 credant,

1275 1106 1478 1139 quanquam
1510 1093 1742 1134 morientem,
1782 1094 1828 1127 ita
1863 1091 1921 1126 hic
1950 1093 2143 1137 promittit,
2183 1094 2270 1134 fore,

1275 1152 1313 1178 ut
1331 1145 1590 1189 glorificentur,
1619 1145 1700 1189 quia
1720 1145 1793 1188 ipse
1809 1145 1851 1177 ad
1871 1151 2004 1189 patrem
2020 1145 2132 1178 abeat.

1541 1228 1594 1263 Et
1619 1226 1798 1277 quicquid
1814 1228 2003 1276 petieritis,

1273 1298 1425 1339 scilicet,
1452 1299 1674 1332 certificaturi
1693 1299 1736 1332 de
1754 1309 1862 1341 regno
1879 1309 1968 1331 rneo.

1605 1381 1655 1415 In
1680 1383 1826 1416 nomine
1849 1394 1937 1417 meo.

1376 1449 1481 1492 Quod
1509 1450 1626 1484 addit:
1658 1450 1698 1484 In
1721 1453 1866 1484 nomine
1889 1463 1989 1486 meo.
2022 1451 2176 1485 excludit
2193 1463 2267 1484 me-

1274 1500 1339 1533 rita
1371 1507 1510 1541 nostra,
1551 1502 1632 1545 quia
1665 1509 1809 1545 propter
1839 1499 2018 1535 Christum
2049 1502 2270 1542 exaudimur,

1274 1551 1363 1584 sicut
1387 1557 1417 1583 et
1442 1551 1479 1583 in
1494 1549 1636 1586 Christo
1662 1552 1862 1595 diligimur.
1890 1559 1928 1585 ut
1958 1554 1986 1586 1.
2002 1550 2093 1586 Petr.
2111 1550 2156 1585 ll.
2177 1552 2268 1585 dici-

1274 1608 1347 1634 tur:
1386 1600 1587 1636 Offerentes
1620 1600 1752 1636 hostias
1781 1603 1974 1646 spiritales,
2011 1609 2167 1645 acceptas
2193 1602 2268 1637 Deo

1276 1664 1337 1696 per
1364 1651 1478 1685 lesum
1503 1650 1699 1687 Christum.
1763 1652 1863 1687 Sicut
1887 1661 1919 1687 ct
1945 1654 1983 1686 in
2007 1653 2081 1697 lege
2108 1665 2183 1686 uon
2208 1665 2270 1698 per

1275 1715 1347 1736 sese
1371 1703 1543 1737 offerebat
1568 1705 1739 1749 populns,
1768 1717 1840 1738 non
1866 1717 1928 1749 per
1949 1716 2022 1738 sese
2045 1705 2270 1747 ingredieba-

1276 1761 1332 1788 tur
1358 1755 1395 1787 in
1422 1762 1539 1788 sancta
1565 1762 1786 1794 sanctorum,
1815 1757 1874 1789 scd
1899 1755 2068 1789 offerebat
2091 1755 2268 1799 pontifex;

1275 1805 1322 1839 ita
1357 1812 1391 1839 et
1421 1818 1485 1839 nos
1517 1818 1579 1850 per
1612 1807 1812 1850 pontificem
1836 1805 2018 1840 Christum
2045 1817 2210 1849 rogamus
2235 1812 2269 1840 et

1275 1856 1457 1890 offerimus
1478 1864 1541 1891 etc.
1602 1857 1723 1903 Neque
1755 1858 2025 1901 amplitudinem
2051 1857 2184 1900 gratiae
2209 1869 2269 1891 us·

1276 1919 1380 1953 quam
1412 1908 1559 1951 propius
1590 1909 1767 1946 aestimes,
1801 1921 1906 1953 quam
1941 1909 1976 1941 in
2001 1909 2268 1953 consyderando

1274 1959 1470 1992 sacerdotio
1494 1957 1639 1993 Christi.
1704 1959 1812 1992 Vides
1837 1966 1952 1992 autem
1977 1958 2266 2001 glorificationem

1275 2007 1410 2044 Christi
1429 2016 1462 2043 et
1482 2022 1628 2053 reguum
1648 2017 1680 2043 et
1697 2010 1931 2043 sacerdotium
1951 2009 2136 2053 complecti
2155 2015 2217 2042 etc.

1436 2092 1489 2127 Ul
1511 2091 1737 2139 glorificetur
1759 2098 1865 2140 palcr
1885 2105 1949 2141 ρει·
1967 2091 2105 2137 filium.

1377 2161 1538 2201 Scilicet,
1569 2174 1646 2195 cum
1667 2162 1886 2205 agnoscitur,
1914 2162 2008 2207 quod
2030 2161 2140 2194 filium
2159 2161 2266 2195 dede-

1274 2213 1337 2253 rit,
1364 2219 1400 2245 ut
1425 2213 1575 2246 salvaret
1603 2225 1678 2246 nos.
1732 2212 1963 2247 Glorisicatur
1982 2219 2097 2256 pater,
2121 2213 2266 2258 quando

1273 2264 1303 2296 ei
1330 2263 1440 2305 gloria
1468 2264 1657 2303 tribuitur,
1685 2276 1755 2296 non
1782 2264 1903 2297 uobis.
1933 2261 1998 2296 hoc
2024 2270 2094 2303 est,
2121 2264 2265 2309 quando

1273 2315 1512 2357 agnoscimus„
1541 2326 1605 2347 uos
1628 2327 1699 2347 non
1726 2315 1854 2348 nostris
1874 2314 2026 2354 meritis,
2054 2326 2125 2347 non
2144 2321 2263 2348 nostra

1273 2366 1461 2409 sapientia,
1489 2378 1561 2398 non
1583 2373 1700 2399 nostra
1723 2367 1858 2399 iusticia
1876 2366 2020 2403 salvari,
2047 2365 2105 2398 sed
2126 2365 2264 2397 miscri-

1273 2417 1413 2450 cordiae
1445 2417 1672 2455 consulimus,
1717 2417 1891 2461 siquidem
1923 2416 2018 2449 ‹tt-‹tit
2052 2415 2164 2448 filium
2199 2427 2264 2460 pro

1274 2468 1577 2511 peccatisnostris.
1634 2467 1749 2514 Atque
1768 2466 1855 2500 lianc
1872 2468 2019 2509 gloriam
2035 2467 2126 2500 cauit
2143 2465 2262 2499 Evan-

1271 2519 1420 2560 gotium,
1454 2519 1547 2552 iuxta
1574 2518 1682 2554 Psat:
1719 2518 1816 2551 (Im-ti
1842 2525 1983 2551 narrant
2010 2518 2156 2562 gloriam
2184 2515 2263 2553 Dei.

1272 2568 1329 2603 Est
1357 2577 1471 2603 autem
1497 2567 1603 2604 liuius
1625 2570 1752 2615 epilogi
1779 2567 1863 2603 hac-c
1888 2582 2040 2603 summa:
2071 2569 2164 2602 iubet
2183 2568 2262 2601 ideo

1304 2688 1334 2712 Μ
1355 2689 1420 2712 Tub.
1440 2688 1564 2713 ostenda
1584 2693 1621 2712 u·
