2409 2915
250 120 323 157 591

357 203 421 239 Est
437 209 554 237 autem
570 199 661 233 iusta
677 197 746 238 ira,
771 195 914 242 quando
932 200 1078 240 propter
1094 194 1243 239 gloriam

257 256 322 292 Dei
347 261 406 288 aut
429 258 573 298 propter
597 248 771 283 iusticiam
798 245 983 280 irascimur
1007 246 1244 290 peccantibus,

259 308 348 340 sicut
371 302 533 338 Christus
556 299 741 340 irascitur,
776 310 855 331 cum
883 297 1024 342 expellit
1048 308 1088 330 ex
1112 297 1244 341 templo

259 354 499 395 numularios,
537 352 593 385 vel
629 351 719 385 sicut
742 348 910 393 Princeps
944 348 1107 381 irascitur
1136 348 1245 380 latro-

259 407 365 440 nibus
394 411 454 439 aut
480 402 683 448 raptoribus
713 400 892 443 virginum
923 398 977 432 vel
1018 395 1245 433 honestarum

260 463 514 490 matronarum.
569 454 625 487 De
650 449 716 485 hac
738 451 789 484 ira
814 450 948 483 dictum
965 456 1030 482 est:
1059 449 1164 483 Zelus
1183 449 1246 481 do-

261 519 338 541 mus
357 513 436 540 tuae
455 505 608 539 comedit
626 514 692 537 me.
745 499 791 535 Et
808 500 888 534 talis
905 501 956 533 ira
980 500 1086 534 debet
1111 511 1182 533 esse
1209 499 1247 531 in

260 557 537 602 gubernatione,
564 554 644 600 quia
661 559 711 586 est
734 552 848 585 calcar
865 551 1061 585 exuscitans
1079 552 1120 584 ad
1147 550 1247 584 iusti-

260 610 369 649 ciam,
397 614 431 641 et
453 606 624 640 adiuvans
650 602 834 637 iusticiam.

362 666 430 701 Sed
448 663 533 698 haec
548 664 600 697 ira
624 674 702 697 rara
726 669 787 697 est.
841 659 921 695 Alia
951 661 1000 694 ira
1034 660 1163 694 iniusta
1198 665 1249 692 est

261 716 502 756 communior,
535 715 624 748 sicut
648 713 734 748 Saul
765 712 902 746 invidet
928 719 961 746 et
987 711 1149 744 irascitur
1176 709 1248 744 Da-

260 768 354 808 vidi,
381 767 470 801 sicut
494 765 637 810 superbi
661 763 909 797 universaliter
935 763 1134 796 irascuntur
1159 761 1248 802 aliis,

262 832 280 853 a
298 819 429 864 quibus
445 829 481 851 se
499 815 665 861 impediri
683 821 808 859 putant
824 821 888 848 etc.

365 876 467 910 Hanc
486 875 747 909 distinctionem
765 873 1003 913 considerate,
1030 873 1073 905 de
1091 871 1140 903 ira
1159 870 1248 902 iusta

263 936 297 963 et
320 929 468 968 iniusta,
509 934 542 961 et
565 925 670 959 simul
699 936 761 957 vos
795 924 887 967 ipsos
919 929 1010 956 recte
1042 921 1248 955 examinate.

265 978 517 1023 Unusquisque
553 976 630 1010 vult
662 986 734 1008 esse
766 974 896 1013 iustus,
945 979 977 1006 et
1008 973 1149 1006 videtur
1179 971 1248 1004 sibi

263 1030 352 1064 iuste
369 1029 490 1066 irasci,
516 1027 577 1060 sed
594 1024 792 1069 saepissime
808 1021 976 1057 habemus
997 1023 1101 1056 falsas
1120 1021 1247 1065 imagi-

262 1080 440 1117 nationes,
474 1085 507 1112 et
531 1088 652 1111 sumus
673 1073 895 1120 hypocritae,
930 1080 963 1107 et
996 1074 1155 1107 fucamus
1182 1085 1247 1106 no-

262 1137 349 1164 stras
375 1140 500 1173 pravas
523 1127 751 1171 cupiditates,
789 1125 974 1158 irascimur
1003 1136 1042 1157 ex
1072 1123 1248 1168 superbia,

263 1182 317 1214 vel
336 1179 506 1220 avaricia,
525 1178 606 1224 quia
623 1189 697 1211 non
715 1177 831 1210 statim
850 1175 968 1208 omnia
986 1175 1090 1208 nobis
1105 1175 1247 1214 dantur,

263 1244 351 1277 quae
369 1230 606 1275 postulamus,
635 1239 723 1273 quae
742 1235 858 1261 tamen
877 1238 949 1259 non
968 1227 1057 1260 iuste
1074 1227 1248 1259 debentur

262 1282 378 1316 nobis.
433 1281 539 1314 Tales
572 1279 673 1312 valde
704 1278 807 1312 multi
837 1285 937 1318 suut,
971 1285 1005 1313 et
1027 1276 1249 1320 introspiciat

261 1332 506 1378 unusquisque
527 1331 693 1375 seipsum.

363 1390 444 1424 Huc
467 1391 571 1424 etiam
606 1388 785 1433 pertinent
814 1387 952 1430 ingrati.
1014 1385 1124 1420 Multi
1157 1391 1250 1425 sunt,

264 1443 407 1488 quando
433 1440 599 1474 omnibus
625 1439 801 1472 beneficiis
827 1439 932 1481 longo
956 1445 1113 1481 tempore
1135 1435 1248 1469 allecti

265 1500 365 1533 sunt,
393 1499 425 1526 et
444 1491 550 1525 semel
574 1490 708 1535 aliquid
735 1489 772 1523 fit
795 1497 917 1523 contra
941 1500 1062 1522 eorum
1086 1488 1251 1520 voluuta-

264 1552 353 1584 tem,
383 1543 558 1586 incipiunt
573 1541 699 1574 odisse.
754 1539 858 1573 Tales
875 1540 978 1573 etiam
1006 1538 1183 1583 pertinent
1207 1537 1249 1570 ad

266 1593 356 1627 hanc
384 1594 590 1627 concionem
616 1589 765 1625 Christi:
803 1589 875 1632 Qui
904 1589 1004 1622 fratri
1034 1601 1096 1622 suo
1123 1589 1250 1621 frustra

264 1645 444 1683 irascitur,
486 1654 566 1676 reus
596 1649 646 1674 est
677 1652 819 1685 poenae.
881 1639 925 1674 Et
951 1639 1119 1674 Salomon
1145 1639 1248 1672 dicit:

263 1695 342 1729 Non
366 1694 503 1728 recedet
528 1692 659 1725 malurn
680 1704 697 1725 a
716 1692 822 1724 domo
841 1690 981 1731 ingrati.

367 1753 485 1787 Altera
501 1751 658 1797 quaestio
676 1757 725 1784 est
748 1750 931 1793 generalis.
984 1748 1072 1782 Cum
1091 1748 1250 1781 omnium

264 1806 367 1839 corda
387 1805 456 1837 sint
476 1804 578 1847 plena
597 1801 862 1838 immunditiae,
891 1807 924 1834 et
941 1797 1049 1833 homo
1076 1811 1147 1832 non
1171 1811 1251 1843 pos-

264 1858 305 1889 sit
326 1858 502 1899 deponere
518 1851 609 1886 hanc
628 1851 891 1885 immunditiem
910 1858 1036 1888 totam,
1063 1850 1182 1892 Quare
1198 1851 1251 1882 lex

266 1919 340 1939 eam
371 1905 509 1945 arguit?
559 1904 617 1936 An
654 1903 781 1934 frustra
814 1899 898 1933 haec
931 1901 1122 1933 dicuntur?
1162 1901 1251 1933 sicut

265 1958 392 1990 frustra
418 1954 581 1987 dicebaut
604 1952 734 1990 Stoici,
763 1952 855 1995 quod
884 1949 989 1983 homo
1014 1951 1155 1983 deberet
1181 1962 1252 1983 esse

267 2017 411 2051 prorsus
435 2005 511 2038 siue
535 2004 604 2044 ira,
631 2003 706 2036 sine
730 2014 868 2041 amore,
901 2001 976 2034 siue
1000 2000 1149 2041 laetitia,
1177 2001 1252 2034 sinc

265 2065 368 2091 metu.

370 2115 599 2163 Respondeo:
627 2112 854 2157 Nequaquam
876 2109 960 2143 hat-c
980 2111 1106 2144 frustra
1127 2111 1251 2144 dicun-

267 2177 324 2202 tur
353 2180 369 2199 a
393 2163 557 2204 Christo,
591 2171 622 2197 ct
647 2176 718 2196 non
747 2169 797 2196 est
823 2162 927 2194 stoica
956 2159 1156 2205 phantasia,
1192 2163 1250 2195 sed

268 2226 411 2263 propter
429 2218 515 2249 duas
533 2226 653 2249 causas
669 2214 870 2247 recitantur.
926 2211 1083 2244 Primum
1111 2220 1253 2257 propter

269 2268 540 2313 poenitentiam,
574 2273 612 2300 ut
635 2275 863 2306 agnoscamus
886 2270 1003 2296 nostra
1029 2272 1182 2307 peccata,
1219 2272 1251 2298 et

268 2321 437 2357 sciamus,
477 2319 571 2363 quod
606 2329 676 2349 non
712 2314 963 2348 satisfaciamus
1001 2314 1084 2356 legi,
1118 2322 1146 2346 et
1180 2328 1250 2347 non

269 2381 465 2403 mereamur
494 2368 747 2401 remissionem.

269 2421 483 2456 contionem,
518 2419 599 2464 quia
625 2424 759 2462 oportet
787 2415 916 2449 incoari
948 2416 982 2447 in
1016 2416 1118 2448 unt-is
1150 2418 1251 2449 novi-

268 2479 393 2511 tatem,
423 2477 456 2503 et
479 2476 616 2514 oportet
633 2481 696 2501 nos
719 2479 913 2511 repugnare
938 2467 1038 2499 malis
1057 2467 1250 2501 ant-cuibus.

373 2527 415 2562 Et
432 2539 633 2573 quanquam
660 2528 692 2558 su
719 2525 890 2565 incoatio,
919 2532 1033 2557 tamen
1054 2533 1193 2558 manent
1216 2526 1250 2559 in

270 2581 371 2612 nobis
391 2580 520 2612 multae
537 2577 706 2622 reliquiae.
724 2576 865 2619 peccati.
907 2574 950 2609 Et
969 2576 1136 2609 debemus
1154 2578 1252 2614 scire,
1276 2597 1278 2604 ·

267 2631 360 2676 quod
380 2630 487 2662 simus
506 2629 586 2662 iusti
606 2635 746 2672 propter
767 2626 895 2660 Filium
915 2627 995 2665 noi.
1024 2639 1093 2661 uon
1110 2635 1252 2672 propter

267 2688 420 2714 nostram
441 2680 678 2723 impletionem
701 2678 793 2719 legis.

847 107 973 146 PHlL.
999 105 1116 143 MEL.
1140 106 1351 144 SCRIPTA
1376 105 1676 145 EXEGETICA.

808 2365 990 2403 sccun‘h'·
1027 2373 1168 2408 l‘s‘'l’¹‘'¹'
1198 2367 1250 2398 5¹¹·
1275 2361 1279 2426 ἶ
1303 2375 1396 2407 veuit
1424 2375 1464 2406 ad
1487 2381 1636 2418 patrem,
1666 2375 1732 2408 nisi
1754 2386 1814 2418 per
1831 2373 1973 2409 Filium.

2204 110 2281 149 592

1294 192 1341 229 Si
1362 191 1471 244 offers
1500 192 1555 228 ad
1582 206 1710 238 aram,
1753 199 1784 228 el
1819 193 1873 229 ibi
1903 180 2116 231 recordatus
2142 196 2279 244 fueris,

1355 243 1456 293 quod
1466 246 1594 294 frater
1616 250 1700 280 tuus
1724 242 1834 280 habel
1858 243 2012 294 aliquid
2030 251 2157 280 contra
2175 252 2220 284 te.

1397 320 1509 366 Saepe
1522 322 1651 357 auditis
1668 322 1858 357 discrimen
1879 322 1972 357 inter
1988 319 2074 356 haec
2088 321 2173 357 tria:
2191 321 2280 358 Pro-

1297 371 1522 413 missionem,
1547 381 1731 421 praecepta
1747 375 1791 408 de
1809 374 1974 418 operibus
1992 372 2198 413 moralibus,
2215 381 2281 411 von

1296 422 1425 468 nb'tigen
1441 423 1632 467 zugenben,
1666 422 1713 458 Et
1729 425 1961 466 ceremonias,
1993 422 2282 470 Rirtbengepreng:

1296 474 1352 507 vel
1370 474 1462 508 inter
1478 472 1604 515 fidem,
1630 475 1750 519 Opera
1770 475 1939 517 moralia,
1971 476 2078 521 nfitige
2105 475 2281 520 ssugenben

1297 526 1361 560 »nb
1382 524 1601 561 §eternorum

1398 573 1446 610 Et
1469 587 1571 610 nosse
1598 573 1689 608 hanc
1715 575 1977 611 distinctionem
2000 577 2101 610 valde
2124 588 2281 611 necessa-

1299 627 1392 660 rium
1410 633 1481 669 est,
1508 626 1590 672 quia
1608 626 1775 660 usitatum
1793 633 1861 667 est,
1887 628 1981 672 quod
2007 624 2169 661 homines
2184 628 2282 662 dela-

1299 679 1434 711 buntur
1451 678 1495 711 ad
1517 677 1755 717 ceremonias,
1789 683 1823 710 et
1844 677 1908 711 has
1928 684 2053 721 putant
2075 689 2146 712 esse
2170 685 2281 713 totam

1298 728 1528 771 religionem,
1573 727 1638 763 mie
1670 730 1774 773 genae
1810 726 1984 773 beitigteit,
2038 727 2278 774 OEbtissentbum

1298 781 1362 815 vnb
1388 777 1627 821 (ὃοΐῐεῧδίεηῇ,
1664 779 1753 812 sicut
1776 790 1877 823 saepe
1903 788 2169 825 conqueruntur
2192 780 2282 814 Pro·

1300 829 1444 875 phetae,
1472 836 1503 863 et
1520 830 1675 863 refutant
1692 827 1787 863 hunc
1810 841 1985 868 errorem,
2013 831 2102 865 sicut
2123 831 2160 864 in
2182 830 2282 865 Psal-

1298 894 1356 914 mo
1375 880 1436 916 49.
1454 880 1601 914 dicitur:
1631 880 1728 914 Audi
1744 880 1897 926 populus
1920 891 2036 923 meus,
2068 894 2141 916 non
2162 882 2199 915 in
2225 893 2281 916 sa-

1298 931 1438 966 crificiis
1455 942 1600 975 arguam
1618 937 1650 965 te
1663 957 1672 972 ,
1695 937 1758 967 etc.
2039 933 2043 935 ⁴

1657 1034 1727 1069 nae
1749 1034 1926 1081 ᾣείῑίρξείῐ.

1401 1109 1459 1144 Sic
1483 1115 1554 1143 tota
1585 1108 1709 1152 religio
1739 1108 1854 1153 Papae
1884 1116 1917 1143 et
1940 1106 2200 1143 Monachorum
2232 1117 2283 1144 est

1299 1171 1436 1194 servare
1452 1160 1668 1193 ceremonias
1687 1172 1769 1193 suae
1784 1159 1915 1193 Missae
1928 1187 1935 1198 ‚
1962 1160 2111 1193 sormam
2125 1160 2286 1202 vestitus,

1298 1211 1503 1245 discrimina
1529 1211 1707 1251 ciborum,
1735 1217 1768 1244 et
1791 1211 2022 1251 coelibatum,
2055 1223 2099 1244 ne
2123 1212 2285 1245 sacerdos

1300 1263 1403 1296 ducat
1422 1273 1566 1296 uxorem
1587 1268 1650 1296 etc.
1704 1261 1774 1296 Sed
1792 1260 1854 1294 has
1878 1261 2160 1295 abominationes
2177 1262 2285 1295 debe·-

1300 1313 1606 1355 musintelligere‚
1638 1319 1754 1346 taxare
1777 1319 1808 1346 et
1834 1311 1973 1356 fugere,
2001 1319 2033 1346 et
2056 1313 2164 1356 scire,
2189 1313 2285 1358 quod

1301 1363 1424 1407 religio
1443 1363 1488 1396 sit
1507 1363 1574 1396 alia
1593 1374 1657 1396 res.

1401 1411 1478 1446 Iloc
1494 1425 1572 1446 cum
1597 1413 1746 1446 audiunt
1763 1413 1936 1456 sapientes
1958 1412 2149 1451 mundani,
2175 1408 2285 1457 agno-

1302 1470 1404 1497 scunt
1419 1470 1598 1509 utcunque
1616 1463 1821 1505 religionem
1833 1491 1841 1504 ,
1858 1461 2094 1506 &ottcssbicnst'
2121 1475 2193 1497 non
2212 1476 2285 1498 esse

1302 1512 1364 1548 has
1386 1515 1500 1547 larvas
1527 1515 1828 1554 ceremoniarum,
1862 1524 1894 1548 et
1924 1514 2063 1548 discunt
2086 1515 2286 1549 doctrinam

1303 1566 1345 1598 de
1369 1566 1536 1609 operibus
1559 1565 1769 1603 moralibus,
1810 1574 1873 1600 von
1904 1565 2076 1609 mundun
2102 1565 2285 1610 zugenbcn,

1304 1618 1376 1651 obet
1396 1625 1459 1650 von
1478 1620 1575 1660 guten
1594 1616 1722 1656 (ἕίῐΐῦη,
1751 1622 1782 1648 et
1800 1613 1890 1648 hanc
1909 1615 2147 1649 obedientiam
2166 1617 2286 1651 existi-

1302 1673 1400 1700 mant
1417 1679 1488 1699 esse
1506 1673 1614 1700 totam
1642 1666 1869 1709 religionem,
1896 1666 1984 1700 sicut
2012 1666 2097 1700 dicit
2114 1664 2219 1701 Cato:
2246 1667 2285 1702 Si

1303 1715 1398 1751 Deus
1420 1725 1469 1751 est
1493 1718 1651 1755 animus,
1679 1725 1715 1751 ut
1739 1717 1842 1750 nobis
1865 1717 2018 1750 carmina
2041 1717 2182 1757 dicunt,
2218 1717 2286 1752 Hic

1303 1768 1367 1801 tibi
1387 1769 1572 1811 praecipue
1587 1779 1672 1810 pura
1692 1769 1736 1801 sit
1753 1775 1870 1800 mente
1885 1768 2064 1800 colendus.
2104 1765 2149 1801 Et
2167 1767 2285 1804 Plato:

1304 1817 1399 1852 Deus
1417 1831 1488 1851 non
1505 1819 1661 1861 gestibus
1679 1815 1894 1857 honoratur,
1921 1819 1979 1850 sed
1999 1829 2079 1850 vera
2096 1818 2236 1854 virtute.

1410 1867 1474 1902 lsta
1493 1867 1677 1912 phantasia
1695 1867 1914 1911 sapientum,
1942 1868 2037 1912 quod
2063 1867 2148 1901 tales
2173 1869 2286 1903 virtu-

1303 1925 1352 1952 tes
1375 1919 1445 1952 sint
1470 1931 1628 1952 summus
1661 1918 1792 1955 cultus.
1836 1918 1940 1951 etiam
1972 1924 2021 1950 est
2053 1918 2159 1959 salsa,
2203 1921 2286 1965 quia

1303 1970 1471 2012 scriptum
1499 1976 1563 2003 cst:
1607 1968 1692 2003 Siue
1727 1969 1792 2001 fide
1823 1968 2039 2012 impossibile
2070 1976 2119 2002 est
2151 1969 2286 2014 placere

1303 2018 1390 2055 Deo.

1405 2067 1498 2103 llaec
1515 2070 1718 2103 discrimina
1735 2071 1825 2103 bene
1848 2076 2070 2104 mementote.

1303 2121 1464 2154 ordinem
1482 2121 1711 2153 considerate.

1405 2170 1564 2204 Primum
1583 2178 1719 2215 oportet
1738 2171 1773 2203 in
1792 2169 1936 2204 homine
1953 2182 2026 2205 esse
2044 2172 2160 2210 fldem,
2176 2183 2286 2216 agno-

1303 2229 1454 2256 scentem
1472 2220 1604 2262 Deum,
1628 2229 1658 2255 et
1676 2219 1998 2266 apprehendentem
2017 2222 2285 2267 promissionem

1302 2274 1451 2316 gratiae,
1485 2280 1516 2306 et
1541 2273 1769 2307 mediatorem
1789 2272 1917 2306 Filium
1935 2271 2019 2313 Dei,
2057 2281 2089 2307 et
2114 2273 2287 2308 iusticiam

1304 2337 1364 2368 per
1389 2336 1468 2356 euin
1497 2331 1528 2356 et
1551 2331 1694 2372 propter
1718 2336 1797 2357 eum
1822 2325 1998 2357 donatam.
2059 2324 2152 2367 Quia
2181 2335 2284 2358 nemo

2027 2372 2072 2408 Et
2096 2373 2179 2410 haec
2200 2375 2284 2408 fides

1304 2427 1393 2459 lucet
1412 2426 1446 2457 in
1467 2437 1546 2458 vera
1573 2425 1787 2470 poenitentia
1805 2431 1835 2458 et
1860 2437 1939 2458 vera
1957 2426 2188 2461 conversione
2204 2437 2282 2460 cor-

1303 2477 1356 2510 dis
1374 2478 1415 2510 ad
1434 2474 1562 2511 Deum.

1407 2526 1499 2561 llaec
1522 2527 1606 2560 fides
1622 2527 1683 2561 scit
1710 2527 1813 2560 etiam
1828 2553 1836 2565 ,
1865 2528 1957 2571 quod
1984 2525 2141 2561 remissio
2163 2537 2282 2570 pecca-

1305 2586 1419 2612 torum
1446 2591 1517 2611 non
1541 2579 1645 2612 datur
1666 2585 1808 2622 propter
1832 2578 1940 2611 ullam
1965 2578 2068 2611 aliam
2094 2588 2184 2613 rem.
2215 2577 2283 2610 nisi

1305 2636 1447 2673 propter
1465 2628 1593 2662 Filium
1613 2628 1696 2669 Dei,
1721 2641 1791 2662 uon
1810 2636 1953 2676 propter
1969 2635 2104 2662 nostras
2126 2640 2280 2662 ceremo-

1305 2693 1398 2717 nias.
1425 2687 1482 2714 aut
1501 2687 1655 2714 vurttltes.

2123 2067 2167 2105 Et
2194 2068 2287 2105 hunc
