2409 2915
85 88 183 123 1097
367 88 448 124 XII.

200 170 326 221 Neque
352 184 467 207 vocem
481 171 568 206 -eius
595 183 758 218 unquam
782 169 956 206 audistis.

189 239 396 273 Confutatio
430 245 499 279 est,
532 237 613 282 quia
639 234 801 271 Christus
831 237 937 270 diluit
967 248 1072 279 argu-

82 297 260 330 mentum,
294 302 364 334 quo
388 289 472 332 legis
497 287 719 321 autoritatem
742 289 996 322 confirmabant
1014 287 1073 321 Iu-

83 341 180 381 daei,
209 343 302 385 quod
332 341 384 373 lex
402 340 522 372 divina
541 351 642 379 voce,
669 337 711 372 tle
731 346 850 373 monte
870 338 973 380 Sina,
997 338 1071 372 Deo

82 398 271 435 apparente
303 390 436 423 visibili
468 389 599 432 specie,
640 389 709 423 lata
735 390 796 430 sit,
837 388 949 424 Exod.
973 388 1071 423 XlX.

83 442 155 476 Hic
171 440 333 475 Christus
350 452 421 473 non
445 446 566 484 negat,
591 440 701 483 legem
727 440 831 474 latam
856 452 927 473 esse
951 439 1069 472 divina

82 503 186 531 voce,
238 493 296 524 sed
326 497 450 534 negat,
503 491 641 524 audisse
678 490 824 524 ludaeos
854 497 913 524 aut
944 491 1071 523 vidisse

81 542 208 582 Deum,
234 550 270 575 ut
287 542 367 574 inde
385 541 580 584 colligatur,
607 553 670 574 cur
690 554 761 574 non
779 543 922 575 credant
938 540 1069 574 Iudaei.

81 592 229 636 Colligit
251 599 365 625 autem
391 592 429 624 in
455 589 550 625 hunc
575 594 744 625 modum?
774 591 848 625 Vos
865 591 980 625 Deum
1008 604 1070 624 nec

81 644 228 677 audistis
268 655 330 676 nec
366 643 521 684 vidistis,
570 655 650 686 ergo
684 640 772 675 mihi
806 655 879 676 non
919 642 1070 675 creditis.

82 693 242 737 Quaeras
266 694 388 737 igitur,
429 705 492 727 cur
520 700 621 737 negat
644 691 822 734 Christus,
853 705 911 726 eos
934 693 1071 726 audisse

80 743 217 787 Deum,
253 757 331 777 cum
359 751 450 778 certe
475 744 652 777 audierint
679 756 799 776 vocem
827 744 891 777 Dei
910 756 927 777 e
952 750 1070 776 monte

80 794 202 841 Syna?
232 794 460 839 Respondeo:
490 793 582 837 Quia
605 802 745 828 externa
764 795 939 838 corporali
959 794 1071 837 specie

82 857 156 879 non
185 844 298 884 Deus,
333 847 391 877 sed
423 845 482 878 illa
509 845 658 888 species,
701 857 789 889 quae
819 853 974 878 creatura
1009 852 1071 883 est,

81 896 257 935 cernitur,
284 896 362 928 ideo
381 895 495 929 Deum
521 907 593 928 non
618 896 795 930 viderunt.
850 895 899 929 Ita
925 896 985 940 qui
1009 907 1070 927 vo-

82 958 157 980 cem
197 953 375 979 externam
415 953 448 979 et
477 947 695 989 corporalem
738 952 874 979 tantum
911 946 1070 986 audiunt,

83 1004 277 1031 creaturam
311 997 472 1032 audiunt.
532 995 578 1030 Et
609 1009 687 1029 cum
713 997 807 1030 Deus
841 996 985 1040 spiritus
1015 996 1070 1034 sit,

80 1050 115 1083 2.
133 1045 294 1082 Corinth.
316 1047 398 1087 lll.,
426 1060 539 1093 neque
556 1048 731 1090 cernitur,
759 1059 872 1092 neque
891 1047 1071 1090 cognosci-
1094 1066 1097 1070 ›

81 1106 156 1137 tur,
184 1110 297 1143 neque
318 1099 477 1138 auditur,
500 1098 567 1130 nisi
586 1099 724 1143 spiritu.
777 1097 865 1131 Nam
882 1110 962 1131 caro
977 1097 1070 1130 vela-

81 1161 163 1182 men
182 1149 270 1182 illud
293 1156 361 1188 est,
388 1161 458 1193 quo
482 1149 602 1194 Moysi
630 1149 732 1182 facies
756 1155 844 1182 tecta
870 1155 942 1190 est,
975 1149 1068 1193 quod
1094 1163 1096 1178 ι

79 1201 254 1239 aufertur,
297 1212 375 1233 cum
407 1200 648 1233 convertimur
682 1201 724 1232 ad
758 1198 884 1234 Deum.
954 1200 1071 1244 Atque

80 1248 167 1284 haec
187 1251 329 1295 quidem
347 1250 421 1294 ipsa
439 1248 586 1284 historia
613 1251 732 1288 docet,
761 1261 839 1282 cum
855 1250 964 1283 lsrae'l
983 1250 1070 1289 vult,

78 1308 118 1335 ut
133 1300 274 1346 Moyses
292 1302 473 1345 loquatur,
500 1308 532 1334 et
550 1308 670 1344 negat,
703 1312 739 1333 se
763 1300 854 1333 serre
879 1312 979 1342 posse
1005 1313 1068 1332 vo—

82 1364 156 1385 cem
176 1350 260 1391 Dei,
288 1351 430 1396 Moyses
453 1358 568 1384 autem
593 1350 857 1393 ingrediebatur
879 1351 915 1382 in
940 1351 1068 1382 nubem

80 1409 112 1436 et
135 1413 254 1435 vocem
272 1408 303 1434 et
322 1409 544 1446 conspectum
570 1400 636 1435 Dei
663 1399 794 1441 serens;
830 1400 981 1445 proinde
1007 1413 1069 1433 au-

80 1453 156 1486 dire
178 1464 298 1485 vocem
314 1450 400 1493 Dei,
426 1463 567 1485 cernere
590 1451 724 1491 Deum,
757 1458 808 1485 est
829 1463 1014 1494 agnoscere
1037 1458 1069 1485 et

78 1503 202 1537 audire
219 1503 362 1546 spiritu,
390 1503 412 1536 i.
431 1515 460 1538 e.
485 1503 662 1546 percipere
686 1498 806 1535 vocem
830 1502 866 1534 in
885 1503 1008 1541 corde,
1036 1508 1069 1534 et

79 1553 247 1586 vivificari
268 1565 328 1596 per
344 1565 435 1587 eum.
490 1552 529 1585 ln
554 1550 644 1585 hanc
665 1552 874 1585 sententiam
900 1550 958 1585 hic
981 1552 1068 1585 dici-

78 1612 158 1644 tur,
186 1603 333 1636 Iudaeos
351 1615 414 1636 nec
438 1600 576 1636 audisse
596 1615 733 1643 vocem,
761 1614 824 1635 nec
848 1603 995 1646 speciem
1016 1603 1068 1635 vi—

79 1656 171 1688 disse
195 1654 261 1688 Dei
292 1666 365 1686 non
398 1654 609 1697 percepisse,
651 1665 721 1698 quo
749 1653 823 1686 solo
848 1653 1069 1695 cognoscitur
1093 1649 1095 1683 Ι

78 1705 176 1738 Deus
202 1712 233 1737 et
261 1705 453 1748 percipitur
478 1717 545 1737 vox
567 1705 652 1737 eius.
708 1703 848 1736 Vidisse
873 1711 988 1736 autem
1013 1703 1068 1736 vel
1092 1689 1095 1749 l

78 1757 217 1790 audisse
237 1755 467 1799 corporaliter
490 1767 560 1787 non
586 1755 766 1797 iustificat,
794 1754 878 1798 quia
904 1755 1068 1787 iustifica-

78 1807 129 1841 tio
148 1813 198 1839 est
214 1806 412 1848 regenerari
431 1805 555 1848 spiritu
575 1805 650 1839 Dei.
704 1804 824 1850 ltaque
849 1806 887 1837 in
906 1803 970 1837 hac
988 1817 1067 1837 sen-

78 1857 189 1891 tentia
206 1855 297 1889 nihil
322 1856 416 1889 aliud
435 1857 585 1894 dicitur,
612 1867 715 1901 quam
735 1857 830 1900 quod
848 1857 884 1888 in
904 1853 1066 1889 Corinth.

78 1908 179 1941 litera
195 1907 339 1946 occidit,
367 1907 510 1951 spiritus
533 1913 648 1939 autem
673 1907 834 1941 vivificat.
886 1904 950 1939 Est
973 1907 1066 1938 enim

78 1959 177 1992 litera
199 1971 264 1991 vox
285 1958 496 2002 corporalis,
523 1957 653 2000 species
677 1957 889 2001 corporaliS‚
918 1964 950 1991 et
968 1957 1067 2002 quic-

77 2010 161 2054 quid
181 2021 253 2042 non
277 2016 326 2042 cst
343 2009 444 2041 vivus
461 2009 605 2052 spiritus
624 2009 661 2041 in
679 2008 792 2044 nobis.
833 2007 987 2052 Spiritus
1005 2020 1067 2041 au—

77 2066 148 2094 tem
168 2059 323 2103 potentia
339 2057 406 2092 Dei
423 2065 484 2093 est.

1090 2277 1092 2290 l

341 2150 566 2185 5crulamini
591 2151 805 2199 scripturas,

76 2241 158 2263 nam
175 2228 365 2272 scripturae
384 2233 578 2270 coarguunt
602 2239 680 2265 νο5,
709 2228 803 2272 quod
831 2239 902 2260 non
927 2228 1067 2271 possitis

76 2292 133 2314 eas
150 2287 342 2324 praestare,
369 2285 401 2311 et
419 2279 501 2323 quia
518 2284 733 2319 coarguunt,
762 2278 841 2311 ideo
865 2291 920 2311 me
946 2286 1066 2311 osten-
1090 2300 1091 2307 κ

79 2332 188 2371 dunt,
216 2330 274 2375 qui
294 2329 476 2362 iustificem
493 2340 615 2362 omnes
633 2329 823 2364 credentes.
876 2329 947 2363 Lex
972 2330 1064 2363 enim

78 2382 303 2427 paedagogus
321 2387 371 2414 est
390 2381 425 2412 in
442 2377 622 2414 Christum
650 2386 714 2413 etc.

387 2469 516 2507 Nolite
537 2476 667 2519 putare
693 2476 753 2505 elc.

177 2549 277 2584 Sicut
308 2559 412 2592 supra
443 2549 546 2582 dixit:
599 2548 677 2581 Non
710 2548 805 2581 misit
830 2546 924 2581 Deus
954 2548 1064 2581 filium

77 2613 178 2636 suum
204 2601 241 2633 in
267 2600 463 2636 mundum,
498 2605 536 2632 ut
562 2599 693 2632 iudicet
717 2600 911 2638 mundum,
945 2599 979 2631 id
1003 2606 1065 2639 est,
1090 2635 1092 2655 ¹>

79 2653 225 2686 verbum
237 2678 246 2692 ‚
274 2651 368 2695 quod
384 2644 405 2683 'a
423 2647 562 2684 Christo
578 2650 786 2690 nunciatur,
812 2650 970 2683 remissio
987 2662 1064 2695 pec·
1089 2658 1092 2686 t

510 84 902 122 ANNOTATIONES
929 84 995 121 ET
1021 83 1302 121 CONCIONES
1331 85 1378 119 ΙΝ
1406 84 1585 121 EVANG.
1616 83 1826 120 10.-tNNIS.

2013 84 2108 120 1098

1122 177 1279 204 catorum
1296 179 1364 211 est,
1392 184 1464 204 non
1483 171 1666 204 accusatio,
1717 170 1789 204 Lex
1806 176 1874 209 est,
1901 180 1987 213 quae
2005 181 2106 201 accu-

1122 227 1172 254 sat
1187 228 1219 254 et
1235 229 1435 255 contemnat
1455 234 1593 264 omnes;
1620 221 1783 255 Christus
1801 228 1868 261 est,
1894 221 1955 265 qui
1974 219 2105 253 iudicio

1121 271 1206 315 legis
1223 272 1326 315 eripit
1344 274 1534 307 credentes,

1404 354 1453 389 In
1478 370 1546 404 (suo
1568 369 1626 390 cos
1649 354 1817 403 speratis.

1224 422 1263 456 Id
1281 431 1349 461 est,
1376 424 1437 458 illa
1454 425 1527 468 ipsa
1543 425 1614 463 lex,
1642 436 1709 468 qua
1726 424 1913 456 carnaliter
1930 422 2105 455 confiditis
2134 451 2138 453 s

1121 480 1154 507 et
1177 485 1239 518 per
1262 475 1360 507 cuius
1386 487 1489 519 opera
1515 475 1661 518 speratis
1684 486 1745 506 vos
1768 475 1880 506 salvos
1900 474 1992 513 sore,
2020 484 2106 505 cou-

1121 525 1300 558 demnabit
1322 537 1402 569 vos,
1431 526 1512 570 quia
1532 538 1568 558 ea
1586 527 1658 569 ipsa
1676 536 1779 568 opera
1792 550 1799 564 ‚
1828 536 1915 568 quae
1932 536 2024 557 nunc
2042 535 2105 566 pro

1121 576 1223 608 lionis
1247 573 1402 613 hahetis,
1431 584 1461 609 et
1485 577 1615 614 facitis,
1643 575 1825 608 damnabit
1842 577 1913 608 lex:
1944 574 2042 618 quia,
2068 579 2106 606 ut

1120 626 1169 659 ait
1190 625 1346 659 Nahum:
1381 626 1555 659 Dominus
1582 627 1716 669 patiens
1740 633 1771 658 et
1795 637 1942 667 maguus
1964 624 2106 657 fortitu-

1121 677 1204 710 dine
1223 678 1417 716 mundans,
1446 690 1519 710 non
1537 678 1637 710 faciet
1657 677 1877 709 innocentem
1897 674 1940 720 ⁷).

1192 759 1238 794 Si
1261 761 1355 794 enim
1381 759 1567 794 crederetis
1590 759 1742 806 Illoysi,
1770 758 1955 793 crederetis
1979 760 2056 792 eles

1224 829 1292 863 Sed
1317 829 1440 872 vide-⁸)
1466 830 1502 862 in
1529 827 1595 862 hoc
1622 830 1699 862 loco
1724 828 1931 871 pugnantia:
1969 826 2009 859 In
2035 838 2105 871 quo

1123 892 1183 912 vos
1206 881 1373 921 speratis,
1402 888 1433 913 ct
1459 881 1605 913 deinde:
1634 880 1670 913 Si
1698 879 1885 912 crederetis
1906 877 2021 921 Moysi
2041 884 2105 910 etc,

1122 930 1189 963 llic
1208 929 1369 964 Christus
1394 931 1584 972 ‹lestinguit
1607 931 1720 962 fictam
1746 929 1849 961 sidem
1867 941 1884 960 a
1902 940 1993 960 vera.
2044 925 2106 959 Fi-

1122 988 1172 1014 cta
1196 981 1279 1014 sides
1302 982 1451 1014 carnalis
1476 981 1596 1024 opinio
1614 987 1679 1017 est,
1705 981 1907 1012 inconstans
1926 986 1958 1012 et
1974 979 2105 1010 incerta

1122 1035 1163 1063 «le
1180 1031 1274 1070 Deo,
1300 1033 1458 1064 iudicans
1478 1034 1519 1064 de
1538 1032 1643 1063 verbo
1660 1030 1727 1063 Dei
1746 1030 1936 1062 secundnm
1953 1040 2105 1062 carnem.

1121 1083 1179 1115 Sic
1213 1081 1332 1115 ludaei
1362 1084 1510 1115 credunt
1534 1081 1650 1127 Moysi
1681 1081 1890 1120 carnaliter,
1925 1079 2106 1111 audientes

1122 1132 1291 1178 Moysen,
1333 1134 1518 1166 carnaliter
1548 1133 1681 1165 faciunt
1712 1132 1833 1173 legem.
1895 1129 1953 1164 Sic
1984 1140 2106 1162 omnes

1122 1184 1221 1227 impii
1238 1185 1280 1216 de
1296 1182 1370 1217 Deo
1388 1184 1574 1217 carnaliter
1588 1183 1760 1221 sentiunt,
1789 1180 2019 1222 imaginantes
2037 1179 2106 1212 sibi

1121 1235 1235 1268 Deum
1265 1234 1359 1268 iuxta
1393 1235 1531 1268 carnale
1560 1234 1743 1267 indicium.
1798 1230 1871 1265 Alii
1895 1232 2014 1270 aliter,
2050 1229 2105 1262 vel

1121 1286 1214 1329 quod
1241 1297 1313 1318 non
1336 1286 1379 1318 sit
1396 1292 1465 1318 tam
1484 1285 1628 1329 iniquus
1644 1290 1800 1324 exactor,
1827 1289 1864 1316 ut
1884 1294 1901 1314 a
1918 1282 2021 1314 nobis
2039 1281 2107 1312 im-

1122 1335 1302 1378 possibilia
1326 1336 1496 1379 postulet,
1522 1336 1578 1368 vel
1604 1335 1700 1381 quod
1726 1346 1798 1366 non
1823 1333 1866 1366 sit
1884 1339 1953 1365 tam
1973 1342 2106 1370 saevus,

1120 1392 1159 1418 ut
1182 1382 1363 1417 hominem
1388 1387 1541 1420 damnet.
1595 1385 1668 1418 Alii
1692 1390 1832 1422 contra,
1860 1395 1930 1415 non
1952 1389 2020 1415 tam
2039 1381 2106 1413 mi-

1121 1435 1352 1476 sericordem,
1385 1443 1423 1470 ut
1445 1441 1667 1480 peccatorum
1690 1434 1906 1467 misereatur.
1964 1431 2059 1464 Haec
2075 1430 2106 1476 9)

1121 1498 1203 1518 vero
1234 1487 1434 1520 idololatria
1466 1493 1536 1524 est,
1572 1486 1644 1519 Deo
1670 1485 1819 1517 sormam
1843 1484 2008 1524 affingere
2032 1494 2105 1515 non

1121 1538 1313 1569 secundum
1345 1539 1490 1569 verbum
1523 1537 1617 1573 eius,
1652 1536 1710 1568 sed
1744 1535 1935 1568 secundum
1967 1533 2105 1565 carnale

1121 1588 1302 1620 iudicium.
1355 1587 1408 1619 De
1426 1585 1479 1619 his
1491 1585 1654 1620 IlienLI.
1675 1586 1819 1618 dicitur:
1844 1584 1980 1618 Stultus
1995 1584 2105 1616 factus

1121 1644 1169 1670 est
1200 1639 1315 1670 omnis
1343 1635 1470 1675 homo,
1506 1649 1523 1669 a
1557 1636 1700 1670 scientia
1727 1636 1892 1669 confusus
1917 1642 1965 1667 est
1989 1634 2104 1666 omnis

1120 1688 1291 1720 conflator
1314 1689 1351 1720 in
1377 1689 1550 1731 sculptili,
1587 1687 1667 1732 quia
1691 1688 1840 1719 mendax
1866 1692 1915 1719 est
1939 1684 2102 1717 conflatio

1121 1738 1206 1771 cius.
1259 1738 1353 1771 Ilinc
1379 1739 1543 1771 securitas
1567 1737 1716 1771 carnalis
1740 1743 1806 1776 est,
1832 1734 1916 1768 hinc
1941 1737 2103 1778 despera-

1121 1789 1168 1822 tio
1192 1796 1255 1824 etc.
1316 1789 1420 1822 Fides
1444 1797 1558 1822 antem
1587 1801 1665 1821 vera
1690 1795 1739 1821 est
1762 1786 1934 1821 sententia
1960 1787 2002 1818 de
2028 1784 2102 1818 Deo

1119 1846 1210 1873 certa
1244 1846 1276 1872 et
1301 1848 1482 1879 constans,
1518 1839 1719 1882 concipiens
1743 1837 1857 1871 Deum
1878 1838 1972 1870 iuxta
1999 1848 2100 1869 suum

1120 1892 1288 1930 verbum,
1323 1892 1547 1923 damnantem
1573 1891 1688 1923 omnia
1719 1896 1854 1928 nostra,
1880 1888 2103 1920 miserentem

1120 1953 1192 1973 non
1218 1948 1361 1985 propter
1384 1954 1488 1984 opera
1507 1948 1641 1981 nostra,
1670 1941 1727 1973 sed
1744 1946 1887 1984 propter
1903 1938 2103 1971 misericor—

1120 1992 1213 2024 diam
1246 2004 1343 2024 suam
1369 1999 1510 2035 propter
1532 1990 1723 2025 Christum.
1795 1989 1889 2022 Haec
1911 1989 1994 2021 fides
2019 2000 2102 2021 con-

1121 2043 1237 2075 iuncta
1261 2049 1310 2076 cst
1337 2055 1414 2076 cum
1440 2044 1566 2076 timore
1593 2042 1677 2082 Dei,
1713 2048 1744 2074 et
1770 2040 1861 2084 parit
1883 2039 2111 2072 securitatem.

1120 2105 1191 2126 non
1216 2093 1389 2126 carnalem
1417 2094 1532 2133 illam,
1558 2094 1616 2126 sed
1641 2092 1807 2134 gaudium
1833 2090 1948 2123 cordis
1972 2090 2102 2122 durans

1121 2144 1158 2176 in
1184 2144 1453 2185 afflictionibus,
1486 2150 1712 2188 penetratque
1729 2141 1771 2186 10)
1796 2139 1879 2173 llaec
1904 2140 1986 2173 fides
2009 2139 2101 2172 aflli-

1119 2195 1272 2233 ctiones,
1301 2203 1333 2229 et
1356 2196 1446 2228 ultra
1474 2207 1529 2228 eas
1550 2193 1718 2237 prospicit
1733 2192 1846 2226 Deum
1870 2191 2101 2223 liberaturum

1119 2252 1151 2278 et
1175 2253 1373 2289 erepturum
1394 2254 1457 2279 etc.
1510 2245 1567 2278 Sic
1591 2256 1662 2276 nnn
1688 2243 1875 2275 credebant
1901 2240 2038 2286 Moysi,
2066 2240 2100 2272 id

1118 2303 1165 2329 est
1197 2297 1304 2329 verbo
1329 2295 1393 2329 Dei
1421 2308 1479 2339 per
1505 2295 1655 2340 Moysen
1680 2293 1922 2337 promulgato,
1955 2292 2012 2324 sed
2040 2289 2100 2323 Iu·-

1118 2346 1194 2379 (laei
1221 2348 1408 2379 credebant
1432 2359 1494 2389 pro
1521 2358 1580 2378 sua
1606 2344 1738 2377 carnali
1761 2343 1929 2385 opinione
1946 2342 2034 2374 sicut
2053 2340 2101 2373 eis

1118 2397 1314 2432 videbatur.
1368 2396 1502 2430 Omnia
1526 2408 1613 2440 quae
1637 2395 1756 2428 docuit
1779 2391 1956 2430 Christus,
1989 2394 2031 2424 de
2058 2403 2098 2424 eo

1118 2449 1254 2492 scripsit
1280 2448 1408 2481 Moses.
1468 2446 1605 2489 Quare,
1637 2446 1664 2478 si
1692 2444 1811 2478 ludaei
1844 2442 2098 2476 intellexissent

1150 2598 1180 2623 7)
1201 2598 1310 2621 Verba:
1339 2597 1369 2620 Iu
1390 2603 1444 2626 quo
1464 2602 1515 2619 ros
1534 2596 1656 2624 speratis
1677 2599 1728 2619 etc.
1748 2600 1800 2617 nnn
1822 2594 1951 2616 habentur
1970 2593 1995 2615 iu
2016 2592 2072 2615 ‘rub

1150 2634 1180 2658 Β)
1200 2635 1294 2656 secer.
1313 2630 1381 2661 fide,
1402 2637 1434 2653 cx
1454 2630 1552 2653 mendo
1668 2630 1697 2656 9)
1717 2631 1812 2651 secer.
1832 2629 1894 2652 uic.

1154 2668 1199 2695 10)
1217 2667 1420 2697 penetratque]
1441 2665 1506 2688 Tul).
1524 2666 1725 2694 praesentibus
1744 2665 1839 2693 atque.
