2409 2915
103 119 177 153 741

103 213 167 236 nos
195 202 231 234 in
258 202 374 235 medio
400 213 595 241 annorum,
630 213 708 233 cum
732 201 907 239 irasceris,
943 200 1094 234 Domine

101 254 286 287 recordare
306 253 566 286 misericordiae
585 259 673 285 tuae.

205 327 282 362 Hoc
309 329 412 361 modo
436 339 496 360 vos
520 327 623 360 etiam
652 327 811 372 quotidie
836 328 1090 371 mitigationem

101 392 160 414 seu
186 380 394 412 levationem
424 390 614 422 poenarum
643 379 876 421 praesentium
903 387 933 411 et
955 380 1085 424 impen-

100 431 261 464 dentium
288 436 401 473 petere
422 429 566 462 debetis.
621 426 656 461 O
676 436 815 461 aeterne
837 430 929 463 Deus
950 439 1090 474 propter

102 482 268 514 dilectum
291 479 399 512 filium
421 487 538 519 tuum,
566 488 597 512 et
616 487 653 512 ut
675 480 867 514 innotescat
887 489 917 513 et
937 482 1088 515 illustre-

99 539 158 566 tur
180 530 288 574 gloria
313 539 388 570 tua,
416 531 600 563 recordare
620 531 810 564 immensae
829 532 1088 565 misericordiae

98 589 178 616 tuae
203 581 240 613 in
265 581 314 614 ira
340 581 547 621 iustissima,
578 593 676 614 serva
702 594 765 614 nos
787 595 864 614 cum
884 580 1037 616 Ecclesia
1055 590 1087 617 et

97 633 134 665 in
157 630 310 665 Ecclesia
342 639 419 676 tua,
456 644 528 664 non
561 632 664 665 serias
697 640 825 665 terram
855 631 1085 675 anathemate,

97 694 168 715 non
198 683 291 715 sinas
320 683 396 715 fieri
423 683 596 716 infinitam
624 683 838 724 vastitatem,
873 691 932 718 aut
957 685 1084 718 'surci-

96 745 171 766 cam
200 740 232 767 et
254 732 478 781 Cyclopicam
505 734 703 767 barbariem
727 734 765 767 in
793 732 846 767 his
870 735 1083 778 regionibus,

94 795 190 817 serva
209 791 246 818 tu
263 785 396 817 bonum
414 784 569 827 regimen
586 785 782 828 politicum,
810 785 997 819 salutarem
1014 793 1082 820 sta-

92 841 167 868 tum
193 833 387 875 Ecclesiae,
424 836 585 880 publicae
615 836 822 880 disciplinae
853 837 1083 878 sanctitatem,

93 892 236 933 protege
268 886 457 919 familiolas
488 894 644 927 nostras,
680 887 732 919 fac
760 898 816 920 eas
839 899 918 920 vasa
945 887 1081 921 miseri-

92 937 251 975 cordiae,
280 939 323 970 da
341 937 389 970 eis
409 937 558 978 victum,
586 949 763 971 successus
784 938 818 970 in
837 938 960 971 officiis
977 951 1080 972 voca-

92 987 248 1027 tionum,
284 995 315 1021 et
346 996 477 1022 caetera
500 989 592 1021 bona
618 989 757 1032 corpori
782 989 991 1027 necessaria,
1017 997 1079 1024 etc.

91 1037 191 1071 Talis
213 1039 367 1082 precatio
396 1051 467 1072 non
493 1046 539 1071 est
566 1040 682 1072 inanis
701 1047 733 1072 et
763 1040 877 1072 irrita:
909 1041 1078 1084 quemad-

90 1090 235 1122 modum
261 1101 323 1122 nec
342 1089 482 1129 Esaiae,
512 1089 710 1122 Hieremiae
735 1098 767 1123 et
791 1091 940 1123 aliorum
961 1102 1078 1134 preces

90 1140 233 1173 inutiles
257 1147 316 1172 aut
339 1141 456 1174 irritae
474 1141 627 1173 suerunt.
680 1139 755 1174 Etsi
775 1141 868 1173 enim
889 1153 959 1173 non
978 1153 1078 1185 pror-

87 1201 144 1223 sus
173 1191 331 1224 aufertur
359 1199 391 1225 et
416 1192 552 1224 tollitur
577 1203 707 1236 poena,
742 1192 874 1225 lenitur
899 1199 1015 1225 tamen
1030 1204 1078 1238 „ac

89 1241 278 1285 mitigatur.

189 1316 372 1351 Praeterea
400 1329 538 1350 necesse
564 1325 612 1351 est
637 1318 834 1350 firmissime
857 1314 948 1350 hanc
972 1329 1076 1360 regu-

88 1368 156 1400 lam
180 1374 313 1404 tenete:
340 1366 459 1401 Etiam
485 1380 563 1401 cum
589 1365 773 1401 haeremus
798 1368 835 1399 in
858 1367 980 1409 poenis
999 1381 1077 1400 cor—

86 1417 284 1461 poralibus,
312 1418 467 1461 oppressi
494 1425 767 1462 quantacunque
788 1417 880 1449 mole
898 1418 1074 1450 calamita-

84 1476 179 1510 tum,
207 1475 325 1501 tamen
350 1469 490 1501 iuterim
520 1480 591 1500 non
612 1467 845 1500 deficiendum
865 1479 936 1500 esse
953 1481 970 1500 a
992 1469 1076 1510 Deo,

84 1531 147 1552 nec
173 1519 430 1560 desperandum
455 1520 497 1550 de
520 1519 616 1551 finali
632 1531 691 1551 seu
710 1519 834 1552 ultima
851 1518 1074 1559 liberatione,

84 1577 118 1603 et
148 1576 288 1603 aeterna
314 1570 445 1610 salute,
479 1570 567 1603 sicut
587 1569 672 1603 Saul
698 1570 838 1613 praeliis
862 1570 997 1614 aliquot
1023 1571 1074 1602 ri-

84 1627 178 1661 ctus,
205 1620 352 1653 reflante
375 1620 516 1653 fortuna
545 1632 686 1663 prorsus
704 1620 818 1653 deficit
836 1633 854 1652 a
873 1619 967 1660 Deo,
993 1632 1072 1653 sen—

82 1672 125 1706 tit
151 1682 186 1704 se
210 1671 248 1703 in
275 1678 457 1704 aeternum
483 1671 627 1703 exitium
653 1671 826 1703 abiectum
851 1682 940 1710 esse,
969 1677 1073 1716 atque

83 1723 130 1757 ita
153 1722 285 1756 amittit
309 1729 341 1755 et
363 1721 503 1760 abiicit,
531 1733 609 1754 cum
636 1722 902 1765 promissionem
928 1722 1071 1764 gratiae,

82 1782 157 1807 tum
180 1784 276 1817 spem
302 1772 435 1811 finalis,
462 1772 607 1806 ultimae
632 1784 669 1805 ac
693 1772 924 1813 sempiternae
942 1772 1071 1805 libera-

82 1824 200 1859 tionis.
253 1822 383 1856 Verum
403 1821 517 1856 David
542 1830 666 1856 exutus
688 1835 816 1866 reguo,
845 1830 877 1855 et
904 1823 1069 1856 universa

79 1875 192 1918 gloria
211 1886 291 1913 sua,
318 1874 421 1907 offert
437 1872 512 1906 Deo
533 1874 769 1906 obedientiam
789 1885 908 1914 suam,
935 1873 996 1906 scit
1014 1887 1069 1907 re-

79 1925 362 1960 conciliationem
389 1925 593 1968 promissam
619 1936 708 1965 esse,
745 1932 778 1958 ot
803 1922 892 1957 hanc
918 1926 1068 1968 promis-

81 1978 218 2010 sionem
240 1977 309 2010 fide
332 1976 553 2009 retinendam
579 1987 669 2014 esse,
697 1975 833 2009 etiamsi
858 1982 928 2009 tota
949 1987 1066 2008 rerum

80 2035 205 2061 natura
230 2029 482 2061 adversaretur.
525 2025 609 2060 Ideo
632 2039 704 2059 non
722 2026 837 2059 deficit
853 2038 871 2059 a
888 2024 980 2066 Deo,
1008 2027 1066 2059 sed

81 2085 256 2123 exspectat
267 2085 445 2112 aeternam
457 2078 604 2111 salutem
619 2085 651 2111 et
665 2077 925 2117 liberationem,
944 2078 1067 2110 etiam-

79 2131 106 2162 si
129 2140 202 2162 non
225 2130 447 2162 reducendus
463 2141 501 2162 ac
519 2129 757 2163 restituendus
776 2128 819 2162 sit
835 2129 871 2160 in
891 2140 993 2162 suum
1011 2141 1068 2161 re-

348 116 439 151 xu.
498 112 888 150 ANNOTA'nans
915 113 983 150 ET
1011 113 1290 150 CONClONEs
1325 116 1372 151 [N
1407 117 1593 157 EvANG.
1621 121 1913 172 MATTHAELg

2066 131 2139 165 742

1255 200 1349 235 Haec
1384 203 1491 246 igitur
1524 203 1692 241 hactenus
1719 209 1762 242 de
1799 211 1956 246 facienda
1992 214 2135 249 invoca-

1148 250 1242 284 tione
1268 264 1327 285 seu
1352 255 1535 297 petitione:
1565 259 1606 290 ad
1634 271 1738 303 quam
1762 273 1843 294 sane
1860 264 2057 297 doctrinam
2078 267 2132 299 in-

1147 302 1390 344 telligendam,
1425 307 1598 340 exercitiis
1626 322 1713 352 opus
1745 318 1804 346 est.
1868 312 1939 348 Aut
1969 317 2062 348 enim
2095 317 2131 350 iu

1145 353 1322 394 miseriiss
1342 355 1523 397 periculis,
1550 358 1835 395 solicitudinibus
1861 371 1893 397 et
1916 367 2005 399 veris
2029 367 2130 401 dolo—

1115 424 1117 430 ·
1145 404 1260 443 ribus,
1294 411 1352 438 aut
1385 417 1569 451 nunquam
1596 409 1705 442 disces
1732 423 1794 444 nec
1819 413 2010 458 intelliges,
2043 420 2128 462 quid

1143 455 1186 487 sit
1205 455 1337 498 precari
1354 468 1393 488 ac
1409 464 1536 499 petere.
1594 458 1820 505 Quapropter
1835 466 1894 508 qui
1914 478 1985 499 nou
2004 469 2127 502 furiosi

1141 512 1244 549 sunt,
1288 512 1321 540 et
1352 514 1469 540 mente
1504 509 1613 552 capti,
1658 520 1858 554 proponant
1890 517 2016 550 animis
2047 532 2126 552 cum

1140 556 1298 599 publicas
1323 564 1398 591 tum
1421 559 1573 602 privatas
1596 562 1835 603 necessitates,
1861 572 1965 610 atque
1983 569 2127 602 calami-

1140 613 1244 645 tates,
1270 614 1302 641 et
1318 606 1517 642 afficiantur
1533 611 1760 653 cogitatione,
1787 627 1869 648 cura
1885 627 1923 649 ac
1939 627 2126 662 conspectu

1139 658 1374 700 praesentium
1392 660 1612 694 miseriarum
1632 664 1880 708 multiplicium
1893 693 1901 707 ,
1929 669 2032 702 motis
2050 671 2124 703 bel-

1137 708 1198 747 lis,
1225 709 1400 743 distractis
1425 711 1668 746 voluntatibus
1692 715 1894 749 docentium
1921 731 1982 762 per
1998 721 2121 754 factio·

1136 771 1198 792 nes
1221 767 1325 805 atque
1349 761 1514 800 dissidia,
1542 771 1719 805 grassante
1738 766 1848 807 same,
1872 768 2025 815 denique
2042 784 2123 815 pre-

1138 817 1251 843 mente
1269 823 1393 854 magna
1411 812 1559 845 aliarum
1576 826 1767 858 poenarum
1786 818 1891 850 mole:
1921 827 1952 853 et
1971 823 2121 855 exsusci-

1135 867 1207 894 tent
1241 869 1381 905 pectora
1414 864 1456 895 ad
1486 876 1602 896 veram
1637 873 1669 898 et
1702 867 1826 900 seriam
1851 868 2122 914 invocationem,

1134 918 1236 956 atque
1259 913 1395 947 discant
1420 911 1486 947 hoc
1509 917 1613 948 modo
1630 914 1723 950 hunc
1743 929 1919 952 summum
1938 929 1970 955 et
1989 925 2121 966 praeci-

1135 974 1241 1005 puum
1259 963 1327 997 Dei
1345 964 1479 997 cultum
1496 977 1654 999 exercere
1673 980 1709 1000 ac
1728 977 1910 1012 praestare.

1326 1049 1391 1083 De
1417 1052 1693 1096 gratiarum
1722 1057 1927 1091 actione.

1235 1114 1276 1148 In
1293 1118 1464 1160 superiori
1483 1119 1652 1152 concione
1667 1120 1750 1161 dixi,
1778 1123 1917 1157 duobus
1933 1128 2118 1167 generibus

1129 1177 1189 1198 sen
1227 1168 1394 1208 gradibus
1425 1169 1534 1202 tribui
1566 1171 1836 1214 appellationem
1870 1174 2116 1218 invocationis,

1129 1217 1345 1251 adorationis
1371 1226 1402 1251 et
1429 1221 1654 1262 precationis:
1693 1235 1837 1267 nempe,
1869 1227 2050 1270 petitioni,
2084 1238 2117 1264 et

1128 1267 1319 1309 gratiarnm
1341 1269 1483 1304 actioni.
1536 1269 1589 1303 De
1612 1272 1780 1315 petitione
1800 1276 1941 1319 quidem
1959 1278 2026 1310 iam
2043 1281 2115 1313 dis-

1127 1316 1238 1356 serui,
1272 1318 1315 1350 de
1333 1330 1400 1362 qua
1419 1320 1556 1363 quoties
1573 1323 1704 1355 mentio
1722 1323 1775 1363 fit,
1801 1326 1884 1358 addi
1903 1328 2005 1362 debet
2021 1343 2116 1364 com-

1127 1368 1337 1400 monefactio
1355 1369 1398 1401 de
1413 1370 1603 1412 gratiarum
1620 1373 1768 1407 actione.
1822 1375 1894 1409 Iam
1912 1379 2005 1412 scitis
2021 1394 2115 1414 com—

1127 1429 1234 1449 mune
1258 1429 1318 1451 seu
1343 1420 1534 1453 admodum
1559 1422 1702 1464 vulgare
1728 1425 1853 1458 vitium
1878 1439 1950 1461 esse
1969 1429 2116 1473 ingrati-

1126 1468 1297 1501 tudinem.
1352 1467 1418 1511 Ut‚
1446 1473 1588 1515 quando
1613 1474 1793 1509 decumbit
1818 1477 1945 1523 aliquis
1970 1494 2115 1525 oppres-

1125 1528 1183 1551 sus
1206 1519 1352 1558 morb0‚
1387 1531 1488 1565 saepe
1513 1522 1542 1555 is
1567 1523 1711 1567 quidem
1736 1538 1775 1559 ac
1799 1529 1964 1563 ardenter
1987 1534 2071 1575 petit
2097 1548 2115 1568 a

1125 1567 1199 1601 Deo
1231 1572 1535 1614 recuperationem
1568 1575 1797 1610 valetudinis:
1832 1581 1891 1612 sed
1926 1581 2017 1615 idem
2044 1585 2114 1619 Dei

1124 1619 1294 1653 beneficio
1330 1629 1504 1656 recreatus
1537 1637 1576 1656 ex
1608 1627 1705 1668 gravi
1730 1635 1761 1660 et
1783 1629 1954 1664 diuturno
1979 1636 2115 1672 morbo,

1126 1682 1269 1713 prorsus
1285 1671 1507 1706 obliviscitur
1522 1672 1604 1715 Dei,
1633 1677 1702 1709 imo
1721 1678 1817 1721 fingit
1835 1692 1868 1712 se
1885 1684 2114 1729 convaluisse,

1124 1721 1358 1766 morbumque
1372 1722 1520 1757 lenitum
1537 1727 1789 1770 autdepulsum
1804 1732 1988 1776 praecipue
1999 1736 2113 1771 effica-

1123 1771 1175 1804 cia
1194 1773 1443 1813 remediorum,
1472 1782 1505 1809 et
1520 1776 1739 1811 medicorum
1757 1781 1908 1822 auxiliis,
1935 1788 2112 1822 autetiam

1122 1828 1266 1855 naturae
1279 1824 1406 1857 robore
1420 1831 1453 1859 et
1466 1826 1629 1862 firmitate
1642 1837 1838 1873 superatam
1853 1844 1923 1866 esse
1935 1836 2004 1868 vim
2016 1850 2113 1872 mor—

1121 1873 1171 1913 bi,
1198 1885 1263 1906 nec
1278 1875 1405 1917 cogitat
1423 1876 1683 1911 restitutionem
1702 1881 1916 1917 valetudinis
1931 1893 1963 1919 et
1980 1888 2110 1923 virium

1121 1925 1280 1971 corporis
1303 1937 1382 1958 vere
1399 1924 1463 1959 Dei
1485 1928 1620 1960 donum
1642 1936 1674 1962 et
1697 1943 1786 1974 opus
1804 1945 1893 1979 esse,
1924 1936 1994 1970 imo
2011 1950 2111 1984 saepe

1122 1981 1241 2018 postea
1260 1976 1371 2009 multo
1389 1977 1426 2010 fit
1441 1978 1595 2011 deterior
1609 1992 1646 2012 ac
1665 1982 1888 2024 petulantior.
1942 1986 2019 2022 Hoc
2038 1992 2110 2033 ple-

1122 2025 1240 2070 risque
1262 2026 1429 2060 usitatum
1454 2035 1503 2062 est
1525 2028 1562 2061 in
1583 2030 1746 2073 plurimis
1764 2036 1931 2077 negotiis,
1959 2051 1997 2072 ac
2014 2045 2109 2085 quod

1120 2076 1380 2120 deplorandum
1400 2085 1468 2119 est,
1495 2091 1616 2115 omnes
1633 2079 1795 2118 homines
1810 2086 1938 2130 ingrati
1954 2099 2046 2127 sunt.

1220 2125 1367 2162 Constat
1396 2136 1512 2163 autem
1540 2138 1574 2165 et
1601 2139 1650 2166 est
1674 2135 2017 2182 manifestissimum,
2052 2155 2107 2177 re-

77 2191 200 2224 gnum.
252 2179 306 2213 De
321 2177 385 2213 hac
399 2179 498 2212 firma
514 2191 574 2223 spe
588 2180 708 2213 salutis
725 2186 885 2212 aeternae
905 2178 968 2211 lob
985 2179 1067 2212 dul-
1091 2127 1095 2233 l
1120 2177 1213 2222 quiri
1239 2190 1277 2211 ac
1303 2180 1455 2224 praecipi
1481 2193 1499 2214 a
1524 2182 1602 2215 Deo
1627 2185 1896 2228 gratitudinem,
1925 2202 2003 2223 cum
2027 2206 2106 2237 erga

78 2232 216 2266 cissime
239 2231 326 2264 dicit
347 2242 421 2274 cap.
442 2230 516 2265 13,:
549 2228 697 2263 Etiamsi
723 2229 818 2263 Deus
841 2229 977 2262 occidat
999 2241 1066 2268 me,
1090 2236 1093 2274 j
1119 2229 1253 2273 ipsum,
1289 2236 1362 2262 tum
1392 2243 1469 2275 erga
1501 2230 1678 2267 homines:
1720 2237 1818 2270 cuius
1846 2240 1989 2283 quidem
2023 2241 2107 2279 haec

79 2290 194 2316 tamen
220 2282 368 2327 sperabo
386 2282 422 2314 in
444 2293 542 2322 eum3
569 2278 634 2315 hoc
652 2288 720 2314 est:
748 2279 828 2313 Scio
849 2280 1064 2314 voluntatem
1090 2276 1094 2327 l
1120 2286 1202 2313 sunt
1227 2280 1331 2314 verba
1351 2280 1490 2316 Psalmo
1507 2282 1584 2317 50.:
1616 2284 1742 2319 luvoca
1769 2300 1823 2320 me
1848 2290 1882 2321 in
1909 2293 1965 2324 die
1993 2295 2104 2329 trihu-

78 2333 144 2368 Dei
175 2345 264 2374 esse,
299 2339 338 2366 ut
367 2332 608 2368 remissionem
640 2337 861 2375 peccatorum
894 2336 926 2364 et
958 2331 1064 2365 vitam
1090 2330 1093 2373 l
1120 2330 1283 2370 lationis,
1317 2340 1350 2366 et
1381 2333 1526 2377 eripiam
1559 2342 1609 2374 te,
1643 2344 1673 2369 et
1697 2337 1907 2379 glorificabis
1933 2356 2003 2385 me,
2041 2345 2105 2380 hoc

77 2392 271 2424 aeternam,
298 2396 358 2418 seu
375 2381 625 2417 haereditatem
643 2389 803 2415 aeternae
815 2382 946 2421 salutis,
971 2390 1065 2415 certo
1090 2377 1093 2425 Ι
1119 2388 1188 2420 est,
1224 2382 1392 2416 liberatus
1425 2391 1458 2417 et
1484 2385 1644 2426 adiutus,
1678 2400 1841 2429 agnosces
1868 2405 1979 2426 meam
2005 2408 2102 2439 prae-

73 2437 217 2469 ·credam
242 2443 274 2470 et
292 2435 439 2468 firmiter
459 2441 670 2478 exspectem,
699 2433 771 2466 sive
789 2445 842 2466 res
859 2433 894 2465 in
913 2430 977 2465 bac
994 2433 1064 2465 vita
1089 2438 1092 2514 1
1119 2433 1282 2473 sentiam,
1309 2441 1437 2467 statues
1455 2447 1509 2467 me
1526 2437 1743 2471 exaudivisse
1761 2447 1838 2474 tuos
1854 2445 2020 2489 gemitus,
2050 2461 2104 2481 me

79 2487 150 2521 sint
172 2488 366 2526 secundae,
393 2485 465 2519 sive
488 2487 664 2519 adversae.
732 2483 814 2517 Ideo
840 2481 931 2516 hanc
954 2490 1064 2517 aeter·
1089 2521 1092 2532 '
1118 2483 1297 2516 invocanti
1330 2486 1540 2528 opitulatum
1571 2499 1660 2527 esse,
1707 2489 1854 2535 ideoque
1888 2507 1969 2526 vero
2005 2506 2103 2533 mom

78 2550 160 2572 nam
196 2537 472 2571 consolationem
507 2537 574 2569 fide
609 2535 798 2580 amplectar
829 2542 862 2568 et
892 2534 1065 2575 retinebo,
1088 2534 1091 2555 ¹
1118 2535 1234 2567 cordis
1258 2533 1345 2568 mibi
1370 2536 1499 2579 gratias
1523 2549 1610 2581 ages.
1665 2539 1826 2575 Astii-mat
1851 2544 1931 2577 item
1951 2545 2043 2581 Deus
2067 2551 2102 2583 in

78 2589 215 2623 etiamsi
245 2588 436 2622 amittenda
463 2588 534 2621 sint
561 2587 680 2621 omnia
706 2587 799 2619 bona
826 2585 1000 2629 corporiS,
1032 2592 1091 2619 et!
1117 2586 1239 2618 eodem
1273 2585 1436 2627 Psalmo,
1477 2584 1561 2621 haec
1595 2600 1667 2622 esse
1696 2592 1861 2627 sacrificia
1896 2597 2103 2641 spiritualia,

79 2637 167 2674 mihi
184 2640 221 2673 in
240 2637 296 2673 his
313 2639 518 2673 morborum
535 2638 748 2672 cruciatibus
764 2650 801 2671 ac
817 2644 964 2681 egestate
981 2648 1066 2670 con·
1087 2617 1091 2671 l
1116 2633 1181 2669 hos
1205 2648 1277 2670 esse
1295 2638 1499 2681 praecipuos
1516 2639 1629 2672 cultus
1641 2667 1649 2680 ‚
1677 2654 1740 2674 nec
1757 2654 1855 2686 posse
1872 2658 1934 2680 nos
1951 2648 2024 2683 Deo
2041 2654 2103 2684 1¹5-

80 2690 329 2725 tabescendum
344 2691 399 2724 sit.
1088 2675 1092 2733 l
1116 2687 1222 2721 buere
1247 2688 1433 2733 quicquam
1460 2689 1554 2723 aliud
1579 2699 1716 2735 praeter
1738 2691 1801 2728 hos
1815 2707 1970 2733 summos
1989 2699 2101 2735 hono-

1412 2738 1492 2772 47*
