2409 2915
270 81 341 117 827

376 163 420 197 ll.
461 158 694 204 Evangelium
707 156 952 200 arguitomnes
962 151 1137 195 homines,
1162 153 1257 200 quod

272 217 426 252 habeant
444 218 602 257 peccata,
627 209 686 243 sed
703 207 856 242 ostendit
871 205 1089 240 discrimina.

376 264 495 298 Primo
511 267 592 295 sunt
609 259 727 303 multi,
756 259 815 304 qui
833 255 964 291 habent
980 255 1162 288 manifesta
1178 265 1259 298 pec-

276 324 350 351 cata
378 322 539 353 externa,
573 317 612 344 ut
637 310 674 342 in
702 307 766 343 hac
791 307 937 342 historia
963 305 1165 354 publicani,
1199 315 1259 336 seu

276 376 315 402 ut
338 376 475 409 semper
497 369 578 396 sunt
601 361 704 394 multi
727 359 841 404 palam
865 364 1092 401 scortatores,
1121 362 1153 389 et
1171 354 1260 388 mala

279 415 491 453 conscientia
507 413 675 446 viventes.

381 465 544 501 Secundo
566 469 649 496 sunt
670 459 891 507 hypocritae,
917 458 979 504 qui
1002 456 1135 491 habent
1152 462 1264 489 exter-

279 531 360 553 nam
379 515 620 559 disciplinam,
648 519 681 546 et
698 518 821 555 putant
839 522 874 544 se
891 510 1001 544 iustos
1018 520 1108 549 esse;
1132 507 1264 539 interea

281 573 318 604 in
337 569 441 602 corde
457 571 539 599 sunt
557 563 653 607 pleni
669 561 882 602 idololatria,
902 560 1095 598 erroribus,
1118 569 1191 590 non
1210 567 1266 589 re-

282 629 336 655 cte
357 620 523 652 invocant
541 613 674 651 Deum,
703 619 783 646 sunt
807 613 881 645 sine
903 612 1030 644 timore
1048 608 1114 642 Dei
1138 614 1170 641 et
1191 607 1267 639 sine

283 682 364 704 vera
391 669 477 704 tide,
505 671 585 698 sunt
601 663 696 708 pleni
713 663 805 696 odiis
822 669 855 696 et
872 661 1025 699 invidia,
1052 667 1115 693 etc.
1169 657 1269 691 Sicut

283 717 465 756 Pharisaei
487 717 523 750 in
542 713 606 748 hac
624 713 790 754 historia,
818 711 856 746 hi
873 718 956 746 sunt
972 709 1113 754 superbi
1133 714 1166 741 et
1183 707 1270 740 alios

284 772 463 809 iudicant,
497 773 531 800 et
559 777 632 800 sese
665 765 883 802 anteferunt,
915 769 949 796 et
978 762 1116 803 fingunt
1140 769 1176 791 se
1200 769 1270 791 esse

286 824 362 857 sine
392 824 549 864 peccato,
587 822 620 850 et
648 826 683 848 se
716 822 853 848 sanctos
885 824 975 853 esse3
1019 811 1105 844 tales
1135 819 1272 852 semper

285 872 391 907 multi
409 871 572 908 suerunt,
597 873 678 899 sunt
694 873 727 898 et
743 871 862 904 erunt,
890 863 995 896 etiam
1015 873 1093 894 cum
1112 859 1274 893 desinent

288 935 360 958 esse
375 919 514 955 Cuculli
530 925 563 952 et
579 913 749 950 Monachi
762 942 770 955 ‚
797 921 913 948 tamen
930 908 1192 945 Monachorum
1209 920 1273 943 na-

289 983 367 1009 tura
385 984 456 1005 nou
476 968 632 1003 cessabit.

391 1021 439 1055 Hi
465 1019 622 1053 iudicant
644 1017 681 1049 in
700 1014 764 1048 hac
779 1012 925 1047 historia
941 1010 1144 1052 Christum,
1171 1018 1204 1045 et
1218 1023 1275 1044 re-

290 1072 516 1120 prehendunt
538 1080 636 1108 eum,
663 1066 757 1111 quod
781 1065 932 1098 comedit
951 1064 1041 1107 apud
1056 1063 1277 1106 publicanos,

291 1138 354 1159 nec
379 1121 581 1164 intelligunt
604 1129 638 1151 se
661 1117 754 1162 ipsos
778 1115 1036 1149 immundiores
1061 1125 1132 1148 esse
1156 1113 1278 1158 publi-

292 1175 400 1211 canis.

394 1222 569 1267 Utrosque
608 1226 708 1254 vocat
738 1215 901 1252 Christus
938 1217 981 1250 ad
1013 1214 1279 1260 poenitentiam,

293 1278 351 1311 sed
371 1273 550 1309 Pharisaei
570 1271 688 1304 minus
704 1270 853 1303 audiunt
872 1279 976 1313 quam
995 1266 1189 1311 publicani.

396 1323 519 1358 Tertio
549 1329 631 1356 sunt
664 1326 878 1365 peccatores,
919 1317 979 1363 qui
1011 1322 1280 1355 convertuntur,

293 1379 366 1413 sive
382 1374 572 1409 habuerint
584 1372 765 1406 manifesta
781 1375 931 1414 peccata,
957 1368 1029 1400 sive
1044 1378 1180 1399 arcana.
1232 1363 1280 1397 lli

298 1429 429 1463 habent
453 1423 722 1459 contritionem,
750 1421 904 1453 fatentur
927 1430 962 1451 se
984 1429 1055 1450 esse
1072 1423 1282 1461 peccatores,

297 1488 328 1513 et
358 1488 437 1509 vere
470 1475 610 1513 dolent,
644 1479 678 1505 et
708 1471 874 1504 desinunt
903 1470 1013 1501 facere
1043 1474 1163 1501 contra
1196 1478 1281 1499 con-

299 1527 500 1564 scientiam,
542 1531 574 1557 et
607 1523 755 1556 credunt
785 1519 1026 1552 remissionem
1059 1524 1281 1562 peccatorum

299 1585 441 1625 propter
471 1573 666 1609 Christum.
735 1570 840 1603 Tales
879 1567 1040 1602 homines
1079 1578 1283 1614 quanquam

299 1627 456 1664 conversi
483 1632 583 1662 sunt,
611 1620 726 1655 adhuc
743 1628 861 1654 tamen
881 1617 1013 1652 habent
1033 1625 1194 1663 peccata,
1225 1617 1281 1650 sed

300 1692 371 1714 non
395 1684 516 1711 contra
541 1672 812 1711 conscientiam,
845 1677 878 1704 et
903 1670 985 1704 tales
1014 1667 1175 1702 homines
1197 1668 1287 1701 fiunt

299 1731 396 1766 sals-i.

404 1779 456 1813 De
478 1777 556 1811 aliis
578 1773 836 1820 peccatoribus,
864 1783 936 1804 non
959 1769 1144 1813 agentibus
1161 1769 1288 1814 poeni·
1311 1765 1315 1825 l

302 1832 468 1869 tentiam,
495 1827 661 1861 omnibus
680 1825 813 1857 dictum
833 1829 882 1855 est
905 1823 936 1855 1.
954 1818 1116 1854 Corinth.
1135 1820 1186 1855 6.:
1217 1819 1287 1853 No·
1313 1842 1315 1869 Ι

304 1886 363 1918 lite
383 1891 518 1917 errare,
553 1883 778 1916 scortatores,
807 1872 1029 1911 idololatrae,
1056 1871 1207 1904 adulteri
1226 1877 1290 1903 etc.

304 1944 450 1976 regnum
477 1929 541 1962 Dei
578 1939 650 1960 non
677 1924 916 1969 possidebunt.
971 1920 1076 1955 Item:
1113 1921 1182 1963 Qui
1217 1933 1289 1953 non

306 1983 415 2019 credit
435 1981 470 2013 in
489 1978 643 2019 Filium,
672 1977 722 2009 ira
741 1974 806 2008 Dei
826 1972 981 2006 mauebit
999 1983 1103 2016 super
1118 1983 1208 2006 eum.

581 2063 647 2096 De
676 2060 805 2094 dicto
835 2059 1015 2092 Esaiae.

368 2127 673 2169 Misericordiam
717 2124 816 2163 volo,
867 2136 938 2157 non
980 2122 1218 2162 sacristiam,
1261 2126 1292 2156 el

409 2180 597 2217 scitnliam
616 2176 776 2211 Domini
792 2173 913 2219 ”mgis
932 2169 1041 2221 ‘juant
1059 2170 1290 2210 holocausta.

312 2286 442 2334 phetis,
470 2295 557 2329 quae
576 2281 717 2314 ordinat
733 2289 847 2322 opera.

551 2332 639 2365 Tres
657 2336 735 2364 sunt
753 2328 880 2371 gradus
896 2337 1053 2369 operum.

313 2487 455 2523 secundi
493 2483 664 2529 praecepti
697 2480 898 2514 immediate
930 2489 1007 2510 rum
1037 2477 1113 2511 Deo
1144 2479 1291 2520 agentia.

314 2540 405 2574 lluec
442 2536 561 2568 munia
593 2533 751 2568 nominat
779 2529 834 2563 hic
863 2528 1022 2563 notitiam
1051 2525 1127 2561 Dei.
1200 2528 1293 2562 llaec

312 2598 391 2624 sunt
413 2598 553 2633 prorsus
571 2592 600 2618 et
619 2581 823 2627 simpliciter
840 2579 1046 2619 necessaria,
1072 2578 1159 2612 sicut
1179 2581 1293 2614 mani-

314 2643 438 2674 testoni
458 2645 561 2671 estex
581 2636 695 2681 primo
714 2638 898 2678 praecepto
917 2637 949 2663 et
966 2629 1131 2666 secundo.

865 69 990 104 PHlL.
1018 66 1134 105 MEL.
1162 66 1372 104 SCRIPTA
1398 66 1698 107 EXEGETICA.

2219 70 2294 107 828

1411 153 1593 189 Secundus
1609 155 1737 200 gradus
1752 160 1804 188 est
1820 154 1960 189 dilectio
1979 155 2150 200 proximi,
2177 154 2215 190 id
2231 162 2294 196 est,

1309 216 1417 253 opera
1454 207 1625 240 secundae
1660 205 1800 241 tabulae
1840 216 1920 248 erga
1956 205 2174 250 proximum,
2211 204 2297 241 haec

1311 255 1430 289 omnia
1460 256 1622 290 nominat
1650 253 1708 289 hic
1733 256 2021 290 misericordiam.
2073 255 2170 290 Haec
2190 268 2298 300 opera

1312 305 1415 339 etiam
1445 313 1528 340 sunt
1558 307 1770 348 necessaria,
1804 307 1895 340 sicut
1926 318 1965 340 ex
1997 307 2148 340 secunda
2178 306 2300 341 tabula

1313 356 1479 399 Decalogi
1495 356 1718 391 manifestum
1736 364 1797 393 est.

1418 414 1562 448 Tertius
1594 416 1721 458 gradus
1753 423 1804 450 est
1832 415 2132 455 ceremoniarum,
2173 414 2300 458 &ussus

1316 463 1390 508 Hebe
1420 465 1592 510 gebetben,
1630 465 1689 500 mit
1720 465 1854 511 θρῆειτ,
1895 465 2035 511 &misem
2076 466 2205 501 meina
2236 468 2301 501 nub

1317 515 1486 561 {menschen
1515 516 1652 561 sagung.
1704 515 1800 550 Haec
1832 529 1936 561 opera
1967 524 2048 551 sunt
2081 517 2183 560 longe
2210 516 2303 549 infra

1319 568 1407 600 duos
1430 568 1559 611 gradus
1576 569 1727 611 priores,
1754 567 1797 600 de
1811 564 1867 600 his
1883 567 1968 602 dicit
1984 567 2121 611 regula:
2149 566 2232 601 Non
2248 577 2304 600 sa—

1319 618 1489 652 crificium
1500 643 1510 657 ‚
1537 625 1602 654 etc.

1483 676 1603 720 Quare
1621 674 1690 710 hoc
1709 675 1842 711 dictum
1862 676 1944 710 citat
1962 674 2146 711 Christus?

1423 735 1517 778 Quia
1545 734 1772 779 reprehendit
1797 747 1938 769 omnem
1962 735 2245 779 superstitionem
2269 734 2308 768 in

1322 793 1396 820 toto
1419 797 1545 829 genere
1568 784 1743 827 humano,
1769 787 2022 831 praeferentem
2043 793 2203 820 externos
2220 785 2308 819 ritus

1324 837 1498 870 mandatis
1527 837 1673 870 summis
1701 837 1805 881 primi
1830 837 2004 880 praecepti
2028 842 2061 870 et
2081 836 2243 876 secundi,
2276 841 2310 869 et

1325 888 1498 921 secundae
1528 887 1680 921 tabulae.
1740 886 1844 931 Apud
1869 886 2027 930 Papistas
2051 886 2166 920 maius
2190 897 2311 930 pecca-

1326 945 1401 972 tum
1431 945 1481 972 est
1504 939 1686 972 comedere
1710 949 1831 971 carnes
1854 937 1912 971 die
1937 944 2050 978 sexta,
2080 948 2186 982 quam
2209 936 2314 970 adul-

1328 989 1468 1023 terium.

1431 1038 1481 1073 Ita
1506 1045 1590 1073 tunc
1612 1037 1733 1072 Iudaei
1757 1038 1972 1072 damnabant
1989 1035 2190 1076 Christum,
2216 1037 2313 1081 quod

1329 1102 1402 1123 non
1417 1090 1578 1123 servabat
1594 1090 1820 1124 traditionem
1831 1116 1840 1129 ,
1865 1101 1955 1133 quae
1972 1086 2182 1132 prohibebat
2197 1098 2314 1120 come-

1330 1143 1412 1176 dere
1443 1141 1538 1184 apud
1564 1141 1783 1184 publicanos.
1842 1136 2004 1173 Christus
2024 1146 2144 1172 contra
2166 1137 2316 1180 opponit

1331 1197 1554 1236 praeceptum
1584 1191 1627 1224 de
1657 1190 1865 1230 dilectione,
1901 1190 1949 1223 ait
1976 1201 2012 1222 se
2038 1188 2315 1222 misericordiam

1331 1253 1411 1285 erga
1435 1253 1493 1274 eos
1516 1253 1693 1282 exercere,
1728 1241 1811 1287 quia
1835 1241 1914 1274 ideo
1938 1241 1981 1274 ad
2007 1251 2064 1273 eos
2088 1239 2246 1278 accedat,
2277 1244 2319 1272 ut

1334 1299 1595 1326 convertantur.

1434 1340 1480 1376 Et
1504 1343 1592 1374 bene
1615 1341 1833 1374 observanda
1858 1347 1889 1375 et
1913 1340 2078 1374 discenda
2095 1347 2144 1374 est
2161 1337 2245 1373 haec
2262 1350 2318 1372 reh

1304 1413 1308 1439 Υ
1333 1393 1432 1436 gula,
1458 1403 1546 1436 quae
1570 1391 1722 1424 ostendit
1744 1392 1871 1432 gradus
1894 1403 2060 1434 operum,
2086 1397 2119 1423 et
2142 1396 2234 1424 taxat
2258 1400 2318 1423 su-

1306 1447 1308 1481 ἰ
1335 1443 1577 1487 perstitionem
1596 1441 1847 1484 negligentium
1865 1441 2055 1474 necessaria
2074 1451 2190 1485 opera.

1484 1537 1606 1576 Quare
1625 1533 1803 1578 discipuli
1821 1535 1878 1567 tui
1896 1545 1967 1568 non
1987 1531 2184 1567 ieiunant?

1440 1608 1608 1654 Sequitur
1625 1608 1785 1641 doctrina
1803 1609 1844 1640 de
1863 1608 2024 1642 libertate
2039 1605 2252 1642 Christiana.

1442 1659 1737 1704 Quandocunqne
1770 1656 1864 1691 Deus
1898 1665 2044 1692 renovat
2076 1656 2324 1701 Evangelium,

1338 1718 1423 1745 tunc
1446 1718 1609 1744 taxantur
1631 1710 1708 1742 salsi
1730 1709 1845 1743 cultus
1866 1716 1898 1742 et
1914 1709 2120 1742 traditiones
2139 1706 2325 1748 hnmanae,

1340 1769 1373 1796 et
1395 1774 1474 1795 cum
1493 1762 1553 1793 alii
1573 1761 1726 1793 retinent
1743 1759 1967 1802 traditiones,
1995 1759 2054 1792 alii
2072 1771 2143 1792 non
2161 1759 2325 1799 retinent,

1341 1819 1425 1847 tunc
1442 1813 1478 1845 fit
1494 1811 1754 1850 dissimilitudO,
1781 1821 1870 1854 quae
1886 1810 1976 1853 parit
1991 1809 2191 1843 certamina.
2247 1809 2326 1843 Ali-

1313 1881 1315 1898 τ
1342 1863 1402 1908 qui
1426 1862 1615 1896 retinentes
1639 1861 1759 1894 dolent
1779 1859 1887 1892 laxari
1906 1860 2014 1903 leges,
2041 1867 2072 1894 et
2090 1859 2209 1893 vident
2225 1859 2323 1904 sequi

1342 1915 1379 1946 in
1412 1913 1490 1946 aliis
1517 1911 1691 1945 licentiam
1724 1910 1910 1950 maiorem,
1943 1922 2047 1955 quam
2073 1922 2146 1943 esse
2170 1910 2323 1944 deberet.

1345 1963 1439 1997 lnter
1460 1963 1566 2002 alios,
1593 1962 1652 2006 qui
1671 1973 1742 1993 non
1762 1960 1931 1999 retinent.
1959 1967 2040 1993 sunt
2058 1960 2142 1993 boni
2162 1967 2251 1994 recte
2269 1960 2325 1993 in·

1344 2015 1540 2057 telligentes
1563 2012 1777 2051 libertatem,
1803 2018 1834 2043 et
1851 2017 1940 2044 recte
1959 2023 1997 2044 ea
2016 2018 2164 2045 utentes.
2218 2009 2325 2045 Multi

1344 2065 1447 2098 etiam
1471 2063 1554 2097 mali
1575 2070 1675 2100 sunt,
1704 2062 1763 2106 qui
1784 2062 1870 2094 fiunt
1887 2061 1995 2104 magis
2011 2061 2073 2094 seri
2093 2068 2125 2095 et
2143 2061 2327 2104 negligunt

1316 2150 1317 2154 ,
1343 2116 1483 2149 divinas
1505 2123 1536 2147 et
1561 2111 1732 2146 humanas
1757 2113 1865 2154 leges,
1894 2112 1980 2145 sicut
2003 2109 2112 2157 (proh
2127 2111 2245 2156 dolor)
2262 2124 2328 2146 no·

1316 2165 1319 2219 ἑ
1345 2173 1415 2200 stro
1438 2173 1613 2208 tempore,
1640 2164 1819 2201 videmus,
1847 2163 1946 2195 valde
1970 2163 2101 2197 multos
2116 2163 2242 2197 abusos
2257 2173 2329 2196 esse

412 2233 546 2276 Regula
565 2228 762 2264 communis
779 2233 846 2266 est,
872 2237 971 2269 saepe
989 2225 1131 2269 repetita
1149 2225 1184 2258 in
1204 2225 1292 2259 Pro·
1316 2254 1319 2260 Δ

1345 2224 1377 2250 et
1394 2216 1489 2250 abuti
1509 2215 1669 2248 doctrina
1689 2216 1731 2246 de
1750 2214 1908 2247 libertate
1924 2211 2132 2247 Christiana.

1450 2274 1487 2307 ln
1513 2273 1574 2307 hac
1599 2271 1744 2307 historia
1765 2271 1926 2316 Apostoli
1951 2285 2022 2305 non
2047 2273 2200 2306 retinent
2219 2271 2328 2305 tradi-

1316 2337 1319 2367 Ι
1346 2327 1460 2360 tiones
1484 2323 1771 2362 Pharisaeorum„
1806 2330 1838 2356 et
1870 2330 1960 2356 reete
1982 2329 2132 2356 utuntur
2159 2323 2330 2362 libertate,

414 2385 553 2419 Primus
575 2389 644 2421 est,
674 2379 797 2413 notitia
819 2377 901 2416 Dei,
930 2377 962 2408 id
989 2383 1059 2414 est,
1088 2388 1167 2409 vera
1194 2377 1292 2419 agni-
1317 2373 1319 2386 ²

313 2440 380 2475 tio,
410 2448 488 2469 vera
514 2434 617 2471 fides,
643 2443 744 2465 verus
771 2429 877 2463 timor
895 2425 980 2464 Dei,
1008 2437 1112 2469 opera
1137 2428 1240 2471 primi
1261 2435 1293 2462 et
1317 2417 1320 2427 ¹

1345 2384 1377 2410 et
1402 2382 1611 2410 excusantur
1634 2387 1651 2407 a
1667 2372 1828 2412 Christo.
1853 2374 1911 2406 sed
1932 2371 2107 2407 Dominus
2129 2373 2233 2406 simul
2253 2384 2329 2405 mo-

1346 2435 1422 2467 net,
1463 2427 1583 2472 quales
1621 2437 1693 2459 esse
1732 2425 1900 2459 debeant.
1942 2424 2002 2469 qui
2045 2425 2206 2458 libertate
2238 2429 2330 2456 recte

1345 2485 1504 2512 utuntur.

1450 2527 1599 2561 Discatis
1626 2526 1733 2569 igitur
1763 2524 1847 2569 quid
1883 2524 1926 2558 sit
1953 2525 2094 2559 libertas
2118 2521 2331 2563 Christiana,

1345 2581 1388 2613 de
1419 2591 1486 2625 qua
1520 2578 1603 2611 dicit
1629 2575 1818 2610 Dominus:
1854 2576 1891 2609 Si
1921 2588 1981 2610 vos
2003 2577 2095 2611 filius
2116 2575 2331 2616 liberaverit,

1346 2642 1426 2663 vere
1447 2626 1547 2663 liberi
1568 2627 1674 2662 eritis.
