2409 2915
114 129 184 164 681
361 127 441 163 XlI.
505 123 895 161 ANNOTATIONES
922 121 989 158 ET
1016 122 1297 160 CONCIONES
1325 124 1374 158 IN
1401 122 1583 161 EVANG.
1611 123 1890 158 MATTHAEt.
2061 124 2134 158 682

114 215 163 247 tio
177 225 237 247 seu
257 213 366 256 gratia
380 240 388 254 ‚
416 213 593 257 quomodo
609 209 705 244 Deus
728 210 771 244 sit
798 211 1038 253 agnoscendus
1060 217 1092 244 et
1144 207 1335 243 abhorrere
1354 211 1508 255 denique
1525 211 1568 243 ab
1586 210 1751 243 omnibus
1769 207 1972 250 haereticis,
1999 210 2129 242 fanati-

114 265 354 302 invocandus,
382 275 487 308 quare
510 262 635 294 missus
659 262 704 295 sit
725 261 817 294 filius
833 259 919 302 Dei,
948 268 980 294 et
1004 272 1093 306 quae
1145 261 1193 294 cis
1211 266 1243 293 et
1261 260 1377 304 impiis
1393 261 1644 303 opinionibus,
1679 261 1917 305 pugnantibus
1938 272 2016 293 cum
2041 272 2129 305 qno-

115 317 184 348 sint
205 315 279 347 eius
302 313 487 353 beneficia,
522 312 583 356 qui
608 312 678 345 sint
702 311 775 345 veri
801 312 915 345 cultus
933 312 1018 353 Dei,
1060 318 1093 345 et
1145 323 1282 355 cunque
1300 311 1447 344 articulo
1464 311 1644 356 Symboli,
1678 323 1716 344 ac
1743 311 1833 343 veris
1856 311 2043 353 gemitibus
2068 322 2127 354 pe-

114 366 192 411 quis
211 366 296 398 ordo
314 364 472 397 omnium
489 374 636 405 operum
652 363 776 396 debeat
791 363 939 397 institui.
1146 369 1216 396 tere
1234 374 1251 395 a
1269 360 1362 402 Deo,
1388 368 1428 394 ut
1444 359 1529 394 haec
1546 362 1644 394 initia
1663 373 1763 393 verae
1779 362 1859 394 fidei
1876 362 2128 395 confirmentur

215 415 368 449 Accensa
389 425 471 446 vero
490 411 554 445 hac
573 413 648 446 luce
666 414 702 445 in
723 414 900 447 ruentibus
918 412 1092 451 humanis,
1145 413 1182 445 in
1205 424 1267 446 suo
1293 419 1452 456 pectore,
1493 424 1536 444 ne
1562 418 1639 444 ruat
1664 412 1701 443 in
1727 424 1878 451 errores,
1915 410 2072 445 haereses
2095 419 2127 445 et

114 478 250 500 necesse
268 473 315 498 est
331 464 473 497 existere
490 476 607 496 veram
625 471 727 508 atque
749 465 873 497 seriam
892 464 1093 498 conversio-
1144 463 1313 496 fanaticos
1339 463 1494 505 furores,
1521 462 1609 495 sicut
1627 462 1792 495 omnibus
1811 462 1981 495 aetatibus
2005 470 2127 496 conta-

114 529 192 550 nem
216 517 257 549 ad
281 515 395 547 Deum
419 526 479 547 seu
505 515 775 558 poenitentiam,
818 515 853 547 id
883 522 950 555 est,
991 526 1092 548 veros
1144 515 1198 556 gia
1218 513 1498 547 tristissimorum
1523 524 1682 545 errorum
1707 513 1774 545 late
1794 519 1912 555 vagata
1937 520 2027 548 sunt.
2080 512 2129 546 At

113 577 256 612 pavores
278 572 373 598 ortos
399 577 439 597 ex
462 565 641 607 agnitione
664 567 735 598 irae
764 566 904 598 divinae
927 567 1092 599 adversus
1145 565 1188 598 iis
1219 576 1300 597 sane
1333 564 1484 596 libenter
1519 564 1647 597 auditis
1683 569 1907 607 percontatur
1940 562 2129 602 Antonius,

112 622 246 661 peccata
266 622 402 655 nostra,
431 622 463 648 et
481 628 596 648 veram
616 616 718 648 fidem
735 623 838 661 atque
853 617 1016 649 fiduciam
1036 628 1092 649 ac-
1145 627 1232 661 quos
1249 615 1356 658 igitur
1373 615 1486 648 cultus
1505 621 1695 658 praestare,
1728 626 1816 658 quae
1838 613 1974 657 pietatis
1999 614 2128 646 exerci-

110 667 343 712 quiesceutem
369 666 405 698 in
433 664 509 698 Deo
537 674 679 710 propter
710 666 823 700 filium
855 667 1092 701 mediatorem.
1146 667 1190 700 tia
1208 677 1398 709 usurpare,
1426 665 1554 710 quibus
1577 665 1743 708 operibus
1764 664 1923 696 venerari
1938 663 2051 697 Deum
2073 675 2129 696 so-

108 716 219 750 Porro
253 717 454 761 ubicunque
490 717 581 750 lucet
617 716 701 750 haec
733 718 837 757 fides,
880 718 930 750 ibi
965 718 1093 750 deinde
1144 717 1236 750 leat?
1290 716 1383 750 Tum
1421 723 1533 748 sutor:
1562 714 1656 748 Haec
1674 716 1776 753 fides,
1804 715 1939 758 inquit,
1965 726 2032 759 qua
2049 725 2129 746 vere

109 779 230 801 omnes
254 767 384 807 cultus,
423 773 455 800 et
479 775 610 800 caetera
636 780 760 815 opera,
796 768 968 801 divinitus
991 767 1092 800 insti-
1145 769 1248 801 credo
1274 766 1368 807 Deo,
1411 773 1442 798 et
1468 766 1595 809 gratias
1619 778 1682 808 ago
1709 777 1771 808 pro
1794 771 1889 798 tanta
1915 765 2073 798 bonitate
2096 771 2128 797 et

109 825 201 856 tuta,
227 825 407 861 praecepta
425 825 457 851 et
470 820 680 861 approbata,
705 825 764 852 aut
782 831 1011 863 quaecunque
1028 819 1092 850 ob-
1146 818 1348 861 ingentibus
1362 817 1558 856 beneficiis,
1587 817 1680 861 quod
1694 815 1788 849 Deus
1806 816 1973 847 immensa
1993 815 2130 847 miseri-

109 868 321 901 servationes
338 876 429 901 recte
452 869 609 901 ordinari
634 876 738 914 atque
762 870 911 902 iudicari
937 875 1092 913 possunt.
1145 869 1265 902 cordia
1291 880 1347 901 me
1369 874 1512 911 propter
1534 867 1647 899 filium
1671 878 1772 899 suum
1791 864 1985 898 Dominum
2013 864 2127 898 Iesum

111 918 188 952 Hoc
204 919 420 951 declaremus
437 919 606 963 exemplo,
1145 918 1325 953 Christum
1348 919 1453 961 gratis
1476 918 1615 960 recipit,
1644 919 1737 962 qnod
1757 917 1886 950 iustum
1911 916 2129 960 pronuntiat,

208 968 399 1014 Postquam
424 968 554 1002 Paulus
581 977 682 1003 norat
711 981 746 1002 se
771 970 876 1013 recipi
902 976 934 1003 et
959 970 1092 1013 placere
1117 956 1121 1016 l
1146 971 1240 1015 quod
1273 969 1348 1002 vult
1381 966 1470 1000 mihi
1503 968 1676 1012 propitius
1704 979 1792 1007 esse,
1836 978 1993 1000 summus
2023 973 2071 999 est
2097 973 2129 998 et

107 1020 204 1057 Deo,
247 1032 281 1052 se
309 1021 437 1053 iustum
464 1024 535 1052 esse
558 1022 664 1063 gratis
689 1027 833 1064 propter
856 1020 1090 1053 obedientiam
1146 1020 1352 1065 praecipuus
1372 1019 1497 1053 cultus,
1549 1016 1632 1051 Ideo
1650 1018 1808 1062 quotidie
1824 1018 2034 1060 cogitatione
2052 1024 2129 1050 tan-

107 1068 253 1103 Domini
272 1071 381 1102 nostri
403 1070 479 1103 lesu
490 1068 641 1111 Christi,
671 1077 704 1103 et
721 1078 919 1104 exarserant
934 1070 970 1102 in
988 1071 1092 1103 cortic
1145 1079 1260 1104 torum
1274 1069 1522 1111 beneficiorum
1543 1069 1733 1101 exsuscitor
1745 1069 1787 1101 ad
1806 1068 1998 1110 gratiarum
2019 1068 2128 1100 actio-

108 1132 211 1153 verus
239 1121 345 1154 timor
366 1120 449 1160 Dei,
491 1133 570 1153 vera
598 1122 699 1161 fides,
742 1128 773 1153 et
800 1133 880 1153 vera
905 1121 1092 1160 invocatio,
1118 1142 1119 1148 κ
1145 1134 1244 1161 nem,
1270 1128 1372 1164 atque
1390 1119 1523 1152 utinam
1542 1119 1668 1162 possim
1685 1119 1823 1151 ardenti
1842 1126 1981 1161 pectore
1998 1125 2030 1152 et
2047 1129 2127 1150 vera

105 1171 287 1215 perspicue
303 1171 518 1213 intelligebat
537 1172 676 1209 ieiunia,
694 1172 920 1209 ceremonias,
936 1178 968 1204 et
985 1183 1092 1215 quae-
1117 1158 1120 1177 Υ
1144 1171 1357 1214 gratitudine
1381 1169 1537 1202 divinam
1560 1170 1753 1202 bonitatem
1775 1169 2128 1213 benevolentiamque

107 1233 245 1265 cunque
263 1233 368 1265 opera
389 1233 406 1253 a
422 1222 525 1253 nobis
542 1223 647 1255 electa
673 1233 894 1266 nequaquam
922 1233 993 1254 esse
1018 1233 1091 1253 me·
1145 1222 1332 1255 celebrare.

105 1272 172 1305 rita
189 1272 404 1305 remissionis
430 1279 667 1314 peccatorum,
695 1278 754 1305 aut
778 1271 946 1305 iustitiam
973 1282 1090 1304 coram
1245 1270 1317 1303 Nec
1334 1270 1427 1302 enim
1453 1277 1589 1314 praeter
1612 1267 1704 1303 hanc
1727 1270 1917 1313 gratiarum
1943 1271 2129 1310 actionem,

106 1322 200 1362 Deo,
226 1323 283 1354 sed
302 1333 373 1355 esse
389 1329 528 1354 externa
544 1323 723 1361 exercitia,
750 1333 838 1365 quae
858 1333 920 1364 pro
941 1322 1091 1354 circum·
1143 1329 1178 1354 et
1198 1320 1446 1353 beneficiorum
1474 1321 1791 1363 praedicationem,
1834 1321 2019 1366 quicquam
2045 1321 2128 1353 reli-

106 1372 242 1405 stantiis
260 1372 437 1404 observari
455 1373 508 1403 vel
530 1372 644 1405 omitti
661 1378 817 1414 possunt.
1143 1383 1254 1416 quum
1271 1371 1393 1408 suerit,
1422 1382 1490 1415 quo
1507 1371 1622 1404 Deum
1648 1371 1783 1403 honore
1805 1372 1958 1410 afficere,
1987 1382 2127 1416 quoque

206 1420 311 1454 Hunc
327 1422 488 1454 ordinem
507 1430 544 1455 ut
560 1423 708 1455 disceret
723 1421 903 1454 Antonius
919 1419 1088 1459 Eremha,
1130 1422 1360 1454 'voluntatem
1378 1421 1508 1463 gratiae
1524 1422 1724 1454 referendae
1741 1422 1858 1455 testari
1875 1433 2011 1466 queam.
2041 1421 2127 1453 Pro-

104 1471 274 1515 singulari
296 1472 510 1504 revelatione
527 1472 833 1511 commonefiebat,
861 1483 905 1504 ne
922 1483 982 1504 sua
1000 1471 1090 1503 ieiu-
1142 1480 1258 1516 pterea
1276 1471 1423 1514 singulis
1441 1472 1581 1512 diebus,
1608 1483 1710 1505 mane
1727 1484 1872 1515 surgens
1888 1484 1904 1504 e
1925 1473 2012 1505 lecto
2028 1471 2127 1505 brevi

103 1523 162 1556 nia
186 1529 220 1556 et
242 1522 444 1555 dulcissima
465 1523 668 1556 solitudinis
694 1523 855 1556 exercitia
881 1521 1089 1554 durissimae
1141 1522 1342 1567 precatione
1358 1521 1432 1556 Deo
1455 1522 1583 1566 gratias
1607 1533 1689 1565 ago,
1724 1530 1756 1556 et
1782 1530 1862 1567 peto
1884 1523 2127 1556 remissionem

104 1573 232 1607 sutoris
277 1573 510 1605 Alexandrini
555 1574 646 1607 vitae
687 1574 887 1607 anteferret.
965 1571 1089 1606 Recita
1112 1594 1117 1764 1
1142 1580 1384 1617 peccatorum,
1418 1573 1544 1613 vitam,
1578 1573 1874 1614 consolationem,
1902 1574 2128 1616 gubernatio—

101 1622 303 1657 historiam:
1143 1636 1244 1664 nem,
1280 1623 1429 1662 victum,
1467 1624 1727 1664 defensionem,
1770 1631 1872 1668 atque
1907 1624 2126 1656 miseriarum

205 1671 554 1707 FeruntS.Autonio
571 1673 705 1705 venisse
724 1673 914 1717 aliquando
934 1673 970 1704 in
990 1684 1088 1704 men-
1141 1674 1416 1716 mitigationem,
1442 1671 1549 1713 mihi,
1577 1674 1737 1717 coniugi,
1764 1675 1886 1707 liberis
1901 1681 1932 1707 et
1942 1672 2127 1708 Ecclesiae.

101 1731 190 1762 tem.
217 1730 255 1756 ut
274 1731 415 1767 cuperet
433 1724 538 1763 scire,
568 1735 612 1755 an
629 1723 720 1756 vitae
737 1734 862 1765 geum,
892 1724 987 1767 quod
1015 1723 1087 1765 ipse
1113 1765 1115 1772 ἲ
1141 1723 1301 1756 Eandem
1325 1736 1465 1768 quoque
1490 1724 1680 1766 gratiarum
1706 1724 1900 1765 actionem,
1928 1732 1959 1758 et
1983 1724 2126 1771 petitio-

104 1782 300 1818 susceperat
318 1775 354 1806 in
371 1775 575 1807 durioribus
594 1773 664 1805 illis
683 1773 854 1806 exercitiis
873 1773 1088 1813 solitudinis,
1113 1774 1115 1788 ¹
1142 1786 1241 1815 nem,
1268 1781 1386 1817 repeto
1407 1775 1563 1807 assidens
1587 1775 1629 1807 ad
1654 1786 1830 1818 mensam,
1860 1782 1891 1808 et
1909 1776 2022 1809 iturus
2042 1777 2125 1808 dor-

102 1825 336 1869 praestantius
360 1831 466 1864 esset,
495 1837 533 1857 ac
560 1824 669 1866 magis
685 1822 759 1856 Deo
785 1823 953 1867 placeret,
981 1835 1086 1868 quain
1113 1821 1114 1825 ¹
1141 1825 1279 1859 mitum.

100 1875 193 1909 vitae
210 1875 409 1908 communis
426 1875 556 1914 officia,
591 1887 680 1918 quae
696 1881 871 1917 praestare
888 1875 1002 1907 solent
1026 1886 1082 1918 pa·
1242 1874 1342 1917 Quae
1361 1887 1438 1907 cum
1460 1875 1561 1907 valde
1584 1875 1819 1917 probarentur
1839 1874 2018 1915 Antonio,
2047 1889 2125 1921 per-

99 1925 323 1959 tresfamilias
337 1923 550 1964 Christiani,
579 1925 616 1957 in
639 1925 766 1969 quibus
785 1936 857 1956 non
878 1922 996 1958 haeret
1013 1937 1085 1957 rna—
1139 1926 1189 1968 git
1230 1926 1446 1968 interrogare
1489 1926 1532 1958 de
1572 1925 1786 1959 ieiuniorum
1821 1934 1854 1960 et
1888 1928 2125 1972 corporalium

1109 2032 1113 2062 Ι

1110 2064 1112 2078 Ι

100 1976 225 2009 nifesta
244 1976 444 2020 turpitudo,
471 1976 520 2008 ihi
534 1974 628 2008 Deus
643 1987 703 2018 per
720 1975 895 2007 somnium
915 1976 967 2007 vel
989 1987 1087 2007 reve·
1140 1976 1385 2008 exercitiorum
1402 1976 1526 2008 ordine
1543 1982 1646 2020 atque
1665 1978 1780 2011 modo.
1822 1977 2028 2022 Respondet
2043 1979 2124 2011 iste:

102 2026 272 2060 lationem
309 2028 488 2071 quandam
523 2026 643 2058 volens
678 2023 856 2058 Eremitae
892 2026 1086 2065 ostendere,

1142 2025 1331 2070 Postquam
1354 2037 1456 2058 mane
1476 2026 1595 2069 paucis
1613 2027 1730 2060 verbis
1748 2039 1812 2071 pro
1837 2029 1969 2062 familia
1992 2036 2024 2062 et
2044 2029 2125 2062 uni-

101 2076 325 2121 quantumin
343 2074 410 2110 hoc
432 2077 523 2110 vitae
541 2087 664 2119 genere
685 2075 883 2118 proficeret,
911 2083 1085 2108 monstra·
1109 2079 1113 2127 Ῑ
1140 2088 1235 2109 versa
1262 2076 1401 2110 civitate
1424 2077 1539 2117 oravi,
1564 2077 1674 2110 laetus
1697 2078 1787 2112 facio
1812 2080 2017 2114 domesticas
2042 2091 2124 2123 ope-

101 2127 150 2160 vit
167 2127 197 2159 ei
215 2127 361 2159 domurn
386 2127 516 2159 sutoris
533 2126 765 2160 Alexandrini
783 2126 935 2158 vicinam
955 2134 1085 2169 portae,
1110 2136 1112 2148 ¹
1140 2138 1204 2161 ras,
1240 2125 1387 2159 Premor
1408 2127 1500 2161 enim
1521 2134 1554 2161 et
1571 2128 1645 2175 ipse
1664 2129 1798 2172 vulgari
1815 2142 1920 2163 onere
1941 2137 2124 2174 pauperta-

99 2188 138 2210 ac
158 2177 278 2216 iussit,
318 2183 357 2210 ut
389 2177 485 2209 illius
515 2177 675 2210 exercitia
706 2184 737 2209 et
760 2177 853 2209 dona
876 2177 1084 2217 exploraret.
1109 2209 1111 2219 ,
1138 2177 1199 2217 tis,
1241 2177 1321 2210 ideo
1354 2175 1442 2210 mihi
1475 2178 1661 2211 necessitas
1692 2179 1885 2221 incumbit,
1928 2182 2124 2226 opitulante

97 2226 253 2260 Veniens
270 2227 376 2269 igitur
395 2228 431 2259 in
448 2228 570 2260 urbem
581 2225 876 2266 Alexandrinam,
905 2225 1084 2260 Antonius
1108 2226 1111 2263 ξ
1137 2227 1232 2265 Deo,
1258 2228 1373 2271 parvis
1391 2228 1511 2262 liberis
1531 2237 1562 2262 et
1580 2230 1773 2262 familiolae
1794 2231 1922 2264 victum
1943 2244 2123 2277 quaerere.

98 2278 296 2321 ingreditur
331 2279 475 2310 domum
514 2278 662 2317 sutoris,
703 2277 898 2321 alloquitur
932 2285 1083 2321 patrem·
1107 2267 1114 2348 ἓ
1138 2277 1294 2311 Proinde
1309 2279 1354 2312 do
1372 2280 1438 2312 arti
1455 2292 1551 2313 meae
1567 2291 1720 2322 operam,
1737 2287 1769 2314 et
1785 2293 1882 2323 curo,
1898 2290 1936 2316 ut
1952 2284 2014 2316 filii
2032 2290 2122 2316 recte

96 2328 265 2366 familias,
293 2340 332 2361 ac
355 2329 508 2371 primum
534 2328 725 2369 interrogat
749 2328 792 2359 de
816 2328 993 2369 doctrina,
1022 2329 1082 2361 sit·
1107 2350 1111 2372 ι
1137 2330 1348 2368 doceantur,
1374 2337 1480 2375 utque
1497 2331 1630 2363 familia
1649 2331 1692 2363 ad
1719 2331 1934 2373 agnitionem
1962 2342 1993 2368 et
2020 2335 2121 2367 invo-

96 2390 141 2411 ne
156 2377 400 2419 Christianus,
427 2386 460 2412 et
476 2391 520 2411 an
540 2390 618 2411 vera
638 2378 704 2410 fide
728 2377 959 2421 amplectatur
977 2378 1080 2423 Sym·
1107 2373 1110 2434 l
1135 2380 1307 2412 cationem
1324 2379 1388 2413 Dei
1410 2381 1581 2414 invitetur
1608 2393 1646 2413 ac
1672 2381 1888 2417 instituatur.
1940 2385 2120 2419 Praeterea

95 2429 216 2462 bolum
233 2436 266 2462 et
283 2430 400 2462 omnia
424 2430 550 2472 scripta
570 2426 825 2472 Prophetarum
845 2434 876 2461 et
893 2430 1083 2472 Apostolo-
1107 2439 1110 2482 Ι
1135 2443 1364 2475 quaecunque
1388 2433 1529 2464 mandat
1552 2431 1703 2473 legitima
1735 2440 1885 2476 potestas
1911 2436 1944 2468 in
1971 2437 2123 2480 politicis

97 2479 200 2513 rum?
250 2479 318 2513 Hic
335 2482 491 2514 modeste
507 2481 550 2513 de
566 2480 726 2513 doctrina
743 2480 952 2522 respondet,
994 2481 1081 2514 fate-
1106 2496 1109 2522 Ι
1134 2482 1295 2524 negotiis,
1313 2482 1502 2523 diligenter
1518 2494 1698 2527 exsequor,
1714 2490 1747 2517 et
1766 2485 2002 2519 obedientiam
2023 2499 2122 2531 prae-

96 2536 154 2563 tur
176 2541 211 2563 se
237 2542 309 2563 esse
332 2529 592 2570 Christianum,
634 2531 784 2563 affirmat
812 2541 847 2562 se
881 2530 1024 2564 reiicere
1049 2538 1080 2564 et
1106 2529 1108 2566 l
1133 2539 1186 2565 sto
1204 2533 1240 2565 in
1259 2533 1428 2565 solvendo
1446 2533 1595 2574 tributo,
1623 2540 1726 2577 atque
1742 2538 1989 2571 communibus
2004 2539 2122 2571 oneri-

97 2582 330 2614 condemnare
351 2579 521 2614 Ethnicas
553 2581 805 2620 idolomanias,
855 2587 886 2613 et
918 2582 1080 2614 invocare
1105 2585 1107 2605 ¹
1132 2583 1197 2617 bus
1215 2583 1344 2616 civium
1363 2583 1599 2618 sustinendis.

96 2642 217 2664 verum
234 2631 348 2666 Deum
366 2633 403 2664 in
423 2632 600 2675 agnitione
622 2631 698 2665 Iesu
714 2629 847 2665 Christi
865 2632 1080 2673 mediatoris,
1103 2622 1107 2678 ,l
1232 2633 1311 2667 Non
1339 2634 1404 2667 alia
1418 2661 1426 2673 ‚
1460 2634 1576 2679 inquit
1597 2636 1795 2677 Antonius,
1824 2635 1931 2671 habes
1959 2640 2120 2673 exercitia

96 2681 187 2714 acin
203 2693 336 2716 summa
354 2683 439 2716 dicit
458 2695 492 2716 se
507 2684 646 2716 credere
666 2694 788 2716 omnes
803 2683 971 2716 articulos
988 2684 1078 2722 fidei,
1130 2684 1304 2718 duriora?
1333 2692 1370 2718 ut
1396 2693 1507 2718 certos
1531 2686 1604 2719 dies
1630 2687 1862 2727 ieiuniorum,
1896 2697 1929 2723 et
1955 2692 2121 2735 quasdam
