2409 2915
280 105 355 143 285

279 197 414 225 mentes
431 187 467 220 in
486 183 666 228 agnitione
681 189 781 213 verae
804 176 1006 217 doctrinae,
1037 180 1071 209 et
1098 173 1264 208 accendat

284 251 406 275 verum
429 239 608 273 timorem,
649 241 767 264 veram
799 227 1047 267 dilectionem,
1080 221 1265 269 prohibeat

285 289 464 325 audaciam
489 283 642 328 fingendi
667 279 852 326 opiniones
882 278 958 311 sine
981 277 1088 311 verbo
1113 275 1180 309 Dei
1203 280 1264 306 etc.

287 341 385 375 Sicut
408 336 519 371 David
545 341 639 373 orat,
671 331 834 376 spiritum
861 335 1013 367 rectum,
1046 327 1083 372 id
1106 332 1174 365 est,
1207 324 1266 356 fii·-

287 401 402 430 mum,
429 388 558 420 innova
577 386 613 417 in
632 381 823 416 visceribus
839 379 936 414 meis.

642 474 699 497 De
734 469 906 495 tei-tio.

393 527 593 574 Aliquoties
624 523 767 568 repetita
798 528 848 554 est
874 519 1045 553 sententia
1070 531 1088 551 a
1112 517 1268 553 Christo:

293 581 446 628 Spiritus
461 585 599 612 sanctus
616 572 857 609 testificabitur
874 571 916 604 de
933 582 999 603 me.
1044 569 1121 603 Hoc
1137 569 1269 602 dictum

292 631 458 667 describit.
477 627 588 661 officia
608 627 676 658 iam
693 624 852 662 recitata,
887 633 1024 665 semper
1047 627 1162 653 autem
1186 630 1269 651 cou-

292 685 458 725 iungatur
475 678 602 722 duplex
619 673 812 709 testificatio
824 697 833 711 ‚
861 672 1011 705 exterior
1029 683 1090 715 per
1113 670 1270 702 ministe-

293 735 386 767 rium
398 756 406 769 ,
424 737 456 763 et
475 727 622 761 interior
640 726 674 758 in
693 725 808 757 corde.
854 722 1011 767 Utraque
1028 728 1078 754 est
1093 732 1181 763 opus
1190 718 1271 765 Spi-

293 785 382 817 ritus
397 780 527 819 sancti,
562 785 594 811 et
610 778 652 810 de
670 783 816 820 utraque
833 773 977 806 dicitur:
1011 772 1144 814 Arguet
1169 781 1272 802 mun-

293 835 378 868 dum
398 833 441 865 de
457 835 607 875 peccato.

396 898 524 942 Arguit
541 903 654 930 autem
671 893 708 926 in
734 891 929 925 ministerio
953 890 1111 934 publice,
1147 895 1179 921 et
1201 887 1273 932 pri-

295 951 404 985 vatim
422 950 459 982 in
478 946 696 990 singulorum
712 943 888 977 cordibus.
917 940 1003 974 Item
1018 941 1061 972 de
1077 939 1273 972 ministerio

296 1002 442 1036 dicitur:
471 997 657 1035 Ascendit,
690 993 787 1027 dedit
811 993 902 1025 dona
928 988 1154 1029 hominibus,
1187 988 1275 1021 Pro-

296 1051 436 1096 phetas,
464 1046 674 1092 Apostolos,
708 1043 888 1085 pastores,
922 1040 1104 1074 Doctores,
1163 1038 1274 1072 Porro

296 1101 354 1136 hic
371 1101 499 1134 multae
516 1096 683 1131 fanaticae
700 1094 885 1138 opiniones
910 1092 1117 1125 refutantur.
1173 1089 1274 1123 Ana-

297 1152 468 1196 baptistae
488 1146 720 1182 ministerium
740 1143 945 1186 Evangelii,
962 1154 1080 1175 vocem
1097 1147 1129 1174 et
1146 1140 1275 1173 doctri-

297 1215 380 1236 nam
395 1210 537 1246 prorsus
553 1197 742 1235 abiiciunt,
768 1195 905 1237 fingunt
928 1199 1043 1225 motus
1069 1191 1278 1235 spirituales,

298 1254 374 1287 sine
390 1259 422 1285 et
439 1258 532 1284 extra
550 1246 796 1289 Evangelium.
842 1244 1051 1276 Defensores
1066 1242 1276 1274 viciosorum

299 1304 456 1338 cultuum
478 1298 750 1333 monasticorum
765 1322 774 1336 ,
808 1293 1041 1327 invocationis
1066 1299 1278 1329 sanctorum,

300 1355 429 1387 abusus
450 1362 576 1385 coenae
593 1347 758 1383 Domini,
786 1346 924 1388 fingunt
940 1345 1054 1378 cultus
1072 1344 1146 1377 sine
1172 1344 1278 1376 verbo

298 1404 386 1443 Dei,
413 1409 445 1436 et
460 1402 611 1443 allegant
629 1398 800 1442 Spiritum
818 1403 995 1435 sanctum,
1025 1395 1085 1439 qui
1107 1391 1192 1426 haec
1217 1405 1279 1437 ap-

298 1453 504 1500 probaverit
520 1457 579 1484 aut
595 1446 852 1481 monstraverit.

403 1519 468 1553 llis
485 1517 662 1551 erroribus
678 1514 843 1548 omnibus
865 1511 1117 1557 opponendum
1141 1517 1188 1543 est
1214 1507 1280 1542 hoc

303 1573 448 1607 dictum.
506 1567 658 1612 Spiritus
687 1572 824 1598 sanctus
854 1564 896 1595 de
920 1561 1062 1596 Christo
1086 1561 1281 1598 testabitur,

303 1624 337 1656 id
363 1628 430 1660 est,
464 1618 603 1651 sonabit
624 1627 744 1649 vocem
770 1627 787 1647 a
813 1611 954 1647 Chi-isio
983 1613 1166 1651 traditam,
1194 1612 1282 1643 sicut

302 1671 464 1707 Christus
481 1668 613 1713 inquit:
653 1665 714 1699 llle
739 1664 873 1705 rediget
893 1663 994 1695 vobis
1017 1663 1053 1694 in
1077 1662 1282 1696 memoriam

304 1736 342 1757 ea
360 1733 447 1767 quae
465 1720 548 1752 dixi.
601 1716 707 1751 Item:
737 1715 890 1758 Spiritus
911 1720 1050 1746 sanctus
1075 1713 1282 1757 glorificabit

305 1786 371 1807 me.
407 1772 525 1813 Quare
542 1768 603 1801 ubi
621 1772 821 1800 removetur
835 1764 1083 1803 ministerium,
1101 1764 1154 1796 vel
1168 1762 1284 1796 Evan—

306 1824 433 1868 geliiim
446 1848 454 1861 ‚
471 1820 518 1853 ibi
539 1818 692 1861 Spiritus
709 1822 848 1849 sanctus
868 1827 940 1847 nou
958 1822 1102 1848 testatur
1120 1816 1162 1847 de
1179 1812 1283 1848 Chri-

307 1882 373 1908 sto.
402 1872 496 1905 Haec
514 1871 668 1913 primum
689 1868 731 1899 de
752 1865 948 1898 ministerio
965 1866 1052 1898 scire
1072 1877 1209 1899 necesse
1228 1871 1287 1897 est.

409 1930 532 1963 Postea
557 1927 640 1972 quid
668 1927 710 1959 sit
739 1924 884 1957 interior
907 1924 1120 1962 testificatio,
1155 1924 1287 1957 intelli-

307 1989 396 2027 gunt
411 1981 478 2025 pii,
506 1991 583 2011 cuni
602 1978 708 2009 verbo
724 1975 788 2007 liei
807 1974 925 2006 audito
944 1981 1001 2007 ant
1019 1975 1188 2017 cogitato,
1217 1974 1288 2006 exi-

309 2039 406 2068 stunt
431 2041 552 2064 sensus
575 2028 645 2061 irae
670 2027 754 2062 l)ei,
790 2038 827 2057 ac
854 2036 1000 2068 pavores
1027 2032 1059 2058 et
1082 2025 1219 2057 dolores
1246 2025 1288 2056 de

308 2089 469 2129 peccato,
521 2087 553 2113 et
589 2089 709 2111 rursus
745 2075 1000 2109 consolationes
1037 2088 1077 2109 ex
1112 2075 1289 2117 agnitione

308 2133 461 2171 Christi„
486 2137 519 2164 et
537 2131 626 2168 fide,
652 2135 684 2161 et
712 2127 886 2159 invocatio
910 2138 981 2158 iion
1007 2126 1173 2170 impedita
1199 2127 1288 2159 mala

310 2183 530 2219 conscientia.
584 2178 678 2212 llaec
696 2185 746 2210 est
770 2176 916 2209 interior
942 2177 1152 2216 testificatio,
1186 2189 1289 2222 quam

311 2233 476 2269 describit
496 2231 624 2265 Paulus
642 2230 676 2262 in
696 2226 761 2261 hoc
778 2227 887 2260 dicto:
917 2225 1109 2270 Aci-epistis
1128 2227 1289 2271 spiritum

311 2283 512 2328 adoptionis
537 2282 710 2317 filiorum,
747 2290 816 2323 quo
843 2277 1034 2311 clamamus
1061 2276 1161 2310 Abba
1185 2285 1291 2322 pater.

313 2336 400 2369 Nam
419 2340 455 2367 ut
474 2343 576 2375 supra
596 2331 665 2363 dixi
694 2328 902 2366 deCatone,
930 2328 1042 2361 donec
1064 2340 1163 2361 mens
1187 2329 1291 2361 ‹lubi-

313 2395 378 2425 tat,
405 2397 448 2417 an
475 2383 569 2415 Dens
594 2382 675 2413 velit
701 2387 732 2413 te
760 2379 911 2422 recipere
934 2385 965 2411 et
987 2379 1169 2422 exaudire,
1205 2380 1291 2421 sugit

313 2436 426 2470 Deum
440 2463 447 2473 ,
475 2434 530 2466 secl
550 2445 626 2465 cnm
647 2431 802 2472 agnoscis
820 2429 1086 2473 promissionem
1102 2431 1144 2462 de
1161 2431 1291 2464 inedia-

314 2495 407 2521 ιονιξ,
437 2492 467 2517 et
495 2483 605 2515 crs-dis
630 2489 662 2513 te
685 2481 811 2523 recipi,
847 2481 949 2512 simul
980 2480 1132 2523 Spiritus
1154 2489 1292 2515 sanctus

314 2545 359 2570 est
390 2537 523 2574 efficax,
555 2533 719 2565 exuscitat
747 2531 1023 2568 initii-ationem,
1059 2531 1320 2571 dilectione-ms

315 2595 346 2620 et
366 2588 448 2619 alias
468 2586 622 2618 virtutes,
652 2581 693 2616 Et
712 2582 854 2615 Gal..‘3.:
879 2581 922 2616 L‘t
940 2582 1206 2626 promissionem
1223 2584 1292 2628 spi·
1319 2583 1321 2618 s
1348 2598 1409 2627 ego
1423 2613 1430 2622 ,
1459 2585 1571 2629 inquit
1586 2611 1593 2621 ,
1622 2582 1704 2615 nolo
1724 2589 1869 2614 mortem
1890 2583 2095 2625 pei-catoris.
2111 2583 2168 2615 sed
2186 2590 2222 2617 iit
2240 2595 2325 2616 con-

315 2639 402 2672 ritus
420 2636 627 2679 accipiamus
645 2646 703 2679 per
724 2634 836 2667 fidem.

877 90 1000 126 PHIL.
1026 86 1142 125 MEL.
1169 76 1380 123 SCRIPTA
1406 74 1706 114 EXEGETICA.

2222 77 2297 114 284

1418 161 1496 196 Hoc
1513 161 1646 195 dictum
1668 171 1804 204 semper
1825 158 1862 194 in
1888 167 2074 206 conspectu
2094 160 2297 197 habendum
2327 173 2337 182 ·

1316 220 1377 248 est.
1439 211 1564 246 Monet
1595 211 1710 250 enim,
1750 218 1783 244 et
1816 213 1996 256 quomodo
2020 213 2124 246 detur
2145 213 2297 258 Spiritus
2347 201 2354 210 ι

1317 270 1477 303 sanctus,
1508 268 1541 294 et
1557 273 1645 306 quae
1663 261 1709 294 sit
1731 261 1819 295 actio
1847 263 2052 306 praecipua,
2087 275 2153 308 qua
2178 263 2299 297 testifi-

1318 321 1418 348 catur
1453 313 1491 345 in
1522 311 1636 346 nobis.
1702 310 1814 344 Datur
1842 324 1903 356 per
1924 311 2179 356 Evangelium,
2211 314 2301 348 sicut

1320 365 1409 398 alias
1427 363 1542 408 inquit
1562 361 1708 395 Paulus:
1735 359 1967 406 Evangelium
1984 370 2035 397 est
2060 364 2214 408 potentia
2234 362 2301 397 Dei

1321 416 1363 449 ad
1390 415 1537 448 salutem
1564 412 1662 445 omni
1687 411 1862 453 credenti,
1907 413 1942 446 id
1968 421 2036 454 est,
2068 412 2300 458 Evangelium

1323 477 1402 498 vere
1427 471 1478 498 est
1500 463 1638 503 efficax,
1676 461 1772 495 Deus
1796 474 1878 496 vero
1903 464 2059 507 impertit
2087 467 2179 499 bona
2206 463 2302 508 cogi-

1323 515 1411 550 tanti
1425 513 1679 556 Evangelium‚
1706 518 1739 545 et
1758 513 1990 557 acquiescenti
2017 515 2053 547 in
2078 528 2137 556 eo,
2163 527 2223 549 seu
2247 525 2303 548 as-

1323 565 1506 602 sentienti,
1533 575 1611 596 cum
1631 563 1902 608 acquiescimus,
1927 571 1961 597 et
1977 565 2149 599 credimus
2166 576 2230 599 nos
2246 576 2302 598 re-

1324 617 1393 661 cipi
1421 623 1454 649 et
1480 614 1660 654 exaudiri,
1693 612 1786 655 Quia
1803 612 1898 647 Deus
1913 612 2004 648 hanc
2021 627 2118 649 suam
2139 616 2304 648 volunta-

1325 675 1392 702 tem
1412 666 1449 698 in
1466 663 1660 706 Evangelio
1678 675 1741 696 suo
1761 664 1939 707 patefecit,
1973 672 2006 698 et
2033 667 2108 700 vult
2132 677 2196 700 nos
2219 663 2304 698 haec

1325 718 1487 755 credere,
1514 727 1553 747 ac
1570 714 1665 747 misit
1679 713 1832 754 Filium,
1862 721 1901 748 ut
1916 715 1961 748 sit
1988 717 2161 759 precium,
2197 723 2228 750 et
2253 722 2304 749 te·

1325 768 1406 808 stis,
1433 778 1471 799 ac
1488 765 1614 809 pignus
1630 763 1737 798 huius
1753 765 1965 805 voluntatis,
1997 765 2038 798 ln
2056 764 2120 799 liae
2144 766 2306 800 consola-

1327 819 1422 852 tione
1440 827 1518 848 vere
1534 816 1637 848 datur
1653 814 1807 858 Spiritus
1833 822 1990 855 sanctus,
2025 824 2058 851 et
2082 817 2154 860 ipsa
2180 827 2305 850 conso-

1328 869 1410 901 latio
1440 873 1473 899 et
1502 865 1678 899 invocatio
1705 865 1743 897 in
1770 867 1873 899 corde
1901 866 2130 901 testificantur
2153 869 2194 900 de
2218 866 2305 900 Deo.

1327 916 1498 952 Accendit
1513 915 1581 948 iarn
1599 913 1692 949 hanc
1706 915 1820 948 lucem
1838 916 1991 960 Spiritus
2005 925 2160 958 sanctus,
2192 924 2229 950 ut
2248 917 2308 950 fir-

1328 969 1420 1002 mius
1444 973 1635 1000 statuamus
1658 977 1723 998 nos
1748 965 1826 998 Deo
1852 979 1953 1000 curae
1979 979 2069 1006 esse,
2105 979 2167 1001 nos
2190 967 2308 1012 recipi,

1329 1026 1471 1064 propter
1488 1016 1619 1049 Filium
1632 1043 1641 1057 ,
1664 1017 1823 1049 accendit
1838 1024 1871 1049 et
1889 1017 2159 1053 invocationem.

1429 1067 1523 1102 Haec
1544 1067 1610 1110 piis
1634 1073 1715 1099 nota
1743 1073 1844 1105 sunt,
1879 1068 1938 1111 qui
1965 1071 2120 1103 sentiunt
2144 1077 2307 1109 terrores,

1330 1128 1361 1154 et
1380 1119 1551 1161 cogitant,
1579 1129 1682 1162 quem
1698 1115 1812 1150 Deum
1832 1117 2013 1160 invocent}
2040 1133 2082 1152 an
2101 1119 2254 1153 exaudiri
2273 1130 2309 1152 se

1330 1171 1547 1207 existiment,
1575 1175 1604 1201 et
1629 1179 1691 1200 cur
1714 1167 1872 1201 exaudiat
1890 1167 1995 1201 Deus.
2047 1169 2202 1203 Maxima
2229 1179 2310 1213 pars

1331 1220 1516 1254 hominum
1533 1219 1655 1252 recitat
1674 1229 1802 1261 preceS,
1817 1225 1952 1251 tantum
1972 1227 2009 1253 ut
2025 1220 2128 1253 inane
2138 1230 2312 1259 murmur,

1331 1285 1368 1305 ac
1387 1269 1529 1315 plurimi
1547 1281 1590 1302 ne
1607 1269 1760 1311 cogitant
1777 1271 1918 1313 quidem
1936 1271 2019 1314 quid
2044 1271 2226 1310 invocent,
2250 1281 2312 1303 cu-

1332 1330 1430 1356 retne
1451 1318 1624 1353 humanos
1649 1320 1816 1352 clamores
1835 1319 1944 1358 Deus,
1979 1322 2035 1354 sed
2064 1320 2312 1354 consuetudini

1332 1374 1586 1414 obtemperant.
1644 1369 1740 1402 Haec
1762 1371 1923 1415 impietas
1947 1372 2151 1414 corrigenda
2178 1379 2245 1410 est,
2279 1376 2312 1403 et

1333 1425 1369 1455 in
1387 1421 1484 1456 omni
1503 1420 1700 1464 precatione
1721 1421 1944 1462 cogitandum
1972 1423 2014 1453 de
2041 1423 2147 1455 verbo
2165 1421 2246 1461 Dei,
2274 1426 2315 1454 ut

1333 1474 1417 1506 fides
1441 1473 1667 1510 accendatur,
1702 1475 1734 1502 ei
1758 1471 1836 1515 quis
1852 1469 1966 1510 Deus,
2000 1479 2032 1505 et
2055 1473 2232 1516 quomodo
2258 1471 2315 1503 in-

1336 1523 1513 1557 vocandus
1542 1521 1604 1561 sit,
1638 1529 1860 1563 agnoscatur,
1895 1521 2074 1559 videlicet,
2106 1523 2166 1567 qui
2194 1534 2229 1556 se
2252 1532 2314 1555 sua

1336 1586 1437 1614 voce,
1463 1579 1497 1605 et
1515 1583 1574 1615 per
1589 1572 1719 1605 Filium
1736 1570 1916 1606 Christum
1932 1573 2103 1615 patefecit.

1439 1623 1505 1655 llic
1523 1623 1648 1655 iterum
1668 1622 1837 1666 obstrepit
1855 1621 2045 1664 indignitas
2061 1629 2190 1656 nostra.
2242 1621 2316 1666 Qui

1337 1675 1445 1718 magis
1459 1673 1617 1706 exaudiet
1642 1680 1674 1705 te
1688 1671 1802 1713 Deus,
1829 1685 1933 1716 quam
1953 1673 2093 1706 Saulem
2119 1679 2151 1707 et
2173 1673 2316 1712 similes,

1338 1738 1423 1772 quas
1440 1723 1546 1757 babes
1563 1723 1731 1757 virtutes?
1760 1723 1882 1768 quain
1909 1735 1946 1755 re
1971 1724 2148 1756 antecellis
2174 1725 2316 1758 caeteris

1339 1776 1568 1810 hominibus?
1603 1775 1697 1817 Quid
1726 1781 1826 1817 putas
1842 1772 1954 1806 Deum
1981 1786 2101 1807 curare
2127 1772 2192 1807 lioc
2214 1781 2315 1807 tuum

1341 1827 1523 1860 murinur'?
1540 1825 1613 1858 liae
1630 1825 1855 1867 cogitationes
1873 1823 2007 1856 duriter
2024 1825 2221 1858 excruciant
2238 1825 2318 1858 ani-

1313 1910 1315 1918 ,
1341 1890 1432 1913 mos,
1463 1885 1495 1910 et
1512 1888 1610 1919 saepe
1633 1882 1715 1907 suut
1740 1875 1805 1906 tela
1831 1874 1984 1915 diaboli,
2021 1875 2123 1907 missa
2145 1877 2187 1907 ad
2214 1887 2318 1908 excu-

1343 1930 1495 1962 tiendam
1513 1927 1615 1958 sidem
1629 1953 1636 1964 ,
1653 1933 1691 1959 ut
1708 1925 1887 1967 impellant
1906 1925 2041 1957 animos
2061 1926 2094 1957 in
2114 1933 2317 1969 perpetuam

1342 1977 1618 2021 desperationem
1654 1983 1685 2008 et
1723 1974 1915 2019 Epicureas
1957 1973 2201 2019 blasphemias.
2271 1972 2319 2010 Et

1343 2029 1444 2062 multi
1467 2028 1514 2061 sic
1540 2033 1756 2060 evertuntur.
1809 2028 1926 2068 Quare
1948 2023 2002 2058 liic
2026 2026 2187 2070 inprimis
2210 2026 2320 2061 simus

1344 2080 1489 2116 intenti,
1517 2085 1548 2111 et
1564 2078 1712 2110 sciamus
1730 2074 1793 2109 lioc
1813 2076 1992 2120 proprium
2010 2088 2081 2109 esse
2100 2089 2229 2111 muniis
2239 2077 2321 2121 Spi-

1345 2132 1431 2163 ritus
1460 2129 1590 2164 sancti.
1626 2127 1802 2161 testificari
1833 2128 1874 2159 de
1903 2125 1975 2159 Deo
2002 2127 2036 2159 iii
2062 2129 2175 2160 corde.
2235 2128 2321 2161 Ideo

1344 2183 1447 2215 datur
1462 2187 1498 2213 iit
1517 2181 1620 2213 corda
1641 2178 1892 2211 confirmentur
1908 2178 2086 2219 agnitione
2103 2190 2182 2212 vera
2198 2177 2278 2213 Dei.

1447 2232 1514 2264 Sed
1532 2231 1726 2271 colligenda
1743 2236 1823 2262 suut
1851 2236 2029 2271 praecepta
2057 2236 2091 2262 et
2117 2229 2322 2272 promissio-

1346 2295 1406 2315 nes
1425 2281 1508 2319 Dei,
1536 2293 1623 2325 qnae
1642 2286 1812 2313 testantur
1828 2291 1906 2311 eum
1926 2279 2100 2322 postulare
2130 2277 2223 2313 litinc
2247 2280 2323 2313 cnl-

1346 2341 1438 2371 tuin,
1475 2332 1605 2365 seilicet
1632 2331 1906 2367 invocationem,
1947 2336 1977 2361 et
2010 2341 2089 2361 vere
2122 2341 2201 2362 eum
2235 2331 2324 2364 velte

1346 2390 1519 2428 praestare
1538 2383 1629 2414 bona
1655 2381 1873 2425 petentibus,
1901 2379 1988 2412 sicut
2013 2379 2125 2424 iuquit
2145 2378 2324 2416 Cliristus:

1348 2435 1457 2468 l‘etite.
1475 2441 1505 2467 et
1529 2432 1724 2476 accipietis,
1754 2438 1785 2463 et
1811 2430 1951 2474 quidem
1980 2431 2118 2464 exaudit
2145 2443 2215 2466 non
2241 2443 2325 2476 pro·-

1347 2492 1422 2528 pter
1439 2490 1592 2516 nostram
1613 2482 1836 2524 dignitatem.
1863 2481 1919 2511 sed
1938 2488 2078 2524 propter
2091 2480 2237 2519 fitium.
2264 2484 2324 2516 sed

1347 2544 1462 2568 tamen
1482 2546 1552 2566 non
1571 2534 1747 2566 adseratur
1764 2531 1981 2575 propositum
2005 2533 2181 2575 peccandi.
2235 2532 2326 2566 Vivo

1350 2643 1502 2670 xertatui·
1519 2642 1550 2669 et
1568 2635 1672 2668 vivat.
1726 2632 1782 2666 Sic
1800 2633 1893 2665 iubet
1912 2644 1974 2665 nos
1992 2633 2088 2666 Deus
2108 2635 2323 2678 acquiescere
