2409 2915
250 80 346 117 1143

249 173 311 207 est,
328 165 395 199 fide
413 164 457 196 fio
475 156 682 194 resurrectio
699 161 730 188 et
747 155 835 194 vita;
863 153 936 186 noli
949 164 1115 198 quaerere
1130 152 1238 195 signa,
1262 157 1265 174 '=

251 228 355 261 opera
374 221 438 247 etc.
494 209 649 242 Verbum
668 204 789 240 habes:
817 203 990 247 Resurget
1015 204 1120 237 frater
1141 210 1238 243 tuus3
1264 212 1265 215 ’

251 269 302 301 illi
321 266 438 304 crede,
465 268 498 295 et
515 261 622 293 vives.
1263 303 1266 329 l

1263 331 1267 347 l

315 348 403 395 Ego
429 341 584 385 credidi,
611 339 710 390 quod
734 345 771 374 Ιιι
801 352 835 373 es
850 335 964 384 filius
991 337 1070 372 Dei
1095 337 1176 371 vivi.
1263 353 1268 411 ἱ

353 415 587 450 Hebraismns
612 417 678 444 est:
717 407 791 452 Ego
818 407 973 447 credidi,
1000 419 1080 451 pro:
1115 405 1239 447 Credo,
1265 442 1268 454 ι

252 470 346 515 quod
371 475 406 501 tu
428 478 464 500 es
489 462 650 498 Christus
675 461 768 493 filius
793 459 861 492 Dei
889 457 979 498 vivi,
1025 464 1129 502 atque
1153 457 1239 489 adeo
1265 458 1268 481 ἱ

253 521 313 565 qui
329 526 363 553 et
379 524 527 551 mortem
549 523 705 552 evacuas,
729 509 851 544 haeres
867 509 1027 542 omnium
1044 515 1075 541 et
1091 517 1241 549 regnans
1266 513 1268 529 ³

253 572 289 603 in
323 577 504 604 aeternum
536 573 597 598 etc.
657 562 708 596 Ne
737 559 983 595 circumscribe
1015 565 1152 602 tempus
1182 557 1269 614 sic,'³

253 628 332 655 ante
350 621 422 654 scio
437 618 518 664 qnia
538 621 703 657 resurget.
1268 657 1269 669 ἵ

476 700 577 735 Abiit
606 704 635 732 el
666 696 803 731 cocat-it
830 693 1013 730 illuriani.
1268 682 1270 717 1*

357 771 462 815 Quod
482 768 715 806 describitur,
745 761 922 798 Martham
948 769 1084 796 tantum
1112 760 1242 799 vocari,
1268 759 1271 787 Ι

254 824 350 869 sequi
370 829 471 857 testes
488 832 559 854 non
578 817 783 855 accersitos,
811 816 847 847 in
875 812 941 846 hoc
965 813 1021 852 fit,
1047 818 1086 845 ut
1109 810 1244 868 'f'ignffi‘'
1269 838 1271 851 Ι,

255 883 323 915 cet,
350 876 393 907 de
409 872 576 917 operibns
594 868 658 904 Dei
678 877 799 900 omnes
821 863 982 898 homines
1001 869 1140 901 testam,
1167 862 1243 894 srn-
1270 892 1271 899 ἵ

255 933 348 960 ctum
373 931 489 957 autem
513 932 659 965 operum
683 917 747 951 Dei
773 923 805 949 et
826 913 1102 948 consolationem
1121 923 1243 955 perve-

255 977 332 1010 nire
356 976 398 1010 ad
422 979 574 1007 vocatos.
636 969 694 1003 Sic
723 972 862 1000 sanctos
892 964 1041 998 afflictos
1072 970 1169 996 vocat
1199 963 1243 995 ad
1270 994 1272 1002 λ

255 1025 555 1063 consolationem,
588 1027 627 1054 ut
656 1017 797 1052 interim
824 1015 953 1048 nesciat
979 1014 1133 1048 mundus
1158 1013 1241 1058 quid
1270 1041 1272 1055 ,

255 1079 330 1117 fiat,
356 1082 452 1121 putet
468 1079 604 1106 sanctos
620 1070 735 1115 potius
757 1068 800 1101 ad
819 1066 1031 1111 plorandum
1054 1065 1125 1106 ire,
1159 1066 1243 1098 dum

255 1129 350 1161 videt
369 1137 427 1160 eos
452 1122 651 1159 tristissima
679 1130 838 1166 quaeque
864 1117 948 1161 pati.
1002 1115 1101 1150 Sicut
1126 1122 1159 1149 et
1181 1114 1244 1148 filii

258 1178 366 1212 Israel
386 1189 426 1210 ex
446 1174 605 1221 Aegypto
625 1171 884 1208 educebantur,
912 1174 945 1201 et
961 1164 1165 1210 sophoniae
1181 1164 1245 1201 Ill.
1270 1178 1273 1204 ;

255 1227 452 1264 Christiani
469 1225 623 1271 populus
639 1233 773 1267 pauper
798 1226 831 1253 et
851 1229 979 1262 egenus
999 1223 1185 1257 vocantur3
1213 1223 1247 1250 et

256 1289 373 1315 tamen
390 1278 513 1312 eodem
531 1276 608 1309 loco
627 1273 796 1316 scriptum
815 1276 879 1303 est:
907 1268 987 1302 Non
1007 1268 1071 1301 erit
1089 1267 1148 1312 qui
1175 1275 1245 1300 ter—

256 1338 390 1370 reatur;
419 1329 518 1362 item:
546 1325 626 1359 Non
647 1322 788 1358 timebis
805 1320 936 1353 matum
954 1326 1016 1354 etc.
1072 1318 1144 1361 Qui
1166 1317 1246 1351 Ma·
1269 1323 1274 1344 ἐ

256 1383 343 1416 riam
361 1381 391 1422 7)
407 1384 603 1424 sequuntur
620 1381 719 1408 testes
738 1378 819 1406 sunt
838 1370 972 1413 gloriae
990 1368 1067 1402 Dei.

430 1459 631 1511 Infremuit
657 1457 810 1503 spiritu,
839 1459 869 1489 el
897 1452 1072 1488 turbavit.

846 66 969 102 PHlL.
998 63 1114 101 MEL.
1141 64 1349 102 SCRIPTA
1374 61 1673 100 EXEGETICA.

360 1531 536 1565 Fremitus
552 1525 751 1570 indignatio
770 1523 942 1568 quaedam
962 1527 1022 1561 est,
1051 1519 1132 1564 qnia
1152 1531 1248 1552 com-

259 1590 419 1619 movetur
444 1579 605 1615 Christus
636 1577 804 1610 adversus
835 1583 981 1616 regnum
1013 1570 1155 1608 mortis,
1190 1581 1248 1603 ae-

258 1645 376 1671 stuans
395 1637 574 1678 peccatum
593 1636 626 1662 et
643 1633 791 1660 mortem
812 1634 999 1663 enervare,
1025 1628 1063 1655 ut
1077 1621 1251 1661 ostendat,

259 1700 293 1721 se
319 1685 432 1719 odisse
468 1692 614 1725 regnum
646 1677 786 1716 mortis,
831 1686 895 1708 nec
919 1674 1027 1711 velle,
1068 1679 1108 1705 ut
1132 1678 1251 1716 pereat

259 1744 430 1783 peccator,
445 1735 503 1768 sed
523 1731 638 1778 potius
653 1737 689 1763 ut
707 1733 932 1762 convertatur
946 1732 978 1759 et
993 1724 1098 1764 vivat,
1124 1720 1251 1756 Ezech.

259 1786 392 1823 thtt.
448 1784 496 1818 Hi
518 1783 663 1817 affectus
689 1784 841 1823 arguunt
865 1783 898 1810 et
922 1782 1093 1810 testantur
1116 1771 1249 1807 Christi

260 1838 464 1874 charitatem
483 1846 561 1878 erga
580 1844 663 1872 nos,
688 1839 720 1865 et
745 1834 990 1867 commovent,
1016 1834 1054 1860 nt
1076 1832 1152 1859 tuto
1179 1825 1251 1857 ala-

261 1891 433 1934 criterque
451 1893 483 1921 et
500 1897 564 1919 nos
579 1885 772 1917 credamus,
813 1879 911 1914 Sicut
932 1878 993 1910 ille
1009 1879 1050 1909 ad
1072 1875 1252 1909 Hebraeos
1274 1886 1277 1895 ¹

261 1941 392 1986 inquit:
422 1938 469 1972 st
485 1948 563 1970 cnm
583 1933 707 1967 fidncia
726 1931 940 1965 accedamus.
978 1925 1071 1961 Mihi
1092 1927 1250 1959 fremitus
1275 1906 1278 1978 i

262 1993 320 2025 ille
338 1998 368 2024 et
388 1986 586 2033 lachrymae
605 1985 648 2017 ab
666 1984 784 2016 eadem
810 1991 911 2013 cansa
930 1978 1101 2023 proficisci
1128 1977 1250 2010 videu-

264 2053 341 2081 ωε,
367 2040 461 2086 qnod
480 2038 684 2071 misereatur
699 2043 808 2077 genus
831 2028 1043 2063 humanum:
1081 2030 1175 2073 quod
1195 2028 1251 2062 lu-

262 2092 338 2128 daei
360 2090 519 2125 sentiunt
538 2084 735 2131 lachrymas
752 2081 958 2127 expressisse
979 2091 1132 2112 atriorem
1145 2104 1154 2116 ‚
1181 2092 1250 2124 quo

265 2147 434 2179 Lazarum
452 2140 632 2177 dilexerit,
661 2141 750 2169 certe
767 2133 999 2167 testificantur
1016 2132 1059 2163 de
1084 2127 1252 2164 charitate

263 2195 406 2229 Christi.

401 2275 490 2312 N'on
516 2277 657 2323 poterat
686 2269 765 2311 hic,
792 2268 857 2318 qui
881 2266 1024 2315 aperuit
1053 2271 1113 2302 etc.
1277 2266 1280 2308 ξ

369 2347 422 2380 ‚td
452 2344 545 2379 hunc
572 2342 715 2375 modum
742 2338 857 2371 solent
882 2347 986 2379 opera
1017 2334 1138 2367 divina
1163 2335 1253 2367 blas·
1277 2315 1280 2387 ἶ

268 2397 438 2442 phi-mari.
490 2393 533 2429 Et
552 2390 753 2428 huiusmodi
783 2399 882 2422 voces
907 2386 1054 2441 audiunt
1073 2386 1252 2442 conscia-u·
1278 2404 1280 2421 .

267 2451 353 2495 tiae,
391 2447 510 2493 quales
538 2446 618 2479 illae
643 2449 723 2476 sunt
755 2440 790 2473 in
818 2438 906 2472 Psal.
933 2436 1047 2470 XXL:
1094 2436 1253 2481 Spei-..vit

269 2503 302 2533 in
322 2500 479 2533 domino.
534 2497 634 2531 ltcm:
674 2492 773 2527 Alios
798 2490 912 2524 salvos
939 2488 1040 2528 fecit,
1069 2499 1162 2521 nunc
1186 2488 1253 2520 sal·
1278 2511 1280 2524 ‚

268 2560 320 2585 vrt
339 2564 372 2585 sc
391 2551 516 2595 ipsum.

302 2671 330 2696 7)
352 2674 394 2692 μοι
407 2675 436 2690 rr
471 2666 684 2697 unanimum
702 2662 861 2687 eume-ndo.
1278 2657 1281 2674 i

2179 69 2273 104 1144

1316 166 1452 205 Nonne
1479 165 1565 202 dixi
1588 167 1673 209 tibi,
1702 168 1878 217 quoniam
1904 168 1943 205 si
1966 167 2160 204 credideris
2188 176 2249 207 etc.

1393 235 1488 280 Quia
1504 236 1633 270 audisti
1649 247 1724 278 me,
1750 237 1896 279 scilicet,
1910 237 1979 271 iam
1997 237 2092 271 enim
2109 238 2277 273 certifica-

1292 294 1348 321 tus
1367 298 1462 328 sum,
1488 286 1564 319 fore
1578 293 1619 320 ut
1637 295 1794 331 resurgat
1811 287 1974 322 Lazarus.

1394 366 1505 404 Pater
1529 371 1678 416 gratias
1705 383 1778 417 ago
1802 371 1890 414 tibi,
1918 375 2094 420 quoniam
2116 376 2178 408 elc.

1395 437 1610 484 Quanquam
1619 436 1782 473 Christus
1798 441 1917 475 omnia
1934 441 2062 475 reserat
2076 441 2119 474 ad
2136 447 2281 484 patrem,

1293 488 1416 524 Ioann.
1428 488 1486 526 V.:
1513 488 1593 523 Non
1610 501 1739 535 quaero
1756 489 1973 526 voluntatem
1990 503 2114 531 meam,
2140 492 2201 524 sed
2217 503 2280 524 vo-

1266 542 1268 552 ¹
1295 540 1464 574 luntatem
1492 540 1584 581 eius,
1635 541 1697 585 qui
1729 540 1825 574 misit
1857 554 1928 583 me;
1969 550 2002 576 et
2031 541 2152 576 loann.
2179 540 2280 577 vlt:

1295 590 1368 634 Qui
1383 591 1519 635 quaerit
1541 590 1688 634 gloriam
1711 591 1786 624 eius
1807 598 1887 626 etc.:
1921 599 2037 626 tamen
2062 591 2119 625 hic
2147 592 2214 632 ait,
2245 603 2282 625 se

1295 641 1423 684 gratias
1439 652 1560 684 agere,
1586 649 1625 675 ut
1642 643 1815 682 ostendat,
1841 653 1921 676 cum
1935 643 2027 690 patri
2042 654 2130 686 opus
2146 642 2282 682 tribuit,

1297 692 1405 737 patris
1427 692 1510 726 item
1533 692 1772 733 voluntatem,
1807 693 1953 726 verbum
1981 699 2015 726 et
2033 693 2131 726 verbi
2156 699 2282 737 poten-

1296 743 1380 777 tiam
1398 754 1488 783 esse,
1521 743 1616 787 quod
1639 743 1785 776 verbum
1810 743 1883 787 ipse
1908 743 2104 790 praedicat,
2132 750 2172 777 ut
2194 744 2283 777 scia-

1296 805 1391 832 mus,
1419 793 1566 836 ssagrare
1585 800 1718 837 patrem
1741 794 1862 827 eadem
1886 792 2074 832 charitate,
2101 806 2204 839 quam
2224 807 2283 828 ex·

1298 842 1415 878 hibuit
1431 844 1543 882 filius,
1570 855 1615 877 ne
1631 844 1833 877 dubitemus
1857 843 2036 878 iustificari
2060 855 2143 882 nos,
2170 857 2282 890 quan-

1270 906 1271 925 :
1297 906 1403 940 quam
1419 906 1596 928 careamus
1612 894 1798 938 operibns,
1824 906 1902 928 cum
1919 895 2094 929 credimus
2114 894 2197 931 filio.
2224 895 2282 930 Si—

1270 954 1272 963 *
1297 945 1440 991 quidem
1459 945 1521 978 filii
1540 945 1836 990 praedicationem
1855 952 1951 989 pater
1970 947 2154 990 approbat.
2198 944 2285 990 Spe-

1270 1005 1271 1027 }
1298 997 1438 1030 luncam
1457 1003 1605 1030 mortem
1625 996 1801 1039 intellige,
1827 996 1981 1040 lapidem
2000 1004 2188 1040 peccatum.
2223 995 2284 1030 Li-

1298 1054 1398 1091 gatus
1411 1046 1564 1081 Lazarus
1584 1047 1684 1080 vultu
1700 1059 1739 1080 ac
1757 1047 1922 1080 manibus
1938 1047 2156 1094 pedibusque
2178 1046 2287 1090 signi—

1298 1099 1394 1139 ficat,
1423 1097 1516 1131 Mosi
1534 1097 1658 1131 faciem
1676 1098 1838 1131 velatam.
1892 1097 2072 1140 Quamdiu
2099 1098 2136 1130 in
2161 1097 2205 1131 iis
2229 1109 2288 1131 su-

1298 1160 1395 1190 mus,
1431 1160 1503 1182 non
1537 1160 1722 1192 possumus
1744 1150 1862 1182 videre
1885 1148 1922 1181 in
1946 1149 2049 1182 finem
2077 1148 2179 1192 legis,
2212 1148 2236 1184 i.
2259 1160 2287 1182 e.

1298 1197 1481 1234 Christum
1495 1226 1504 1240 ,
1531 1206 1570 1233 ut
1587 1198 1780 1243 Apostolus
1795 1199 1855 1233 ait.

1357 1278 1594 1329 Collegerunt
1625 1295 1708 1330 ergo
1736 1281 1936 1317 Pharisaei
1962 1288 1992 1317 el
2019 1281 2223 1330 Ponlffices.

1403 1350 1495 1384 Vide
1528 1351 1743 1396 impietatem
1769 1351 1982 1396 principum.
2049 1351 2211 1386 Primum
2240 1353 2291 1387 fa-

1272 1414 1275 1443 g
1302 1408 1440 1442 tentur,
1466 1401 1640 1435 divinitus
1666 1402 1739 1445 geri
1762 1414 1850 1447 quae
1868 1402 1995 1435 fiebant
2015 1414 2033 1435 a
2049 1400 2211 1442 Christo,
2238 1415 2293 1438 se-

1273 1450 1275 1474 ²
1301 1454 1416 1486 cundo
1444 1464 1505 1496 per
1530 1453 1702 1486 invidiam
1728 1459 1916 1486 causantur
1941 1464 2087 1496 regnum
2119 1454 2292 1495 affectare,

1302 1509 1334 1536 et
1349 1501 1380 1549 ⁸)
1405 1504 1642 1546 praetendunt
1658 1503 1835 1551 publicam
1856 1503 2114 1543 necessitatem,
2149 1505 2293 1546 scilicet,

1303 1554 1331 1586 si
1351 1551 1514 1587 Christus
1537 1565 1683 1597 regnum
1711 1554 1876 1594 invadat,
1902 1552 2084 1588 Romanos
2101 1555 2233 1589 bellum
2252 1556 2296 1589 il—

1303 1605 1435 1638 laturos
1471 1616 1555 1640 esse.
1623 1605 1744 1638 Aaron
1771 1605 2024 1647 interrogatus,
2059 1616 2121 1639 cur
2144 1605 2295 1640 vitulum

1303 1655 1457 1696 fecisset,
1492 1657 1704 1700 respondet,
1742 1657 1801 1688 sed
1833 1655 1964 1700 populo
1991 1656 2196 1689 obsecutum
2224 1669 2296 1691 esse

1304 1706 1338 1739 id
1357 1706 1562 1751 postulanti,
1577 1706 1721 1744 scilicet,
1742 1718 1785 1739 ne
1802 1706 2072 1750 dispergeretur.
2106 1706 2164 1741 Sic
2182 1707 2218 1741 in
2237 1720 2294 1742 re-

1304 1757 1369 1791 bus
1387 1757 1537 1801 publicis
1554 1757 1629 1790 fleri
1645 1758 1755 1797 solet,
1787 1757 1847 1789 nbi
1871 1756 1946 1789 sine
1973 1755 2041 1791 side
2066 1758 2291 1792 administra-

1305 1815 1361 1842 tnr
1382 1820 1453 1848 res,
1481 1815 1576 1841 metu
1601 1808 1841 1853 delinquitur,
1874 1816 2093 1852 quaeruntur
2121 1810 2292 1852 praesidia

1304 1860 1497 1892 secundnm
1516 1871 1669 1894 carnem.
1724 1858 1782 1893 Sic
1803 1858 1969 1892 volebant
1993 1867 2026 1893 et
2043 1859 2218 1905 principes
2235 1860 2294 1894 ln—

1304 1911 1473 1944 daeornm
1500 1910 1611 1944 videri
1637 1911 1786 1947 sentire,
1821 1909 1849 1942 si
1874 1917 1993 1953 pergat
2013 1907 2194 1949 Christus,
2223 1912 2294 1945 for-

1306 1967 1393 1995 tasse
1413 1973 1559 2004 regnunt
1577 1961 1736 2001 invadet,
1763 1961 1790 1993 si
1810 1972 1955 2004 regnum
1974 1960 2150 1999 iiixascrit,
2177 1968 2293 1996 actum

1305 2013 1370 2045 erit
1387 2013 1430 2044 de
1447 2012 1560 2046 nobis.

1470 2095 1580 2131 Unus
1607 2099 1727 2128 aulem
1754 2106 1799 2128 es
1828 2093 1918 2140 ipsis
1943 2088 2126 2143 Caiphas.

1409 2163 1516 2207 Quod
1540 2160 1692 2208 Caipbas
1726 2159 2000 2207 prophetizavit,
2035 2163 2116 2209 quia
2141 2164 2297 2208 pontifex

1277 2210 1279 2262 ζ
1307 2222 1399 2254 erat,
1442 2226 1570 2258 ergone
1605 2214 1814 2259 pontifices„
1845 2225 2048 2260 quanquam
2079 2214 2197 2259 impii.
2241 2216 2298 2261 pie

1307 2264 1544 2312 prophetant?
1602 2264 1835 2309 Respondeo,
1876 2265 1984 2298 immo
2012 2272 2171 2301 econtra;
2216 2267 2295 2301 ideo

1309 2318 1526 2365 propositum
1552 2324 1601 2350 est
1627 2315 1844 2360 exemplum,
1878 2323 1916 2350 ut
1940 2324 2141 2361 appareret,
2175 2329 2296 2352 extae—

1308 2369 1378 2402 cari
1406 2368 1637 2411 magistratus.
1701 2366 1789 2400 Nam
1813 2367 1849 2400 iu
1874 2364 1936 2400 hac
1964 2364 2146 2411 prophetia
2175 2367 2222 2401 sic
2246 2376 2296 2403 est

1307 2431 1390 2453 usus
1422 2419 1530 2463 impio
1564 2418 1727 2463 pontifice
1754 2417 1868 2458 Deus,
1907 2418 1995 2451 sicut
2025 2425 2076 2451 est
2102 2431 2185 2452 usus
2202 2417 2293 2453 Pha-

1309 2483 1416 2504 raone
1443 2478 1578 2505 tautnin
1608 2471 1649 2503 ad
1683 2470 1934 2503 excaecandum
1971 2481 2049 2502 eum
2082 2477 2115 2503 ct
2144 2471 2293 2514 perden-

1278 2531 1280 2563 ᾗ
1308 2522 1414 2561 dnm3
1444 2521 1522 2555 ideo
1539 2521 1696 2567 oportuit
1723 2519 1923 2565 pontificem
1953 2519 2155 2560 vaticinari,
2187 2527 2223 2555 ut
2247 2522 2293 2555 si-

1345 2661 1373 2683 ⁸)
1395 2659 1434 2683 e‘fl
1455 2660 1539 2680 Nt'i'ct’
1571 2659 1611 2681 u(-
