2409 2915
132 110 200 145 661
365 107 444 144 XII.

131 193 367 239 plurimorum
385 199 479 227 tanta
503 199 553 227 est
573 192 709 233 feritas,
734 198 773 226 ut
790 192 886 226 nulla
904 192 1110 236 disciplinae

132 244 272 277 vincula
294 243 490 286 patiantur,
524 243 583 287 qni
606 249 721 276 tamen
748 243 888 275 interim
914 244 1051 286 fingunt
1075 255 1110 276 se

133 292 264 327 habere
296 295 418 332 fidem,
455 304 491 325 se
520 292 610 325 veris
633 292 742 325 animi
768 293 921 326 motibus
946 294 1110 326 invocare

131 343 266 384 Deum,
299 356 334 377 se
357 355 428 376 esse
452 344 530 375 viva
555 349 588 375 et
610 342 718 376 electa
741 344 896 376 membra
921 343 1108 384 Ecclesiae,

133 407 210 428 cum
228 394 347 427 vivant
364 393 400 425 in
419 392 602 426 securitate
624 399 658 426 et
679 392 897 428 immanitate
912 393 1110 439 Cyclopica,

133 452 165 478 et
185 445 308 478 cedant
331 455 368 476 ac
391 442 629 485 obsequantur
644 442 805 483 diabolo,
832 444 1028 488 impellenti
1051 455 1109 477 eos
1133 466 1136 487 ς

132 495 176 529 ad
193 493 380 533 adulteria,
406 489 596 525 homicidia
608 519 618 533 ,
644 500 677 526 et
692 494 759 527 alia
777 500 864 528 tetra
882 495 1025 537 flagitia.
1131 491 1137 730 Ι

1131 734 1134 751 Ι

1131 757 1133 770 l

1131 816 1133 838 ι

229 558 335 593 Istam
354 558 525 600 insignem
542 559 823 602 perversitatem,
851 573 1028 594 enormem
1048 573 1108 605 pe-

129 609 332 647 tulantiam,
373 606 666 653 Cyclopicamque
690 610 883 649 feritatem,
926 611 1107 646 nisilseria

126 671 265 693 morum
286 659 530 692 emendatione
546 661 815 702 correxerimus,
840 661 954 695 tristes
972 668 1005 695 et
1022 659 1108 695 hor-

126 710 256 743 rendae
272 720 404 752 poenae
419 716 619 753 sequentur.
658 710 732 744 Imo
749 719 950 753 grassantur
968 712 1002 744 in
1022 724 1108 744 con-

125 766 245 803 spectu
275 771 407 803 poenae
440 760 620 803 publicae,
661 762 787 794 videtis
813 762 975 795 intestina
1005 762 1108 803 bella,
1132 775 1133 784 ¹

125 810 354 844 vastationem
375 821 493 843 rerum
511 811 755 858 publicarum,
783 819 815 845 et
833 824 992 855 magnam
1016 813 1108 845 cala-
1132 844 1133 848 ,

126 860 288 894 mitatum
310 860 576 893 multitudinem
600 873 824 895 concurrere:
859 870 891 896 et
907 874 1106 907 quanquam

118 908 220 955 ¹Deus
235 921 420 943 aerumnas
437 918 636 954 praesentes
652 909 818 945 hactenus
835 913 1024 945 clementer
1040 913 1107 945 mi-
1131 935 1133 939 .

125 960 267 1003 tigavit,
319 967 434 993 tamen
459 962 562 994 valde
585 969 719 1001 metuo,
761 975 804 995 ne
826 963 926 996 toties
951 963 1106 996 irritatus

125 1011 262 1044 feritate
284 1022 422 1043 morum
446 1019 646 1045 nostrorum
673 1012 859 1045 violentius
883 1020 915 1046 et
940 1013 1106 1056 implaca-

125 1061 234 1095 bilius
249 1067 381 1093 exserat
397 1061 497 1101 iram,
525 1060 659 1106 haeque
677 1063 834 1104 regiones
852 1063 961 1094 multo
974 1063 1106 1096 tristio-
1130 1078 1131 1081 ¹

124 1111 223 1144 ribus
257 1110 380 1158 poenis
410 1113 678 1155 opprimantur,
722 1113 802 1156 quia
837 1114 962 1145 modus
987 1113 1105 1145 nullus

125 1168 176 1194 est
202 1162 433 1205 petulantiae,
467 1162 703 1195 contumaciae
726 1169 758 1195 et
782 1163 959 1195 affectatae
982 1163 1106 1207 nequi-

123 1211 192 1245 tiae
213 1212 408 1246 iuniorum.

228 1267 262 1303 Ο
288 1276 427 1302 aeterne
450 1267 564 1311 Deus,
602 1268 704 1302 Pater
727 1268 871 1302 Domini
896 1271 1005 1303 nostri
1029 1269 1106 1303 lesu

124 1317 256 1353 Christi
274 1326 417 1366 propter
433 1325 526 1351 tuam
547 1319 693 1361 gloriam
718 1320 844 1352 adiuva
870 1331 952 1359 nos,
978 1321 1105 1362 guber-

123 1382 186 1410 na,
214 1376 310 1402 tuere
334 1376 366 1402 et
388 1379 484 1400 serva
502 1366 691 1401 Ecclesiam
714 1375 828 1409 tuam,
857 1369 1041 1412 puritatem
1067 1382 1105 1402 ac
1128 1380 1129 1385 ¹

123 1419 237 1454 studia
263 1418 419 1451 coelestis
440 1418 636 1458 doctrinae,
669 1419 889 1462 disciplinam
912 1426 943 1453 et
970 1420 1104 1452 medio-
1128 1435 1129 1440 ¹

123 1481 197 1503 cres
214 1468 371 1513 politias,
398 1479 470 1500 non
493 1468 586 1501 siuas
601 1469 674 1501 fieri
693 1469 908 1502 tristissimas
931 1476 963 1503 et
984 1470 1104 1503 infini-
1128 1494 1129 1498 ,

120 1527 173 1554 tas
196 1519 389 1558 vastitates,
416 1530 490 1551 non
506 1515 694 1551 Ethnicam
719 1526 752 1552 et
774 1518 960 1553 Turcicam
986 1521 1103 1563 profa-

120 1571 267 1603 nitatem
293 1569 433 1612 plenam
465 1568 650 1612 spurcitie,
683 1581 721 1602 ac
750 1576 928 1603 contemtu
951 1571 1102 1603 iustitiae

119 1620 273 1654 divinae.

222 1677 324 1710 Hanc
350 1678 460 1720 ipsam
487 1677 857 1710 commonefactionem
891 1679 933 1711 de
956 1690 1101 1711 conver·
1125 1686 1128 1714 ἱ

122 1730 220 1762 sione
237 1739 297 1761 seu
313 1726 526 1770 poenitentia
552 1738 653 1769 saepe
678 1728 898 1772 multumque
922 1729 957 1760 in
983 1741 1102 1771 preca·
1125 1742 1127 1767 j

122 1779 220 1812 tione
237 1784 349 1810 vestra
370 1777 488 1809 animo
506 1777 664 1814 volvere,
693 1783 724 1809 et
742 1778 950 1820 cogitatione
970 1791 1100 1811 mcmo-
1126 1779 1127 1784 ¹

121 1829 243 1873 riaque
275 1833 446 1870 repetere,
490 1838 597 1870 eaque
629 1837 689 1858 vos
719 1827 761 1859 ad
795 1828 1044 1871 poenitentiam
1068 1836 1100 1861 et

122 1878 403 1912 emendationem
421 1877 557 1909 flectere
575 1883 678 1920 atque
695 1878 903 1911 exsuscitare
923 1878 1066 1911 debetis

1124 1791 1127 1805 1

1124 1826 1127 1855 l

1122 1890 1126 1904 l

1122 1906 1126 1936 l

221 1943 259 1978 Si
279 1942 410 1988 quisin
428 1942 655 1975 conversione
671 1941 792 1975 abiicit
815 1943 944 1975 malum
971 1954 1098 1985 propo-

120 1995 243 2033 situm,
270 1994 298 2025 is
322 1994 462 2025 demum
485 1999 595 2036 potest
621 1991 780 2025 alacriter
803 1992 966 2025 invocare
984 1992 1096 2026 Deum

120 2043 246 2077 fiducia
264 2042 475 2082 mediatoris,
502 2049 534 2074 et
551 2042 586 2074 in
604 2042 708 2074 corde
727 2042 831 2075 sentit
846 2054 976 2086 pacem,
1002 2049 1097 2075 tran-

121 2093 349 2139 quillitatem,
400 2092 567 2125 laetitiam
600 2099 632 2124 et
663 2092 958 2132 consolationem,
1001 2093 1095 2125 iuxta

121 2145 254 2177 dictum
286 2141 405 2175 Pauli:
454 2140 630 2174 lustificati
664 2140 734 2174 fide
763 2154 880 2185 pacem
916 2140 1097 2177 habemus.

119 2194 214 2227 Haec
232 2199 345 2226 autem
366 2191 508 2231 fiducia,
535 2203 599 2234 pax
618 2198 651 2225 et
668 2191 796 2225 laetitia
815 2192 1035 2236 acquiescens
1059 2193 1096 2224 in
1120 2181 1123 2229 l

117 2244 213 2285 Deo,
259 2253 478 2286 nequaquam
512 2241 616 2273 simul
646 2241 790 2275 existere
822 2249 934 2285 potest
966 2242 998 2274 ir.
1035 2243 1095 2275 t'uo

119 2295 244 2334 corde,
271 2304 349 2326 cum
367 2291 620 2335 perseverantia
647 2291 683 2323 in
705 2292 840 2324 delictis
865 2299 984 2325 contra
1012 2303 1094 2324 con-

121 2344 318 2381 scientiam,
349 2353 408 2375 sen
424 2354 501 2375 cum
521 2341 698 2384 proposito
719 2341 923 2383 indulgendi
948 2343 1092 2386 quibus-

121 2396 207 2429 libet
222 2393 420 2432 furoribus,
446 2399 549 2436 teque
565 2391 743 2434 polluendi
761 2392 856 2424 omni
876 2392 1001 2424 scelere
1019 2399 1093 2424 tur-

120 2444 304 2489 pitudinis.
363 2441 431 2476 Sed
459 2450 640 2486 postquam
667 2439 829 2474 inchoata
846 2448 895 2475 est
912 2443 1092 2475 conx'ersio
1116 2456 1119 2482 ;

120 2496 158 2529 in
176 2495 357 2533 cordibus,
391 2493 474 2525 fides
493 2492 688 2525 firmissime
706 2492 838 2525 nitatur
853 2499 885 2525 et
901 2493 1094 2536 acquiescat
1116 2517 1119 2536 ,

121 2546 158 2579 in
180 2545 370 2578 mediatore
385 2541 544 2579 Christo,
573 2549 605 2575 et
631 2548 724 2575 certo
749 2549 874 2575 statuat
900 2542 1093 2576 invocatio-
1115 2545 1118 2585 J

122 2608 199 2629 nem
223 2602 318 2630 tuam
341 2594 475 2637 placere
500 2599 532 2625 et
553 2593 723 2625 efficacem
744 2604 832 2633 esse,
861 2593 995 2637 tibique
1013 2605 1092 2626 vere

122 2646 195 2680 dari
215 2644 453 2680 remissionem
474 2649 701 2687 peccatorum.
755 2641 852 2678 Hanc
870 2654 1041 2677 summam
1060 2651 1090 2677 et

498 105 890 142 ANNOTATIONES
923 105 989 142 ET
1024 103 1304 142 CONCIONES
1340 106 1390 142 IN
1424 107 1608 147 EVANG.
1642 111 1921 154 MATTHAEI.

1127 1410 1129 1415 ¹
1156 1391 1415 1427 inclinationes,

2075 124 2148 161 662

1163 190 1413 234 amplissimam
1437 195 1711 230 consolationem
1735 199 1839 234 debes
1860 202 2000 237 infixam
2025 207 2144 241 animo

1162 247 1300 279 tenere,
1329 253 1474 287 eamque
1497 246 1655 288 quotidie
1681 248 1717 281 in
1740 251 1836 283 omni
1864 255 2061 295 precatione
2085 265 2142 292 tua

1161 290 1303 324 intuens
1320 303 1358 324 ac
1381 294 1567 327 recordans
1585 308 1739 331 exercere
1758 308 1790 334 et
1808 303 2013 338 confirmare
2030 307 2144 350 fidem,

1161 353 1296 385 proque
1327 343 1433 376 tantis
1466 344 1639 377 beneficiis
1663 346 1735 380 Deo
1767 362 1847 383 vere
1875 355 2000 395 gratias
2030 369 2142 400 agere.

1160 389 1205 424 Et
1232 389 1399 425 hactenus
1423 393 1465 425 de
1487 391 1550 426 hac
1575 396 1757 438 petitione:
1788 399 1942 436 Remitte
1960 407 2060 439 nobis
2082 409 2142 441 de-

1161 442 1232 475 bita
1256 449 1396 484 nostra,
1430 443 1518 477 sicut
1547 451 1577 477 et
1598 457 1662 478 nos
1686 448 1896 484 remittimus
1923 455 2141 492 debitoribus

1160 498 1301 526 nostris,

1294 573 1347 608 El
1371 587 1415 608 ne
1436 588 1501 609 nos
1527 576 1680 613 inducas
1704 581 1742 614 in
1765 584 2010 623 tentationem,

1261 640 1338 674 Hoc
1354 649 1422 682 est,
1450 654 1492 675 ne
1511 644 1604 677 sinas
1622 657 1685 679 nos
1703 647 1843 689 induci,
1877 663 1954 693 seu,
1987 667 2031 687 ne
2046 656 2140 690 sinas

1160 702 1223 724 nos
1241 691 1330 732 labi,
1354 704 1473 731 ruere,
1503 696 1677 739 submergi
1703 705 1734 731 et
1759 701 1931 743 opprimi,
1960 716 2036 737 cum
2064 714 2139 739 ten-

1132 752 1133 756 *
1159 748 1292 782 tamur,
1318 753 1363 775 ne
1379 743 1471 775 sinas
1493 756 1555 777 nos
1572 748 1795 781 succumbere
1813 751 1954 785 diabolo
1974 754 2008 787 in
2030 762 2141 791 tenta-

1159 791 1325 825 tionibus.
1378 792 1466 826 Nam
1486 791 1550 827 hae
1568 793 1729 838 phrases,
1757 810 1815 832 seu
1832 803 1928 834 modi
1952 804 2138 849 loquendi:

1131 849 1133 866 1
1160 841 1211 874 Ne
1228 854 1292 875 nos
1306 843 1452 876 inducas
1469 844 1758 887 intentationem,
1786 850 1980 892 significant
1993 858 2139 897 permis-

1131 914 1133 916 -
1158 892 1312 931 sionem,
1339 905 1412 926 non
1435 894 1672 937 effectionem,
1698 909 1761 930 nec
1788 901 1957 934 efficacem
1976 905 2140 940 volunta-

1159 949 1238 977 tem.
1293 942 1520 988 Nequaquam
1546 946 1639 978 enim
1666 950 1836 982 sententia
1861 949 1986 985 horum
2013 957 2139 989 verbo-

1130 1001 1131 1005 *
1158 1004 1236 1025 rum
1261 1000 1327 1033 est,
1362 995 1457 1038 quod
1481 993 1577 1028 Deus
1602 1003 1705 1030 autor
1724 1004 1757 1031 et
1780 1011 1879 1033 causa
1906 1003 1949 1036 sit
1975 1007 2140 1040 tentatio-

1130 1064 1131 1069 ,
1158 1054 1242 1075 num
1255 1070 1263 1083 ,
1290 1055 1328 1076 ac
1345 1043 1417 1088 ipse
1434 1056 1497 1077 nos
1514 1045 1635 1087 incitet
1651 1058 1690 1080 ac
1707 1049 1802 1082 velut
1825 1050 1975 1086 invitare
1994 1057 2075 1090 velit
2095 1060 2137 1091 ad

1158 1095 1387 1149 peccandum,
1415 1096 1580 1139 quodque
1596 1096 1785 1132 delectetur
1801 1107 1833 1133 et
1851 1102 2065 1146 voluptatem
2083 1120 2139 1140 ca-

1157 1150 1229 1185 piat
1245 1155 1283 1175 ex
1305 1144 1450 1177 interitu
1469 1151 1499 1178 et
1518 1146 1670 1188 pernicie
1688 1155 1817 1182 nostra.
1869 1150 1964 1186 Haec
1981 1155 2065 1189 falsa
2082 1158 2137 1190 in-

1129 1214 1131 1242 -y
1157 1194 1358 1237 terpretatio
1385 1194 1601 1237 explodatur.
1654 1196 1722 1230 Sed
1747 1206 1886 1234 autores
1910 1209 1942 1236 et
1966 1204 2136 1249 impulso-

1157 1254 1230 1282 res,
1259 1255 1276 1275 a
1295 1244 1422 1287 quibus
1438 1245 1603 1278 oriuntur
1626 1249 1835 1282 tentationes
1854 1258 1887 1284 et
1909 1264 2030 1288 causae
2055 1270 2136 1300 pec-

1157 1299 1330 1333 catorum,
1355 1293 1533 1327 verissime
1550 1303 1630 1329 sunt
1647 1297 1778 1331 diaboli
1793 1307 1826 1333 et
1842 1298 2011 1340 homines.
2048 1306 2136 1342 Item

1155 1342 1320 1382 futilitas,
1347 1343 1528 1377 curiositas
1544 1351 1576 1378 et
1592 1347 1784 1389 petulantia
1804 1358 1935 1393 nostra,
1962 1362 1994 1389 et
2011 1368 2137 1399 pravae

1473 1393 1611 1428 Rursus
1645 1404 1760 1430 autem
1796 1400 1833 1432 in
1868 1399 1933 1435 hac
1969 1406 2137 1447 petitione

1156 1442 1286 1475 multae
1305 1443 1528 1485 gravissimae
1550 1452 1582 1478 et
1602 1446 1828 1493 utilissimae,
1856 1454 2044 1499 magnique
2060 1470 2136 1490 mo—

1155 1493 1264 1525 menti
1300 1494 1480 1526 doctrinae
1513 1494 1875 1539 comprehenduntur.
1936 1501 2010 1538 Etsi
2042 1508 2136 1541 enim

1127 1569 1129 1576 ,
1156 1543 1250 1574 velut
1267 1545 1501 1586 praetervolat
1521 1557 1622 1578 aures
1646 1555 1781 1582 nostras
1806 1552 1992 1587 verborum
2018 1556 2135 1591 brevi-

1126 1613 1131 1632 7
1154 1599 1206 1625 tas
1228 1593 1391 1635 insignis:
1419 1593 1471 1627 Ne
1496 1607 1560 1628 nos
1586 1596 1730 1630 inducas
1755 1600 2056 1646 intentationem,
2082 1615 2135 1641 ta-

1126 1649 1127 1680 }
1154 1654 1234 1674 men
1252 1641 1335 1675 haec
1352 1655 1459 1685 pauca
1481 1646 1585 1678 verba
1603 1649 1645 1679 de
1668 1649 1826 1681 maximis
1844 1658 1875 1684 et
1900 1654 1998 1687 seriis
2021 1658 2136 1699 rebus,

1126 1717 1127 1721 ,
1154 1693 1196 1724 de
1216 1693 1393 1725 acerrimis
1408 1700 1441 1726 et
1461 1694 1736 1730 insidiosissimis
1754 1696 1911 1734 hostibus
1927 1703 2134 1749 loquuntur.

1256 1741 1326 1774 Iam
1345 1744 1531 1786 proponite
1547 1746 1647 1779 vobis
1663 1754 1743 1781 ante
1761 1751 1880 1784 oculos
1898 1753 2050 1795 primum
2069 1755 2134 1790 ho-

1125 1813 1126 1821 1
1153 1797 1258 1831 stem,
1299 1793 1449 1833 scilicet,
1491 1791 1700 1838 diabolum,
1735 1811 1839 1843 quam
1864 1801 1892 1834 is
1915 1801 2135 1841 horribiliter

1124 1870 1125 1889 3
1151 1848 1323 1884 grassatus
1339 1843 1414 1875 est'?
1440 1856 1544 1887 quam
1561 1846 1694 1880 tristem
1711 1855 1857 1891 stragem
1875 1857 1977 1896 atque
1992 1856 2133 1891 ruinam

1151 1892 1287 1924 edidit‘.>
1313 1904 1390 1925 cum
1409 1893 1510 1927 initio
1527 1894 1639 1927 Adam
1656 1903 1688 1930 et
1708 1896 1818 1931 Evam
1836 1900 1976 1948 impulit
1995 1905 2031 1938 in
2048 1904 2132 1940 hor-

1123 1945 1124 1948 ’
1150 1943 1298 1974 rendum
1312 1942 1467 1986 lapsum,
1493 1956 1560 1988 qua
1578 1945 1788 1988 impulsione
1804 1950 2006 1987 universum
2023 1967 2132 1999 genus

1150 1989 1344 2024 humanum
1365 1993 1525 2026 avulsum
1544 2006 1561 2026 a
1580 1993 1653 2027 Deo
1672 2000 1838 2040 pertraxit
1860 2001 1896 2033 in
1923 2012 2069 2039 mortem
2097 2015 2130 2043 et

1150 2042 1307 2074 miserias
1332 2042 1497 2077 infinitas.
1557 2045 1642 2077 Item
1653 2073 1662 2086 ,

1696 2060 1799 2092 quam
1823 2052 1941 2086 saeviit
1965 2057 2130 2091 atrociter

1150 2092 1314 2123 omnibns
1329 2093 1571 2135 temporibus?
1591 2105 1760 2140 quantum
1778 2100 2127 2144 flagitiosissimarum

1148 2141 1358 2182 libidinum,
1399 2140 1624 2178 horribilium
1650 2147 1935 2193 dissipationutn,
1979 2157 2126 2199 tragico-

1148 2203 1224 2223 rum
1259 2198 1292 2224 et
1323 2191 1599 2227 tristissimorum
1624 2209 1783 2239 casuum,
1823 2203 2124 2241 acerbissimarum

1147 2241 1381 2274 calamitatum
1399 2244 1561 2277 diabolus
1576 2247 1724 2288 invexit,
1752 2256 1784 2282 et
1800 2251 1980 2295 excitavit,
2006 2256 2044 2289 in
2065 2270 2125 2291 ex-

1146 2292 1339 2333 cogitandis
1374 2300 1408 2327 et
1437 2295 1655 2329 stabiliendis
1681 2297 1803 2339 idolis,
1835 2301 1870 2334 in
1891 2307 2123 2341 accendendis

1145 2353 1217 2375 non
1235 2344 1434 2376 necessariis
1459 2345 1577 2383 hellis,
1605 2347 1640 2378 in
1666 2348 1855 2383 efficiendis
1877 2355 2039 2388 caedibus
2065 2361 2119 2390 in-

1145 2392 1262 2430 iustis,
1304 2393 1340 2425 in
1369 2395 1585 2427 concitandis
1610 2397 1844 2434 seditionibus
1868 2410 1899 2435 ct
1927 2405 2119 2449 discordiis,

1144 2449 1205 2475 etc.

1143 2492 1279 2533 losum,
1323 2505 1480 2535 segnem,
1522 2495 1685 2537 ignavum
1712 2506 1745 2532 et
1768 2504 1918 2535 otiosum
1945 2506 2117 2547 spiritum,

1143 2545 1199 2575 sed
1219 2545 1309 2576 clare
1326 2550 1437 2577 textus
1453 2551 1485 2577 et
1503 2547 1670 2589 expressis
1686 2551 1802 2582 verbis
1828 2552 1939 2596 inquit
1958 2557 1999 2586 de
2018 2556 2116 2591 luda:

1115 2595 1117 2629 ιζ
1143 2592 1289 2627 Intravit
1305 2594 1338 2626 in
1357 2606 1433 2626 eum
1446 2593 1599 2628 Satanas.

1142 2643 1285 2685 risaeos,
1313 2645 1372 2689 qui
1398 2651 1488 2677 certe
1510 2646 1681 2690 sapientes
1709 2657 1826 2695 erant,
1848 2660 1879 2686 et
1906 2666 2017 2689 mores
2045 2671 2118 2691 mo-

1259 2442 1328 2476 Nec
1354 2443 1608 2486 imaginemini„
1644 2447 1823 2483 diabolum
1847 2464 1918 2485 esse
1941 2457 2118 2491 somnicu—

1656 2597 1757 2638 ltem,
1783 2599 1955 2636 Dominus
1972 2608 2011 2637 ad
2028 2606 2117 2640 Pha-

1438 2692 1517 2728 42*
