<?xml version="1.0" encoding="UTF-8"?>
<!DOCTYPE html PUBLIC "-//W3C//DTD XHTML 1.0 Transitional//EN"
    "http://www.w3.org/TR/xhtml1/DTD/xhtml1-transitional.dtd">
<html xmlns="http://www.w3.org/1999/xhtml" xml:lang="en" lang="en">
 <head>
  <title>
</title>
<meta http-equiv="Content-Type" content="text/html;charset=utf-8" />
  <meta name='ocr-system' content='tesseract 3.04.00' />
  <meta name='ocr-capabilities' content='ocr_page ocr_carea ocr_par ocr_line ocrx_word'/>
</head>
<body>
  <div class='ocr_page' id='page_1' title='image "./operaquaesupersu14melauoft/operaquaesupersu14melauoft_0159.png"; bbox 0 0 2409 2915; ppageno 0'>
   <div class='ocr_carea' id='block_1_1' title="bbox 15 0 60 2915">
    <p class='ocr_par' dir='ltr' id='par_1_1' title="bbox 15 0 60 2915">
     <span class='ocr_line' id='line_1_1' title="bbox 15 0 60 2915; baseline 0 0"><span class='ocrx_word' id='word_1_1' title='bbox 15 0 60 2915; x_wconf 95' lang='lat' dir='ltr'> </span> 
     </span>
    </p>
   </div>
   <div class='ocr_carea' id='block_1_2' title="bbox 105 98 731 137">
    <p class='ocr_par' dir='ltr' id='par_1_2' title="bbox 105 98 731 137">
     <span class='ocr_line' id='line_1_2' title="bbox 105 98 731 137; baseline -0.005 0"><span class='ocrx_word' id='word_1_2' title='bbox 105 98 177 137; x_wconf 75' lang='lat'>301</span> <span class='ocrx_word' id='word_1_3' title='bbox 651 98 731 134; x_wconf 85' lang='lat' dir='ltr'><strong>XII.</strong></span> 
     </span>
    </p>
   </div>
   <div class='ocr_carea' id='block_1_3' title="bbox 784 94 1583 135">
    <p class='ocr_par' dir='ltr' id='par_1_3' title="bbox 784 94 1583 135">
     <span class='ocr_line' id='line_1_3' title="bbox 784 94 1583 135; baseline 0.001 -3"><span class='ocrx_word' id='word_1_4' title='bbox 784 95 1177 135; x_wconf 83' lang='lat' dir='ltr'><strong>ANNOTATIONES</strong></span> <span class='ocrx_word' id='word_1_5' title='bbox 1206 95 1255 132; x_wconf 87' lang='lat' dir='ltr'>IN</span> <span class='ocrx_word' id='word_1_6' title='bbox 1282 94 1583 134; x_wconf 67' lang='lat' dir='ltr'>EVANGELtA.</span> 
     </span>
    </p>
   </div>
   <div class='ocr_carea' id='block_1_4' title="bbox 2049 97 2124 131">
    <p class='ocr_par' dir='ltr' id='par_1_4' title="bbox 2049 97 2124 131">
     <span class='ocr_line' id='line_1_4' title="bbox 2049 97 2124 131; baseline 0.013 -1"><span class='ocrx_word' id='word_1_7' title='bbox 2049 97 2124 131; x_wconf 75' lang='lat'>502</span> 
     </span>
    </p>
   </div>
   <div class='ocr_carea' id='block_1_5' title="bbox 158 182 2124 235">
    <p class='ocr_par' dir='ltr' id='par_1_5' title="bbox 158 182 2124 235">
     <span class='ocr_line' id='line_1_5' title="bbox 158 182 2124 235; baseline -0.004 -15"><span class='ocrx_word' id='word_1_8' title='bbox 158 185 211 221; x_wconf 84' lang='lat' dir='ltr'>Et</span> <span class='ocrx_word' id='word_1_9' title='bbox 235 187 274 221; x_wconf 85' lang='lat' dir='ltr'>in</span> <span class='ocrx_word' id='word_1_10' title='bbox 300 187 448 235; x_wconf 87' lang='lat' dir='ltr'>inferno</span> <span class='ocrx_word' id='word_1_11' title='bbox 475 185 618 220; x_wconf 64' lang='lat' dir='ltr'>elevans</span> <span class='ocrx_word' id='word_1_12' title='bbox 641 182 764 218; x_wconf 80' lang='lat' dir='ltr'>oculos</span> <span class='ocrx_word' id='word_1_13' title='bbox 780 195 884 225; x_wconf 83' lang='lat' dir='ltr'>suos,</span> <span class='ocrx_word' id='word_1_14' title='bbox 911 195 988 217; x_wconf 79' lang='lat' dir='ltr'>cum</span> <span class='ocrx_word' id='word_1_15' title='bbox 1005 188 1092 218; x_wconf 78' lang='lat' dir='ltr'>esset</span> <span class='ocrx_word' id='word_1_16' title='bbox 1115 185 1119 215; x_wconf 80' lang='lat' dir='ltr'>l</span> <span class='ocrx_word' id='word_1_17' title='bbox 1141 183 1324 217; x_wconf 84' lang='lat' dir='ltr'>mitatibus</span> <span class='ocrx_word' id='word_1_18' title='bbox 1349 190 1465 217; x_wconf 84' lang='lat' dir='ltr'>tenere</span> <span class='ocrx_word' id='word_1_19' title='bbox 1490 194 1627 216; x_wconf 82' lang='lat' dir='ltr'>necesse</span> <span class='ocrx_word' id='word_1_20' title='bbox 1643 188 1710 223; x_wconf 84' lang='lat' dir='ltr'>est,</span> <span class='ocrx_word' id='word_1_21' title='bbox 1737 193 1781 214; x_wconf 89' lang='lat' dir='ltr'>ne</span> <span class='ocrx_word' id='word_1_22' title='bbox 1798 186 1942 225; x_wconf 83' lang='lat' dir='ltr'>propter</span> <span class='ocrx_word' id='word_1_23' title='bbox 1959 192 2014 214; x_wconf 84' lang='lat' dir='ltr'>eas</span> <span class='ocrx_word' id='word_1_24' title='bbox 2032 182 2124 215; x_wconf 89' lang='lat' dir='ltr'>iudi-</span> 
     </span>
    </p>
   </div>
   <div class='ocr_carea' id='block_1_6' title="bbox 207 232 1120 880">
    <p class='ocr_par' dir='ltr' id='par_1_6' title="bbox 207 232 1120 880">
     <span class='ocr_line' id='line_1_6' title="bbox 211 232 1092 280; baseline -0.005 -9"><span class='ocrx_word' id='word_1_25' title='bbox 211 238 250 271; x_wconf 90' lang='lat' dir='ltr'>in</span> <span class='ocrx_word' id='word_1_26' title='bbox 273 237 478 276; x_wconf 77' lang='lat' dir='ltr'>tormentis,</span> <span class='ocrx_word' id='word_1_27' title='bbox 512 232 602 268; x_wconf 66' lang='lat' dir='ltr'>cidit</span> <span class='ocrx_word' id='word_1_28' title='bbox 629 232 822 268; x_wconf 77' lang='lat' dir='ltr'>Abraham</span> <span class='ocrx_word' id='word_1_29' title='bbox 853 247 876 267; x_wconf 88' lang='lat' dir='ltr'><em>a</em></span> <span class='ocrx_word' id='word_1_30' title='bbox 903 233 1025 280; x_wconf 78' lang='lat' dir='ltr'>longe,</span> <span class='ocrx_word' id='word_1_31' title='bbox 1062 239 1092 268; x_wconf 82' lang='lat' dir='ltr'>el</span> 
     </span>
     <span class='ocr_line' id='line_1_7' title="bbox 210 283 1091 333; baseline -0.007 -10"><span class='ocrx_word' id='word_1_32' title='bbox 210 286 404 323; x_wconf 74' lang='lat' dir='ltr'>Lazarum</span> <span class='ocrx_word' id='word_1_33' title='bbox 428 287 466 321; x_wconf 87' lang='lat' dir='ltr'>in</span> <span class='ocrx_word' id='word_1_34' title='bbox 484 287 568 320; x_wconf 81' lang='lat' dir='ltr'>sinu</span> <span class='ocrx_word' id='word_1_35' title='bbox 587 285 681 326; x_wconf 77' lang='lat' dir='ltr'>eins,</span> <span class='ocrx_word' id='word_1_36' title='bbox 709 290 738 318; x_wconf 79' lang='lat' dir='ltr'>et</span> <span class='ocrx_word' id='word_1_37' title='bbox 756 285 830 333; x_wconf 81' lang='lat' dir='ltr'>ipse</span> <span class='ocrx_word' id='word_1_38' title='bbox 849 284 1016 319; x_wconf 77' lang='lat' dir='ltr'>clamans</span> <span class='ocrx_word' id='word_1_39' title='bbox 1035 283 1091 318; x_wconf 86' lang='lat' dir='ltr'>di-</span> 
     </span>
     <span class='ocr_line' id='line_1_8' title="bbox 209 334 1092 375; baseline -0.005 -2"><span class='ocrx_word' id='word_1_40' title='bbox 209 340 282 373; x_wconf 74' lang='lat' dir='ltr'>xit:</span> <span class='ocrx_word' id='word_1_41' title='bbox 309 334 638 375; x_wconf 78' lang='lat' dir='ltr'>Patet-Abraham,</span> <span class='ocrx_word' id='word_1_42' title='bbox 661 335 826 370; x_wconf 81' lang='lat' dir='ltr'>miserere</span> <span class='ocrx_word' id='word_1_43' title='bbox 841 337 921 374; x_wconf 82' lang='lat' dir='ltr'>mei,</span> <span class='ocrx_word' id='word_1_44' title='bbox 947 341 976 370; x_wconf 84' lang='lat' dir='ltr'>el</span> <span class='ocrx_word' id='word_1_45' title='bbox 994 336 1092 369; x_wconf 83' lang='lat' dir='ltr'>mille</span> 
     </span>
     <span class='ocr_line' id='line_1_9' title="bbox 209 385 1094 433; baseline -0.005 -10"><span class='ocrx_word' id='word_1_46' title='bbox 209 388 423 429; x_wconf 77' lang='lat' dir='ltr'><strong><em>Lazarum,</em></strong></span> <span class='ocrx_word' id='word_1_47' title='bbox 449 393 488 421; x_wconf 81' lang='lat' dir='ltr'>ul</span> <span class='ocrx_word' id='word_1_48' title='bbox 509 387 672 433; x_wconf 78' lang='lat' dir='ltr'>intingat</span> <span class='ocrx_word' id='word_1_49' title='bbox 689 391 886 421; x_wconf 73' lang='lat' dir='ltr'>extremum</span> <span class='ocrx_word' id='word_1_50' title='bbox 907 385 1018 433; x_wconf 72' lang='lat' dir='ltr'>digiti</span> <span class='ocrx_word' id='word_1_51' title='bbox 1033 385 1094 420; x_wconf 83' lang='lat' dir='ltr'>sui</span> 
     </span>
     <span class='ocr_line' id='line_1_10' title="bbox 211 437 1090 487; baseline -0.002 -13"><span class='ocrx_word' id='word_1_52' title='bbox 211 440 250 474; x_wconf 83' lang='lat' dir='ltr'>in</span> <span class='ocrx_word' id='word_1_53' title='bbox 280 451 434 487; x_wconf 81' lang='lat' dir='ltr'>aquam,</span> <span class='ocrx_word' id='word_1_54' title='bbox 478 443 508 471; x_wconf 82' lang='lat' dir='ltr'>et</span> <span class='ocrx_word' id='word_1_55' title='bbox 540 438 728 486; x_wconf 73' lang='lat' dir='ltr'>refrigeret</span> <span class='ocrx_word' id='word_1_56' title='bbox 762 437 930 483; x_wconf 80' lang='lat' dir='ltr'>linguam</span> <span class='ocrx_word' id='word_1_57' title='bbox 963 449 1090 472; x_wconf 75' lang='lat' dir='ltr'>meam.</span> 
     </span>
     <span class='ocr_line' id='line_1_11' title="bbox 208 486 1120 536; baseline -0.003 -12"><span class='ocrx_word' id='word_1_58' title='bbox 208 489 326 524; x_wconf 69' lang='lat' dir='ltr'>Dixit</span> <span class='ocrx_word' id='word_1_59' title='bbox 362 494 481 523; x_wconf 78' lang='lat' dir='ltr'>autem</span> <span class='ocrx_word' id='word_1_60' title='bbox 519 486 733 523; x_wconf 82' lang='lat' dir='ltr'>Abraham.-</span> <span class='ocrx_word' id='word_1_61' title='bbox 773 486 858 523; x_wconf 83' lang='lat' dir='ltr'>Fili</span> <span class='ocrx_word' id='word_1_62' title='bbox 893 486 1091 527; x_wconf 83' lang='lat' dir='ltr'>recordare,</span> <span class='ocrx_word' id='word_1_63' title='bbox 1117 489 1120 536; x_wconf 63' lang='grc' dir='ltr'>ξ</span> 
     </span>
     <span class='ocr_line' id='line_1_12' title="bbox 207 536 1092 588; baseline -0.002 -14"><span class='ocrx_word' id='word_1_64' title='bbox 207 541 297 588; x_wconf 76' lang='lat' dir='ltr'>quia</span> <span class='ocrx_word' id='word_1_65' title='bbox 323 540 484 586; x_wconf 72' lang='lat' dir='ltr'><em>recepisti</em></span> <span class='ocrx_word' id='word_1_66' title='bbox 499 539 594 573; x_wconf 80' lang='lat' dir='ltr'>bona</span> <span class='ocrx_word' id='word_1_67' title='bbox 612 545 676 573; x_wconf 79' lang='lat' dir='ltr'>lua</span> <span class='ocrx_word' id='word_1_68' title='bbox 696 539 733 572; x_wconf 85' lang='lat' dir='ltr'>in</span> <span class='ocrx_word' id='word_1_69' title='bbox 752 539 826 573; x_wconf 68' lang='lat' dir='ltr'>vila</span> <span class='ocrx_word' id='word_1_70' title='bbox 845 544 931 583; x_wconf 78' lang='lat' dir='ltr'>lua,</span> <span class='ocrx_word' id='word_1_71' title='bbox 959 545 988 573; x_wconf 82' lang='lat' dir='ltr'>ei</span> <span class='ocrx_word' id='word_1_72' title='bbox 1009 536 1092 573; x_wconf 85' lang='lat' dir='ltr'>La-</span> 
     </span>
     <span class='ocr_line' id='line_1_13' title="bbox 208 588 1089 625; baseline -0.003 0"><span class='ocrx_word' id='word_1_73' title='bbox 208 603 319 625; x_wconf 80' lang='lat' dir='ltr'>zarus</span> <span class='ocrx_word' id='word_1_74' title='bbox 342 591 514 625; x_wconf 75' lang='lat' dir='ltr'>similiter</span> <span class='ocrx_word' id='word_1_75' title='bbox 534 589 658 624; x_wconf 81' lang='lat' dir='ltr'>mala:</span> <span class='ocrx_word' id='word_1_76' title='bbox 687 602 782 624; x_wconf 80' lang='lat' dir='ltr'>nnnc</span> <span class='ocrx_word' id='word_1_77' title='bbox 798 595 916 624; x_wconf 80' lang='lat' dir='ltr'>aulem</span> <span class='ocrx_word' id='word_1_78' title='bbox 934 588 992 623; x_wconf 76' lang='lat' dir='ltr'>hic</span> <span class='ocrx_word' id='word_1_79' title='bbox 1008 602 1089 624; x_wconf 86' lang='lat' dir='ltr'>con-</span> 
     </span>
     <span class='ocr_line' id='line_1_14' title="bbox 208 639 1119 688; baseline -0.001 -13"><span class='ocrx_word' id='word_1_80' title='bbox 208 641 371 684; x_wconf 75' lang='lat' dir='ltr'>solatur,</span> <span class='ocrx_word' id='word_1_81' title='bbox 397 647 435 675; x_wconf 83' lang='lat' dir='ltr'>tu</span> <span class='ocrx_word' id='word_1_82' title='bbox 459 653 539 675; x_wconf 59' lang='lat' dir='ltr'>vero</span> <span class='ocrx_word' id='word_1_83' title='bbox 563 640 747 675; x_wconf 79' lang='lat' dir='ltr'>cruciaris.</span> <span class='ocrx_word' id='word_1_84' title='bbox 802 640 854 674; x_wconf 83' lang='lat' dir='ltr'>Et</span> <span class='ocrx_word' id='word_1_85' title='bbox 881 654 988 688; x_wconf 80' lang='lat' dir='ltr'>super</span> <span class='ocrx_word' id='word_1_86' title='bbox 1005 639 1092 674; x_wconf 84' lang='lat' dir='ltr'>haec</span> <span class='ocrx_word' id='word_1_87' title='bbox 1118 668 1119 688; x_wconf 19' lang='grc' dir='ltr'>ἒ</span> 
     </span>
     <span class='ocr_line' id='line_1_15' title="bbox 211 689 1092 738; baseline -0.003 -12"><span class='ocrx_word' id='word_1_88' title='bbox 211 693 335 726; x_wconf 80' lang='lat' dir='ltr'>omnia</span> <span class='ocrx_word' id='word_1_89' title='bbox 361 692 454 726; x_wconf 82' lang='lat' dir='ltr'>inter</span> <span class='ocrx_word' id='word_1_90' title='bbox 477 705 543 726; x_wconf 80' lang='lat' dir='ltr'>nos</span> <span class='ocrx_word' id='word_1_91' title='bbox 565 697 595 725; x_wconf 81' lang='lat' dir='ltr'>el</span> <span class='ocrx_word' id='word_1_92' title='bbox 620 704 680 725; x_wconf 64' lang='lat' dir='ltr'>cos</span> <span class='ocrx_word' id='word_1_93' title='bbox 705 689 816 726; x_wconf 82' lang='lat' dir='ltr'>chaos</span> <span class='ocrx_word' id='word_1_94' title='bbox 833 705 1007 738; x_wconf 78' lang='lat' dir='ltr'>magnum</span> <span class='ocrx_word' id='word_1_95' title='bbox 1022 689 1092 735; x_wconf 83' lang='lat' dir='ltr'>fir-</span> 
     </span>
     <span class='ocr_line' id='line_1_16' title="bbox 209 740 1092 790; baseline -0.002 -13"><span class='ocrx_word' id='word_1_96' title='bbox 209 749 349 777; x_wconf 80' lang='lat' dir='ltr'>malum</span> <span class='ocrx_word' id='word_1_97' title='bbox 375 748 442 782; x_wconf 78' lang='lat' dir='ltr'>est,</span> <span class='ocrx_word' id='word_1_98' title='bbox 471 748 507 777; x_wconf 81' lang='lat' dir='ltr'>ul</span> <span class='ocrx_word' id='word_1_99' title='bbox 533 741 577 776; x_wconf 81' lang='lat' dir='ltr'>hi</span> <span class='ocrx_word' id='word_1_100' title='bbox 597 743 664 790; x_wconf 74' lang='lat' dir='ltr'>qui</span> <span class='ocrx_word' id='word_1_101' title='bbox 686 741 812 776; x_wconf 58' lang='lat' dir='ltr'>colunt</span> <span class='ocrx_word' id='word_1_102' title='bbox 829 740 915 777; x_wconf 81' lang='lat' dir='ltr'>hinc</span> <span class='ocrx_word' id='word_1_103' title='bbox 933 742 1092 776; x_wconf 81' lang='lat' dir='ltr'>transire</span> 
     </span>
     <span class='ocr_line' id='line_1_17' title="bbox 209 791 1092 841; baseline -0.001 -13"><span class='ocrx_word' id='word_1_104' title='bbox 209 793 264 827; x_wconf 81' lang='lat' dir='ltr'>ad</span> <span class='ocrx_word' id='word_1_105' title='bbox 293 807 375 838; x_wconf 70' lang='lat' dir='ltr'>vos,</span> <span class='ocrx_word' id='word_1_106' title='bbox 409 806 482 828; x_wconf 83' lang='lat' dir='ltr'>non</span> <span class='ocrx_word' id='word_1_107' title='bbox 503 794 669 841; x_wconf 78' lang='lat' dir='ltr'>possint,</span> <span class='ocrx_word' id='word_1_108' title='bbox 706 805 816 841; x_wconf 78' lang='lat' dir='ltr'>neque</span> <span class='ocrx_word' id='word_1_109' title='bbox 843 792 925 827; x_wconf 75' lang='lat' dir='ltr'>inde</span> <span class='ocrx_word' id='word_1_110' title='bbox 952 791 1006 827; x_wconf 83' lang='lat' dir='ltr'>ad</span> <span class='ocrx_word' id='word_1_111' title='bbox 1027 805 1092 826; x_wconf 84' lang='lat' dir='ltr'>nos</span> 
     </span>
     <span class='ocr_line' id='line_1_18' title="bbox 208 850 1120 880; baseline -0.001 -2"><span class='ocrx_word' id='word_1_112' title='bbox 208 850 445 880; x_wconf 76' lang='lat' dir='ltr'><strong><em>transmeare.</em></strong></span> <span class='ocrx_word' id='word_1_113' title='bbox 1118 854 1120 880; x_wconf 62' lang='grc' dir='ltr'>ε</span> 
     </span>
    </p>
   </div>
   <div class='ocr_carea' id='block_1_7' title="bbox 158 902 1094 1203">
    <p class='ocr_par' dir='ltr' id='par_1_7' title="bbox 158 902 1094 1203">
     <span class='ocr_line' id='line_1_19' title="bbox 158 902 1091 950; baseline -0.003 -11"><span class='ocrx_word' id='word_1_114' title='bbox 158 905 221 939; x_wconf 83' lang='lat' dir='ltr'>Ait</span> <span class='ocrx_word' id='word_1_115' title='bbox 238 909 375 938; x_wconf 80' lang='lat' dir='ltr'>autem.-</span> <span class='ocrx_word' id='word_1_116' title='bbox 399 902 509 950; x_wconf 75' lang='lat' dir='ltr'>Rogo</span> <span class='ocrx_word' id='word_1_117' title='bbox 526 917 609 950; x_wconf 80' lang='lat' dir='ltr'>ergo</span> <span class='ocrx_word' id='word_1_118' title='bbox 627 909 657 937; x_wconf 76' lang='lat' dir='ltr'>{e</span> <span class='ocrx_word' id='word_1_119' title='bbox 672 908 788 950; x_wconf 74' lang='lat' dir='ltr'>paler,</span> <span class='ocrx_word' id='word_1_120' title='bbox 817 908 853 937; x_wconf 78' lang='lat' dir='ltr'>ut</span> <span class='ocrx_word' id='word_1_121' title='bbox 871 903 997 937; x_wconf 79' lang='lat' dir='ltr'>mittas</span> <span class='ocrx_word' id='word_1_122' title='bbox 1014 915 1091 936; x_wconf 75' lang='lat' dir='ltr'>eum</span> 
     </span>
     <span class='ocr_line' id='line_1_20' title="bbox 209 952 1092 1001; baseline -0.003 -12"><span class='ocrx_word' id='word_1_123' title='bbox 209 956 247 990; x_wconf 84' lang='lat' dir='ltr'>in</span> <span class='ocrx_word' id='word_1_124' title='bbox 271 953 416 988; x_wconf 81' lang='lat' dir='ltr'>domum</span> <span class='ocrx_word' id='word_1_125' title='bbox 440 955 561 1001; x_wconf 79' lang='lat' dir='ltr'>patris</span> <span class='ocrx_word' id='word_1_126' title='bbox 581 956 665 993; x_wconf 77' lang='lat' dir='ltr'>mei,</span> <span class='ocrx_word' id='word_1_127' title='bbox 690 952 806 987; x_wconf 79' lang='lat' dir='ltr'>habeo</span> <span class='ocrx_word' id='word_1_128' title='bbox 823 954 915 987; x_wconf 73' lang='lat' dir='ltr'>anim</span> <span class='ocrx_word' id='word_1_129' title='bbox 935 954 1092 1001; x_wconf 74' lang='lat' dir='ltr'>quinque</span> 
     </span>
     <span class='ocr_line' id='line_1_21' title="bbox 202 1004 1092 1054; baseline -0.002 -15"><span class='ocrx_word' id='word_1_130' title='bbox 202 1006 366 1054; x_wconf 76' lang='lat' dir='ltr'>fratres,</span> <span class='ocrx_word' id='word_1_131' title='bbox 396 1011 432 1039; x_wconf 82' lang='lat' dir='ltr'>u!</span> <span class='ocrx_word' id='word_1_132' title='bbox 457 1011 603 1039; x_wconf 74' lang='lat' dir='ltr'>testetur</span> <span class='ocrx_word' id='word_1_133' title='bbox 629 1004 727 1045; x_wconf 79' lang='lat' dir='ltr'>illis,</span> <span class='ocrx_word' id='word_1_134' title='bbox 756 1009 792 1037; x_wconf 80' lang='lat' dir='ltr'>ul</span> <span class='ocrx_word' id='word_1_135' title='bbox 812 1018 884 1038; x_wconf 84' lang='lat' dir='ltr'>non</span> <span class='ocrx_word' id='word_1_136' title='bbox 901 1009 931 1038; x_wconf 80' lang='lat' dir='ltr'>et</span> <span class='ocrx_word' id='word_1_137' title='bbox 950 1005 1024 1051; x_wconf 83' lang='lat' dir='ltr'>ipsi</span> <span class='ocrx_word' id='word_1_138' title='bbox 1039 1016 1092 1036; x_wconf 65' lang='lat' dir='ltr'>ve-</span> 
     </span>
     <span class='ocr_line' id='line_1_22' title="bbox 211 1053 1093 1090; baseline -0.002 -1"><span class='ocrx_word' id='word_1_139' title='bbox 211 1057 318 1089; x_wconf 82' lang='lat' dir='ltr'>niant</span> <span class='ocrx_word' id='word_1_140' title='bbox 349 1056 385 1089; x_wconf 88' lang='lat' dir='ltr'>in</span> <span class='ocrx_word' id='word_1_141' title='bbox 419 1053 514 1090; x_wconf 74' lang='lat' dir='ltr'>hunc</span> <span class='ocrx_word' id='word_1_142' title='bbox 549 1055 663 1089; x_wconf 74' lang='lat' dir='ltr'>locum</span> <span class='ocrx_word' id='word_1_143' title='bbox 696 1055 873 1088; x_wconf 73' lang='lat' dir='ltr'>tormenti.</span> <span class='ocrx_word' id='word_1_144' title='bbox 938 1055 1000 1088; x_wconf 78' lang='lat' dir='ltr'>Ait</span> <span class='ocrx_word' id='word_1_145' title='bbox 1032 1053 1093 1087; x_wconf 77' lang='lat' dir='ltr'>illi</span> 
     </span>
     <span class='ocr_line' id='line_1_23' title="bbox 210 1103 1093 1153; baseline -0.001 -14"><span class='ocrx_word' id='word_1_146' title='bbox 210 1104 424 1140; x_wconf 71' lang='lat' dir='ltr'>Abraham.-</span> <span class='ocrx_word' id='word_1_147' title='bbox 465 1106 613 1140; x_wconf 79' lang='lat' dir='ltr'>Habenl</span> <span class='ocrx_word' id='word_1_148' title='bbox 645 1104 782 1139; x_wconf 74' lang='lat' dir='ltr'>Illosen</span> <span class='ocrx_word' id='word_1_149' title='bbox 814 1111 844 1139; x_wconf 78' lang='lat' dir='ltr'>et</span> <span class='ocrx_word' id='word_1_150' title='bbox 878 1103 1093 1153; x_wconf 74' lang='lat' dir='ltr'><em>Prophetas,</em></span> 
     </span>
     <span class='ocr_line' id='line_1_24' title="bbox 209 1155 1094 1203; baseline -0.003 -12"><span class='ocrx_word' id='word_1_151' title='bbox 209 1155 370 1191; x_wconf 84' lang='lat' dir='ltr'>audiant</span> <span class='ocrx_word' id='word_1_152' title='bbox 403 1156 502 1192; x_wconf 86' lang='lat' dir='ltr'>illos.</span> <span class='ocrx_word' id='word_1_153' title='bbox 558 1155 604 1189; x_wconf 79' lang='lat' dir='ltr'>At</span> <span class='ocrx_word' id='word_1_154' title='bbox 635 1156 698 1190; x_wconf 73' lang='lat' dir='ltr'>ille</span> <span class='ocrx_word' id='word_1_155' title='bbox 727 1155 844 1190; x_wconf 74' lang='lat' dir='ltr'>dixit:</span> <span class='ocrx_word' id='word_1_156' title='bbox 877 1155 965 1191; x_wconf 60' lang='lat' dir='ltr'>tVon</span> <span class='ocrx_word' id='word_1_157' title='bbox 989 1161 1094 1203; x_wconf 77' lang='lat' dir='ltr'>paler</span> 
     </span>
    </p>
   </div>
   <div class='ocr_carea' id='block_1_8' title="bbox 1118 542 1274 637">
    <p class='ocr_par' dir='ltr' id='par_1_8' title="bbox 1118 542 1274 637">
     <span class='ocr_line' id='line_1_25' title="bbox 1118 542 1257 585; baseline 0.007 -9"><span class='ocrx_word' id='word_1_158' title='bbox 1118 582 1119 585; x_wconf 8' lang='grc' dir='ltr'><strong>Ἴ</strong></span> <span class='ocrx_word' id='word_1_159' title='bbox 1144 542 1257 577; x_wconf 74' lang='lat' dir='ltr'>diviti.</span> 
     </span>
     <span class='ocr_line' id='line_1_26' title="bbox 1118 605 1274 637; baseline 0 -11"><span class='ocrx_word' id='word_1_160' title='bbox 1118 613 1120 616; x_wconf 61' lang='lat'>&gt;</span> <span class='ocrx_word' id='word_1_161' title='bbox 1144 605 1274 637; x_wconf 88' lang='lat' dir='ltr'>perem.</span> 
     </span>
    </p>
   </div>
   <div class='ocr_carea' id='block_1_9' title="bbox 1118 547 1122 1230">
    <p class='ocr_par' dir='ltr' id='par_1_9' title="bbox 1118 547 1122 1230">
     <span class='ocr_line' id='line_1_27' title="bbox 1118 547 1122 1230; baseline 0 0"><span class='ocrx_word' id='word_1_162' title='bbox 1118 547 1122 1230; x_wconf 95' lang='lat' dir='ltr'> </span> 
     </span>
    </p>
   </div>
   <div class='ocr_carea' id='block_1_10' title="bbox 207 1205 1097 1406">
    <p class='ocr_par' dir='ltr' id='par_1_10' title="bbox 207 1205 1097 1406">
     <span class='ocr_line' id='line_1_28' title="bbox 210 1205 1097 1254; baseline -0.002 -13"><span class='ocrx_word' id='word_1_163' title='bbox 210 1206 425 1249; x_wconf 77' lang='lat' dir='ltr'>Abraham,</span> <span class='ocrx_word' id='word_1_164' title='bbox 451 1205 517 1242; x_wconf 80' lang='lat' dir='ltr'>sed</span> <span class='ocrx_word' id='word_1_165' title='bbox 536 1208 571 1240; x_wconf 81' lang='lat' dir='ltr'>si</span> <span class='ocrx_word' id='word_1_166' title='bbox 593 1207 675 1254; x_wconf 77' lang='lat' dir='ltr'>quis</span> <span class='ocrx_word' id='word_1_167' title='bbox 698 1219 744 1240; x_wconf 54' lang='lat' dir='ltr'>et·</span> <span class='ocrx_word' id='word_1_168' title='bbox 763 1208 916 1241; x_wconf 79' lang='lat' dir='ltr'>mortuis</span> <span class='ocrx_word' id='word_1_169' title='bbox 940 1208 1019 1241; x_wconf 82' lang='lat' dir='ltr'>ieri!</span> <span class='ocrx_word' id='word_1_170' title='bbox 1043 1205 1097 1239; x_wconf 83' lang='lat' dir='ltr'>ad</span> 
     </span>
     <span class='ocr_line' id='line_1_29' title="bbox 208 1257 1094 1303; baseline -0.003 -12"><span class='ocrx_word' id='word_1_171' title='bbox 208 1269 287 1297; x_wconf 79' lang='lat' dir='ltr'>eos,</span> <span class='ocrx_word' id='word_1_172' title='bbox 318 1258 580 1303; x_wconf 69' lang='lat' dir='ltr'>poenitentiarii</span> <span class='ocrx_word' id='word_1_173' title='bbox 602 1262 722 1300; x_wconf 69' lang='lat' dir='ltr'>agent.</span> <span class='ocrx_word' id='word_1_174' title='bbox 777 1257 842 1290; x_wconf 85' lang='grc' dir='ltr'>ΑιἸ</span> <span class='ocrx_word' id='word_1_175' title='bbox 867 1263 988 1289; x_wconf 72' lang='lat' dir='ltr'>autem</span> <span class='ocrx_word' id='word_1_176' title='bbox 1015 1257 1094 1291; x_wconf 81' lang='lat' dir='ltr'>illi:</span> 
     </span>
     <span class='ocr_line' id='line_1_30' title="bbox 213 1303 1094 1353; baseline -0.001 -12"><span class='ocrx_word' id='word_1_177' title='bbox 213 1306 260 1341; x_wconf 85' lang='lat' dir='ltr'>Si</span> <span class='ocrx_word' id='word_1_178' title='bbox 282 1305 422 1341; x_wconf 76' lang='lat' dir='ltr'>Illosen</span> <span class='ocrx_word' id='word_1_179' title='bbox 444 1311 474 1340; x_wconf 80' lang='lat' dir='ltr'>et</span> <span class='ocrx_word' id='word_1_180' title='bbox 497 1303 702 1353; x_wconf 75' lang='lat' dir='ltr'><strong><em>Prophetas</em></strong></span> <span class='ocrx_word' id='word_1_181' title='bbox 730 1318 802 1340; x_wconf 87' lang='lat' dir='ltr'>non</span> <span class='ocrx_word' id='word_1_182' title='bbox 827 1305 1003 1348; x_wconf 81' lang='lat' dir='ltr'>audiunt,</span> <span class='ocrx_word' id='word_1_183' title='bbox 1034 1319 1094 1340; x_wconf 84' lang='lat' dir='ltr'>ne-</span> 
     </span>
     <span class='ocr_line' id='line_1_31' title="bbox 207 1356 1092 1406; baseline 0.001 -14"><span class='ocrx_word' id='word_1_184' title='bbox 207 1369 274 1406; x_wconf 83' lang='lat' dir='ltr'>que</span> <span class='ocrx_word' id='word_1_185' title='bbox 287 1357 324 1392; x_wconf 83' lang='lat' dir='ltr'>si</span> <span class='ocrx_word' id='word_1_186' title='bbox 339 1357 422 1405; x_wconf 83' lang='lat' dir='ltr'>quis</span> <span class='ocrx_word' id='word_1_187' title='bbox 441 1369 486 1392; x_wconf 73' lang='lat' dir='ltr'>ex</span> <span class='ocrx_word' id='word_1_188' title='bbox 498 1356 652 1391; x_wconf 81' lang='lat' dir='ltr'><em>mortuis</em></span> <span class='ocrx_word' id='word_1_189' title='bbox 666 1357 913 1400; x_wconf 73' lang='lat' dir='ltr'>resurrexerit,</span> <span class='ocrx_word' id='word_1_190' title='bbox 940 1356 1092 1393; x_wconf 77' lang='lat' dir='ltr'>credent.</span> 
     </span>
    </p>
   </div>
   <div class='ocr_carea' id='block_1_11' title="bbox 460 1458 734 1482">
    <p class='ocr_par' dir='ltr' id='par_1_11' title="bbox 460 1458 734 1482">
     <span class='ocr_line' id='line_1_32' title="bbox 460 1458 734 1482; baseline -0.004 0"><span class='ocrx_word' id='word_1_191' title='bbox 460 1458 596 1482; x_wconf 81' lang='lat' dir='ltr'>Primus</span> <span class='ocrx_word' id='word_1_192' title='bbox 625 1458 734 1482; x_wconf 74' lang='lat' dir='ltr'>locus.</span> 
     </span>
    </p>
   </div>
   <div class='ocr_carea' id='block_1_12' title="bbox 104 1507 1094 2364">
    <p class='ocr_par' dir='ltr' id='par_1_12' title="bbox 104 1507 1094 2364">
     <span class='ocr_line' id='line_1_33' title="bbox 207 1507 1094 1556; baseline 0 -12"><span class='ocrx_word' id='word_1_193' title='bbox 207 1510 394 1544; x_wconf 78' lang='lat' dir='ltr'>Generalis</span> <span class='ocrx_word' id='word_1_194' title='bbox 422 1507 649 1554; x_wconf 82' lang='lat' dir='ltr'><strong>reprehensio</strong></span> <span class='ocrx_word' id='word_1_195' title='bbox 678 1518 728 1544; x_wconf 90' lang='lat' dir='ltr'>est</span> <span class='ocrx_word' id='word_1_196' title='bbox 749 1523 892 1550; x_wconf 87' lang='lat' dir='ltr'>eorum,</span> <span class='ocrx_word' id='word_1_197' title='bbox 926 1510 986 1556; x_wconf 90' lang='lat' dir='ltr'>qui</span> <span class='ocrx_word' id='word_1_198' title='bbox 1013 1517 1094 1544; x_wconf 89' lang='lat' dir='ltr'>sunt</span> 
     </span>
     <span class='ocr_line' id='line_1_34' title="bbox 107 1560 1092 1606; baseline -0.001 -10"><span class='ocrx_word' id='word_1_199' title='bbox 107 1562 187 1596; x_wconf 88' lang='lat' dir='ltr'>duri</span> <span class='ocrx_word' id='word_1_200' title='bbox 212 1573 289 1605; x_wconf 87' lang='lat' dir='ltr'>erga</span> <span class='ocrx_word' id='word_1_201' title='bbox 317 1573 498 1606; x_wconf 78' lang='lat' dir='ltr'>pauperes,</span> <span class='ocrx_word' id='word_1_202' title='bbox 558 1560 631 1594; x_wconf 72' lang='lat' dir='ltr'>Nec</span> <span class='ocrx_word' id='word_1_203' title='bbox 654 1562 872 1605; x_wconf 74' lang='lat' dir='ltr'>intelligatur</span> <span class='ocrx_word' id='word_1_204' title='bbox 895 1562 1092 1604; x_wconf 85' lang='lat' dir='ltr'>exemplum</span> 
     </span>
     <span class='ocr_line' id='line_1_35' title="bbox 106 1612 1093 1657; baseline -0.001 -11"><span class='ocrx_word' id='word_1_205' title='bbox 106 1619 242 1646; x_wconf 87' lang='lat' dir='ltr'>tantum</span> <span class='ocrx_word' id='word_1_206' title='bbox 267 1613 310 1645; x_wconf 85' lang='lat' dir='ltr'>de</span> <span class='ocrx_word' id='word_1_207' title='bbox 332 1623 404 1645; x_wconf 91' lang='lat' dir='ltr'>uno</span> <span class='ocrx_word' id='word_1_208' title='bbox 430 1623 554 1654; x_wconf 80' lang='lat' dir='ltr'>genere</span> <span class='ocrx_word' id='word_1_209' title='bbox 581 1612 903 1657; x_wconf 84' lang='lat' dir='ltr'>eleemosynarum,</span> <span class='ocrx_word' id='word_1_210' title='bbox 928 1614 986 1645; x_wconf 90' lang='lat' dir='ltr'>sed</span> <span class='ocrx_word' id='word_1_211' title='bbox 1006 1624 1093 1645; x_wconf 84' lang='lat' dir='ltr'>eun-</span> 
     </span>
     <span class='ocr_line' id='line_1_36' title="bbox 107 1661 1092 1706; baseline -0.002 -9"><span class='ocrx_word' id='word_1_212' title='bbox 107 1665 190 1697; x_wconf 90' lang='lat' dir='ltr'>dum</span> <span class='ocrx_word' id='word_1_213' title='bbox 209 1670 259 1696; x_wconf 90' lang='lat' dir='ltr'>est</span> <span class='ocrx_word' id='word_1_214' title='bbox 275 1674 338 1706; x_wconf 91' lang='lat' dir='ltr'>per</span> <span class='ocrx_word' id='word_1_215' title='bbox 353 1663 507 1697; x_wconf 86' lang='lat' dir='ltr'>ordines.</span> <span class='ocrx_word' id='word_1_216' title='bbox 551 1661 738 1695; x_wconf 82' lang='lat' dir='ltr'>Pontifices</span> <span class='ocrx_word' id='word_1_217' title='bbox 756 1669 787 1696; x_wconf 90' lang='lat' dir='ltr'>et</span> <span class='ocrx_word' id='word_1_218' title='bbox 805 1674 900 1705; x_wconf 87' lang='lat' dir='ltr'>reges</span> <span class='ocrx_word' id='word_1_219' title='bbox 915 1669 995 1696; x_wconf 90' lang='lat' dir='ltr'>sunt</span> <span class='ocrx_word' id='word_1_220' title='bbox 1013 1663 1092 1696; x_wconf 87' lang='lat' dir='ltr'>(luri</span> 
     </span>
     <span class='ocr_line' id='line_1_37' title="bbox 107 1711 1093 1757; baseline -0.003 -10"><span class='ocrx_word' id='word_1_221' title='bbox 107 1725 186 1757; x_wconf 83' lang='lat' dir='ltr'>erga</span> <span class='ocrx_word' id='word_1_222' title='bbox 208 1711 422 1749; x_wconf 77' lang='lat' dir='ltr'>Ecclesiam,</span> <span class='ocrx_word' id='word_1_223' title='bbox 454 1724 529 1745; x_wconf 85' lang='lat' dir='ltr'>non</span> <span class='ocrx_word' id='word_1_224' title='bbox 553 1714 696 1745; x_wconf 71' lang='lat' dir='ltr'>student</span> <span class='ocrx_word' id='word_1_225' title='bbox 721 1719 811 1744; x_wconf 82' lang='lat' dir='ltr'>recte</span> <span class='ocrx_word' id='word_1_226' title='bbox 839 1723 960 1744; x_wconf 70' lang='lat' dir='ltr'>sanare</span> <span class='ocrx_word' id='word_1_227' title='bbox 985 1712 1093 1744; x_wconf 89' lang='lat' dir='ltr'>‹lissi-</span> 
     </span>
     <span class='ocr_line' id='line_1_38' title="bbox 105 1761 1091 1808; baseline -0.002 -11"><span class='ocrx_word' id='word_1_228' title='bbox 105 1771 241 1808; x_wconf 84' lang='lat' dir='ltr'>patam,</span> <span class='ocrx_word' id='word_1_229' title='bbox 280 1767 439 1794; x_wconf 81' lang='lat' dir='ltr'>exercent</span> <span class='ocrx_word' id='word_1_230' title='bbox 471 1761 712 1793; x_wconf 74' lang='lat' dir='ltr'>crudelitatem</span> <span class='ocrx_word' id='word_1_231' title='bbox 744 1761 922 1795; x_wconf 85' lang='lat' dir='ltr'>iniustam.</span> <span class='ocrx_word' id='word_1_232' title='bbox 992 1761 1091 1803; x_wconf 72' lang='lat' dir='ltr'>Item,</span> 
     </span>
     <span class='ocr_line' id='line_1_39' title="bbox 105 1811 1093 1858; baseline -0.002 -11"><span class='ocrx_word' id='word_1_233' title='bbox 105 1814 358 1858; x_wconf 72' lang='lat' dir='ltr'>gubernatores</span> <span class='ocrx_word' id='word_1_234' title='bbox 387 1811 446 1843; x_wconf 90' lang='lat' dir='ltr'>alii</span> <span class='ocrx_word' id='word_1_235' title='bbox 480 1811 662 1853; x_wconf 82' lang='lat' dir='ltr'>negligunt</span> <span class='ocrx_word' id='word_1_236' title='bbox 691 1812 930 1845; x_wconf 80' lang='lat' dir='ltr'>defensionem</span> <span class='ocrx_word' id='word_1_237' title='bbox 961 1825 1093 1857; x_wconf 89' lang='lat' dir='ltr'>paupe-</span> 
     </span>
     <span class='ocr_line' id='line_1_40' title="bbox 104 1860 1092 1906; baseline -0.001 -9"><span class='ocrx_word' id='word_1_238' title='bbox 104 1877 196 1899; x_wconf 86' lang='lat' dir='ltr'>rum.</span> <span class='ocrx_word' id='word_1_239' title='bbox 251 1862 355 1902; x_wconf 88' lang='lat' dir='ltr'>Item,</span> <span class='ocrx_word' id='word_1_240' title='bbox 381 1862 508 1905; x_wconf 79' lang='lat' dir='ltr'>privati</span> <span class='ocrx_word' id='word_1_241' title='bbox 526 1873 597 1894; x_wconf 91' lang='lat' dir='ltr'>non</span> <span class='ocrx_word' id='word_1_242' title='bbox 614 1862 738 1895; x_wconf 83' lang='lat' dir='ltr'>iuvant</span> <span class='ocrx_word' id='word_1_243' title='bbox 749 1860 940 1896; x_wconf 81' lang='lat' dir='ltr'>Ecclesiam</span> <span class='ocrx_word' id='word_1_244' title='bbox 957 1870 990 1896; x_wconf 88' lang='lat' dir='ltr'>et</span> <span class='ocrx_word' id='word_1_245' title='bbox 1008 1876 1092 1906; x_wconf 84' lang='lat' dir='ltr'>pau-</span> 
     </span>
     <span class='ocr_line' id='line_1_41' title="bbox 105 1913 1092 1960; baseline 0.001 -12"><span class='ocrx_word' id='word_1_246' title='bbox 105 1925 204 1960; x_wconf 87' lang='lat' dir='ltr'>peres</span> <span class='ocrx_word' id='word_1_247' title='bbox 223 1913 365 1953; x_wconf 80' lang='lat' dir='ltr'>officiis,</span> <span class='ocrx_word' id='word_1_248' title='bbox 393 1913 520 1957; x_wconf 84' lang='lat' dir='ltr'>quibus</span> <span class='ocrx_word' id='word_1_249' title='bbox 541 1913 715 1947; x_wconf 86' lang='lat' dir='ltr'>dehebant</span> <span class='ocrx_word' id='word_1_250' title='bbox 734 1919 765 1946; x_wconf 87' lang='lat' dir='ltr'>et</span> <span class='ocrx_word' id='word_1_251' title='bbox 782 1920 943 1956; x_wconf 80' lang='lat' dir='ltr'>poterant</span> <span class='ocrx_word' id='word_1_252' title='bbox 960 1914 1092 1949; x_wconf 83' lang='lat' dir='ltr'>iuvare.</span> 
     </span>
     <span class='ocr_line' id='line_1_42' title="bbox 104 1962 1090 2008; baseline 0 -10"><span class='ocrx_word' id='word_1_253' title='bbox 104 1965 156 2000; x_wconf 81' lang='lat' dir='ltr'>lta</span> <span class='ocrx_word' id='word_1_254' title='bbox 173 1964 382 2008; x_wconf 73' lang='lat' dir='ltr'>generaliter</span> <span class='ocrx_word' id='word_1_255' title='bbox 398 1963 616 2006; x_wconf 73' lang='lat' dir='ltr'>intelligatur</span> <span class='ocrx_word' id='word_1_256' title='bbox 632 1962 715 1996; x_wconf 85' lang='lat' dir='ltr'>haec</span> <span class='ocrx_word' id='word_1_257' title='bbox 732 1962 970 2008; x_wconf 82' lang='lat' dir='ltr'>reprehensio.</span> <span class='ocrx_word' id='word_1_258' title='bbox 1016 1964 1090 1998; x_wconf 68' lang='lat' dir='ltr'>&#39;&#39;No-</span> 
     </span>
     <span class='ocr_line' id='line_1_43' title="bbox 104 2014 1091 2058; baseline 0 -9"><span class='ocrx_word' id='word_1_259' title='bbox 104 2023 180 2051; x_wconf 84' lang='lat' dir='ltr'>tum</span> <span class='ocrx_word' id='word_1_260' title='bbox 213 2022 262 2048; x_wconf 86' lang='lat' dir='ltr'>est</span> <span class='ocrx_word' id='word_1_261' title='bbox 291 2022 406 2047; x_wconf 87' lang='lat' dir='ltr'>autem</span> <span class='ocrx_word' id='word_1_262' title='bbox 437 2021 676 2058; x_wconf 84' lang='lat' dir='ltr'>praeceptum:</span> <span class='ocrx_word' id='word_1_263' title='bbox 712 2014 810 2048; x_wconf 85' lang='lat' dir='ltr'>Beati</span> <span class='ocrx_word' id='word_1_264' title='bbox 836 2015 1091 2056; x_wconf 81' lang='lat' dir='ltr'>misericordes,</span> 
     </span>
     <span class='ocr_line' id='line_1_44' title="bbox 104 2065 1090 2112; baseline -0.001 -12"><span class='ocrx_word' id='word_1_265' title='bbox 104 2066 273 2112; x_wconf 87' lang='lat' dir='ltr'>quoniam</span> <span class='ocrx_word' id='word_1_266' title='bbox 319 2065 595 2098; x_wconf 84' lang='lat' dir='ltr'>misericordiam</span> <span class='ocrx_word' id='word_1_267' title='bbox 643 2072 910 2110; x_wconf 75' lang='lat' dir='ltr'>consequentur.</span> <span class='ocrx_word' id='word_1_268' title='bbox 984 2066 1090 2100; x_wconf 81' lang='lat' dir='ltr'>Item:</span> 
     </span>
     <span class='ocr_line' id='line_1_45' title="bbox 105 2115 1090 2161; baseline -0.002 -10"><span class='ocrx_word' id='word_1_269' title='bbox 105 2117 234 2151; x_wconf 79' lang='lat' dir='ltr'>Beatus</span> <span class='ocrx_word' id='word_1_270' title='bbox 263 2116 320 2160; x_wconf 89' lang='lat' dir='ltr'>qui</span> <span class='ocrx_word' id='word_1_271' title='bbox 347 2115 511 2158; x_wconf 81' lang='lat' dir='ltr'>intelligit</span> <span class='ocrx_word' id='word_1_272' title='bbox 537 2128 642 2159; x_wconf 89' lang='lat' dir='ltr'>super</span> <span class='ocrx_word' id='word_1_273' title='bbox 664 2127 810 2159; x_wconf 80' lang='lat' dir='ltr'>egenum</span> <span class='ocrx_word' id='word_1_274' title='bbox 834 2124 866 2150; x_wconf 87' lang='lat' dir='ltr'>et</span> <span class='ocrx_word' id='word_1_275' title='bbox 892 2129 1090 2161; x_wconf 76' lang='lat' dir='ltr'>pauperem,</span> 
     </span>
     <span class='ocr_line' id='line_1_46' title="bbox 105 2165 1090 2210; baseline -0.001 -9"><span class='ocrx_word' id='word_1_276' title='bbox 105 2169 144 2201; x_wconf 87' lang='lat' dir='ltr'>in</span> <span class='ocrx_word' id='word_1_277' title='bbox 167 2167 224 2201; x_wconf 88' lang='lat' dir='ltr'>die</span> <span class='ocrx_word' id='word_1_278' title='bbox 249 2167 338 2199; x_wconf 85' lang='lat' dir='ltr'>mala</span> <span class='ocrx_word' id='word_1_279' title='bbox 355 2166 518 2199; x_wconf 79' lang='lat' dir='ltr'>liberabit</span> <span class='ocrx_word' id='word_1_280' title='bbox 537 2178 614 2199; x_wconf 86' lang='lat' dir='ltr'>eum</span> <span class='ocrx_word' id='word_1_281' title='bbox 633 2165 820 2202; x_wconf 85' lang='lat' dir='ltr'>Dominus.</span> <span class='ocrx_word' id='word_1_282' title='bbox 872 2166 967 2201; x_wconf 87' lang='lat' dir='ltr'>Haec</span> <span class='ocrx_word' id='word_1_283' title='bbox 985 2180 1090 2210; x_wconf 91' lang='lat' dir='ltr'>opera</span> 
     </span>
     <span class='ocr_line' id='line_1_47' title="bbox 104 2217 1091 2261; baseline -0.002 -8"><span class='ocrx_word' id='word_1_284' title='bbox 104 2225 186 2253; x_wconf 87' lang='lat' dir='ltr'>sunt</span> <span class='ocrx_word' id='word_1_285' title='bbox 210 2217 421 2255; x_wconf 80' lang='lat' dir='ltr'>necessaria,</span> <span class='ocrx_word' id='word_1_286' title='bbox 451 2223 483 2249; x_wconf 88' lang='lat' dir='ltr'>et</span> <span class='ocrx_word' id='word_1_287' title='bbox 507 2218 687 2260; x_wconf 88' lang='lat' dir='ltr'>quomodo</span> <span class='ocrx_word' id='word_1_288' title='bbox 711 2218 871 2261; x_wconf 79' lang='lat' dir='ltr'>placeant</span> <span class='ocrx_word' id='word_1_289' title='bbox 887 2218 971 2251; x_wconf 89' lang='lat' dir='ltr'>alias</span> <span class='ocrx_word' id='word_1_290' title='bbox 990 2230 1091 2261; x_wconf 86' lang='lat' dir='ltr'>saepe</span> 
     </span>
     <span class='ocr_line' id='line_1_48' title="bbox 104 2265 1088 2311; baseline -0.001 -8"><span class='ocrx_word' id='word_1_291' title='bbox 104 2269 256 2310; x_wconf 88' lang='lat' dir='ltr'>dicitur,</span> <span class='ocrx_word' id='word_1_292' title='bbox 289 2268 440 2305; x_wconf 88' lang='lat' dir='ltr'>scilicet,</span> <span class='ocrx_word' id='word_1_293' title='bbox 475 2274 619 2311; x_wconf 86' lang='lat' dir='ltr'>propter</span> <span class='ocrx_word' id='word_1_294' title='bbox 650 2265 831 2302; x_wconf 87' lang='lat' dir='ltr'>Christum</span> <span class='ocrx_word' id='word_1_295' title='bbox 860 2270 1088 2303; x_wconf 86' lang='lat' dir='ltr'>mediatorem</span> 
     </span>
     <span class='ocr_line' id='line_1_49' title="bbox 104 2317 471 2364; baseline -0.011 -11"><span class='ocrx_word' id='word_1_296' title='bbox 104 2320 142 2353; x_wconf 88' lang='lat' dir='ltr'>in</span> <span class='ocrx_word' id='word_1_297' title='bbox 161 2317 216 2354; x_wconf 86' lang='lat' dir='ltr'>his</span> <span class='ocrx_word' id='word_1_298' title='bbox 234 2319 294 2364; x_wconf 91' lang='lat' dir='ltr'>qui</span> <span class='ocrx_word' id='word_1_299' title='bbox 312 2319 471 2353; x_wconf 85' lang='lat' dir='ltr'>credunt.</span> 
     </span>
    </p>
   </div>
   <div class='ocr_carea' id='block_1_13' title="bbox 429 2402 757 2427">
    <p class='ocr_par' dir='ltr' id='par_1_13' title="bbox 429 2402 757 2427">
     <span class='ocr_line' id='line_1_50' title="bbox 429 2402 757 2427; baseline -0.006 0"><span class='ocrx_word' id='word_1_300' title='bbox 429 2402 618 2427; x_wconf 85' lang='lat' dir='ltr'>Secundus</span> <span class='ocrx_word' id='word_1_301' title='bbox 647 2402 757 2426; x_wconf 88' lang='lat' dir='ltr'>locus.</span> 
     </span>
    </p>
   </div>
   <div class='ocr_carea' id='block_1_14' title="bbox 106 2452 1090 2700">
    <p class='ocr_par' dir='ltr' id='par_1_14' title="bbox 106 2452 1090 2700">
     <span class='ocr_line' id='line_1_51' title="bbox 207 2452 1090 2498; baseline 0.002 -11"><span class='ocrx_word' id='word_1_302' title='bbox 207 2452 410 2488; x_wconf 74' lang='lat' dir='ltr'>Consolatio</span> <span class='ocrx_word' id='word_1_303' title='bbox 423 2454 638 2498; x_wconf 83' lang='lat' dir='ltr'>proponitur</span> <span class='ocrx_word' id='word_1_304' title='bbox 652 2460 773 2487; x_wconf 83' lang='lat' dir='ltr'>contra</span> <span class='ocrx_word' id='word_1_305' title='bbox 790 2454 992 2487; x_wconf 85' lang='lat' dir='ltr'>scandalum</span> <span class='ocrx_word' id='word_1_306' title='bbox 1011 2466 1090 2489; x_wconf 90' lang='lat' dir='ltr'>cru-</span> 
     </span>
     <span class='ocr_line' id='line_1_52' title="bbox 107 2503 1089 2547; baseline -0.001 -8"><span class='ocrx_word' id='word_1_307' title='bbox 107 2505 164 2539; x_wconf 83' lang='lat' dir='ltr'>cis.</span> <span class='ocrx_word' id='word_1_308' title='bbox 218 2504 370 2537; x_wconf 82' lang='lat' dir='ltr'>Lazarus</span> <span class='ocrx_word' id='word_1_309' title='bbox 384 2516 519 2547; x_wconf 75' lang='lat' dir='ltr'>pauper</span> <span class='ocrx_word' id='word_1_310' title='bbox 534 2504 673 2537; x_wconf 74' lang='lat' dir='ltr'>videtur</span> <span class='ocrx_word' id='word_1_311' title='bbox 689 2505 844 2538; x_wconf 81' lang='lat' dir='ltr'>desertus</span> <span class='ocrx_word' id='word_1_312' title='bbox 859 2516 875 2537; x_wconf 90' lang='lat' dir='ltr'>a</span> <span class='ocrx_word' id='word_1_313' title='bbox 887 2503 980 2546; x_wconf 91' lang='lat' dir='ltr'>Deo,</span> <span class='ocrx_word' id='word_1_314' title='bbox 1010 2518 1089 2539; x_wconf 87' lang='lat' dir='ltr'>cum</span> 
     </span>
     <span class='ocr_line' id='line_1_53' title="bbox 107 2553 1090 2590; baseline 0.002 -2"><span class='ocrx_word' id='word_1_315' title='bbox 107 2556 152 2589; x_wconf 88' lang='lat' dir='ltr'>sit</span> <span class='ocrx_word' id='word_1_316' title='bbox 180 2555 216 2588; x_wconf 90' lang='lat' dir='ltr'>in</span> <span class='ocrx_word' id='word_1_317' title='bbox 248 2553 410 2588; x_wconf 75' lang='lat' dir='ltr'>extremis</span> <span class='ocrx_word' id='word_1_318' title='bbox 436 2554 596 2590; x_wconf 87' lang='lat' dir='ltr'>miseriis.</span> <span class='ocrx_word' id='word_1_319' title='bbox 649 2554 692 2590; x_wconf 81' lang='lat' dir='ltr'>Et</span> <span class='ocrx_word' id='word_1_320' title='bbox 718 2562 832 2589; x_wconf 85' lang='lat' dir='ltr'>tamen</span> <span class='ocrx_word' id='word_1_321' title='bbox 862 2553 917 2589; x_wconf 88' lang='lat' dir='ltr'>hic</span> <span class='ocrx_word' id='word_1_322' title='bbox 946 2563 1090 2590; x_wconf 80' lang='lat' dir='ltr'>testatur</span> 
     </span>
     <span class='ocr_line' id='line_1_54' title="bbox 106 2602 1089 2648; baseline 0.001 -8"><span class='ocrx_word' id='word_1_323' title='bbox 106 2603 287 2646; x_wconf 70' lang='lat' dir='ltr'>(tiuvinus,</span> <span class='ocrx_word' id='word_1_324' title='bbox 314 2602 408 2638; x_wconf 83' lang='lat' dir='ltr'>hunc</span> <span class='ocrx_word' id='word_1_325' title='bbox 422 2604 593 2648; x_wconf 75' lang='lat' dir='ltr'>placuisse</span> <span class='ocrx_word' id='word_1_326' title='bbox 609 2603 704 2647; x_wconf 85' lang='lat' dir='ltr'>Deo,</span> <span class='ocrx_word' id='word_1_327' title='bbox 730 2613 763 2640; x_wconf 87' lang='lat' dir='ltr'>et</span> <span class='ocrx_word' id='word_1_328' title='bbox 778 2618 881 2640; x_wconf 85' lang='lat' dir='ltr'>curae</span> <span class='ocrx_word' id='word_1_329' title='bbox 898 2607 1003 2641; x_wconf 81' lang='lat' dir='ltr'>fuisse</span> <span class='ocrx_word' id='word_1_330' title='bbox 1015 2631 1024 2646; x_wconf 91' lang='lat'>,</span> <span class='ocrx_word' id='word_1_331' title='bbox 1055 2614 1089 2642; x_wconf 89' lang='lat' dir='ltr'>et</span> 
     </span>
     <span class='ocr_line' id='line_1_55' title="bbox 107 2655 1087 2700; baseline 0.003 -11"><span class='ocrx_word' id='word_1_332' title='bbox 107 2657 246 2700; x_wconf 62' lang='lat' dir='ltr'>angelos</span> <span class='ocrx_word' id='word_1_333' title='bbox 269 2656 300 2689; x_wconf 86' lang='lat' dir='ltr'>ei</span> <span class='ocrx_word' id='word_1_334' title='bbox 325 2655 476 2690; x_wconf 70' lang='lat' dir='ltr'>affuisse.</span> <span class='ocrx_word' id='word_1_335' title='bbox 531 2655 923 2692; x_wconf 72' lang='lat' dir='ltr'>Hancconsolationem</span> <span class='ocrx_word' id='word_1_336' title='bbox 942 2658 978 2691; x_wconf 89' lang='lat' dir='ltr'>in</span> <span class='ocrx_word' id='word_1_337' title='bbox 997 2658 1087 2692; x_wconf 85' lang='lat' dir='ltr'>cala-</span> 
     </span>
    </p>
   </div>
   <div class='ocr_carea' id='block_1_15' title="bbox 1143 234 1610 267">
    <p class='ocr_par' dir='ltr' id='par_1_15' title="bbox 1143 234 1610 267">
     <span class='ocr_line' id='line_1_56' title="bbox 1143 234 1610 267; baseline 0 0"><span class='ocrx_word' id='word_1_338' title='bbox 1143 246 1259 267; x_wconf 88' lang='lat' dir='ltr'>cemus</span> <span class='ocrx_word' id='word_1_339' title='bbox 1278 246 1341 267; x_wconf 87' lang='lat' dir='ltr'>nos</span> <span class='ocrx_word' id='word_1_340' title='bbox 1360 234 1510 266; x_wconf 83' lang='lat' dir='ltr'>abiectos</span> <span class='ocrx_word' id='word_1_341' title='bbox 1527 245 1610 267; x_wconf 79' lang='lat' dir='ltr'>esse.</span> 
     </span>
    </p>
   </div>
   <div class='ocr_carea' id='block_1_16' title="bbox 1495 331 1775 357">
    <p class='ocr_par' dir='ltr' id='par_1_16' title="bbox 1495 331 1775 357">
     <span class='ocr_line' id='line_1_57' title="bbox 1495 331 1775 357; baseline -0.007 -1"><span class='ocrx_word' id='word_1_342' title='bbox 1495 331 1638 356; x_wconf 80' lang='lat' dir='ltr'>Tertius</span> <span class='ocrx_word' id='word_1_343' title='bbox 1669 332 1775 357; x_wconf 71' lang='lat' dir='ltr'>locus.</span> 
     </span>
    </p>
   </div>
   <div class='ocr_carea' id='block_1_17' title="bbox 1144 387 2129 687">
    <p class='ocr_par' dir='ltr' id='par_1_17' title="bbox 1144 387 2128 583">
     <span class='ocr_line' id='line_1_58' title="bbox 1245 387 2126 431; baseline -0.003 -9"><span class='ocrx_word' id='word_1_344' title='bbox 1245 387 1353 422; x_wconf 71' lang='lat' dir='ltr'>Dives</span> <span class='ocrx_word' id='word_1_345' title='bbox 1368 388 1598 431; x_wconf 74' lang='lat' dir='ltr'>vituperatur,</span> <span class='ocrx_word' id='word_1_346' title='bbox 1626 399 1697 419; x_wconf 90' lang='lat' dir='ltr'>non</span> <span class='ocrx_word' id='word_1_347' title='bbox 1716 388 1808 431; x_wconf 91' lang='lat' dir='ltr'>quod</span> <span class='ocrx_word' id='word_1_348' title='bbox 1827 387 2018 430; x_wconf 86' lang='lat' dir='ltr'>possederit</span> <span class='ocrx_word' id='word_1_349' title='bbox 2035 387 2126 419; x_wconf 77' lang='lat' dir='ltr'>divi-</span> 
     </span>
     <span class='ocr_line' id='line_1_59' title="bbox 1144 435 2126 485; baseline -0.006 -10"><span class='ocrx_word' id='word_1_350' title='bbox 1144 442 1226 481; x_wconf 87' lang='lat' dir='ltr'>tias,</span> <span class='ocrx_word' id='word_1_351' title='bbox 1255 441 1334 485; x_wconf 86' lang='lat' dir='ltr'>quia</span> <span class='ocrx_word' id='word_1_352' title='bbox 1352 438 1446 472; x_wconf 88' lang='lat' dir='ltr'>Deus</span> <span class='ocrx_word' id='word_1_353' title='bbox 1461 437 1616 482; x_wconf 86' lang='lat' dir='ltr'>Reipub.</span> <span class='ocrx_word' id='word_1_354' title='bbox 1634 448 1734 470; x_wconf 89' lang='lat' dir='ltr'>causa</span> <span class='ocrx_word' id='word_1_355' title='bbox 1753 437 1827 470; x_wconf 82' lang='lat' dir='ltr'>vult</span> <span class='ocrx_word' id='word_1_356' title='bbox 1845 437 1982 481; x_wconf 86' lang='lat' dir='ltr'>aliquos</span> <span class='ocrx_word' id='word_1_357' title='bbox 1999 435 2126 470; x_wconf 81' lang='lat' dir='ltr'>habere</span> 
     </span>
     <span class='ocr_line' id='line_1_60' title="bbox 1144 487 2128 529; baseline -0.004 -4"><span class='ocrx_word' id='word_1_358' title='bbox 1144 492 1294 525; x_wconf 87' lang='lat' dir='ltr'>maiores</span> <span class='ocrx_word' id='word_1_359' title='bbox 1316 490 1498 523; x_wconf 79' lang='lat' dir='ltr'>facultates</span> <span class='ocrx_word' id='word_1_360' title='bbox 1522 489 1618 529; x_wconf 75' lang='lat' dir='ltr'>aliis,</span> <span class='ocrx_word' id='word_1_361' title='bbox 1644 489 1703 521; x_wconf 86' lang='lat' dir='ltr'>sed</span> <span class='ocrx_word' id='word_1_362' title='bbox 1727 488 1797 520; x_wconf 91' lang='lat' dir='ltr'>duo</span> <span class='ocrx_word' id='word_1_363' title='bbox 1822 487 1903 520; x_wconf 88' lang='lat' dir='ltr'>vitia</span> <span class='ocrx_word' id='word_1_364' title='bbox 1921 487 2128 521; x_wconf 87' lang='lat' dir='ltr'>tribuuntur</span> 
     </span>
     <span class='ocr_line' id='line_1_61' title="bbox 1310 537 2127 583; baseline -0.004 -10"><span class='ocrx_word' id='word_1_365' title='bbox 1310 540 1416 583; x_wconf 84' lang='lat' dir='ltr'>Quod</span> <span class='ocrx_word' id='word_1_366' title='bbox 1442 540 1565 573; x_wconf 72' lang='lat' dir='ltr'>vixerit</span> <span class='ocrx_word' id='word_1_367' title='bbox 1591 550 1747 579; x_wconf 88' lang='lat' dir='ltr'>securus,</span> <span class='ocrx_word' id='word_1_368' title='bbox 1774 545 1805 572; x_wconf 91' lang='lat' dir='ltr'>et</span> <span class='ocrx_word' id='word_1_369' title='bbox 1827 537 2018 580; x_wconf 84' lang='lat' dir='ltr'>neglexerit</span> <span class='ocrx_word' id='word_1_370' title='bbox 2041 550 2127 581; x_wconf 89' lang='lat' dir='ltr'>pau-</span> 
     </span>
    </p>

    <p class='ocr_par' dir='ltr' id='par_1_18' title="bbox 1145 588 2129 687">
     <span class='ocr_line' id='line_1_62' title="bbox 1329 588 2127 628; baseline -0.006 -3"><span class='ocrx_word' id='word_1_371' title='bbox 1329 591 1503 625; x_wconf 73' lang='lat' dir='ltr'>Securitas</span> <span class='ocrx_word' id='word_1_372' title='bbox 1521 588 1628 624; x_wconf 83' lang='lat' dir='ltr'>trahit</span> <span class='ocrx_word' id='word_1_373' title='bbox 1645 601 1759 622; x_wconf 89' lang='lat' dir='ltr'>secum</span> <span class='ocrx_word' id='word_1_374' title='bbox 1776 589 1884 622; x_wconf 88' lang='lat' dir='ltr'>multa</span> <span class='ocrx_word' id='word_1_375' title='bbox 1900 588 1982 621; x_wconf 69' lang='lat' dir='ltr'>vitia</span> <span class='ocrx_word' id='word_1_376' title='bbox 1996 615 2004 628; x_wconf 92' lang='lat'>,</span> <span class='ocrx_word' id='word_1_377' title='bbox 2031 588 2127 620; x_wconf 75' lang='lat' dir='ltr'>vide-</span> 
     </span>
     <span class='ocr_line' id='line_1_63' title="bbox 1145 639 2129 687; baseline -0.005 -11"><span class='ocrx_word' id='word_1_378' title='bbox 1145 645 1243 684; x_wconf 85' lang='lat' dir='ltr'>licet,</span> <span class='ocrx_word' id='word_1_379' title='bbox 1270 642 1350 687; x_wconf 86' lang='lat' dir='ltr'>quia</span> <span class='ocrx_word' id='word_1_380' title='bbox 1368 641 1405 673; x_wconf 90' lang='lat' dir='ltr'>in</span> <span class='ocrx_word' id='word_1_381' title='bbox 1421 641 1550 674; x_wconf 88' lang='lat' dir='ltr'>securis</span> <span class='ocrx_word' id='word_1_382' title='bbox 1567 653 1638 673; x_wconf 90' lang='lat' dir='ltr'>non</span> <span class='ocrx_word' id='word_1_383' title='bbox 1658 647 1707 673; x_wconf 88' lang='lat' dir='ltr'>est</span> <span class='ocrx_word' id='word_1_384' title='bbox 1726 639 1940 683; x_wconf 85' lang='lat' dir='ltr'>poenitentia</span> <span class='ocrx_word' id='word_1_385' title='bbox 1953 665 1961 679; x_wconf 94' lang='lat'>,</span> <span class='ocrx_word' id='word_1_386' title='bbox 1989 650 2061 672; x_wconf 89' lang='lat' dir='ltr'>non</span> <span class='ocrx_word' id='word_1_387' title='bbox 2080 645 2129 672; x_wconf 88' lang='lat' dir='ltr'>est</span> 
     </span>
    </p>
   </div>
   <div class='ocr_carea' id='block_1_18' title="bbox 1118 689 2128 730">
    <p class='ocr_par' dir='ltr' id='par_1_19' title="bbox 1118 689 2128 730">
     <span class='ocr_line' id='line_1_64' title="bbox 1118 689 2128 730; baseline -0.007 -2"><span class='ocrx_word' id='word_1_388' title='bbox 1118 689 1120 700; x_wconf 74' lang='lat'><strong>¹</strong></span> <span class='ocrx_word' id='word_1_389' title='bbox 1145 701 1258 728; x_wconf 87' lang='lat' dir='ltr'>metus</span> <span class='ocrx_word' id='word_1_390' title='bbox 1275 692 1389 726; x_wconf 85' lang='lat' dir='ltr'>divini</span> <span class='ocrx_word' id='word_1_391' title='bbox 1408 692 1549 729; x_wconf 87' lang='lat' dir='ltr'>iudicii,</span> <span class='ocrx_word' id='word_1_392' title='bbox 1575 703 1647 723; x_wconf 92' lang='lat' dir='ltr'>non</span> <span class='ocrx_word' id='word_1_393' title='bbox 1665 697 1746 723; x_wconf 86' lang='lat' dir='ltr'>sunt</span> <span class='ocrx_word' id='word_1_394' title='bbox 1761 689 1922 723; x_wconf 77' lang='lat' dir='ltr'>exercitia</span> <span class='ocrx_word' id='word_1_395' title='bbox 1938 690 2029 730; x_wconf 86' lang='lat' dir='ltr'>fidei,</span> <span class='ocrx_word' id='word_1_396' title='bbox 2056 701 2128 722; x_wconf 91' lang='lat' dir='ltr'>non</span> 
     </span>
    </p>
   </div>
   <div class='ocr_carea' id='block_1_19' title="bbox 1145 739 1997 787">
    <p class='ocr_par' dir='ltr' id='par_1_20' title="bbox 1145 739 1997 787">
     <span class='ocr_line' id='line_1_65' title="bbox 1145 739 1997 787; baseline -0.007 -9"><span class='ocrx_word' id='word_1_397' title='bbox 1145 752 1196 779; x_wconf 90' lang='lat' dir='ltr'>est</span> <span class='ocrx_word' id='word_1_398' title='bbox 1213 744 1399 778; x_wconf 84' lang='lat' dir='ltr'>solicitudo</span> <span class='ocrx_word' id='word_1_399' title='bbox 1417 754 1480 787; x_wconf 90' lang='lat' dir='ltr'>pro</span> <span class='ocrx_word' id='word_1_400' title='bbox 1498 741 1658 786; x_wconf 88' lang='lat' dir='ltr'>Repub.,</span> <span class='ocrx_word' id='word_1_401' title='bbox 1682 753 1745 785; x_wconf 88' lang='lat' dir='ltr'>pro</span> <span class='ocrx_word' id='word_1_402' title='bbox 1763 739 1917 773; x_wconf 80' lang='lat' dir='ltr'>Ecclesia</span> <span class='ocrx_word' id='word_1_403' title='bbox 1936 746 1997 773; x_wconf 88' lang='lat' dir='ltr'>etc.</span> 
     </span>
    </p>
   </div>
   <div class='ocr_carea' id='block_1_20' title="bbox 1492 841 1785 871">
    <p class='ocr_par' dir='ltr' id='par_1_21' title="bbox 1492 841 1785 871">
     <span class='ocr_line' id='line_1_66' title="bbox 1492 841 1785 871; baseline -0.01 -5"><span class='ocrx_word' id='word_1_404' title='bbox 1492 842 1647 871; x_wconf 80' lang='lat' dir='ltr'>Quartus</span> <span class='ocrx_word' id='word_1_405' title='bbox 1676 841 1785 864; x_wconf 82' lang='lat' dir='ltr'>locus.</span> 
     </span>
    </p>
   </div>
   <div class='ocr_carea' id='block_1_21' title="bbox 1147 890 2131 1039">
    <p class='ocr_par' dir='ltr' id='par_1_22' title="bbox 1147 890 2131 1039">
     <span class='ocr_line' id='line_1_67' title="bbox 1248 890 2130 938; baseline -0.01 -9"><span class='ocrx_word' id='word_1_406' title='bbox 1248 896 1355 931; x_wconf 87' lang='lat' dir='ltr'>Sinus</span> <span class='ocrx_word' id='word_1_407' title='bbox 1389 892 1552 928; x_wconf 81' lang='lat' dir='ltr'>Abrahae</span> <span class='ocrx_word' id='word_1_408' title='bbox 1579 900 1629 926; x_wconf 84' lang='lat' dir='ltr'>est</span> <span class='ocrx_word' id='word_1_409' title='bbox 1665 893 1763 938; x_wconf 86' lang='lat' dir='ltr'>quies</span> <span class='ocrx_word' id='word_1_410' title='bbox 1795 892 1954 936; x_wconf 89' lang='lat' dir='ltr'>piorum,</span> <span class='ocrx_word' id='word_1_411' title='bbox 1997 890 2055 934; x_wconf 89' lang='lat' dir='ltr'>qui</span> <span class='ocrx_word' id='word_1_412' title='bbox 2091 901 2130 921; x_wconf 90' lang='lat' dir='ltr'>ex</span> 
     </span>
     <span class='ocr_line' id='line_1_68' title="bbox 1147 939 2131 993; baseline -0.01 -12"><span class='ocrx_word' id='word_1_413' title='bbox 1147 948 1377 993; x_wconf 80' lang='lat' dir='ltr'>promissione</span> <span class='ocrx_word' id='word_1_414' title='bbox 1409 947 1495 979; x_wconf 85' lang='lat' dir='ltr'>facta</span> <span class='ocrx_word' id='word_1_415' title='bbox 1528 941 1713 984; x_wconf 72' lang='lat' dir='ltr'>Abrahae,</span> <span class='ocrx_word' id='word_1_416' title='bbox 1757 944 1877 977; x_wconf 88' lang='lat' dir='ltr'>fidem.</span> <span class='ocrx_word' id='word_1_417' title='bbox 1921 939 2131 975; x_wconf 77' lang='lat' dir='ltr'>consolatio-</span> 
     </span>
     <span class='ocr_line' id='line_1_69' title="bbox 1148 998 1859 1039; baseline -0.008 -7"><span class='ocrx_word' id='word_1_418' title='bbox 1148 1012 1226 1032; x_wconf 87' lang='lat' dir='ltr'>nem</span> <span class='ocrx_word' id='word_1_419' title='bbox 1247 1005 1279 1032; x_wconf 89' lang='lat' dir='ltr'>et</span> <span class='ocrx_word' id='word_1_420' title='bbox 1296 998 1402 1030; x_wconf 76' lang='lat' dir='ltr'>vitam</span> <span class='ocrx_word' id='word_1_421' title='bbox 1421 1003 1597 1029; x_wconf 76' lang='lat' dir='ltr'>aeternnm</span> <span class='ocrx_word' id='word_1_422' title='bbox 1616 1001 1859 1039; x_wconf 86' lang='lat' dir='ltr'>conceperant.</span> 
     </span>
    </p>
   </div>
   <div class='ocr_carea' id='block_1_22' title="bbox 1493 1094 1783 1123">
    <p class='ocr_par' dir='ltr' id='par_1_23' title="bbox 1493 1094 1783 1123">
     <span class='ocr_line' id='line_1_70' title="bbox 1493 1094 1783 1123; baseline -0.01 -5"><span class='ocrx_word' id='word_1_423' title='bbox 1493 1094 1643 1123; x_wconf 79' lang='lat' dir='ltr'>Quintus</span> <span class='ocrx_word' id='word_1_424' title='bbox 1674 1094 1783 1116; x_wconf 80' lang='lat' dir='ltr'>locus.</span> 
     </span>
    </p>
   </div>
   <div class='ocr_carea' id='block_1_23' title="bbox 1148 1140 2132 1288">
    <p class='ocr_par' dir='ltr' id='par_1_24' title="bbox 1148 1140 2132 1288">
     <span class='ocr_line' id='line_1_71' title="bbox 1249 1140 2132 1189; baseline -0.009 -9"><span class='ocrx_word' id='word_1_425' title='bbox 1249 1140 1422 1181; x_wconf 70' lang='lat' dir='ltr'>Aeternae</span> <span class='ocrx_word' id='word_1_426' title='bbox 1456 1157 1587 1189; x_wconf 87' lang='lat' dir='ltr'>poenae</span> <span class='ocrx_word' id='word_1_427' title='bbox 1612 1143 1861 1177; x_wconf 88' lang='lat' dir='ltr'>describuntur</span> <span class='ocrx_word' id='word_1_428' title='bbox 1880 1143 2044 1184; x_wconf 87' lang='lat' dir='ltr'>figurate,</span> <span class='ocrx_word' id='word_1_429' title='bbox 2077 1140 2132 1172; x_wconf 90' lang='lat' dir='ltr'>siti</span> 
     </span>
     <span class='ocr_line' id='line_1_72' title="bbox 1148 1191 2131 1238; baseline -0.01 -6"><span class='ocrx_word' id='word_1_430' title='bbox 1148 1207 1181 1232; x_wconf 85' lang='lat' dir='ltr'>et</span> <span class='ocrx_word' id='word_1_431' title='bbox 1207 1197 1315 1231; x_wconf 84' lang='lat' dir='ltr'>hiatu.</span> <span class='ocrx_word' id='word_1_432' title='bbox 1369 1196 1436 1230; x_wconf 86' lang='lat' dir='ltr'>Sed</span> <span class='ocrx_word' id='word_1_433' title='bbox 1463 1196 1548 1229; x_wconf 84' lang='lat' dir='ltr'>alibi</span> <span class='ocrx_word' id='word_1_434' title='bbox 1574 1194 1714 1238; x_wconf 85' lang='lat' dir='ltr'>proprie</span> <span class='ocrx_word' id='word_1_435' title='bbox 1741 1194 2003 1233; x_wconf 81' lang='lat' dir='ltr'>describuntur,</span> <span class='ocrx_word' id='word_1_436' title='bbox 2037 1191 2131 1235; x_wconf 85' lang='lat' dir='ltr'>quod</span> 
     </span>
     <span class='ocr_line' id='line_1_73' title="bbox 1149 1244 1953 1288; baseline -0.007 -5"><span class='ocrx_word' id='word_1_437' title='bbox 1149 1252 1190 1284; x_wconf 89' lang='lat' dir='ltr'>sit</span> <span class='ocrx_word' id='word_1_438' title='bbox 1207 1248 1390 1282; x_wconf 76' lang='lat' dir='ltr'>horribilis</span> <span class='ocrx_word' id='word_1_439' title='bbox 1407 1248 1510 1280; x_wconf 88' lang='lat' dir='ltr'>dolor</span> <span class='ocrx_word' id='word_1_440' title='bbox 1530 1245 1660 1288; x_wconf 86' lang='lat' dir='ltr'>animi,</span> <span class='ocrx_word' id='word_1_441' title='bbox 1688 1256 1798 1288; x_wconf 77' lang='lat' dir='ltr'>pavor</span> <span class='ocrx_word' id='word_1_442' title='bbox 1814 1251 1845 1278; x_wconf 88' lang='lat' dir='ltr'>et</span> <span class='ocrx_word' id='word_1_443' title='bbox 1862 1244 1953 1287; x_wconf 84' lang='lat' dir='ltr'>fuga.</span> 
     </span>
    </p>
   </div>
   <div class='ocr_carea' id='block_1_24' title="bbox 1503 1344 1773 1370">
    <p class='ocr_par' dir='ltr' id='par_1_25' title="bbox 1503 1344 1773 1370">
     <span class='ocr_line' id='line_1_74' title="bbox 1503 1344 1773 1370; baseline -0.015 0"><span class='ocrx_word' id='word_1_444' title='bbox 1503 1346 1633 1370; x_wconf 78' lang='lat' dir='ltr'>sextus</span> <span class='ocrx_word' id='word_1_445' title='bbox 1663 1344 1773 1368; x_wconf 78' lang='lat' dir='ltr'>locus.</span> 
     </span>
    </p>
   </div>
   <div class='ocr_carea' id='block_1_25' title="bbox 1147 1389 2134 1744">
    <p class='ocr_par' dir='ltr' id='par_1_26' title="bbox 1147 1389 2134 1744">
     <span class='ocr_line' id='line_1_75' title="bbox 1252 1389 2133 1434; baseline -0.011 -1"><span class='ocrx_word' id='word_1_446' title='bbox 1252 1398 1357 1434; x_wconf 79' lang='lat' dir='ltr'>Utilis</span> <span class='ocrx_word' id='word_1_447' title='bbox 1375 1398 1534 1432; x_wconf 87' lang='lat' dir='ltr'>doctrina</span> <span class='ocrx_word' id='word_1_448' title='bbox 1552 1396 1705 1430; x_wconf 83' lang='lat' dir='ltr'>traditur</span> <span class='ocrx_word' id='word_1_449' title='bbox 1722 1395 1764 1427; x_wconf 89' lang='lat' dir='ltr'>de</span> <span class='ocrx_word' id='word_1_450' title='bbox 1783 1394 1890 1426; x_wconf 79' lang='lat' dir='ltr'>verbo</span> <span class='ocrx_word' id='word_1_451' title='bbox 1900 1392 1976 1426; x_wconf 83' lang='lat' dir='ltr'>Dei.</span> <span class='ocrx_word' id='word_1_452' title='bbox 2031 1389 2133 1426; x_wconf 79' lang='lat' dir='ltr'>Chri-</span> 
     </span>
     <span class='ocr_line' id='line_1_76' title="bbox 1149 1442 2134 1486; baseline -0.011 -1"><span class='ocrx_word' id='word_1_453' title='bbox 1149 1458 1220 1486; x_wconf 74' lang='lat' dir='ltr'>stus</span> <span class='ocrx_word' id='word_1_454' title='bbox 1245 1451 1341 1484; x_wconf 88' lang='lat' dir='ltr'>iubet</span> <span class='ocrx_word' id='word_1_455' title='bbox 1364 1462 1428 1483; x_wconf 92' lang='lat' dir='ltr'>nos</span> <span class='ocrx_word' id='word_1_456' title='bbox 1452 1451 1494 1482; x_wconf 89' lang='lat' dir='ltr'>de</span> <span class='ocrx_word' id='word_1_457' title='bbox 1517 1448 1698 1480; x_wconf 83' lang='lat' dir='ltr'>voluntate</span> <span class='ocrx_word' id='word_1_458' title='bbox 1714 1445 1780 1479; x_wconf 83' lang='lat' dir='ltr'>Dei</span> <span class='ocrx_word' id='word_1_459' title='bbox 1799 1451 1933 1477; x_wconf 84' lang='lat' dir='ltr'>tanturn</span> <span class='ocrx_word' id='word_1_460' title='bbox 1953 1442 2134 1476; x_wconf 88' lang='lat' dir='ltr'>consulere</span> 
     </span>
     <span class='ocr_line' id='line_1_77' title="bbox 1149 1496 2134 1544; baseline -0.009 -10"><span class='ocrx_word' id='word_1_461' title='bbox 1149 1503 1294 1536; x_wconf 73' lang='lat' dir='ltr'>verbum</span> <span class='ocrx_word' id='word_1_462' title='bbox 1322 1500 1407 1542; x_wconf 82' lang='lat' dir='ltr'>Dei,</span> <span class='ocrx_word' id='word_1_463' title='bbox 1450 1499 1543 1544; x_wconf 87' lang='lat' dir='ltr'>quod</span> <span class='ocrx_word' id='word_1_464' title='bbox 1577 1497 1680 1531; x_wconf 87' lang='lat' dir='ltr'>nobis</span> <span class='ocrx_word' id='word_1_465' title='bbox 1713 1496 1932 1541; x_wconf 86' lang='lat' dir='ltr'>propositum</span> <span class='ocrx_word' id='word_1_466' title='bbox 1964 1501 2029 1535; x_wconf 87' lang='lat' dir='ltr'>est,</span> <span class='ocrx_word' id='word_1_467' title='bbox 2072 1504 2134 1526; x_wconf 89' lang='lat' dir='ltr'>nec</span> 
     </span>
     <span class='ocr_line' id='line_1_78' title="bbox 1148 1544 2133 1598; baseline -0.011 -11"><span class='ocrx_word' id='word_1_468' title='bbox 1148 1564 1314 1598; x_wconf 84' lang='lat' dir='ltr'>quaerere</span> <span class='ocrx_word' id='word_1_469' title='bbox 1340 1552 1425 1585; x_wconf 86' lang='lat' dir='ltr'>alias</span> <span class='ocrx_word' id='word_1_470' title='bbox 1449 1550 1698 1587; x_wconf 54' lang='lat' dir='ltr'>revelationes</span> <span class='ocrx_word' id='word_1_471' title='bbox 1726 1560 1789 1580; x_wconf 83' lang='lat' dir='ltr'>nec</span> <span class='ocrx_word' id='word_1_472' title='bbox 1812 1547 1952 1579; x_wconf 87' lang='lat' dir='ltr'>credere</span> <span class='ocrx_word' id='word_1_473' title='bbox 1973 1544 2133 1578; x_wconf 86' lang='lat' dir='ltr'>mortuis.</span> 
     </span>
     <span class='ocr_line' id='line_1_79' title="bbox 1148 1596 2132 1644; baseline -0.011 -7"><span class='ocrx_word' id='word_1_474' title='bbox 1148 1604 1245 1637; x_wconf 87' lang='lat' dir='ltr'>Sicut</span> <span class='ocrx_word' id='word_1_475' title='bbox 1269 1603 1354 1635; x_wconf 88' lang='lat' dir='ltr'>alibi</span> <span class='ocrx_word' id='word_1_476' title='bbox 1378 1603 1545 1644; x_wconf 86' lang='lat' dir='ltr'>scriptum</span> <span class='ocrx_word' id='word_1_477' title='bbox 1573 1607 1640 1632; x_wconf 87' lang='lat' dir='ltr'>est:</span> <span class='ocrx_word' id='word_1_478' title='bbox 1668 1599 1750 1631; x_wconf 87' lang='lat' dir='ltr'>Non</span> <span class='ocrx_word' id='word_1_479' title='bbox 1775 1597 1931 1641; x_wconf 81' lang='lat' dir='ltr'>quaerite</span> <span class='ocrx_word' id='word_1_480' title='bbox 1951 1596 2132 1628; x_wconf 80' lang='lat' dir='ltr'>veritatem</span> 
     </span>
     <span class='ocr_line' id='line_1_80' title="bbox 1147 1648 2133 1689; baseline -0.01 -2"><span class='ocrx_word' id='word_1_481' title='bbox 1147 1666 1166 1687; x_wconf 86' lang='lat' dir='ltr'>a</span> <span class='ocrx_word' id='word_1_482' title='bbox 1192 1653 1352 1687; x_wconf 84' lang='lat' dir='ltr'>mortuis.</span> <span class='ocrx_word' id='word_1_483' title='bbox 1413 1652 1508 1684; x_wconf 80' lang='lat' dir='ltr'>Haec</span> <span class='ocrx_word' id='word_1_484' title='bbox 1535 1649 1704 1682; x_wconf 83' lang='lat' dir='ltr'>sententia</span> <span class='ocrx_word' id='word_1_485' title='bbox 1729 1648 1857 1680; x_wconf 85' lang='lat' dir='ltr'>refutat</span> <span class='ocrx_word' id='word_1_486' title='bbox 1882 1652 2016 1689; x_wconf 85' lang='lat' dir='ltr'>spectra</span> <span class='ocrx_word' id='word_1_487' title='bbox 2039 1657 2133 1678; x_wconf 88' lang='lat' dir='ltr'>mor-</span> 
     </span>
     <span class='ocr_line' id='line_1_81' title="bbox 1148 1699 1983 1744; baseline -0.011 -7"><span class='ocrx_word' id='word_1_488' title='bbox 1148 1710 1301 1737; x_wconf 86' lang='lat' dir='ltr'>tuorum.</span> <span class='ocrx_word' id='word_1_489' title='bbox 1357 1701 1464 1744; x_wconf 88' lang='lat' dir='ltr'>Item,</span> <span class='ocrx_word' id='word_1_490' title='bbox 1495 1699 1751 1733; x_wconf 82' lang='lat' dir='ltr'>invocationem</span> <span class='ocrx_word' id='word_1_491' title='bbox 1773 1703 1983 1730; x_wconf 82' lang='lat' dir='ltr'>sanctorum.</span> 
     </span>
    </p>
   </div>
   <div class='ocr_carea' id='block_1_26' title="bbox 1144 1760 2133 2318">
    <p class='ocr_par' dir='ltr' id='par_1_27' title="bbox 1144 1760 2133 2318">
     <span class='ocr_line' id='line_1_82' title="bbox 1249 1760 2132 1802; baseline -0.01 1"><span class='ocrx_word' id='word_1_492' title='bbox 1249 1768 1344 1802; x_wconf 86' lang='lat' dir='ltr'>Haec</span> <span class='ocrx_word' id='word_1_493' title='bbox 1368 1776 1417 1802; x_wconf 90' lang='lat' dir='ltr'>est</span> <span class='ocrx_word' id='word_1_494' title='bbox 1439 1778 1573 1800; x_wconf 87' lang='lat' dir='ltr'>summa</span> <span class='ocrx_word' id='word_1_495' title='bbox 1591 1764 1696 1798; x_wconf 88' lang='lat' dir='ltr'>huius</span> <span class='ocrx_word' id='word_1_496' title='bbox 1715 1761 1893 1797; x_wconf 80' lang='lat' dir='ltr'>historiae,</span> <span class='ocrx_word' id='word_1_497' title='bbox 1947 1760 2132 1796; x_wconf 86' lang='lat' dir='ltr'>Caeterum</span> 
     </span>
     <span class='ocr_line' id='line_1_83' title="bbox 1147 1810 2132 1864; baseline -0.01 -10"><span class='ocrx_word' id='word_1_498' title='bbox 1147 1821 1261 1864; x_wconf 85' lang='lat' dir='ltr'>imago</span> <span class='ocrx_word' id='word_1_499' title='bbox 1279 1819 1563 1853; x_wconf 80' lang='lat' dir='ltr'>accommodetur</span> <span class='ocrx_word' id='word_1_500' title='bbox 1579 1817 1622 1849; x_wconf 86' lang='lat' dir='ltr'>ad</span> <span class='ocrx_word' id='word_1_501' title='bbox 1643 1821 1838 1859; x_wconf 87' lang='lat' dir='ltr'>praesentes</span> <span class='ocrx_word' id='word_1_502' title='bbox 1848 1810 2023 1846; x_wconf 78' lang='lat' dir='ltr'>Ecclesiae</span> <span class='ocrx_word' id='word_1_503' title='bbox 2042 1813 2132 1845; x_wconf 89' lang='lat' dir='ltr'>cala-</span> 
     </span>
     <span class='ocr_line' id='line_1_84' title="bbox 1148 1863 2131 1907; baseline -0.009 -3"><span class='ocrx_word' id='word_1_504' title='bbox 1148 1872 1296 1905; x_wconf 80' lang='lat' dir='ltr'>mitates,</span> <span class='ocrx_word' id='word_1_505' title='bbox 1357 1870 1455 1903; x_wconf 83' lang='lat' dir='ltr'>Sicut</span> <span class='ocrx_word' id='word_1_506' title='bbox 1489 1866 1544 1900; x_wconf 75' lang='lat' dir='ltr'>hie</span> <span class='ocrx_word' id='word_1_507' title='bbox 1571 1867 1669 1899; x_wconf 89' lang='lat' dir='ltr'>dives</span> <span class='ocrx_word' id='word_1_508' title='bbox 1692 1864 1838 1907; x_wconf 86' lang='lat' dir='ltr'>negligit</span> <span class='ocrx_word' id='word_1_509' title='bbox 1861 1863 2052 1903; x_wconf 83' lang='lat' dir='ltr'>Lazarum,</span> <span class='ocrx_word' id='word_1_510' title='bbox 2086 1863 2131 1896; x_wconf 88' lang='lat' dir='ltr'>ita</span> 
     </span>
     <span class='ocr_line' id='line_1_85' title="bbox 1146 1913 2133 1965; baseline -0.01 -10"><span class='ocrx_word' id='word_1_511' title='bbox 1146 1935 1182 1955; x_wconf 86' lang='lat' dir='ltr'>re</span> <span class='ocrx_word' id='word_1_512' title='bbox 1199 1923 1271 1965; x_wconf 82' lang='lat' dir='ltr'>ipsa</span> <span class='ocrx_word' id='word_1_513' title='bbox 1291 1933 1385 1953; x_wconf 90' lang='lat' dir='ltr'>nunc</span> <span class='ocrx_word' id='word_1_514' title='bbox 1404 1918 1610 1957; x_wconf 81' lang='lat' dir='ltr'>Pontifices,</span> <span class='ocrx_word' id='word_1_515' title='bbox 1637 1915 1750 1959; x_wconf 84' lang='lat' dir='ltr'>Reges</span> <span class='ocrx_word' id='word_1_516' title='bbox 1769 1921 1801 1948; x_wconf 89' lang='lat' dir='ltr'>et</span> <span class='ocrx_word' id='word_1_517' title='bbox 1819 1913 2000 1958; x_wconf 87' lang='lat' dir='ltr'>Principes</span> <span class='ocrx_word' id='word_1_518' title='bbox 2018 1914 2133 1946; x_wconf 78' lang='lat' dir='ltr'>iacen-</span> 
     </span>
     <span class='ocr_line' id='line_1_86' title="bbox 1147 1965 2133 2009; baseline -0.011 -3"><span class='ocrx_word' id='word_1_519' title='bbox 1147 1981 1213 2006; x_wconf 88' lang='lat' dir='ltr'>tem</span> <span class='ocrx_word' id='word_1_520' title='bbox 1233 1971 1424 2005; x_wconf 80' lang='lat' dir='ltr'>Ecclesiam</span> <span class='ocrx_word' id='word_1_521' title='bbox 1451 1971 1492 2002; x_wconf 82' lang='lat' dir='ltr'>ad</span> <span class='ocrx_word' id='word_1_522' title='bbox 1518 1968 1732 2001; x_wconf 80' lang='lat' dir='ltr'>vestibulum</span> <span class='ocrx_word' id='word_1_523' title='bbox 1756 1966 1913 2009; x_wconf 89' lang='lat' dir='ltr'>ipsorum</span> <span class='ocrx_word' id='word_1_524' title='bbox 1938 1965 2133 2007; x_wconf 82' lang='lat' dir='ltr'>negligunt.</span> 
     </span>
     <span class='ocr_line' id='line_1_87' title="bbox 1145 2015 2132 2059; baseline -0.011 -2"><span class='ocrx_word' id='word_1_525' title='bbox 1145 2023 1225 2057; x_wconf 81' lang='lat' dir='ltr'>Nou</span> <span class='ocrx_word' id='word_1_526' title='bbox 1256 2024 1399 2056; x_wconf 83' lang='lat' dir='ltr'>student</span> <span class='ocrx_word' id='word_1_527' title='bbox 1430 2021 1521 2054; x_wconf 82' lang='lat' dir='ltr'>veris</span> <span class='ocrx_word' id='word_1_528' title='bbox 1553 2018 1667 2051; x_wconf 86' lang='lat' dir='ltr'>modis</span> <span class='ocrx_word' id='word_1_529' title='bbox 1703 2015 1890 2051; x_wconf 87' lang='lat' dir='ltr'>conciliare</span> <span class='ocrx_word' id='word_1_530' title='bbox 1916 2015 2132 2059; x_wconf 75' lang='lat' dir='ltr'>dissipatam,</span> 
     </span>
     <span class='ocr_line' id='line_1_88' title="bbox 1145 2067 2130 2107; baseline -0.01 0"><span class='ocrx_word' id='word_1_531' title='bbox 1145 2075 1339 2107; x_wconf 82' lang='lat' dir='ltr'>defenduut</span> <span class='ocrx_word' id='word_1_532' title='bbox 1371 2084 1522 2105; x_wconf 87' lang='lat' dir='ltr'>errores:</span> <span class='ocrx_word' id='word_1_533' title='bbox 1558 2069 1643 2102; x_wconf 85' lang='lat' dir='ltr'>alibi</span> <span class='ocrx_word' id='word_1_534' title='bbox 1675 2067 1936 2101; x_wconf 84' lang='lat' dir='ltr'>interficiuntur</span> <span class='ocrx_word' id='word_1_535' title='bbox 1961 2067 2130 2103; x_wconf 77' lang='lat' dir='ltr'>doctores,</span> 
     </span>
     <span class='ocr_line' id='line_1_89' title="bbox 1145 2114 2130 2168; baseline -0.01 -10"><span class='ocrx_word' id='word_1_536' title='bbox 1145 2125 1228 2158; x_wconf 83' lang='lat' dir='ltr'>alibi</span> <span class='ocrx_word' id='word_1_537' title='bbox 1249 2125 1338 2157; x_wconf 83' lang='lat' dir='ltr'>same</span> <span class='ocrx_word' id='word_1_538' title='bbox 1356 2129 1521 2168; x_wconf 84' lang='lat' dir='ltr'>pereunt,</span> <span class='ocrx_word' id='word_1_539' title='bbox 1546 2120 1775 2163; x_wconf 75' lang='lat' dir='ltr'>negliguntur</span> <span class='ocrx_word' id='word_1_540' title='bbox 1791 2114 1938 2150; x_wconf 83' lang='lat' dir='ltr'>scholae.</span> <span class='ocrx_word' id='word_1_541' title='bbox 1995 2115 2130 2149; x_wconf 84' lang='lat' dir='ltr'>Interea</span> 
     </span>
     <span class='ocr_line' id='line_1_90' title="bbox 1144 2168 2130 2215; baseline -0.01 -6"><span class='ocrx_word' id='word_1_542' title='bbox 1144 2183 1260 2210; x_wconf 86' lang='lat' dir='ltr'>tamen</span> <span class='ocrx_word' id='word_1_543' title='bbox 1285 2186 1404 2214; x_wconf 80' lang='lat' dir='ltr'>canes,</span> <span class='ocrx_word' id='word_1_544' title='bbox 1430 2174 1464 2207; x_wconf 85' lang='lat' dir='ltr'>id</span> <span class='ocrx_word' id='word_1_545' title='bbox 1490 2179 1558 2213; x_wconf 88' lang='lat' dir='ltr'>est,</span> <span class='ocrx_word' id='word_1_546' title='bbox 1586 2170 1695 2215; x_wconf 85' lang='lat' dir='ltr'>aliqui</span> <span class='ocrx_word' id='word_1_547' title='bbox 1718 2168 1825 2213; x_wconf 86' lang='lat' dir='ltr'>spreti</span> <span class='ocrx_word' id='word_1_548' title='bbox 1843 2181 1860 2200; x_wconf 87' lang='lat' dir='ltr'>e</span> <span class='ocrx_word' id='word_1_549' title='bbox 1879 2168 1982 2209; x_wconf 75' lang='lat' dir='ltr'>vulgo</span> <span class='ocrx_word' id='word_1_550' title='bbox 2003 2173 2130 2200; x_wconf 85' lang='lat' dir='ltr'>utcun-</span> 
     </span>
     <span class='ocr_line' id='line_1_91' title="bbox 1145 2218 2130 2272; baseline -0.012 -12"><span class='ocrx_word' id='word_1_551' title='bbox 1145 2238 1212 2272; x_wconf 87' lang='lat' dir='ltr'>que</span> <span class='ocrx_word' id='word_1_552' title='bbox 1245 2227 1365 2259; x_wconf 87' lang='lat' dir='ltr'>iuvant</span> <span class='ocrx_word' id='word_1_553' title='bbox 1389 2223 1600 2262; x_wconf 85' lang='lat' dir='ltr'>Ecclesiam,</span> <span class='ocrx_word' id='word_1_554' title='bbox 1636 2229 1668 2254; x_wconf 86' lang='lat' dir='ltr'>et</span> <span class='ocrx_word' id='word_1_555' title='bbox 1698 2220 1834 2253; x_wconf 88' lang='lat' dir='ltr'>leniunt</span> <span class='ocrx_word' id='word_1_556' title='bbox 1858 2229 2043 2251; x_wconf 87' lang='lat' dir='ltr'>aerumnas</span> <span class='ocrx_word' id='word_1_557' title='bbox 2067 2218 2130 2250; x_wconf 88' lang='lat' dir='ltr'>do-</span> 
     </span>
     <span class='ocr_line' id='line_1_92' title="bbox 1145 2267 2023 2318; baseline -0.014 -7"><span class='ocrx_word' id='word_1_558' title='bbox 1145 2277 1298 2311; x_wconf 86' lang='lat' dir='ltr'>centium</span> <span class='ocrx_word' id='word_1_559' title='bbox 1318 2284 1350 2310; x_wconf 87' lang='lat' dir='ltr'>et</span> <span class='ocrx_word' id='word_1_560' title='bbox 1367 2276 1536 2313; x_wconf 83' lang='lat' dir='ltr'>aliorum,</span> <span class='ocrx_word' id='word_1_561' title='bbox 1566 2273 1871 2318; x_wconf 76' lang='lat' dir='ltr'>‹pialibuscunque</span> <span class='ocrx_word' id='word_1_562' title='bbox 1889 2267 2023 2303; x_wconf 82' lang='lat' dir='ltr'>officiis,</span> 
     </span>
    </p>
   </div>
   <div class='ocr_carea' id='block_1_27' title="bbox 1298 2388 1975 2444">
    <p class='ocr_par' dir='ltr' id='par_1_28' title="bbox 1298 2388 1975 2444">
     <span class='ocr_line' id='line_1_93' title="bbox 1298 2388 1975 2444; baseline -0.016 -8"><span class='ocrx_word' id='word_1_563' title='bbox 1298 2395 1517 2436; x_wconf 87' lang='lat' dir='ltr'>Dominica</span> <span class='ocrx_word' id='word_1_564' title='bbox 1539 2394 1589 2433; x_wconf 91' lang='lat'>11.</span> <span class='ocrx_word' id='word_1_565' title='bbox 1621 2395 1715 2444; x_wconf 86' lang='lat' dir='ltr'>post</span> <span class='ocrx_word' id='word_1_566' title='bbox 1743 2388 1975 2430; x_wconf 81' lang='lat' dir='ltr'>Trinitatis.</span> 
     </span>
    </p>
   </div>
   <div class='ocr_carea' id='block_1_28' title="bbox 1400 2469 1864 2518">
    <p class='ocr_par' dir='ltr' id='par_1_29' title="bbox 1400 2469 1864 2518">
     <span class='ocr_line' id='line_1_94' title="bbox 1400 2469 1864 2518; baseline -0.015 -9"><span class='ocrx_word' id='word_1_567' title='bbox 1400 2474 1633 2518; x_wconf 77' lang='lat' dir='ltr'>Evangelium</span> <span class='ocrx_word' id='word_1_568' title='bbox 1666 2472 1781 2506; x_wconf 79' lang='lat' dir='ltr'>Lucae</span> <span class='ocrx_word' id='word_1_569' title='bbox 1808 2469 1864 2503; x_wconf 75' lang='lat'>14.</span> 
     </span>
    </p>
   </div>
   <div class='ocr_carea' id='block_1_29' title="bbox 1193 2547 2129 2640">
    <p class='ocr_par' dir='ltr' id='par_1_30' title="bbox 1193 2547 2129 2640">
     <span class='ocr_line' id='line_1_95' title="bbox 1193 2547 2129 2599; baseline -0.018 -12"><span class='ocrx_word' id='word_1_570' title='bbox 1193 2554 1314 2588; x_wconf 87' lang='lat' dir='ltr'>Homo</span> <span class='ocrx_word' id='word_1_571' title='bbox 1329 2549 1481 2599; x_wconf 79' lang='lat' dir='ltr'>quidam</span> <span class='ocrx_word' id='word_1_572' title='bbox 1490 2549 1581 2597; x_wconf 80' lang='lat' dir='ltr'>fecit</span> <span class='ocrx_word' id='word_1_573' title='bbox 1598 2558 1741 2581; x_wconf 85' lang='lat' dir='ltr'>coenam</span> <span class='ocrx_word' id='word_1_574' title='bbox 1759 2554 1953 2589; x_wconf 77' lang='lat' dir='ltr'>magnam,</span> <span class='ocrx_word' id='word_1_575' title='bbox 1978 2547 2008 2576; x_wconf 79' lang='lat' dir='ltr'>et</span> <span class='ocrx_word' id='word_1_576' title='bbox 2026 2555 2129 2577; x_wconf 66' lang='lat' dir='ltr'>voca-</span> 
     </span>
     <span class='ocr_line' id='line_1_96' title="bbox 1243 2591 2129 2640; baseline -0.011 -2"><span class='ocrx_word' id='word_1_577' title='bbox 1243 2605 1291 2638; x_wconf 67' lang='lat' dir='ltr'>rit</span> <span class='ocrx_word' id='word_1_578' title='bbox 1315 2605 1468 2640; x_wconf 81' lang='lat' dir='ltr'>multos,</span> <span class='ocrx_word' id='word_1_579' title='bbox 1496 2605 1525 2634; x_wconf 82' lang='lat' dir='ltr'>el</span> <span class='ocrx_word' id='word_1_580' title='bbox 1546 2598 1646 2632; x_wconf 81' lang='lat' dir='ltr'>misit</span> <span class='ocrx_word' id='word_1_581' title='bbox 1667 2606 1804 2630; x_wconf 57' lang='lat' dir='ltr'>servum</span> <span class='ocrx_word' id='word_1_582' title='bbox 1819 2607 1925 2628; x_wconf 84' lang='lat' dir='ltr'>suum</span> <span class='ocrx_word' id='word_1_583' title='bbox 1944 2591 2038 2628; x_wconf 79' lang='lat' dir='ltr'>hora</span> <span class='ocrx_word' id='word_1_584' title='bbox 2055 2606 2129 2628; x_wconf 83' lang='lat' dir='ltr'>coe—</span> 
     </span>
    </p>
   </div>
   <div class='ocr_carea' id='block_1_30' title="bbox 1244 2645 2125 2694">
    <p class='ocr_par' dir='ltr' id='par_1_31' title="bbox 1244 2645 2125 2694">
     <span class='ocr_line' id='line_1_97' title="bbox 1244 2645 2125 2694; baseline -0.012 -5"><span class='ocrx_word' id='word_1_585' title='bbox 1244 2667 1330 2694; x_wconf 82' lang='lat' dir='ltr'>nae,</span> <span class='ocrx_word' id='word_1_586' title='bbox 1360 2659 1396 2688; x_wconf 81' lang='lat' dir='ltr'>ul</span> <span class='ocrx_word' id='word_1_587' title='bbox 1416 2651 1544 2687; x_wconf 76' lang='lat' dir='ltr'>diceret</span> <span class='ocrx_word' id='word_1_588' title='bbox 1561 2647 1745 2684; x_wconf 75' lang='lat' dir='ltr'>imitatis:</span> <span class='ocrx_word' id='word_1_589' title='bbox 1776 2645 1914 2687; x_wconf 76' lang='lat' dir='ltr'>Venite,</span> <span class='ocrx_word' id='word_1_590' title='bbox 1942 2646 2031 2693; x_wconf 79' lang='lat' dir='ltr'>quia</span> <span class='ocrx_word' id='word_1_591' title='bbox 2051 2646 2125 2679; x_wconf 82' lang='lat' dir='ltr'>iam</span> 
     </span>
    </p>
   </div>
  </div>
 </body>
</html>
