2409 2915
8 286 13 333 l

0 339 14 380 ἰ’

0 408 13 428 W

8 462 13 474 l

8 478 13 492 V

0 1105 5 1142 i
57 1109 144 1142 tium
170 1106 213 1142 sit
236 1109 272 1141 in
303 1105 367 1140 hac
389 1108 478 1140 serie
507 1107 539 1140 in
565 1109 622 1142 ben
645 1109 807 1143 vorcttcrn
835 1107 973 1150 &bril-ti,
1003 1115 1039 1140 ut
1066 1114 1067 1122 ¹

2 1152 3 1174 ³
57 1160 271 1203 significetur
307 1156 497 1191 Ecclesiam
535 1171 573 1191 ex
611 1159 772 1202 gentibus
809 1159 1038 1201 colligendam

0 1391 1 1438 J
56 1399 213 1442 singulos
228 1399 356 1439 libros,
383 1400 440 1432 sed
459 1399 655 1443 tamenipsi
673 1399 720 1443 pii
745 1400 899 1442 legentes
922 1398 1038 1431 consi-

16 1537 22 1543 ,
56 1501 253 1543 exemplum
282 1498 395 1533 David
430 1500 563 1543 agentis
593 1501 856 1544 poenitentiam.
910 1498 1040 1533 Exem-

0 2111 1 2114 ,
56 2065 149 2107 lege,
177 2063 257 2108 quia
275 2064 340 2097 fuit
355 2062 441 2097 Rex.

6 110 15 154 J
63 104 136 143 545
313 105 400 141 XII.
451 101 838 140 ANNOTATIONES
863 101 930 138 ET
955 99 1233 138 CONCIONES
1261 102 1310 138 IN
1337 102 1521 139 EVANG.
1549 104 1826 143 ΜΑΤΤΗΑΕῙ.
2002 108 2076 145 546

165 191 303 227 Deinde
325 192 411 225 vixit
434 198 466 225 et
491 179 528 224 i‘n
551 190 653 223 bonis
675 189 861 233 operibus,
891 190 1044 224 exercuit
1196 187 1278 224 Post
1297 190 1449 224 reditum
1467 199 1538 226 erat
1554 193 1747 227 deformior
1764 201 1872 228 status
1887 208 1992 240 quam
2013 208 2077 229 an-

5 230 15 267 ξ
63 244 165 277 fidem
184 244 221 276 in
241 255 358 285 cruce,
387 243 424 275 in
439 241 563 281 exiliis,
592 241 627 273 in
639 240 815 284 periculis,
842 239 1042 274 suitPater-
1096 245 1168 278 tea,
1198 239 1301 271 etiam
1328 247 1464 284 peccata
1489 243 1619 276 rnaiora
1651 246 1899 289 sequebantur.
1958 246 2078 280 Sectae

62 294 231 332 familias,
266 293 499 338 praedicator,
532 291 699 331 bellator,
734 297 767 324 et
799 290 864 324 fuit
897 291 1042 334 patiens,
1095 286 1383 330 Pharisaeorum,
1423 290 1724 327 Sadducaeorum:
1767 302 1799 328 et
1833 303 1948 330 tamen
1982 296 2077 331 Deus

61 345 124 378 ubi
142 343 236 378 Deus
251 343 399 389 postulat
418 342 631 386 patientiam.
1094 339 1244 373 servavit
1269 340 1453 385 reliquias,
1481 343 1610 376 mansit
1626 356 1705 377 vera
1722 343 1886 380 Ecclesia.

165 402 213 436 lta
229 409 321 436 retro
340 400 526 443 cogitanda
542 407 591 434 est
610 407 777 444 perpetua
795 397 948 434 Ecclesia
960 424 968 438 ‚
997 401 1037 433 ad
1188 397 1347 431 Herodes
1365 399 1538 434 interfecit
1554 407 1668 435 totum
1685 404 1874 438 concilium
1898 406 2076 440 seniorum

62 465 126 488 nos
144 452 418 491 confirmandos,
447 457 487 485 ut
501 451 669 492 sciamus,
695 452 788 484 unde
810 451 854 485 sit
876 448 941 483 hoc
959 463 1041 484 ver·
1093 449 1329 494 septuaginta,
1358 448 1572 485 Sanhedrin.

61 505 165 544 bum,
190 503 284 548 qUOd
302 502 480 537 dlSClfflUS·
531 500 618 535 hem
635 508 674 535 Ut
688 502 969 542 consideremus),
995 514 1039 534 ³¹¹
1195 507 1391 553 Aliquanto
1415 517 1494 543 ante
1518 509 1695 544 Herodem
1713 511 1932 547 Ptolemaeus
1949 514 2076 553 Lamv-

61 616 118 638 na.
170 604 257 636 Item
275 610 317 637 ut
340 603 516 636 intuentes
540 603 577 635 in
602 603 702 644 illos,
731 603 898 641 sciamus,
927 602 1040 647 qualis
1065 625 1068 638 .
1093 610 1247 654 captivos
1268 610 1360 643 vesci
1376 623 1479 644 carne
1496 620 1729 648 mortum-um·

60 654 103 688 sit
121 651 274 687 Ecclesia
287 680 296 693 ,
323 660 355 687 et
368 654 411 686 ad
430 665 505 686 eam
523 653 711 697 imaginem
729 665 793 687 nos
812 653 905 697 ipsos
921 654 1040 687 confe-

56 715 194 743 ramus,
226 710 265 738 ut
285 704 507 737 consolemur
524 716 588 737 nos
604 711 723 737 contra
741 705 943 738 scandalum
962 716 1039 737 cru-

57 755 126 795 cis,
153 766 217 787 nec
240 761 403 798 putemus
427 766 491 787 nos
517 761 702 802 propterea
725 767 796 787 non
824 767 895 788 esse
919 753 1040 788 Eccle-

59 806 144 838 siam
163 803 251 845 Dei,
278 806 372 849 quod
390 805 510 838 multis
527 806 704 839 aerumnis
720 807 916 849 premimur
932 814 994 839 etc.

1336 701 1527 738 Abraham
1548 708 1681 750 ,qenuit
1702 708 1824 739 Isaac.

0 499 17 652 ἴε
61 565 221 599 praesens
240 552 400 586 doctrina
418 552 612 586 consemfat
633 564 712 585 cum
729 550 893 586 Abrahae
908 552 1038 586 doctri·
1094 570 1152 592 rus
1170 559 1344 592 interfecit
1370 560 1495 602 viginti
1518 562 1629 595 millia
1650 561 1879 604 Iudaeorum,
1907 571 1940 598 et
1965 566 2076 608 coegit

0 716 5 738 i

1194 767 1427 803 Enumeratio
1451 772 1493 803 ad
1519 769 1585 804 hoc
1604 773 1764 814 prodest,
1793 779 1832 806 ut
1856 774 1993 815 cognito
2019 787 2076 807 or-

1094 818 1176 851 dine
1209 818 1375 863 Patrum‚
1426 827 1459 854 et
1492 819 1736 861 historiarum,
1782 830 1875 856 certo
1909 824 2077 868 sciamus,

157 862 251 896 Haec
269 863 304 895 in
326 875 450 906 genere
469 863 648 901 dicantur,
677 871 792 908 postea
811 864 964 898 breviter
985 876 1039 896 rt?-
1065 878 1067 912 1
1094 870 1254 913 quandO,
1282 878 1313 903 et
1330 872 1457 915 quibus
1475 872 1682 905 testimoniis
1702 873 1951 915 promissiones
1969 875 2076 907 tradi-

0 927 3 966 s
57 920 196 958 petatur
211 914 395 959 promissio
413 914 501 947 facta
520 912 694 949 Abrahae.
1066 922 1067 926 ’
1094 926 1147 952 tae
1173 920 1259 960 sint,
1295 928 1327 954 et
1351 923 1445 954 unde
1472 920 1633 956 Christus
1659 929 1762 956 natus
1787 923 1850 963 sit,
1878 930 1909 955 et
1927 925 2076 957 sciamus

515 989 579 1025 HL
1064 985 1067 1000 ι
1094 968 1183 1003 hanc
1199 971 1394 1004 doctrinam
1409 973 1451 1005 de
1466 972 1593 1006 Messia
1613 974 1714 1006 certis
1740 973 1948 1006 testimoniis
1965 987 1982 1006 a
2002 974 2076 1008 Deo

255 1058 263 1065 .
363 1057 370 1064 ·
395 1057 403 1064 ι
726 1057 734 1064 ι
1064 1001 1068 1077 ι
1096 1021 1257 1054 traditam
1277 1034 1361 1065 esse,
1389 1030 1419 1056 et
1437 1035 1509 1055 non
1527 1035 1599 1055 esse
1623 1023 1762 1056 inanem
1782 1024 1950 1059 fabulam.
1995 1023 2077 1059 Ideo

159 1057 320 1091 Brevffl’r
336 1057 403 1090 ‘3¹⁶¹
421 1063 550 1101 Pou‘st·
576 1057 668 1101 ‘luo‘l
689 1064 792 1089 enam
817 1068 932 1090 semm
956 1068 1038 1099 ἐφ’
1065 1080 1067 1110 ι
1095 1071 1130 1102 in
1153 1071 1371 1114 singulorum
1392 1072 1535 1106 Patrum
1554 1071 1711 1107 historiis
1736 1075 1898 1108 miranda
1917 1076 2075 1109 testimo-

1064 1147 1067 1160 ,
1095 1122 1152 1155 nia
1171 1124 1423 1156 consideranda
1442 1131 1534 1159 sunt.

1198 1179 1238 1212 ln
1262 1178 1462 1221 Abrabam,
1489 1178 1761 1225 quod‘nascitur
1789 1179 1881 1216 Isaac
1905 1195 1944 1215 ex
1966 1191 2076 1218 matre

1095 1242 1165 1262 anu
1182 1237 1212 1262 et
1228 1231 1349 1263 sterili.

510 1282 593 1317 1111,
1195 1279 1234 1313 In
1261 1280 1376 1320 Isaac,
1409 1282 1502 1325 quod
1531 1281 1566 1313 in
1599 1282 1840 1316 immolatione
1871 1284 2079 1317 mirabiliter

1097 1330 1263 1362 liberatus
1281 1338 1341 1363 est.

56 1221 139 1245 esse·

157 1348 334 1382 Historiae
351 1349 568 1392 singularum
586 1360 814 1392 personarum
833 1348 1039 1392 praeberent
1556 1381 1564 1388 ,
1635 1382 1642 1389 ,
1663 1382 1670 1389 .

1193 1379 1234 1412 In
1256 1380 1376 1420 Iacob,
1403 1382 1495 1426 quod
1517 1382 1726 1415 mirabiliter
1743 1382 1905 1415 defensus
1924 1389 1973 1416 est
1993 1395 2077 1416 con-

1093 1436 1145 1463 tra
1161 1428 1254 1464 Esau
1273 1438 1305 1464 et
1319 1431 1452 1467 Laban.

1196 1481 1237 1515 In
1262 1480 1462 1523 Nahasson,
1499 1483 1592 1528 quod
1625 1482 1784 1516 interfuit
1815 1483 1994 1517 eductioni
2019 1495 2080 1528 per

1095 1544 1189 1565 mare
1207 1534 1366 1565 rubrum.

1199 1583 1236 1616 ln
1255 1582 1387 1624 David,
1415 1585 1508 1629 quod
1534 1585 1616 1618 vicit
1643 1584 1772 1617 auxilio
1790 1584 1913 1617 divino
1933 1583 2078 1618 Goliath

55 1449 346 1492 derentinsignia
370 1450 544 1494 exempla,
572 1462 660 1494 quae
678 1450 782 1483 nobis
807 1455 974 1494 prosunt,
1000 1456 1039 1482 ut

53 1551 152 1595 plum
169 1550 332 1584 Manasse
351 1552 483 1594 agentis
500 1552 759 1595 poenitentiam.

147 1609 242 1643 Haec
252 1611 485 1643 consideratio
496 1617 666 1643 monstrat
676 1609 868 1643 Ecclesiam
880 1610 1037 1643 omnium

54 1667 271 1706 temporum,
299 1668 331 1694 et
350 1661 452 1694 fidem
471 1661 506 1693 in
524 1661 626 1693 nobis
642 1661 836 1694 confirmat.
1094 1640 1126 1666 et
1145 1642 1240 1716 amfi'
1277 1684 1314 1716 Μ
1333 1685 1338 1691 .
1416 1683 1427 1716 ¹
1518 1682 1530 1716 ἲ
1548 1698 1552 1702 ¹
1607 1672 1610 1675 ’
1695 1697 1701 1705 ὶ
1754 1684 1761 1691 .
1898 1684 1906 1690 .

1271 1709 1279 1717 r
1319 1697 1360 1716 ›ia
1373 1711 1380 1723 ,
1433 1697 1515 1728 osap
1531 1691 1576 1717 iat
1589 1711 1597 1723 ‚
1635 1682 1697 1716 Ezt
1706 1682 1800 1724 chia,
1836 1683 1927 1717 losia
1941 1711 1948 1725 ,
1983 1687 2077 1730 quod

522 1734 566 1769 V,
1095 1731 1295 1765 hahuerunt
1315 1735 1491 1766 mirandas
1511 1734 1684 1766 victorias.

1198 1782 1236 1815 In
1262 1781 1452 1824 salathiel,
1486 1785 1580 1829 quod
1607 1785 1816 1818 mirabiliter
1840 1786 2005 1819 reductus
2031 1792 2079 1819 est

1095 1846 1131 1866 ex
1150 1832 1345 1878 Babylone.

1196 1883 1289 1917 Haec
1314 1892 1347 1918 et
1377 1884 1505 1917 similia
1539 1896 1643 1928 opera
1671 1884 1734 1917 Dei
1769 1892 1851 1918 sunt
1880 1886 2078 1919 testimonia

1093 1935 1284 1968 doctrinae.

157 1801 239 1836 Non
263 1802 376 1834 dicam
400 1801 442 1833 de
464 1801 675 1843 genealogiis
697 1801 945 1840 conciliandis,
981 1804 1036 1834 sed
1064 1782 1068 1829 l

55 1853 254 1898 relinquam
269 1849 354 1885 haec
372 1848 520 1891 scholis,
548 1852 606 1884 sod
632 1851 743 1884 facilis
759 1859 808 1885 est
826 1852 1037 1886 conciliatio.

55 1904 168 1939 Lucas
197 1903 293 1937 ducit
317 1900 497 1936 Christum
523 1914 541 1934 a
569 1900 709 1935 Nathan
733 1903 805 1935 filio
829 1902 964 1942 David,
999 1915 1038 1936 ex

55 1955 154 1989 cuius
171 1954 317 1998 posteris
336 1953 577 1993 naturalibus,
601 1950 763 1986 Christus
786 1959 887 1985 natus
904 1960 962 1987 est.

158 2011 360 2047 Matthaeus
381 2025 398 2045 a
424 2010 631 2052 Salomone,
663 2012 744 2057 quia
770 2010 825 2045 hic
851 2012 915 2046 fuit
936 2011 1039 2046 Pater

1247 2022 1398 2052 Inventa
1416 2023 1472 2053 est
1490 2021 1530 2054 in
1547 2024 1652 2054 utero
1667 2018 1809 2054 liabens
1825 2025 1895 2054 etc.

1195 2085 1352 2129 Sequens
1381 2085 1535 2118 narratio
1561 2086 1680 2119 recitat
1708 2084 1891 2118 historiam
1915 2085 1958 2118 de
1982 2084 2078 2118 Con—

519 2137 579 2174 Vl.
1093 2137 1251 2179 ceptione
1271 2142 1302 2168 et
1319 2134 1510 2169 Nativitate
1531 2135 1680 2169 Messiae
1700 2148 1738 2169 ex
1757 2136 1903 2179 virgine.

160 2204 301 2247 Insigne
317 2204 514 2246 exemplum
532 2211 581 2237 est
598 2204 786 2238 destmcfio
805 2204 1038 2250 {erosolymap
1064 2204 1066 2226 ι’
1195 2193 1261 2227 Hic
1284 2195 1436 2237 primum
1464 2196 1613 2228 addatur
1632 2196 1772 2228 initium
1790 2194 2002 2227 narrationis
2020 2192 2077 2227 Io-

59 2264 93 2291 et
109 2256 267 2290 reductio
286 2267 325 2287 ex
339 2253 539 2299 Babylone,
568 2253 662 2288 llaec
677 2262 726 2289 est
745 2255 892 2298 insignis
908 2257 1039 2289 ‹loctri-
1064 2244 1066 2255 ³
1094 2244 1236 2285 hannis,
1264 2253 1296 2279 et
1312 2245 1449 2279 dicatur
1465 2246 1507 2278 de
1526 2247 1662 2279 duabus
1679 2244 1815 2277 naturis
1831 2243 1868 2276 in
1886 2243 2027 2276 Messia.

57 2320 122 2347 na,
153 2306 247 2341 Deus
272 2306 478 2350 promiserat
503 2317 538 2338 se
571 2305 665 2337 illam
694 2305 851 2349 politiam
883 2313 1038 2340 servatu-
1064 2290 1067 2316 ξ
1194 2304 1355 2339 Secundo
1388 2305 1618 2337 admoneatur
1648 2304 1806 2344 auditor,
1848 2310 1885 2336 ut
1915 2304 2075 2336 observet

56 2370 136 2392 rum
151 2369 234 2392 esse.
1063 2343 1067 2404 ,¹
1092 2357 1216 2389 ordine
1239 2356 1435 2388 testimonia
1459 2357 1501 2387 de.
1524 2355 1750 2398 conceptione
1779 2361 1811 2387 ct
1835 2353 2014 2387 nativitate
2036 2366 2075 2386 ex

159 2407 307 2452 Propter
337 2405 426 2440 hanc
453 2406 719 2451 promissionem
756 2405 873 2439 ludaei
906 2407 1036 2441 carnali
1064 2414 1066 2459 s
1094 2408 1246 2450 virgine,
1276 2407 1352 2439 vult
1369 2417 1431 2437 nos
1450 2404 1542 2437 Dens
1562 2413 1673 2437 certos
1690 2417 1761 2438 esse
1781 2406 1824 2437 de
1843 2403 1907 2436 hoc
1928 2405 2073 2436 Messia:

58 2460 241 2493 securitate
271 2459 442 2502 putabant
467 2470 538 2490 non
569 2469 668 2501 posse
695 2458 826 2490 destrui
853 2469 954 2492 suum
984 2471 1037 2491 re-
1063 2463 1065 2490 ι’
1093 2459 1170 2491 ideo
1197 2457 1296 2490 multi
1323 2455 1378 2489 hic
1403 2462 1504 2488 testes
1529 2456 1736 2495 recitantur,
1765 2455 1922 2497 Angelus
1948 2455 2075 2487 confir-

57 2521 184 2553 gnum,
213 2517 244 2543 et
261 2508 506 2542 destruebatur
522 2515 651 2548 tamen,
671 2509 752 2553 quia
772 2507 866 2542 Deus
883 2509 957 2542 vult
975 2521 1038 2542 nos
1062 2491 1065 2548 Ξ
1091 2516 1163 2542 mat
1187 2506 1327 2551 loseph,
1356 2513 1471 2551 postea
1495 2513 1528 2540 et
1544 2505 1725 2540 Elizabeth
1749 2507 1785 2539 fit
1809 2504 1904 2540 testis
1922 2506 1964 2537 de
1990 2517 2075 2538 con-

60 2561 98 2593 in
115 2572 194 2593 vera
211 2560 423 2605 poenitentia
439 2559 567 2598 vivere,
594 2566 626 2593 et
645 2566 758 2592 servat
778 2559 1037 2603 promissiones,
1061 2561 1063 2586 l
1090 2561 1260 2604 ceptione.

61 2621 132 2644 nou
147 2611 208 2645 tali
228 2611 351 2651 modo,
379 2610 516 2654 qualem
533 2622 597 2643 nos
613 2611 845 2649 somniamus,
873 2611 961 2645 sicut
979 2611 1036 2644 in·
1060 2606 1063 2637 Γ
1192 2610 1328 2645 Deinde
1353 2614 1548 2652 sequuntur
1571 2614 1672 2641 testes
1697 2608 1739 2639 de
1762 2605 1968 2647 Nativitate‚
1997 2605 2072 2640 An-

61 2661 201 2703 primis,
227 2659 294 2695 hoc
310 2661 506 2705 exemplum
524 2661 707 2703 splendide
723 2662 833 2695 docet.
1060 2652 1062 2693 l
1089 2662 1174 2704 geli,
1203 2661 1378 2697 Pastores‚
1409 2658 1524 2702 Magi,
1553 2658 1714 2699 Simeon,
1742 2658 1855 2690 Anna.

113 2713 286 2744 Munxrn.
307 2714 408 2745 Oeta.
439 2714 520 2745 Vor..
542 2711 632 2745 XIV.
1514 2707 1562 2741 35
