2409 2915
117 83 191 122 405

115 169 274 204 tudinem
300 171 455 212 invocat,
489 177 603 205 tamen
631 178 749 205 manet
774 172 810 205 in
837 169 901 206 hac
925 172 1094 218 imagina-

115 220 231 261 tione,
257 221 513 254 invocationem
532 232 604 255 esse
622 221 770 255 irritam.

216 270 308 304 Huic
330 270 544 304 diffidentiae
561 273 731 305 acerrime
748 274 1015 317 repugnandum
1033 283 1095 317 est,

113 327 147 354 et
169 323 399 365 opponendae
420 327 501 354 sunt
526 322 791 365 promissiones,
818 331 850 357 et
871 324 1092 359 excitandum

113 382 193 412 cor,
226 378 264 405 ut
293 370 487 415 acquiescat
520 372 730 415 cogitatione
762 375 1033 418 promissionum
1058 382 1093 410 et

113 423 229 455 credat
258 421 476 466 profuturam
506 421 785 464 invocationem,
819 436 863 457 ne
892 437 1091 459 accusemus

110 469 224 505 Deum
241 470 424 504 mendacii.
477 470 527 506 lta
538 471 667 507 Paulus
683 473 800 519 inquit
814 473 918 510 Rom.
932 477 981 511 8.:
1009 475 1092 521 Spi-

110 522 198 554 ritus
219 527 358 555 sanctus
384 521 623 556 testimonium
650 525 709 558 dat
731 525 869 568 spiritui
888 532 1026 566 nostro,
1052 526 1089 560 in

110 583 180 615 quo
207 571 413 605 clamamus:
449 571 551 606 Abba
586 580 692 617 pater.
754 575 894 610 Sciebat
927 576 1089 610 Ieremias

109 628 296 655 venturum
328 633 400 654 esse
424 623 618 664 excidium,
652 625 710 657 sed
736 626 856 660 orabat
883 633 1017 667 tamen,
1050 639 1089 660 ac

108 672 280 706 statuebat
297 673 492 706 orationem
508 675 670 716 prodesse
682 676 724 708 ad
738 676 1000 719 mitigationem.
1037 676 1087 711 lta

107 719 222 755 David
249 723 392 755 exulans
415 724 573 767 castigari
596 736 631 757 se
654 725 812 766 videbat,
840 739 952 772 neque
970 734 1087 760 tamen

107 771 295 806 abiiciebat
324 773 572 815 precationem.
630 775 769 810 Sciebat
797 777 888 809 enim
915 789 950 810 se
975 777 1086 820 irnpe-

107 828 199 855 trare
227 823 397 856 auxilium
422 831 455 857 et
477 825 749 868 mitigationem,
788 833 819 860 et
846 827 1088 870 experiebatur

107 872 248 906 interim
274 873 549 914 consolationes,
577 882 609 908 et
633 888 764 909 novum
789 878 897 910 robur
916 877 951 910 in
970 879 1086 916 corde,

106 930 139 955 et
157 923 260 956 talem
278 924 555 957 moderationem
572 934 781 965 eventuum,
808 939 852 959 ne
870 928 1009 971 penitus
1022 940 1087 970 op-

106 972 326 1016 primeretur.
379 974 477 1007 Haec
495 976 653 1009 doctrina
673 977 715 1009 de
734 977 955 1011 invocatione
971 984 1004 1010 et
1021 978 1087 1010 fide

107 1022 293 1065 diligenter
322 1024 575 1058 consideranda
606 1033 674 1066 est,
711 1033 748 1060 ut
771 1029 980 1060 accendatur
1002 1028 1087 1060 fides

107 1072 144 1105 in
168 1073 383 1118 quotidianis
408 1075 587 1118 precibus,
615 1083 646 1109 et
670 1077 889 1111 discernatur
910 1077 1086 1111 invocatio

104 1130 217 1157 vestra
235 1124 279 1156 ab
295 1121 434 1158 ethnica
445 1151 454 1165 ‚
483 1123 621 1159 ludaica
637 1133 671 1160 et
687 1125 851 1162 Turcica.

491 1225 536 1248 De
566 1227 696 1255 quarto.

207 1273 288 1308 Non
307 1281 388 1308 sunt
404 1275 521 1308 omnia
538 1275 574 1308 in
593 1276 776 1319 allegorias
795 1277 1088 1318 transformanda,

104 1325 163 1358 sed
181 1324 358 1358 interdum
373 1325 460 1357 facta
477 1337 516 1358 ac
531 1326 700 1369 exempla,
727 1327 814 1359 adeo
830 1327 982 1360 illustres
998 1328 1087 1360 ima-

105 1375 300 1418 ginationes
329 1376 528 1419 continent,
563 1382 602 1408 ut
625 1387 696 1408 non
722 1376 870 1410 dubium
892 1377 956 1418 sit,
989 1377 1085 1410 aliud

105 1425 274 1470 quiddam
298 1425 529 1468 significatum
548 1437 630 1461 esse.
684 1425 729 1460 Ut
747 1427 880 1460 oblatio
901 1427 993 1461 lsaac
1010 1427 1086 1460 sine

105 1475 215 1509 dubio
239 1475 454 1519 significabat
472 1475 685 1509 oblationem
704 1475 847 1512 Christi.
900 1477 1084 1511 Diluvium

104 1526 180 1559 sine
201 1526 272 1559 ulla
294 1526 515 1560 dubitatione
531 1526 703 1570 significat
719 1527 883 1560 ultimum
903 1528 1084 1561 iudicium.

105 1575 163 1610 Sic
184 1576 311 1619 passim
335 1576 465 1610 multae
489 1583 568 1609 sunt
593 1576 760 1619 imagines
783 1578 1012 1611 maximarum
1030 1590 1086 1611 re-

105 1638 183 1659 rum
214 1626 250 1658 in
275 1632 345 1659 tota
369 1637 464 1659 sacra
489 1623 655 1665 historia,
688 1628 745 1659 sed
772 1629 959 1671 prudentia
984 1625 1085 1660 adhi-

105 1676 219 1709 benda
249 1682 317 1714 est,
351 1687 396 1708 ne
419 1676 721 1719 interpretationes
745 1684 777 1710 et
801 1678 1006 1712 collationes
1029 1678 1084 1710 in-

104 1726 298 1759 concinnae
322 1733 355 1759 et
380 1727 553 1759 absurdae
575 1728 773 1769 gignantur.
819 1726 885 1760 Hic
903 1728 985 1761 satis
1001 1739 1084 1761 con-

105 1777 208 1810 cinna
240 1776 446 1819 significatio
470 1776 673 1820 Synagogae
698 1784 746 1810 est
769 1777 897 1810 mulier
921 1778 1085 1811 laborans

105 1826 220 1866 fluxu,
254 1838 342 1870 quae
372 1837 451 1859 suas
479 1827 659 1859 facultates
689 1827 724 1859 in
752 1827 931 1861 curatione
957 1829 1083 1861 frustra

106 1876 336 1920 impenderat.
391 1875 490 1909 Talis
514 1883 597 1909 tunc
623 1876 689 1909 fuit
713 1875 867 1910 Ecclesia
892 1878 927 1910 in
954 1878 1084 1921 populo

107 1925 266 1967 ludaico,
293 1938 382 1972 quae
402 1933 473 1960 erat
498 1927 534 1959 in
559 1927 692 1969 magnis
715 1928 881 1967 miseriis,
909 1928 1085 1961 laceraba-
1108 1942 1110 1952 v

107 1983 165 2010 tur
186 1977 306 2015 bellis,
334 1984 367 2011 et
385 1978 589 2010 versabatur
605 1977 639 2009 in
657 1978 854 2018 erroribus,
881 1986 913 2012 et
932 1978 1084 2011 infelici-

106 2034 158 2061 ter
181 2039 198 2059 a
225 2028 442 2070 principibus
465 2035 498 2061 et
522 2028 726 2061 doctoribus
742 2029 942 2063 curabatur.
994 2027 1082 2061 Nam

108 2078 284 2116 doctores,
324 2075 501 2111 Pharisaei
536 2085 569 2112 et
602 2078 818 2117 Sadducaei,
852 2090 924 2112 non
955 2084 1085 2112 norant

107 2124 338 2169 Evangelium
368 2129 410 2159 de
435 2127 561 2160 Messia
589 2136 622 2162 et
658 2129 701 2161 de
731 2141 809 2162 vera
841 2129 1080 2162 invocatione:

107 2177 281 2221 principes
304 2189 385 2210 vero
405 2189 544 2221 prorsus
560 2186 660 2212 erant
676 2176 860 2222 Epicurei,
887 2179 1083 2212 doctrinam

107 2233 139 2260 et
165 2227 385 2270 disciplinam
411 2240 482 2260 non
508 2230 692 2266 curabant,
727 2236 862 2262 tantum
885 2229 1086 2273 expilabant

109 2278 295 2320 populum,
323 2285 354 2311 et
373 2278 488 2311 stultis
515 2279 724 2311 tumultibus
750 2280 1000 2321 perturbabant
1022 2290 1085 2322 gu-

109 2328 362 2363 bernationem.
416 2328 513 2361 Talis
537 2340 614 2361 cum
634 2335 719 2361 esset
738 2330 856 2371 populi
875 2336 1002 2369 status,
1027 2340 1085 2361 ve-

109 2377 162 2411 nit
183 2375 362 2416 Christus,
395 2385 428 2412 et
450 2379 643 2421 opitulatur
667 2376 748 2411 huic
772 2379 931 2419 mulieri,
965 2379 999 2412 id
1026 2385 1087 2419 est,

109 2438 190 2461 suae
205 2425 395 2468 Ecclesiae,
423 2441 525 2473 quam
543 2429 579 2461 in
597 2427 661 2462 hoc
680 2430 809 2472 populo
826 2429 976 2472 collegit.
1027 2428 1086 2462 Sic

109 2485 141 2511 et
166 2475 440 2524 Archisynagogi
469 2480 538 2512 filia
565 2479 678 2522 imago
702 2486 750 2513 est
778 2478 950 2513 Ecclesiae
973 2479 1087 2512 extin-
1110 2473 1111 2522 J

458 2528 552 2562 Haec
575 2541 696 2563 rursus
719 2530 887 2563 excitatur
905 2542 966 2574 per
981 2527 1086 2563 Chri·
1109 2533 1111 2559 ἑ

110 2535 181 2561 ctae
205 2529 240 2561 in
264 2530 404 2573 populo.

111 2584 219 2616 stum,
247 2581 304 2612 sed
333 2580 467 2613 ridetur
487 2578 647 2614 Christus
668 2592 686 2614 a
708 2580 929 2620 tibicinibus,
956 2580 1018 2627 qui
1042 2581 1084 2614 ad

111 2626 215 2675 sunus
230 2630 392 2664 conducti
410 2637 520 2663 erant.

663 86 745 124 ΧΗ.
783 85 1174 124 ANNOTATlONES
1205 87 1254 122 lN
1278 86 1574 126 EVANGELlA.

2054 101 2127 135 406

1249 170 1343 206 Haec
1358 180 1407 207 est
1425 174 1569 208 illustris
1585 176 1718 220 pictura
1736 179 1943 222 sapientum,
1970 183 2030 228 qui
2048 191 2125 219 tan-

1145 228 1219 255 turn
1244 231 1377 257 norunt
1399 225 1594 258 doctrinam
1621 227 1702 269 legis
1728 235 1760 261 et
1782 230 1989 278 disciplinae
2011 242 2123 269 exter-

1143 284 1220 306 nae.
1272 272 1385 307 Sicuti
1409 275 1501 306 enim
1530 276 1690 309 tibicines
1714 287 1842 313 canunt
1867 283 2024 316 funebria
2048 297 2121 318 car-

1142 322 1255 362 mina,
1292 323 1339 356 ita
1365 325 1523 357 dociorvs
1550 325 1651 367 legis,
1687 327 1760 359 sine
1783 331 1959 371 agnitione
1979 332 2122 376 Christi,

1142 378 1310 416 tanquam
1340 373 1376 406 in
1407 373 1530 406 sunere
1554 376 1736 418 deplorant
1760 379 1915 413 miserias
1939 380 2121 424 humanas,

1142 429 1344 466 proponunt
1368 423 1589 467 disciplinam
1613 432 1643 458 et
1669 437 1814 468 poenas,
1846 437 1878 462 et
1901 437 2015 465 tamen
2041 445 2120 467 sen-

1141 472 1233 506 tiunt
1258 484 1359 517 saepe
1376 474 1466 506 vinci
1487 471 1576 506 hanc
1595 487 1691 508 suam
1709 477 1902 510 doctrinam
1920 480 2121 517 infirmitate

1141 520 1344 563 hominum,
1381 530 1414 556 et
1444 531 1483 558 ut
1511 525 1659 557 maxime
1691 527 1844 561 obtineri
1874 530 2119 572 perfectissima

1140 573 1298 606 doctrina
1324 580 1451 617 posset:
1480 581 1595 608 tamen
1621 576 1674 609 lex
1693 588 1765 609 non
1782 578 1890 611 adfert
1909 581 2119 615 consolatio-

1141 634 1221 655 nem
1237 624 1279 656 de
1294 624 1499 657 remissione
1518 634 1748 668 peccatorum,
1775 628 1818 660 de
1835 631 2119 665 reconciliatione

1140 673 1307 713 gratuita,
1339 675 1382 707 de
1414 675 1483 707 vita
1515 683 1672 715 aeterna,
1709 678 1750 708 de
1782 690 1859 711 vera
1887 679 2119 716 invocatione.

1139 722 1207 757 Sed
1235 724 1400 768 relinquit
1425 723 1582 758 homines
1609 726 1643 758 in
1662 726 1880 760 dubitatione
1897 736 1929 762 et
1946 730 1980 762 in
1998 741 2120 773 morte,

1140 780 1172 807 et
1189 773 1374 817 disciplina
1392 775 1450 807 illa
1469 782 1519 807 est
1539 775 1642 808 veluti
1663 784 1849 818 apparatus
1864 779 2007 815 funeris.

1240 823 1376 858 Norant
1407 822 1536 858 ethnici
1571 826 1821 868 gubernatores
1851 834 1884 860 et
1917 826 2119 874 philosophi

1139 873 1347 917 sapientiam
1386 875 1488 917 legis,
1529 888 1678 919 quorum
1715 877 1892 917 doctrina,
1934 880 2014 923 quia
2047 894 2119 915 non

1139 924 1293 957 continet
1319 925 1452 957 firmam
1477 926 1750 958 consolationem
1776 928 1818 959 de
1836 929 2119 964 reconciliatione

1138 974 1223 1015 Dei,
1251 981 1386 1007 tantum
1410 983 1459 1008 est
1484 976 1592 1008 tristis
1613 976 1753 1020 querela
1770 978 1812 1009 de
1830 978 1978 1011 miseriis
1995 977 2121 1014 huma-

1139 1025 1204 1057 nis.
1259 1024 1420 1069 Denique
1452 1025 1536 1070 quid
1570 1026 1664 1058 aliud
1698 1033 1746 1059 est
1778 1025 2018 1072 philosophia,
2052 1032 2119 1064 nisi

1139 1075 1370 1108 consideratio
1400 1072 1575 1107 humanae
1605 1076 1836 1117 infirmitatis,
1869 1086 1901 1111 et
1926 1080 2119 1125 qualecun-

1138 1137 1206 1169 que
1228 1125 1367 1157 srenum
1394 1125 1498 1157 nimis
1526 1126 1670 1158 stolidos
1697 1126 1846 1173 impetus
1869 1129 2052 1168 coercens,
2086 1139 2119 1165 et

1138 1176 1267 1208 fatetur
1283 1175 1376 1218 ipsa,
1405 1182 1515 1208 totum
1535 1173 1601 1208 hoc
1619 1176 1756 1208 frenum
1773 1177 1949 1210 infirmum
1968 1190 2058 1218 esse,
2085 1189 2117 1215 et

1137 1236 1238 1271 saepe
1257 1225 1399 1257 lacerari
1426 1232 1570 1257 naturae
1593 1226 1772 1267 pravitate.
1823 1225 1886 1261 Est
1911 1228 2016 1270 igitur
2032 1243 2118 1274 que-

1137 1275 1209 1307 rela
1240 1275 1419 1312 funebris,
1454 1274 1555 1307 sicuti
1582 1273 1681 1309 Plato
1711 1276 1815 1317 dicit,
1852 1274 2117 1323 Philosophiam

1111 1315 1113 1345 l
1137 1335 1208 1358 esse
1225 1324 1489 1356 meditationem
1507 1324 1647 1365 mortis,
1673 1326 1706 1357 id
1725 1333 1792 1366 est,
1820 1328 2034 1369 agnitionem
2052 1343 2117 1364 no-

1137 1381 1288 1407 strarum
1317 1374 1554 1415 miseriarum,
1587 1381 1619 1408 et
1644 1376 1920 1409 moderationem
1944 1379 2117 1423 cupidita-

1137 1432 1230 1463 tum,
1259 1436 1303 1456 ne
1319 1431 1514 1467 augeantur
1533 1424 1702 1460 miseriae.

1238 1473 1305 1507 Sed
1339 1471 1542 1519 hypocritae
1576 1475 1688 1517 ignari
1723 1473 1925 1519 Evangelii,
1967 1478 2117 1512 nimium

1135 1525 1299 1558 tribuunt
1324 1521 1405 1557 huic
1427 1525 1544 1565 freno,
1571 1526 1753 1558 cumulant
1771 1526 1862 1568 leges
1878 1530 2117 1571 superstitiosa

1135 1576 1325 1619 opinione,
1366 1587 1515 1619 cumque
1548 1575 1697 1608 audiunt
1731 1574 1981 1619 Fvangelium‚
2022 1582 2117 1623 quod

1134 1622 1286 1659 detrahit
1312 1622 1365 1657 his
1388 1624 1693 1658 observationibus
1719 1625 1856 1658 laudem
1885 1628 2057 1667 iusticiae,
2083 1638 2116 1664 et

1136 1675 1299 1719 proponit
1324 1674 1427 1706 aliam
1452 1674 1645 1713 iusticiam,
1674 1681 1797 1716 putant
1820 1676 1927 1708 laxari
1952 1688 2011 1710 sna
2038 1680 2115 1712 vin-

1135 1726 1230 1763 cula,
1264 1731 1295 1756 et
1321 1722 1553 1766 Evangelium
1579 1731 1801 1762 execrantur,
1836 1727 1928 1769 quod
1957 1728 2117 1763 videatur

1136 1775 1374 1818 languefacere
1403 1774 1556 1807 studium
1584 1774 1672 1806 bene
1693 1776 1884 1817 operandi,
1919 1777 2114 1813 diminuere

1133 1825 1219 1864 Dei,
1255 1831 1288 1857 et
1317 1824 1480 1856 seditiose
1510 1823 1716 1857 labefactare
1742 1825 1856 1867 legum
1879 1828 2111 1862 autoritatem.

1134 1875 1209 1909 Hae
1226 1874 1411 1918 opiniones
1429 1873 1464 1905 in
1483 1874 1610 1905 animis
1627 1874 1822 1917 sapientum
1835 1902 1843 1914 ,
1871 1877 1930 1919 qui
1952 1877 2113 1919 ignorant

1134 1925 1386 1967 Evangelium‚
1415 1930 1494 1956 sunt
1518 1935 1639 1956 causae
1655 1924 1868 1957 acerbissimi
1886 1927 1971 1959 odii.
2024 1927 2112 1961 Nam

1133 1974 1240 2009 homo
1264 1975 1401 2017 sapiens
1425 1975 1635 2006 contendere
1657 1975 1779 2014 debet,
1807 1982 1845 2008 ut
1860 1978 2023 2011 accendat
2039 1986 2113 2012 stu-

1133 2026 1231 2059 dium
1263 2025 1351 2057 bene
1383 2024 1574 2067 operandi,
1609 2031 1640 2056 et
1668 2025 1782 2057 cultus
1803 2025 1867 2058 Dei
1892 2033 2047 2069 tueatur,
2080 2037 2113 2063 et

1133 2075 1337 2109 modestiam
1370 2071 1553 2107 hominum
1583 2080 1614 2106 et
1639 2076 1928 2119 tranquillitatem
1954 2079 2111 2113 retineat.

1133 2125 1208 2159 Hos
1232 2126 1317 2157 fines
1342 2124 1442 2157 debet
1468 2124 1605 2167 sapiens
1629 2125 1842 2167 gubernator
1867 2138 2020 2159 summos
2047 2130 2112 2162 du-

1134 2188 1230 2216 cere,
1255 2176 1313 2207 sed
1334 2175 1378 2207 ita
1398 2181 1529 2214 tamen,
1555 2181 1594 2208 ut
1613 2187 1709 2207 veros
1729 2176 1841 2208 cultus
1861 2176 1924 2208 Dei
1944 2177 2112 2221 intelligat

1134 2234 1167 2260 et
1191 2232 1339 2259 tueatur.
1393 2223 1475 2256 Veri
1499 2232 1610 2257 autem
1634 2225 1747 2256 cultus
1771 2238 1840 2257 uon
1867 2226 2112 2272 intelliguntur

1134 2277 1208 2310 sine
1223 2274 1434 2318 Evangelio,
1460 2274 1537 2307 ideo
1563 2275 1659 2316 impii
1684 2277 1931 2317 gubernatores
1955 2278 2110 2312 fascinati

1108 2303 1111 2360 Ι
1134 2326 1331 2374 opinionib.
1358 2326 1441 2368 legis
1460 2332 1489 2357 et
1514 2325 1623 2365 ignari
1644 2323 1844 2367 Evangelii,
1872 2327 2050 2367 aberrant,
2078 2336 2110 2362 et

1135 2378 1399 2410 inflammantur
1428 2376 1508 2407 odio
1532 2373 1727 2417 Evangelii.
1781 2374 1818 2408 ld
1851 2373 1916 2408 hoc
1950 2377 2024 2409 loco
2050 2391 2111 2419 per

1135 2428 1296 2461 tibicines
1313 2426 1542 2467 significatum
1562 2431 1620 2458 est.
1666 2424 1737 2457 Nos
1755 2437 1836 2458 vero
1853 2426 2024 2458 discamus
2041 2429 2060 2459 d
2069 2428 2111 2461 is-

1135 2490 1276 2511 cernere
1306 2489 1430 2519 genera
1465 2476 1722 2511 doctrinarum,
1766 2476 1871 2517 legem
1896 2483 1927 2508 et
1954 2473 2111 2519 Evange-

1136 2529 1243 2567 lium,
1276 2535 1308 2560 et
1340 2527 1534 2560 tribuamus
1566 2537 1667 2557 snum
1691 2525 1815 2568 cuique
1841 2526 1956 2565 generi
1986 2527 2110 2562 locum,

1135 2578 1205 2612 Lex
1232 2585 1324 2619 regat
1348 2576 1585 2619 disciplinam,
1620 2582 1651 2606 et
1675 2585 1791 2606 severe
1814 2581 1916 2614 regat.
1971 2576 2037 2608 Sed
2064 2579 2108 2609 si-

1109 2629 1209 2673 [mul
1241 2629 1387 2661 sciamus
1420 2627 1486 2659 alia
1520 2625 1651 2657 iusticia
1686 2635 1773 2667 opus
1804 2636 1893 2664 esse,
1938 2626 2110 2671 videlicet,

1420 2675 1502 2710 26·
