2409 2915
9 1215 21 1258 ι(
75 1227 204 1260 deinde
226 1223 330 1264 Seth,
364 1227 491 1260 deinde
520 1227 580 1259 alii
606 1239 668 1260 suo
691 1227 828 1262 ordine.

86 75 159 116 565
325 76 406 111 ΧΠ.

31 200 35 210 <
187 160 234 196 Et
258 163 542 208 quandocunque
563 160 693 194 dicitur
714 160 757 193 de
772 160 976 194 remissione
992 172 1072 205 pec-

27 217 39 256 }
86 219 242 247 catorum
255 238 262 251 ,
291 213 408 246 doceri
429 210 493 245 hoc
509 223 646 244 necesse
662 217 730 253 est,
758 218 796 244 ut
813 211 857 244 sit
874 218 966 245 certa
984 223 1071 245 con-

85 264 230 302 solatio,
267 263 371 307 Quod
405 263 508 295 detur
529 261 635 304 gratis
659 261 818 294 remissio
845 269 987 306 propter
1009 261 1070 295 Fi-

811 311 878 346 Hic
902 313 1069 346 articulus

84 372 144 406 est,
172 367 215 398 de
231 377 300 410 quo
317 364 384 396 iam
404 363 588 407 praecipue
605 370 794 407 pugnatur,
821 371 964 408 propter
978 361 1068 397 hanc

85 315 192 355 lium,
219 326 290 348 non
317 319 458 358 propter
481 320 600 345 nostra
623 312 758 345 merita.

84 428 204 450 vocem
231 413 413 457 Evangelii
446 413 607 446 diabolus
638 421 786 447 conatur
811 426 875 447 nos
897 415 1065 448 occidere.

83 464 131 501 Et
153 464 242 500 hanc
267 463 494 498 necessariam
511 463 688 498 Ecclesiae
713 465 988 498 consolationem
1009 478 1066 499 co-

83 523 188 551 natur
201 515 327 550 delere.

347 602 497 636 Vocatio
525 601 808 647 discipulorum,

180 668 339 702 Primum
374 669 504 703 dicitur
535 670 578 702 de
608 677 773 713 perpetua
801 670 1065 703 conservatione

77 719 266 753 ministerii
306 720 514 763 evangelici,
557 721 653 754 iuxta
685 720 818 753 dictum
848 717 978 763 Ephes.
1009 719 1063 754 4.:

77 768 248 804 Ascendit
270 771 359 804 dans
384 772 477 804 dona
500 768 724 811 hominibus,
749 771 836 804 alios
859 770 1064 815 Prophetas,

78 821 165 855 alios
182 821 390 865 Apostolos,
417 828 480 856 etc.

176 870 245 905 Hic
260 872 367 915 igitur
384 872 485 905 initio
505 872 688 911 discamus,
718 873 834 905 Deum
852 872 933 906 inde
953 886 1062 918 usque

24 919 27 924 ’
77 923 121 956 ab
135 922 237 956 initio
254 930 331 966 post
348 924 482 966 lapsum
502 922 599 956 Adae
616 923 806 957 instituisse
827 924 1060 958 ministerium

23 973 27 982 '
76 973 228 1007 docendi
242 973 438 1017 Evangelii.

491 972 537 1007 Et
556 974 629 1017 ipse
645 972 740 1007 Deus
756 974 791 1006 in
810 973 976 1008 paradiso
995 975 1062 1008 suit

76 1025 210 1069 primus
233 1025 477 1064 concionator,
505 1025 646 1069 quando
672 1025 940 1068 promissionem
964 1038 1061 1059 arca-

20 1100 23 1109 .
74 1087 156 1109 nam
187 1075 230 1108 de
261 1076 392 1108 semine
424 1076 620 1109 contrituro
651 1083 753 1120 caput
782 1077 954 1120 serpentis
979 1089 1060 1120 pro-

74 1126 256 1169 mulgavit.

20 1175 21 1186 ³
178 1175 302 1210 Postea
334 1175 448 1209 Adam
477 1177 542 1210 fuit
574 1177 734 1210 sacerdos
770 1183 803 1209 et
834 1177 1060 1220 praedicator,

888 1226 934 1260 Et
959 1239 1059 1271 saepe

75 1277 170 1312 Deus
195 1277 377 1310 obscurata
403 1277 582 1316 doctrina,
615 1289 724 1310 novos
751 1277 929 1310 ministros
955 1290 1056 1311 voca-

73 1328 144 1366 vit,
186 1333 226 1360 ut
255 1328 390 1360 vocavit
419 1325 599 1360 Abraham
632 1334 664 1360 et
697 1327 825 1360 deinde
855 1326 1058 1371 Prophetas,

70 1377 292 1418 Samuelem,
317 1376 452 1417 Etiam,
477 1375 674 1417 Elisaeum,
700 1376 840 1410 Esaiam
857 1385 889 1411 et
905 1379 1002 1412 alios.

172 1426 296 1462 Postea
321 1425 482 1462 Christus
506 1429 579 1473 ipse
605 1428 718 1472 palam
743 1429 970 1463 concionatus
997 1437 1057 1464 est.

72 1476 120 1513 Et
155 1478 237 1524 quia
268 1478 381 1513 voluit
412 1491 568 1512 novuum
602 1479 837 1513 ministerium
874 1481 1058 1514 instituere

71 1529 203 1564 abolita
228 1530 351 1574 politia
375 1529 550 1568 Mosaica,
581 1537 613 1565 et
637 1531 750 1564 deleto
773 1532 966 1565 sacerdotio
989 1530 1057 1565 Le—

71 1580 197 1621 vitico,
222 1581 296 1624 ipse
319 1592 430 1614 novos
448 1581 627 1615 ministros
644 1581 712 1614 iam
729 1589 839 1616 vocat.
893 1580 939 1615 Et
956 1582 1057 1615 dein-

71 1642 150 1675 ceps
173 1631 210 1663 in
236 1642 360 1674 genere
379 1629 534 1664 humano
552 1639 664 1665 servat
682 1631 917 1665 ministerium
937 1631 1057 1665 Evan-

463 72 853 111 ANNOTATIONES
880 73 947 110 ET
973 72 1253 110 CONCtONEs
1287 73 1338 110 IN
1371 74 1555 114 EVANG.
1585 79 1864 120 ΜΑΤΤΗΑΕΙ.

2032 91 2108 128 566

1124 159 1333 202 evangelici,
1369 163 1463 206 quod
1488 164 1608 198 fecisse
1629 166 1789 203 videmus
1804 169 1920 205 Deum
1945 173 1982 207 in
1999 173 2106 210 Para-

1123 209 1211 267 diso,
1249 208 1394 267 ‘Arguit
1419 220 1576 256 peccata,
1600 223 1632 250 et
1656 220 1833 262 praedicat
1857 224 1900 256 de
1922 222 2049 259 Messia
2075 234 2107 260 et

1122 271 1328 294 remissione
1347 270 1578 304 peccatorum.

1224 310 1274 369 Ita
1293 323 1387 345 nunc
1404 314 1646 356 praedicamus
1660 319 1854 356 doctrinam
1869 324 2106 367 poenitentiae

1121 367 1154 395 et
1186 363 1403 396 remissionis
1433 372 1672 409 peccatorum,
1713 371 1802 406 sicut
1838 372 1950 409 Lucae
1979 376 2104 411 ultimo

1119 412 1258 446 dicitur.

1546 517 1677 543 Tertio.

1220 565 1288 599 Sed
1321 578 1382 599 cur
1414 576 1511 602 vocat
1534 567 1696 604 Christus
1722 584 1761 605 ex
1785 574 1853 607 alia
1877 575 1990 619 tribu,
2024 591 2103 613 cum

1119 621 1219 648 antea
1237 615 1392 650 Levitica
1418 619 1531 653 tribus
1554 621 1715 655 ordinata
1740 623 1845 658 suerit
1869 627 1912 659 ad
1941 631 2102 663 sacerdo-

1090 673 1093 706 ζ
1117 665 1230 699 tium'.>
1283 666 1376 709 Quia
1402 669 1476 703 vult
1499 671 1615 704 delere
1637 672 1796 715 politiam
1815 674 1942 718 Moisi‚
1969 686 2003 713 et
2028 681 2103 715 vult

1117 717 1280 760 colligere
1299 716 1490 752 Ecclesiam
1509 732 1549 753 ex
1564 723 1725 765 gentihus
1743 731 1774 758 et
1789 725 1937 760 Iudaeis.

1218 766 1265 802 Et
1288 765 1345 802 hic
1368 770 1542 804 discamus
1567 773 1764 818 exemplum
1789 776 1860 809 irae
1884 777 1974 820 Dei,
2006 783 2102 824 quod

1116 820 1259 862 quando
1285 821 1478 854 sacerdotes
1502 823 1685 858 manifeste
1702 825 1900 860 doctrinam
1918 829 2102 872 abiiciunt,

1115 875 1199 902 tunc
1208 870 1304 903 Deus
1320 871 1408 904 alios
1424 884 1534 905 novos
1550 874 1731 909 ministros
1746 884 1857 912 vocat.
1906 878 2005 914 Sicut
2022 893 2100 915 cum

1114 920 1259 964 collegia
1285 920 1546 956 Canonicorum
1572 925 1762 960 abiecerint
1784 928 2002 969 doctrinam,
2028 944 2101 965 non

1115 971 1264 1004 dubium
1296 979 1345 1005 est
1377 985 1414 1005 ea
1439 973 1575 1007 ruitura
1600 988 1690 1018 esse,
1721 977 1856 1012 etiamsi
1878 992 1950 1013 non
1972 981 2100 1016 scimus

1115 1033 1175 1065 per
1192 1034 1279 1067 quos
1299 1023 1371 1057 sint
1388 1023 1549 1058 delenda.

1539 1124 1682 1152 Quarto.

1203 1172 1365 1216 Apostoli
1378 1175 1507 1208 relictis
1521 1177 1686 1210 omnihus
1698 1186 1894 1222 sequuntur
1905 1179 2099 1221 Christum.

1204 1222 1261 1256 Sic
1273 1225 1384 1258 vocati
1400 1226 1441 1257 ad
1456 1226 1688 1260 ministerium
1702 1228 1879 1264 obediant.
1932 1232 1999 1268 Hic
2010 1237 2099 1269 adde

1112 1279 1242 1308 textum
1263 1275 1300 1307 in
1319 1275 1491 1309 Levitico:
1520 1276 1591 1319 Qui
1611 1278 1736 1312 dixerit
1753 1281 1846 1324 patri
1865 1293 1926 1316 suo
1946 1291 1978 1318 et
1995 1287 2097 1320 matri

1111 1336 1210 1364 suae,
1238 1325 1362 1359 Nescio
1380 1338 1452 1359 vos.

1301 1415 1345 1446 Et
1367 1415 1563 1448 circumibat
1585 1419 1685 1448 totam
1708 1417 1905 1454 Galilaeam.

1212 1477 1338 1511 Narrat
1354 1478 1454 1511 initia
1467 1480 1738 1522 praedicationis
1750 1478 1949 1527 Evangelii,
1976 1494 2008 1522 et
2019 1489 2098 1523 bre-

1110 1529 1200 1563 viter
1216 1529 1337 1563 recitat
1355 1529 1474 1563 multis
1491 1530 1670 1564 miraculis
1689 1532 1929 1569 confirmatam
1944 1549 2016 1572 esse
2032 1541 2098 1574 do—

1110 1580 1273 1614 ctrinam.

1213 1629 1279 1663 Hic
1310 1629 1465 1662 breviter
1490 1630 1572 1662 addi
1598 1637 1729 1674 potest,
1760 1631 1934 1669 Miracula
1958 1639 2097 1673 recitari

70 1681 173 1725 gelii‚
201 1688 233 1715 et
251 1693 350 1725 saepe
371 1693 481 1714 novos
498 1682 678 1715 ministros
699 1683 870 1725 singulari
887 1683 981 1715 dono
999 1695 1057 1715 ex-
1080 1692 1084 1731 ἶ
1110 1687 1254 1724 propter
1270 1687 1338 1713 tres
1354 1690 1483 1713 causas.

70 1733 170 1772 citat,
196 1732 284 1764 sicut
307 1732 467 1764 excitavit
491 1731 728 1773 Augustinum
754 1740 874 1764 contra
899 1732 1055 1774 Pelagia-
1081 1737 1084 1759 ὖ

1211 1729 1328 1762 Prima
1345 1736 1405 1768 est,
1432 1735 1470 1762 ut
1482 1729 1552 1762 sint
1568 1732 1768 1766 testimonia
1784 1734 1977 1779 doctrinae,
2001 1742 2094 1784 quod

68 1793 152 1819 nOS,
176 1787 210 1814 et
228 1780 313 1814 alias
330 1780 435 1821 alim,
463 1787 495 1814 et
512 1793 632 1813 recens
652 1781 839 1814 Doctorem
858 1780 1055 1815 Martinum
1081 1761 1084 1811 l
1109 1781 1153 1813 sit
1176 1792 1193 1813 a
1212 1779 1305 1818 Deo,
1334 1780 1414 1824 quia
1436 1779 1495 1812 illa
1518 1780 1606 1814 facta
1623 1782 1812 1826 singularia
1830 1797 1908 1819 cum
1926 1800 1998 1821 non
2014 1802 2095 1834 pos-

66 1829 275 1866 Lutherum.

172 1881 268 1915 Haec
299 1882 517 1915 conservatio
546 1881 735 1915 ministerii
775 1889 940 1926 perpetua
983 1884 1054 1925 pri-
1079 1866 1082 1947 ζ
1108 1939 1141 1966 et
1158 1932 1354 1965 doctrinam
1371 1942 1450 1963 vere
1469 1942 1541 1964 esse
1558 1934 1768 1967 sementiam
1784 1934 1817 1969 D
1843 1936 1851 1943 .
1888 1944 1897 1971 t

1821 1949 1851 1970 e1
1866 1949 1883 1970 e
1901 1950 1929 1972 c.

69 1945 167 1967 mum
184 1930 241 1966 hic
260 1933 520 1973 consideretur,
547 1940 578 1966 et
595 1944 737 1976 agamus
755 1931 829 1966 Deo
847 1934 973 1976 gratias
991 1947 1054 1978 pro

68 1982 136 2018 hoc
162 1991 259 2018 tanto
286 1984 473 2024 beneficio,
505 1984 599 2028 quod
623 1984 682 2017 dat
706 1981 959 2027 Evangelium,
994 1997 1055 2028 per

69 2036 164 2079 quod
187 2035 296 2068 donat
320 2035 426 2068 vitam
451 2041 647 2071 aeternam,
676 2036 769 2080 quod
790 2043 902 2069 servat
918 2047 1055 2079 semper

69 2085 206 2128 aliquos
229 2084 426 2122 ministros,
461 2085 548 2118 sicut
572 2086 608 2118 in
632 2084 736 2119 Esaia
763 2086 910 2120 dicitur:
947 2085 1053 2119 Posui

69 2135 106 2168 in
123 2147 184 2168 ore
198 2141 258 2168 tuo
276 2135 422 2167 verbum
440 2147 573 2174 meum,
602 2143 633 2169 et
652 2148 758 2170 manu
777 2149 851 2170 mea
873 2143 1051 2180 protegam

69 2193 122 2227 te,
148 2193 186 2219 ut
203 2185 338 2229 plantes
352 2183 439 2219 mihi
455 2186 601 2221 coelum.

175 2236 390 2270 Veneremur
413 2237 516 2270 etiam
540 2234 606 2270 hoc
626 2237 860 2271 ministerium
881 2244 914 2271 et
932 2238 1051 2271 desen-

69 2289 192 2322 damus
204 2315 212 2327 ,
239 2293 409 2332 quantum
426 2298 620 2331 possumus,

169 2337 265 2371 Haec
286 2338 439 2381 primum
461 2340 497 2371 in
522 2349 648 2381 genere
664 2338 818 2371 sciantur
833 2339 875 2371 de
891 2338 1050 2372 ministe-

68 2389 121 2423 rio
141 2387 340 2432 Evangelii.

468 2481 640 2504 Secundo.

1080 1855 1082 1861 s
1109 1832 1177 1864 sint
1201 1831 1293 1868 fieri,
1321 1830 1389 1862 nisi
1415 1842 1432 1862 a
1449 1829 1542 1869 Deo,
1569 1838 1741 1867 testantur
1765 1832 1860 1869 hunc
1878 1838 2058 1874 doctorem
2075 1854 2094 1875 a

1108 1881 1182 1915 Deo
1199 1881 1340 1914 missum
1359 1892 1448 1919 esse,
1476 1887 1508 1913 et
1518 1881 1637 1915 Deum
1653 1883 1824 1918 efficacem
1841 1898 1914 1920 esse
1929 1901 1990 1932 per
2003 1903 2096 1933 eum,

1209 1981 1370 2015 Secunda
1389 1993 1488 2014 causa
1507 1989 1573 2023 est,
1601 1983 1775 2019 Miracula
1793 1995 1875 2021 sunt
1894 1990 2091 2025 testimonia

1107 2033 1380 2077 promissionum
1392 2058 1402 2071 ,
1430 2039 1469 2065 ut
1484 2030 1590 2066 huius
1604 2036 1863 2078 promissionis:
1893 2038 2020 2075 Invoca
2037 2055 2091 2076 me

1107 2085 1143 2117 in
1168 2084 1223 2116 die
1248 2083 1507 2124 tribulationis,
1542 2091 1574 2118 et
1598 2086 1743 2129 eripiam
1769 2094 1812 2121 te.
1866 2088 1935 2123 Iste
1959 2103 2091 2135 pauper

1105 2134 1268 2168 clamavit
1282 2135 1323 2166 ad
1333 2133 1526 2168 Dominum
1539 2162 1547 2174 ,
1576 2142 1607 2169 et
1617 2134 1792 2171 Dominus
1808 2141 1985 2176 exaudivit
1998 2154 2089 2179 eum,

1207 2184 1327 2217 Tertia
1351 2196 1471 2224 causa,
1501 2184 1674 2220 Miracula
1693 2189 1873 2223 continent
1891 2191 2087 2226 doctrinam

1104 2237 1146 2269 de
1169 2235 1404 2279 applicatione
1426 2236 1720 2280 promissionum,
1748 2239 1784 2271 id
1810 2247 1880 2279 est,
1907 2243 2002 2286 quod
2019 2244 2087 2278 fide

1105 2293 1248 2330 propter
1270 2283 1450 2320 Christum
1481 2287 1698 2330 accipiantur
1726 2288 1914 2332 beneficia,
1949 2300 1981 2326 et
2008 2295 2087 2339 qui-

1103 2338 1202 2377 dem,
1229 2338 1323 2382 quod
1350 2349 1387 2369 ea
1413 2337 1586 2379 accipiant
1603 2333 1740 2372 Omnes
1757 2340 1833 2374 sine
1849 2344 2087 2387 acceptatione

1102 2400 1343 2432 personarum,
1363 2385 1623 2422 sicutChristus
1641 2389 1715 2423 sine
1731 2391 1935 2426 discrimine
1946 2389 2084 2428 Omnes

1102 2439 1342 2481 confugientes
1365 2439 1406 2471 ad
1432 2449 1510 2471 eum
1534 2439 1677 2484 recipit,
1705 2440 1868 2484 Iudaeos,
1894 2442 2084 2479 Samarita-

1072 2499 1076 2557 Ι
1101 2502 1182 2531 nos,
1217 2488 1439 2527 cananaeos,
1470 2486 1658 2530 Ethnicos,
1682 2491 1931 2536 Centuriones,
1959 2493 2083 2531 Publi-

69 2530 160 2569 Quod
181 2533 228 2561 est
248 2527 435 2570 principale
456 2526 603 2570 officium
626 2530 808 2562 ministerii
831 2527 1042 2571 evcmyelici?
1072 2565 1075 2579 '
1100 2553 1215 2576 canos,

169 2590 256 2626 Dico
281 2603 418 2636 semper
440 2598 472 2625 et
496 2591 593 2625 omni
615 2599 771 2636 tempore
793 2593 837 2626 ab
853 2591 954 2625 initio
971 2599 1048 2636 post
1071 2597 1074 2619 Ι

401 2642 494 2676 idem
532 2643 637 2676 fuisse
676 2643 829 2678 officium
861 2643 1047 2676 ministerii
1069 2661 1073 2673 t

69 2642 202 2685 lapsum
233 2641 331 2676 Adae
344 2670 352 2684 ‚

1393 2689 1472 2724 56*
