2409 2915
107 99 180 138 465
649 99 730 138 XII.

153 184 268 220 Amen
304 197 409 220 amen
441 185 521 220 dico
553 183 672 227 vobis,
714 186 780 234 qui
809 184 918 220 credit
948 186 987 220 in
1016 199 1080 226 me,

206 250 314 282 opera
331 249 423 285 quae
439 235 634 284 egosacio,
658 241 689 270 et
705 236 780 284 ipse
791 237 926 284 saciet,
955 243 984 271 el
1001 251 1080 271 ma-

203 288 284 321 iora
308 286 367 321 his
381 288 520 336 saciet,
547 285 636 333 quia
656 299 720 333 ego
738 286 793 321 ad
805 293 946 334 patrem
963 301 1079 322 meum

203 337 315 380 rado,
341 337 395 371 El
417 335 652 384 quodcunque
673 337 848 385 petieritis
873 340 910 371 in
937 341 1079 373 nomine

200 401 293 430 meo,
328 386 395 421 hoc
409 387 578 436 faciam,
608 392 645 421 ul
669 387 892 434 glorificetur
911 395 1016 436 paler
1039 391 1077 423 in

188 437 289 484 filio.
354 437 400 472 Si
427 436 521 486 quid
543 438 718 486 petieritis
750 439 788 473 in
822 440 966 474 nomine
992 453 1077 484 meo,

196 489 427 537 egosaciam.

143 563 235 600 Tres
251 573 333 601 sunt
349 567 526 612 praecipui
545 568 626 602 loci.

248 641 275 678 I.
330 642 518 685 Quomodo
544 643 784 686 agnoscendus
805 644 849 677 sit
871 651 904 678 et
925 645 1075 678 adoran-

299 694 364 726 dus
380 694 488 727 Deus.

349 744 402 778 De
421 743 512 777 Filio
530 743 724 777 mediatore
741 751 774 777 et
793 743 926 787 Spiritu
943 752 1075 780 sancto.

364 795 421 828 De
436 795 584 828 efficacia
603 795 836 828 invocationis

249 743 295 779 11.

243 793 310 830 111.

480 901 528 925 Dc
562 901 680 932 primo.

191 953 422 997 Praecipuum
439 959 470 986 et
488 953 648 986 omnium
666 965 810 995 operum
829 950 981 986 hominis
997 966 1071 988 ma-

90 1004 223 1039 ximum
257 1012 306 1038 est
334 1005 465 1047 agnitio
499 1011 531 1036 et
560 1004 747 1037 celebratio
773 1002 856 1043 Dei,
891 1006 934 1036 ad
965 1017 1068 1049 quam

91 1055 226 1089 conditi
248 1066 378 1089 sumus.
420 1052 467 1086 Et
485 1054 593 1086 indita
613 1054 677 1086 fuit
696 1051 868 1086 humanae
885 1055 993 1087 menti
1010 1056 1070 1088 lux

89 1106 207 1150 aliqua
224 1104 360 1144 deDeo,
388 1105 445 1137 sed
462 1101 545 1136 haec
562 1104 661 1136 valde
677 1104 861 1137 obscurata
876 1111 936 1145 est,
962 1118 1069 1150 quare
1092 1130 1094 1147 ἱ

88 1154 840 1189 multaetristissimaedubitationessecutae
853 1161 942 1190 sunt.
991 1154 1067 1189 Etsi

90 1207 182 1238 enim
206 1217 302 1238 mens
325 1203 478 1237 humana
502 1205 539 1236 in
563 1205 728 1237 omnibns
750 1205 844 1237 sanis
861 1207 981 1240 statuit
997 1218 1068 1239 esse

85 1255 221 1295 Deum,
249 1267 385 1288 causam
405 1263 435 1288 et
452 1254 609 1297 opificem
628 1255 711 1286 boni
731 1254 767 1286 in
783 1261 924 1294 natura,
951 1263 1066 1289 tamen

87 1307 227 1339 dubitat
257 1305 519 1341 universaliter,
554 1315 597 1335 an
622 1304 707 1336 velit
729 1316 793 1335 nos
817 1305 982 1347 indignos
1010 1319 1067 1338 ex-

86 1357 225 1395 audire,
258 1356 396 1394 iuvare,
429 1355 577 1387 salvare.
630 1354 713 1386 Ideo
736 1352 829 1386 Deus
851 1354 932 1387 inde
958 1367 1067 1400 usqne

84 1408 129 1439 ab
163 1406 264 1438 initio
297 1416 359 1448 per
384 1411 516 1437 certum
544 1404 687 1437 verbnm
713 1411 745 1437 et
767 1404 1006 1438 testimonium
1031 1418 1066 1439 se

82 1456 262 1501 patefecit,
301 1467 363 1499 per
393 1455 487 1499 qnod
516 1455 655 1496 agnosci
685 1465 741 1494 se,
784 1461 818 1488 et
848 1455 1064 1489 voluntatem

84 1518 180 1541 suam
199 1517 276 1549 erga
295 1517 359 1538 nos
375 1505 506 1545 voluit,
535 1512 566 1537 et
584 1505 632 1537 ihi
650 1512 741 1538 recte
758 1516 793 1537 se
810 1505 876 1538 coli
892 1505 1064 1547 adfirmat,

82 1558 144 1592 ubi
166 1557 213 1590 sic
235 1556 435 1599 agnoscitur
456 1561 489 1589 et
514 1555 715 1596 invocatur,
741 1555 837 1589 iuxta
861 1567 961 1589 suum
986 1569 1064 1590 ver-

79 1609 164 1642 bum
174 1635 182 1648 ,
206 1608 284 1641 fide.

182 1674 249 1708 Sed
271 1685 369 1706 mens
386 1670 541 1706 humana
559 1672 659 1705 facile
676 1672 796 1706 abiicit
814 1672 959 1705 verbum
972 1700 981 1713 ,
1007 1673 1063 1705 vel

80 1732 224 1771 propter
261 1735 416 1762 crucem,
457 1724 513 1756 vel
553 1730 696 1767 propter
734 1723 877 1755 insidias
915 1723 1060 1757 diaboli.

78 1777 203 1812 Postea
233 1786 316 1808 vero
349 1785 469 1806 errans
501 1774 538 1806 in
567 1773 737 1813 tenebris,
771 1780 829 1806 aut
861 1785 1001 1816 prorsus
1025 1774 1062 1807 fit

79 1826 272 1872 Epicurea,
300 1825 388 1858 sicut
411 1836 506 1857 nunc
527 1825 693 1857 usitatum
711 1831 778 1867 est,
807 1831 866 1857 aut
881 1824 978 1866 fingit
995 1824 1061 1857 sibi

79 1878 155 1921 ipsa
171 1878 254 1910 deos
271 1882 303 1909 et
321 1875 449 1913 cultus,
477 1872 718 1908 sicutEthnici
736 1873 909 1914 fecerunt,
937 1873 1061 1907 etMa-

78 1926 254 1962 hometus.
303 1924 350 1959 Et
380 1923 417 1958 hi
449 1926 562 1959 cultus
591 1936 713 1958 omnes
740 1923 880 1958 conficti
904 1922 1059 1958 humano

78 1977 225 2012 consilio
244 1983 324 2010 sunt
343 1976 476 2011 inanes.
530 1975 624 2019 Quia
641 1982 759 2009 manet
775 1975 970 2016 dubitatio,
997 1975 1060 2009 ubi

77 2029 261 2073 ignoratur
276 2025 506 2069 Evangelium
517 2052 526 2065 ,
555 2039 599 2060 an
615 2024 710 2060 Deus
725 2025 898 2061 exaudiat.

175 2096 259 2131 Ideo
281 2095 454 2128 discamus
476 2093 566 2128 hanc
584 2094 798 2133 doctrinam,
827 2106 916 2139 quae
935 2095 971 2127 in
990 2092 1057 2128 hoc

75 2146 266 2189 Evangelio
284 2146 450 2178 traditur:
479 2147 572 2189 quod
589 2152 747 2188 oporteat
763 2145 881 2177 vivum
899 2151 930 2178 et
946 2152 1054 2178 aeter-
1076 2173 1078 2179 ,

75 2211 160 2232 num
173 2196 287 2230 Deum
304 2195 353 2228 sic
368 2206 553 2238 agnoscere
568 2202 600 2228 et
617 2196 799 2234 invocare,
825 2195 913 2228 sicut
931 2206 966 2227 se
983 2196 1055 2237 ipse

74 2247 233 2294 patefecit
256 2258 319 2280 suo
343 2246 450 2279 verbo
478 2252 511 2279 et
535 2246 606 2278 suis
630 2245 857 2286 testimoniis,
893 2245 1055 2279 videlicet

73 2306 208 2345 patrem
225 2296 370 2332 Domini
385 2296 497 2329 nostri
515 2294 592 2329 Iesu
601 2293 731 2330 Christi
743 2322 751 2335 ,
778 2307 840 2339 per
857 2307 958 2340 quem
978 2296 1052 2339 pla-

72 2357 170 2385 catus
191 2355 263 2389 est,
289 2354 323 2381 et
347 2347 508 2390 promisit
531 2358 567 2379 se
587 2346 783 2390 propicium
803 2346 896 2385 fore,
924 2352 956 2378 et
972 2357 1052 2378 san-

72 2401 302 2434 ctificaturum
325 2397 461 2442 Spiritu
483 2403 614 2430 sancto.
668 2395 763 2429 Haec
787 2395 962 2429 invocatio
984 2397 1050 2429 du-

69 2451 208 2495 pliciter
222 2449 378 2494 prodest:
405 2446 582 2481 Discernit
598 2446 855 2480 invocationem
873 2458 988 2479 veram
1005 2447 1049 2481 ab

70 2499 228 2541 ethnica,
255 2498 395 2533 Iudaica
414 2505 447 2531 et
464 2495 716 2536 Mahomcfica,
740 2504 773 2530 et
790 2497 953 2540 dirigitur
968 2509 1048 2531 vere

64 2551 114 2585 ‘ad
127 2550 263 2591 Deum,
291 2562 364 2584 non
387 2549 523 2582 aberrat
540 2560 558 2582 a
575 2547 660 2582 Deo.
712 2546 849 2581 Deinde
865 2555 897 2581 et
915 2548 1047 2581 media-

67 2601 155 2635 toris
183 2601 363 2634 mentione
397 2598 541 2642 corrigit
569 2598 845 2640 dubitationem,
886 2599 1047 2633 adfirmat

63 2662 131 2685 nos
147 2651 302 2685 exaudiri
320 2663 336 2683 a
355 2650 441 2685 Deo.

112 2703 287 2736 Matina.
316 2703 417 2735 Oen.
441 2701 524 2733 voi..
552 2700 645 2734 XIV.

782 95 1173 136 ANNOTATIONES
1202 97 1254 133 IN
1280 97 1577 138 EVANGELIA.

2037 106 2109 143 466

1233 184 1290 219 Sic
1308 186 1427 230 alligat
1443 185 1602 222 Christus
1618 189 1889 233 interrogantem
1903 189 2107 237 Philippum

1131 235 1172 268 ad
1199 244 1421 279 conspectum
1446 239 1666 280 mediatoris,
1694 242 1791 285 quasi
1815 243 1922 275 dicat:
1951 243 2030 276 Scio
2048 255 2108 276 va-

1129 287 1200 328 gari
1227 283 1417 319 humanam
1439 295 1608 329 mentem,
1635 297 1668 323 et
1686 292 1779 324 varie
1798 304 1962 335 quaerere
1977 293 2107 326 Deum:

1130 337 1188 369 sed
1221 343 1258 369 tu
1289 337 1410 369 omitte
1433 334 1602 371 humanas
1626 341 1870 383 cogitationes,
1905 351 1938 377 et
1962 344 2107 377 definias

1130 399 1208 419 vere
1231 399 1303 419 esse
1327 386 1461 428 Deum,
1495 389 1555 433 qui
1582 386 1675 422 hunc
1701 388 1877 425 Christum
1902 395 2107 437 crucifigen-

1129 438 1232 477 dum,
1260 444 1292 470 et
1309 438 1585 472 resuscitandum
1603 440 1715 479 misit,
1743 449 1824 474 etse
1840 455 1901 484 per
1914 456 1992 476 eum
2011 454 2106 488 pate-

1128 488 1208 520 fecit
1240 488 1394 529 mundo,
1428 496 1462 522 et
1493 501 1553 533 per
1583 502 1662 523 eum
1693 492 1854 534 promisit
1878 493 2042 535 salutem,
2073 502 2107 529 et

1128 538 1218 571 velle
1240 550 1276 571 se
1296 538 1470 579 invocari,
1497 547 1529 573 et
1548 541 1615 573 coli
1632 541 1758 575 fiducia
1775 540 1880 575 huius
1895 543 2107 585 mediatoris,

1129 589 1221 623 iuxta
1245 590 1391 622 verbum
1417 590 1480 632 ipsi
1504 592 1683 627 traditum.
1737 592 1794 626 Sic
1817 593 2020 636 alligaverat
2037 594 2106 626 ini-

1127 639 1176 672 tio
1202 646 1316 682 patres
1340 641 1381 672 ad
1400 641 1684 684 promissionem:
1712 642 1753 676 ln
1772 644 1904 677 semine
1921 651 1981 677 tuo
1998 645 2106 678 bene-

1125 690 1287 723 dicentur
1305 702 1425 723 omnes
1437 698 1566 733 gentes.

1226 739 1294 774 Sed
1325 741 1466 774 difficile
1489 749 1539 775 est
1563 743 1673 776 menti
1697 743 1913 788 acquiescere
1937 743 1974 776 in
1996 745 2103 778 verbo

1123 789 1207 827 Dei,
1243 798 1276 824 et
1309 792 1522 836 requirimus
1552 793 1753 826 sensibilem
1778 794 1958 827 noticiam.
2020 794 2103 828 Ideo

1123 840 1239 885 inquit
1261 839 1463 886 Philippus:
1492 842 1644 876 Domine
1669 845 1812 877 ostende
1834 844 1935 876 nobis
1959 851 2104 887 patrem,

1124 897 1156 924 et
1179 891 1306 924 sufficit
1330 893 1450 931 nobis,
1479 894 1577 937 quasi
1601 894 1708 928 dicat:
1739 893 1894 927 Verbum
1914 906 1985 926 non
2004 896 2104 928 satis—

1122 941 1203 974 facit
1221 942 1398 975 mentibus
1414 943 1562 984 nostris,
1589 950 1793 988 conspectus
1808 945 2038 986 satisfaceret,
2065 945 2103 978 in

1124 1003 1192 1036 quo
1215 1003 1431 1025 cerneremos
1447 993 1545 1026 initia
1563 1001 1595 1028 et
1611 995 1740 1036 exitus,
1767 1006 1884 1028 causas
1901 1001 1932 1027 et
1949 1002 2104 1037 eventus,

1122 1043 1164 1074 de
1187 1042 1314 1086 quibus
1339 1044 1512 1085 angimur.
1567 1044 1751 1088 Sapienter
1773 1052 1805 1078 et
1828 1043 1983 1078 humano
2005 1058 2103 1079 more

1121 1093 1257 1134 cogitat.
1310 1092 1386 1126 Imo
1411 1101 1443 1127 et
1460 1093 1590 1127 Moises
1609 1095 1773 1129 incitatus
1791 1096 1946 1128 mirabili
1965 1097 2103 1129 deside-

1120 1142 1190 1183 rio,
1231 1143 1316 1186 petit
1347 1144 1572 1177 illustriorem
1605 1146 1862 1188 cognitionem,
1905 1144 2018 1180 Exod.
2042 1146 2100 1180 33.

1120 1193 1298 1237 inquiens:
1335 1192 1493 1227 Ostende
1524 1192 1613 1227 mihi
1642 1196 1766 1229 faciem
1794 1203 1906 1235 tuam,
1942 1197 1997 1229 cui
2022 1209 2102 1230 cum

1120 1242 1426 1284 respondetDeus‚
1454 1244 1643 1287 significat,
1671 1248 1848 1290 quomodo
1864 1247 1947 1279 velit
1960 1247 2101 1290 agnosci

1118 1292 1153 1324 in
1171 1290 1342 1336 Ecclesia,
1368 1306 1478 1338 usque
1493 1296 1536 1327 ad
1554 1296 1851 1330 resuscitationem
1869 1303 2102 1331 mortuorum.

1117 1341 1197 1374 Non
1227 1344 1376 1384 poteris,
1411 1345 1547 1388 inquit,
1582 1346 1700 1379 videre
1725 1348 1847 1379 faciem
1872 1359 2004 1387 meam,
2039 1350 2100 1380 sed

1117 1392 1224 1424 stabis
1250 1392 1286 1425 in
1312 1394 1483 1427 foramine
1505 1402 1640 1437 petrae,
1667 1396 1703 1429 id
1720 1403 1787 1438 est,
1814 1397 1977 1430 insistens
1992 1395 2099 1431 Chri-

1116 1449 1188 1482 st0,
1221 1453 1280 1475 seu
1304 1442 1498 1487 Evangelio
1523 1445 1559 1477 in
1586 1444 1761 1486 Ecclesia,
1795 1453 1827 1481 et
1854 1448 2027 1486 transibo,
2062 1449 2100 1481 id

1117 1499 1182 1532 est,
1223 1499 1296 1526 toto
1334 1501 1490 1538 tempore
1528 1496 1653 1528 mundi
1688 1497 1849 1540 colligam
1879 1495 1968 1530 mihi
1999 1499 2099 1543 quasi

1116 1543 1287 1576 transiens
1313 1544 1349 1576 in
1373 1546 1508 1578 mundo
1529 1546 1682 1591 aliquam
1704 1545 1916 1589 Ecclesiam,
1947 1555 1980 1582 et
2007 1547 2098 1582 hanc

1116 1600 1292 1635 protegam
1325 1595 1444 1627 dextra
1472 1607 1566 1636 mea,
1599 1603 1633 1630 et
1655 1597 1788 1630 videbis
1812 1598 2022 1642 posteriora,
2059 1599 2097 1632 id

1115 1649 1180 1682 cst,
1205 1655 1316 1676 meam
1338 1645 1568 1687 praesentiam
1594 1658 1634 1678 ex
1657 1648 1840 1680 eventibus
1864 1654 1895 1680 et
1915 1648 2096 1681 liberatio-

1114 1693 1216 1726 nibus
1246 1695 1477 1736 cognoscetis,
1509 1697 1570 1728 sed
1595 1703 1673 1740 post
1699 1695 1793 1730 hunc
1816 1698 2002 1732 transitum
2025 1699 2095 1734 alia

1110 1743 1221 1789 gloria
1243 1751 1358 1779 restat.

1211 1793 1322 1827 Porro
1339 1801 1377 1828 ut
1394 1795 1466 1828 illic
1481 1794 1599 1829 Moses
1616 1797 1808 1831 collocatur
1822 1798 1859 1830 in
1876 1809 1995 1832 saxum
2007 1826 2016 1840 ,
2044 1799 2093 1834 ita

1109 1840 1270 1878 Christus
1295 1843 1352 1877 hic
1372 1846 1463 1878 clare
1488 1858 1552 1879 nos
1576 1847 1695 1885 docet,
1722 1855 1761 1881 ut
1783 1860 1855 1881 sese
1878 1849 2090 1892 intueantur,

1109 1900 1142 1927 et
1157 1901 1350 1928 statuamus
1365 1893 1460 1929 hunc
1477 1907 1549 1928 esse
1565 1895 1678 1930 Deum
1694 1904 1894 1939 aeternum,
1921 1901 1983 1944 qui
2001 1912 2035 1934 se
2052 1901 2090 1934 in

1109 1942 1173 1976 hoc
1190 1945 1262 1977 filio
1281 1943 1422 1979 Christo
1439 1946 1617 1990 patefecit,
1644 1954 1678 1981 et
1696 1948 1771 1982 vult
1789 1948 1945 1982 invocari
1964 1951 2090 1985 fiducia

1107 1991 1212 2027 huius
1244 1996 1463 2029 mediatoris:
1497 1996 1569 2039 Qui
1600 1998 1695 2031 videt
1727 2010 1798 2037 me,
1835 2000 1930 2034 videt
1955 2008 2088 2043 patrem

1107 2056 1242 2083 meum,
1277 2046 1312 2078 id
1337 2053 1406 2087 est,
1439 2047 1466 2079 si
1492 2047 1546 2080 vis
1570 2060 1738 2092 quaerere
1761 2056 1911 2092 patrem,
1939 2051 1987 2084 sic
2008 2058 2087 2085 tan-

1105 2101 1179 2128 tum
1212 2107 1393 2138 agnosces,
1429 2097 1456 2130 si
1484 2097 1610 2140 defiges
1634 2106 1786 2132 mentem
1811 2100 1848 2133 in
1872 2113 1928 2133 me
1953 2100 2085 2135 Filium

1077 2183 1078 2187 Ἰ
1104 2145 1316 2187 revelatum,
1351 2153 1381 2180 et
1406 2154 1535 2181 statues
1557 2146 1654 2182 hunc
1674 2150 1788 2182 solum
1811 2162 1883 2183 esse
1902 2158 2083 2185 aeternum

1103 2202 1258 2237 patrem,
1297 2198 1515 2231 conditorem
1549 2210 1683 2239 rerum,
1724 2200 1785 2245 qui
1817 2213 1872 2233 me
1902 2202 2016 2243 misit,
2049 2209 2083 2236 et

1074 2268 1077 2274 ,
1102 2242 1192 2278 hanc
1215 2257 1287 2280 esse
1313 2248 1530 2281 voluntatem
1555 2249 1628 2282 eius
1650 2250 1778 2288 solam,
1805 2262 1908 2295 quam
1931 2263 1994 2294 ego
2017 2263 2083 2285 an-

1100 2297 1250 2338 nuncio,
1284 2298 1327 2331 de
1356 2299 1561 2332 remissione
1590 2306 1826 2345 peccatorum,
1861 2302 1904 2334 de
1927 2302 1997 2335 vita
2022 2314 2079 2335 ae-

1100 2352 1209 2382 terna.
1262 2346 1335 2391 Qui
1358 2349 1459 2383 aliter
1481 2356 1653 2394 quaerunt
1677 2348 1813 2391 Deum,
1845 2352 1920 2385 sine
1944 2364 2016 2390 me,
2044 2359 2078 2386 et

1097 2397 1172 2430 sine
1189 2398 1294 2431 verbo
1311 2411 1387 2432 meo
1399 2424 1407 2437 ,
1435 2400 1611 2439 aberrant,
1637 2400 1725 2434 sicut
1741 2401 1825 2433 alias
1842 2402 1973 2447 inquit:
2003 2401 2076 2444 Qui

1095 2458 1167 2481 non
1185 2445 1391 2484 honorificat
1406 2448 1555 2492 Filium,
1582 2461 1655 2484 non
1674 2448 1881 2485 honorificat
1896 2458 2040 2497 patrem.

1446 2551 1498 2575 De
1528 2551 1718 2576 secundo.

1193 2600 1289 2635 Haec
1313 2602 1385 2647 ipsa
1413 2602 1534 2635 concio
1558 2603 1699 2646 exponit
1722 2603 1920 2638 doctrinam
1941 2606 1985 2640 de
2007 2608 2070 2641 ηἰ-

1093 2651 1158 2687 bus
1180 2653 1339 2697 personis
1360 2653 1586 2736 divinitatigb
1606 2653 1650 2686 de
1672 2660 1813 2689 aeterno
1835 2662 1952 2700 patre,
1978 2657 2070 2692 Filio
