2409 2915
87 118 160 154 397

89 214 178 248 quae
195 208 277 236 sunt
294 202 378 243 Dei,
405 203 439 235 id
457 209 517 240 est,
544 213 662 235 veram
679 202 874 235 doctrinam
902 209 935 235 et
961 214 1062 236 veros

88 253 220 292 cultus,
249 251 331 285 baec
353 265 424 285 non
442 259 522 285 sunt
540 253 692 285 cedenda
711 252 777 285 ulli
800 259 995 294 creaturae,
1022 260 1062 287 ut

88 310 157 337 tres
181 303 248 335 viri
270 303 306 335 in
327 302 508 346 Babylone
531 303 693 336 sinebant
727 303 794 335 sibi
829 303 915 346 eripi
950 315 1004 336 res
1028 310 1061 337 et

88 366 253 397 corpora,
280 353 339 385 sed
365 364 480 384 veram
502 352 698 385 doctrinam
721 359 753 386 et
779 364 899 385 verum
928 354 1059 387 cultum

86 416 159 436 non
178 404 335 436 sinebant
353 402 418 434 sibi
437 403 536 445 eripi.
591 403 662 435 Vos
685 409 826 436 econtra
846 404 888 435 de
914 405 1058 447 pecunia

86 453 288 500 disputatis,
322 463 438 484 veram
462 452 657 486 doctrinam
682 459 714 486 et
737 465 836 486 veros
859 455 971 486 cultus
994 454 1059 498 ipsi

87 503 254 542 abiicitis,
279 500 473 544 Evangelio
496 503 748 543 adversamini,
782 505 967 536 cumulatis
991 511 1061 537 tra-

86 553 254 592 ditiones,
282 559 313 585 et
336 553 480 595 aucupia
498 560 680 597 quaestus,
717 554 846 596 fingitis
868 555 951 587 falsa
975 556 1060 597 dog-

85 609 194 643 mata,
221 602 401 635 sectamini
426 602 647 637 Sadducaeos
667 610 701 637 et
720 602 936 640 Pharisaeos.

185 660 303 703 Quare
320 661 505 704 diligenter
521 660 586 695 hoc
603 663 679 695 loco
696 662 882 696 discrimen
900 664 1060 696 conside-

87 717 185 745 retur
200 723 335 752 rerum,
362 724 448 756 quas
466 713 585 745 cedere
602 713 680 746 aliis
696 725 898 757 possumus,
930 721 961 748 et
976 726 1061 759 quas

84 774 157 795 non
183 761 262 795 licet
287 763 419 794 cedere.
473 761 525 795 De
552 764 710 796 doctrina
735 770 766 796 et
790 765 832 796 de
856 776 938 797 vero
965 764 1061 797 cultu

86 824 160 845 non
179 818 228 844 est
245 813 457 853 cedendum,
490 815 548 846 sed
566 814 671 846 vitam
692 820 724 847 et
743 815 903 847 fortunas
922 815 1061 858 rapien-

85 863 179 895 tibus
197 863 404 895 adversariis
416 863 665 908 relinquamus,
692 865 893 906 praesertim
911 865 939 897 si
959 877 1060 897 nemo

85 924 150 945 nos
167 913 350 951 defendat,
378 913 466 946 sicut
484 913 520 946 in
538 915 658 947 multis
676 915 777 947 dictis
795 913 976 957 Evangelii
998 916 1061 946 do-

85 974 221 1001 cemur,
248 961 377 997 Matth.
398 963 470 997 10.:
514 964 587 1007 Qui
611 976 666 998 me
683 966 861 998 confessus
877 965 982 998 suerit
999 972 1061 1000 ete.

471 1065 517 1089 De
541 1067 678 1095 quarto.

243 1122 332 1153 Date
356 1122 510 1159 Caesari,
540 1133 622 1163 qnae
644 1125 720 1152 sun!
745 1122 906 1154 Caesaris,

186 1182 348 1226 Duplicia
367 1189 446 1216 sunt
462 1183 604 1217 tributa.
649 1182 828 1225 Quaedam
846 1184 934 1216 iuste
951 1181 1064 1226 impo-

85 1235 167 1274 sita,
209 1233 290 1277 quia
316 1232 427 1273 Deus,
469 1233 527 1277 qui
554 1239 602 1266 est
630 1239 734 1266 autor
759 1233 891 1276 politici
917 1232 1064 1269 ordinis,

84 1285 161 1317 vult
179 1295 248 1316 esse
264 1284 531 1326 gubernatores,
558 1289 590 1315 et
609 1283 684 1315 vult
705 1283 856 1315 conferri
881 1283 1063 1326 pecuniam

82 1336 126 1368 ad
145 1345 366 1367 communem
392 1333 651 1373 defensionem,
679 1332 781 1364 etiam
805 1332 1064 1373 magistratibus

82 1392 114 1418 et
132 1383 304 1417 militibus
323 1383 398 1415 dari
422 1383 614 1425 stipendia,
642 1382 723 1415 ideo
748 1382 938 1415 mediocria
959 1389 990 1414 et
1010 1388 1063 1414 to-

81 1434 240 1467 lerabilia
264 1433 394 1466 tributa
421 1433 509 1466 iuste
533 1439 711 1475 petuntur.
766 1431 813 1465 Et
832 1429 1006 1465 lohannes
1025 1443 1063 1463 ea

83 1485 273 1529 approbat,
316 1483 494 1528 inquiens:
529 1482 652 1517 Estote
686 1483 842 1516 contenti
879 1481 1063 1527 stipendiis

81 1535 215 1570 vestris.

185 1593 254 1627 Sed
284 1593 376 1626 idem
399 1591 568 1636 praecipit
593 1592 785 1631 militibus,
825 1599 863 1625 ut
886 1592 956 1625 sint
978 1603 1064 1625 con-

84 1644 193 1684 tenti,
220 1655 292 1676 non
311 1655 413 1686 supra
432 1642 620 1676 mediocria
637 1642 768 1675 tributa
792 1643 930 1686 rapiant
946 1654 984 1674 ex
1002 1654 1064 1685 po—

81 1695 159 1740 puli
174 1693 415 1733 facultatibus,
442 1699 613 1737 quantum
631 1692 715 1736 ipsis
730 1692 826 1726 libet.
853 1691 899 1726 Et
915 1699 953 1725 ut
969 1690 1064 1724 Deus

82 1752 133 1779 est
150 1751 251 1778 autor
276 1743 409 1787 politici
436 1743 591 1783 ordinis,
618 1742 665 1776 ita
684 1742 756 1786 ipse
773 1754 833 1775 sua
852 1754 935 1775 voce
948 1769 956 1782 ‚
984 1740 1064 1774 Non

81 1796 216 1829 furtum
251 1794 374 1832 facies,
412 1793 578 1826 discernit
614 1792 834 1835 singulorum
871 1793 1063 1829 facultates,

81 1852 223 1880 teneant
240 1856 341 1877 suum
362 1844 631 1886 gubernatores,
658 1850 798 1877 teneant
823 1850 856 1877 et
873 1843 964 1875 cives
982 1853 1062 1885 pro·

82 1897 175 1941 prias
198 1895 397 1932 facultates,
426 1905 469 1926 ne
493 1893 679 1926 conturbet
707 1891 772 1926 hoc
798 1893 986 1926 discrimen
1004 1904 1060 1924 ra-

83 1946 212 1991 pacitas
231 1946 517 1988 gubernatorum.
570 1942 715 1976 Punivit
737 1942 832 1976 Deus
850 1941 971 1976 Achab
996 1942 1064 1974 eri-

83 1997 236 2040 pientem
256 1995 323 2028 civi
338 1992 481 2028 Naboth
497 1994 668 2032 fundum,
696 1994 743 2026 ita
762 1994 882 2039 puniet
900 2000 1063 2031 caeteros,

83 2047 144 2092 qui
161 2047 306 2080 iniustas
323 2045 551 2088 expilationes
570 2044 744 2078 indicunt.

187 2103 268 2138 Dixi
295 2105 465 2147 quaedam
499 2114 571 2136 esse
604 2103 736 2136 tributa
773 2101 862 2134 iuste
891 2100 1064 2144 imposita,

84 2167 172 2200 quae
190 2153 416 2187 iustissimum
436 2160 484 2187 est
508 2153 609 2186 etiam
633 2153 802 2196 pendere,
830 2151 911 2196 quia
935 2151 1064 2193 singuli

83 2218 147 2250 pro
178 2203 358 2238 communi
391 2203 609 2242 defensione,
649 2215 721 2235 non
748 2203 860 2235 solum
895 2202 1064 2239 fortunas,
1089 2217 1090 2225 κ

82 2257 142 2289 sed
160 2255 262 2288 etiam
282 2265 427 2296 corpora
446 2260 564 2286 nostra
582 2253 740 2285 conferre
755 2253 939 2291 debemus,
973 2251 1063 2283 sicut

83 2304 258 2340 lohannes
276 2304 406 2348 inquit:
432 2302 529 2336 Sicut
547 2303 619 2346 ipse
635 2303 787 2335 animam
805 2313 900 2335 suam
918 2314 980 2345 pro
997 2312 1063 2333 no-

83 2357 138 2391 bis
155 2355 283 2400 posuit,
307 2355 355 2386 sic
371 2354 614 2398 unusquisque
625 2364 687 2396 pro
705 2353 811 2385 fratre
829 2363 891 2384 suo
910 2351 1061 2383 animam

84 2418 212 2451 ponere
231 2405 343 2439 debet.
381 2403 462 2437 Dixi
483 2405 586 2437 etiam
605 2403 774 2447 quaedam
794 2402 981 2434 immodica
999 2401 1063 2434 tri-

83 2457 165 2490 buta
189 2455 317 2488 iniuste
342 2454 463 2490 indici.
525 2453 620 2497 Quid
646 2454 754 2497 igitur
777 2452 905 2485 facient
930 2452 1061 2485 subditi

83 2507 125 2540 de
141 2505 278 2540 iniustis
298 2504 594 2547 expilationibus?

184 2556 408 2599 Respondeo.
461 2554 598 2588 Omnes
629 2554 852 2588 difficultates
886 2553 1061 2596 guberna-

85 2606 192 2640 tionis
218 2612 299 2640 sunt
321 2617 454 2649 poenae
477 2612 677 2639 nostrorum
703 2612 944 2650 peccatorum,
973 2603 1060 2637 sicut

86 2655 251 2690 Salomon
273 2656 376 2690 dixit:
405 2655 554 2701 Propter
576 2663 713 2701 peccata
737 2655 859 2700 populi
880 2661 1061 2688 mutantur

617 116 696 154 XII.
747 114 1140 152 ANNOTATIONES
1177 113 1228 149 lN
1268 114 1561 152 EVANGELIA.

2014 121 2088 157 398

1108 199 1338 246 principatus.
1393 201 1604 247 Quanquam
1630 204 1735 246 igitur
1759 205 1847 238 actio
1872 205 2000 239 iniusta
2023 213 2082 246 cst,

1109 258 1142 285 et
1164 251 1368 294 expilatores
1393 253 1601 295 punientur,
1629 261 1744 287 tamen
1772 256 1883 298 passio
1909 263 1958 289 est
1981 256 2084 294 iusta,

1109 303 1145 335 id
1160 306 1229 343 est,
1256 312 1321 333 nos
1338 302 1528 335 sentiamus
1544 314 1607 334 nos
1624 303 1714 337 iusto
1732 306 1861 338 indicio
1871 305 1936 339 Dei
1954 307 2085 350 puniri,

1108 353 1195 386 sicut
1220 349 1346 384 Daniel
1370 352 1502 396 inquit:
1531 352 1615 385 Tibi
1638 351 1790 387 Domine
1814 356 1968 395 iusticia,
1995 357 2083 389 iuste

1108 402 1292 448 punimur,
1318 409 1352 435 et
1370 402 1520 445 agnitam
1541 414 1686 445 poenam
1707 404 1877 443 seramus,
1906 407 2083 439 solvamus

1107 453 1258 491 tributa,
1283 452 1386 484 etiam
1405 453 1532 485 iniuste
1548 453 1728 497 imposita,
1755 454 1842 487 sicut
1859 456 1992 499 reliqua
2011 468 2083 488 ser-

1108 504 1220 541 vitus,
1248 513 1335 546 quae
1357 503 1540 545 multiplex
1565 510 1631 543 est,
1659 503 1837 536 toleranda
1860 511 1927 541 est,
1959 512 1991 538 ct
2008 517 2085 547 aga-

1109 565 1184 586 mus
1204 552 1474 595 poenitentiam,
1503 560 1541 587 ut
1560 551 1654 587 Deus
1673 554 1805 597 mitiget
1824 555 1979 598 publicas
1995 556 2085 587 cala-

1110 610 1257 637 mitates.

1210 652 1268 686 Sic
1283 649 1446 686 Christus
1462 653 1599 687 volebat
1621 653 1768 687 ludaeos
1791 655 1941 697 cogitare
1966 655 2084 688 omnia

1109 710 1267 750 tempora
1284 714 1365 736 suae
1382 703 1534 746 politiae.
1585 703 1758 748 Tempore
1775 704 1920 738 Davidis
1935 713 1967 739 et
1984 705 2086 739 Salo-

1110 753 1226 787 monis
1243 764 1367 796 magna
1385 753 1495 796 gloria
1512 751 1617 786 huius
1634 755 1754 798 populi
1773 755 1855 795 suit,
1883 762 1999 798 postea
2016 766 2087 787 ser-

1110 805 1201 837 vitus
1216 803 1335 839 crevit.
1387 803 1532 846 Semper
1549 810 1664 837 autem
1684 805 1895 837 calamitates
1914 806 1994 838 illae
2012 806 2087 837 sue-

1109 861 1193 887 runt
1211 865 1342 896 poenae
1361 861 1598 897 peccatorum,
1625 860 1658 887 et
1673 854 1766 887 Deus
1787 866 1906 888 rursus
1926 855 2089 887 liberavit

1111 905 1276 948 reliquias
1300 904 1441 947 populi,
1467 912 1606 946 agentes
1625 905 1895 951 poenitentiam,
1922 911 1955 938 et
1979 905 2088 937 mira-

1112 955 1229 988 biliter
1249 955 1399 987 servavit
1425 955 1462 986 in
1487 961 1581 987 tanta
1606 955 1770 988 servitute
1793 955 1924 988 cultum
1944 961 1976 988 et
1999 961 2088 987 tem-

1113 1006 1221 1049 plum.
1277 1003 1326 1037 lta
1346 1011 1428 1037 tunc
1443 1016 1584 1048 quoque
1601 1005 1739 1037 volebat
1764 1016 1822 1037 eos
1841 1006 2008 1038 servitute
2027 1005 2089 1037 ad-

1115 1055 1262 1094 moneri,
1277 1061 1315 1087 ut
1333 1054 1523 1097 cogitarent
1539 1056 1580 1086 de
1597 1055 1824 1098 poenitentia,
1842 1062 1874 1088 et
1887 1056 2018 1088 ferrent
2034 1055 2090 1086 in-

1114 1105 1213 1138 terim
1238 1105 1487 1142 calamitatem,
1520 1116 1558 1137 ae
1584 1117 1602 1137 a
1619 1104 1693 1137 Deo
1717 1105 1963 1138 liberationem
1987 1116 2090 1148 expe-

1113 1162 1264 1193 ctarent,
1291 1155 1389 1199 quasi
1407 1155 1555 1187 diceret:
1580 1154 1667 1188 Date
1683 1154 1840 1195 Caesari,
1867 1156 1984 1188 feratis
2001 1165 2090 1187 onus

1113 1212 1146 1238 et
1162 1206 1362 1238 servitutem
1379 1205 1614 1247 corporalem,
1641 1205 1722 1249 quia
1739 1206 1860 1238 vestris
1885 1205 2042 1238 consiliis
2059 1211 2090 1237 et

1114 1255 1250 1288 viribus
1266 1266 1338 1286 non
1357 1255 1498 1296 potestis
1510 1261 1677 1295 excutere,
1693 1256 1750 1287 sed
1770 1256 1796 1288 si
1810 1255 1975 1300 reliquiae
1990 1261 2092 1298 agent

1113 1305 1386 1349 poenitentiam,
1416 1304 1660 1338 liberabuntur
1679 1305 1860 1339 divinitus.

1217 1353 1264 1388 Ut
1279 1361 1395 1387 autem
1406 1352 1560 1387 Ecclesia
1575 1355 1702 1388 ultimo
1720 1363 1875 1399 tempore
1893 1354 2014 1398 populi
2034 1352 2091 1386 lu-

1114 1403 1205 1438 daici
1241 1404 1278 1436 in
1311 1405 1462 1449 quadam
1497 1405 1620 1438 acerba
1645 1411 1679 1437 et
1705 1406 1795 1438 tristi
1823 1405 1988 1438 servitute
2015 1403 2094 1443 fuit,

1113 1454 1334 1488 Ptolemaeus
1343 1452 1520 1487 Lathurus
1537 1455 1707 1488 trucidata
1724 1467 1847 1498 magua
1866 1454 2093 1487 multitudine

1114 1503 1344 1543 ludaeorum,
1377 1505 1523 1538 iusserat
1546 1505 1709 1538 dissecari
1733 1517 1879 1549 corpora
1903 1504 2093 1537 mulierum

1114 1562 1146 1588 et
1168 1566 1379 1599 puerorum,
1417 1561 1451 1588 et
1474 1555 1619 1589 dissecta
1641 1556 1799 1588 membra
1823 1555 1948 1599 coqui,
1983 1561 2015 1587 et
2040 1551 2094 1586 his

1113 1606 1205 1638 vesci
1223 1605 1369 1638 ludaeos
1386 1608 1554 1647 coegerat.
1608 1605 1734 1638 Tantis
1755 1605 2011 1638 calamitatibus
2032 1603 2094 1636 illa

1115 1662 1266 1688 extrema
1284 1661 1377 1688 aetas
1394 1655 1461 1688 suit
1479 1654 1646 1687 obnoxia.
1689 1654 1742 1688 Ita
1760 1655 1908 1688 sciamus
1927 1665 2021 1687 nunc
2036 1664 2095 1685 ex-

1115 1711 1225 1738 tremo
1244 1705 1366 1737 mundi
1383 1711 1540 1752 tempore
1557 1704 1747 1738 Ecclesiam
1771 1704 1808 1736 in
1825 1705 1991 1738 servitute
2009 1704 2096 1742 fore,

1120 1755 1175 1787 vel
1199 1756 1264 1788 sub
1282 1754 1428 1793 Tamis,
1456 1755 1511 1787 vel
1529 1755 1594 1787 sub
1612 1754 1690 1787 aliis
1707 1755 1845 1796 regibus
1870 1762 1904 1788 et
1924 1753 2095 1797 principi-

1114 1806 1201 1846 bus,
1234 1812 1268 1838 et
1292 1803 1492 1838 habituram
1517 1804 1674 1846 exiguam
1705 1805 1958 1837 defensionem.
2012 1803 2095 1836 Ideo

1114 1856 1288 1888 discamus
1310 1856 1400 1887 ferre
1416 1855 1636 1888 difficultates
1656 1855 1876 1897 politiarum,
1903 1861 1936 1887 ct
1954 1864 2097 1897 agamus

1114 1906 1379 1949 poenitentiam,
1406 1911 1444 1938 ut
1455 1903 1550 1938 Dens
1568 1917 1624 1937 eas
1640 1905 1784 1947 mitiget.
1813 1903 1960 1937 Interim
1978 1911 2095 1937 tamen

1113 1967 1214 1989 suum
1233 1956 1380 2000 quisque
1402 1955 1555 1988 officium
1574 1954 1760 1998 diligenter
1779 1961 1810 1988 et
1829 1956 2021 1998 prudenter
2043 1954 2096 1986 fa-

1113 2007 1198 2047 ciat,
1225 2013 1264 2039 ut
1282 2006 1493 2038 retineamus
1512 2003 1702 2045 Emlesias,
1728 2016 1813 2050 quas
1832 2006 1931 2038 Deus
1949 2004 2096 2037 mirabi-

1113 2057 1192 2089 liter
1216 2056 1385 2095 servabit,
1414 2055 1549 2088 etiamsi
1572 2056 1608 2088 in
1632 2057 1737 2089 tantis
1764 2067 1953 2098 regnorum
1978 2061 2096 2088 muta·—

1113 2107 1220 2140 tionis
1247 2107 1516 2150 quassabuntur.
1580 2105 1733 2139 Oremus
1759 2106 1862 2140 etiam
1886 2104 2021 2143 Deum,
2057 2110 2096 2137 ut

1114 2157 1185 2201 ipse
1201 2168 1388 2200 regnorum
1405 2156 1617 2189 mutationes
1644 2157 1791 2199 mitiget.

1200 2298 1423 2340 Dominica
1438 2299 1623 2339 XXIIII.
1652 2301 1745 2349 post
1777 2296 2015 2337 Trinitatis.

1385 2371 1618 2415 Evangelium
1639 2369 1768 2407 Matth.
1785 2371 1820 2405 9.

1165 2447 1266 2483 Haec
1283 2461 1360 2482 cum
1372 2447 1451 2482 illis
1467 2447 1680 2495 loqueretur,
1699 2458 1768 2481 ecce
1777 2444 1926 2480 Primas
1942 2442 2095 2491 quidam

1215 2500 1328 2541 venit,
1350 2505 1380 2533 el
1402 2497 1572 2532 adoravit
1595 2510 1689 2539 eum,
1717 2496 1853 2531 dicens:
1881 2494 1989 2529 Filia
2015 2507 2094 2529 mea

1214 2549 1320 2584 modo
1340 2548 1513 2597 dijuncta
1531 2554 1591 2589 est,
1614 2546 1680 2581 sed
1693 2547 1780 2588 ceni,
1809 2552 1838 2580 et
1857 2545 1997 2593 impone
2015 2558 2095 2578 ma-

1214 2614 1300 2635 num
1320 2606 1420 2634 tuam
1439 2612 1546 2647 super
1562 2598 1690 2637 illam,
1719 2610 1761 2631 ac
1779 2598 1877 2631 rivel.
1933 2595 1986 2630 Et
2012 2608 2095 2629 sur-

1211 2664 1300 2698 gens
1322 2651 1450 2693 Iesus,
1482 2654 1620 2684 seculus
1645 2653 1694 2682 est
1724 2660 1823 2690 eum,
1857 2659 1900 2682 uc
1924 2645 2101 2693 discipuli
