2409 2915
8 1217 24 1299 ’ἕ

1 1517 16 1552 Ἰ

303 86 381 123 Xll.

157 171 266 207 Item:
285 171 397 206 Nemo
412 171 509 205 venit
526 172 570 204 ad
589 177 733 214 patrem,
750 170 821 204 nisi
841 183 903 216 per
912 170 1042 207 Flium.

160 231 246 266 Item
266 231 449 266 Salomon.
492 227 618 264 Oratio
635 228 838 276 hypocritae
851 238 901 265 est
921 244 1041 276 pecca-

196 283 351 316 Tantum
369 281 532 316 derident
548 279 682 321 Deum,
708 281 769 326 qui
794 281 979 321 invocant,
1008 290 1041 317 et

949 332 1039 367 Cum

53 87 128 124 589

54 290 140 317 tum.

54 341 170 369 tamen
191 346 264 367 non
289 333 436 367 credunt
457 342 492 364 se
510 331 620 376 recipi
646 332 702 365 vel
724 332 897 366 exaudiri.

54 385 278 419 invocatione
292 389 428 428 oportet
446 383 629 426 complecti
647 394 761 427 spem,
788 389 821 417 et
836 384 940 417 simul
958 391 1039 418 sunt

52 436 184 470 multae
199 435 362 472 virtutes,
390 445 478 478 quae
500 440 582 466 sunt
604 440 742 467 tantum
766 435 804 468 in
829 432 1039 469 Christianis

53 486 235 530 agentibus
252 484 505 528 poenitentiam
523 491 556 518 et
572 485 810 520 credentibus.

153 543 310 586 Quart0‚
352 542 624 585 Consolatione,
667 545 848 578 credentes
880 545 1037 579 sentiunt

51 595 346 633 consolationem,
380 601 413 628 et
437 595 559 628 crescit
587 595 625 627 in
650 596 698 628 eis
727 596 814 629 fides
840 603 874 629 et
905 596 1036 630 laetitia

49 645 182 686 cordis,
210 653 242 680 et
265 645 326 678 alii
342 646 477 679 fructus
494 645 660 693 Spiritus.
714 645 802 680 Item
817 645 913 680 Deus
930 648 1036 681 etiam

48 697 186 740 mitigat
204 697 253 730 eis
269 708 419 740 poenas,
443 703 482 730 ut
499 694 648 736 Dandi,
676 695 880 738 Manassae,
908 696 1032 732 lecho-

49 747 129 781 niae
147 753 209 783 etc.
261 747 330 781 Sed
354 745 557 793 hypocritae
581 748 690 791 magis
716 749 895 793 magisque
916 755 1036 790 ruunt,

50 804 90 832 ut
107 797 192 832 Saul
216 810 289 831 non
307 799 422 832 solum
445 799 618 843 premitur
644 799 888 842 desperatione
912 806 945 833 et
970 800 1036 833 do-

48 848 123 882 lore
141 849 179 882 in
194 850 300 883 corde
311 876 319 890 ‚
347 850 407 882 sed
425 849 530 883 etiam
546 849 623 882 aliis
639 850 760 883 multis
776 851 927 884 externis
943 851 1034 884 cala-

46 899 240 934 mitatibus.

149 958 245 992 Haec
270 966 422 1004 quatuor
448 960 636 1003 diligenter
664 960 918 994 consideranda
943 967 1034 1000 sunt,

48 1016 87 1043 ut
103 1010 251 1043 sciamus
271 1010 461 1043 discrimen
486 1011 578 1043 inter
594 1008 794 1056 hypocritas
813 1017 845 1044 et
861 1008 1034 1043 Christia-

47 1071 113 1093 nos
126 1087 134 1100 ,
162 1067 195 1094 et
212 1061 402 1094 excitemus
421 1073 484 1094 nos
501 1063 542 1094 ad
569 1061 834 1094 conversionem
846 1088 854 1101 ,
890 1062 932 1094 ad
949 1073 1034 1104 poe-

49 1111 257 1154 nitentiam,
301 1111 424 1150 fidem,
466 1119 498 1145 et
531 1123 649 1144 veram
679 1112 959 1154 invocationem,
1001 1118 1035 1144 et

46 1173 255 1207 quaeramus
278 1162 314 1195 in
332 1161 408 1195 Deo
434 1163 732 1203 consolationem,
759 1163 852 1207 quod
878 1162 1033 1206 profecto

47 1212 115 1245 iam
134 1212 171 1245 in
187 1210 242 1245 his
260 1213 367 1247 tantis
390 1213 541 1246 miseriis
566 1213 667 1246 valde
690 1213 923 1246 necessarium
947 1219 1007 1248 est.

46 1329 217 1365 Audistis
233 1329 335 1378 quod
349 1328 482 1364 dictum
502 1335 551 1364 est
571 1331 757 1379 antiquis.-
779 1329 869 1364 Non
886 1328 1033 1365 occides.

149 1415 313 1449 Diximus
336 1428 461 1460 supra,
497 1428 634 1460 semper
661 1417 698 1449 in
723 1428 850 1460 genere
875 1414 1031 1450 humano

45 1465 246 1513 hypocritas
256 1468 366 1511 legem
380 1466 445 1501 Dei
461 1467 658 1511 intelligere
674 1474 810 1501 tantum
830 1469 873 1500 de
891 1474 1033 1501 externa

44 1518 249 1561 disciplina,
277 1525 310 1551 et
335 1519 464 1561 fingere
491 1516 582 1552 hanc
599 1525 777 1552 externam
806 1518 1031 1562 disciplinam

2 1582 15 1603 »ε
44 1581 116 1603 esse
132 1569 307 1612 justiciam
327 1581 443 1602 coram
463 1568 560 1610 Deo,
589 1576 622 1602 et
643 1570 770 1602 mereri
789 1569 1031 1602 remissionem

16 1800 20 1836 Ι

0 1855 5 1858 ·
44 1850 203 1873 errorem
225 1836 400 1870 interfecti
419 1843 510 1870 sunt·

11 1638 13 1646 π
43 1627 284 1664 peccatorum,
322 1620 411 1654 sicut
434 1618 616 1653 Pharisaei
642 1619 840 1662 fingebant,
874 1619 923 1652 sic
950 1619 1031 1652 Μο-

43 1668 168 1708 nachi,
197 1678 229 1703 et
256 1670 366 1715 aliqui
386 1672 554 1704 omnibus
579 1671 800 1714 temporibus
821 1671 1010 1705 finxerunt.

148 1736 255 1770 Hunc
273 1748 426 1769 errorem
447 1736 523 1769 vult
550 1737 730 1769 emendari
747 1734 842 1769 Deus
867 1735 1033 1768 omnibus

43 1788 273 1831 temporibus.
332 1784 531 1829 Prophetae
565 1786 754 1820 clamantes
782 1792 904 1819 contra
938 1783 1032 1818 hunc

564 1834 727 1870 Christus
744 1837 846 1869 etiam
867 1833 924 1868 hic
941 1842 1032 1869 taxat

44 1890 193 1924 eundem
226 1899 392 1921 errorem.
464 1886 613 1921 Taxax·it
647 1893 681 1920 et
711 1899 831 1919 recens
856 1886 1032 1919 Dominus

43 1939 177 1975 Doctor
186 1938 379 1976 Martium,
394 1938 476 1985 quia
487 1936 582 1971 Deus
597 1938 820 1980 vultagnosci
840 1944 1031 1981 peccatum,

50 1991 144 2037 quod
164 1990 260 2023 intus
279 1990 315 2022 in
344 1990 448 2022 corde
476 1986 614 2029 haeret,
640 1995 672 2021 et
696 1988 772 2021 vult
793 1999 1032 2032 expavescere,

47 2041 125 2075 vult
141 2052 206 2074 nos
225 2051 410 2083 agnoscere
434 2040 620 2083 gratuitam
644 2038 886 2072 remissionem
910 2050 1031 2083 pecca-

9 2087 11 2089 ·
46 2100 162 2126 torum
176 2114 185 2128 ‚
213 2097 247 2124 et
262 2090 436 2124 iusticiam
454 2097 598 2134 propter
613 2089 756 2123 Filium.

146 2147 193 2183 Et
215 2146 524 2182 orditurChristus
538 2161 556 2182 a
575 2156 769 2192 praecepto,
785 2147 867 2181 Non
885 2148 1032 2188 occides,

45 2202 139 2248 quod
162 2199 322 2245 loquitur
346 2200 389 2231 de
413 2199 583 2243 peccatis,
619 2211 708 2244 quae
739 2198 851 2241 magis
880 2198 1029 2241 intelligi

45 2258 205 2297 possunt.
264 2249 309 2284 Et
339 2249 581 2283 immundities
613 2250 729 2283 cordis
759 2259 918 2292 pugnans
951 2261 1029 2281 cum

6 2324 7 2327 =
44 2301 112 2337 hoc
131 2307 314 2347 praecepto
337 2307 387 2334 est
409 2300 519 2343 magis
538 2306 618 2333 nota
632 2327 641 2340 ,
668 2311 773 2345 quam
792 2299 933 2333 subtilia
950 2311 1029 2343 pec-

10 2625 14 2723 !

9 2725 13 2832 Ξ

51 2361 146 2395 cata,
183 2352 378 2386 diffidentia
404 2362 482 2394 erga
511 2351 646 2390 Deum,
679 2362 767 2395 quae
791 2347 940 2383 habetur
965 2362 1029 2393 pro

47 2404 235 2449 sapientia,
276 2403 329 2436 vel
354 2402 480 2436 fiducia
513 2402 675 2446 propriae
707 2400 883 2440 iusticiae,
924 2412 1028 2445 quam

47 2462 170 2500 putant
197 2452 398 2499 hypocritae
422 2453 587 2486 virtutem
607 2459 639 2486 et
657 2452 805 2495 gloriam
824 2462 907 2484 esse.
959 2450 1028 2485 Sed

49 2506 242 2539 invidentia
259 2511 293 2538 et
309 2504 471 2538 acerbum
490 2511 523 2538 et
538 2503 707 2537 iniustum
724 2502 845 2536 odIum
870 2501 907 2534 in
925 2502 1029 2535 corde

52 2554 165 2590 Saulis
187 2556 337 2590 sentitur
373 2563 406 2589 et
434 2555 526 2588 clare
561 2554 710 2587 iudicari
740 2559 870 2598 potest,
909 2559 942 2586 et
966 2552 1053 2586 scit-

52 2604 152 2648 Saul,
175 2607 288 2653 qualis
305 2617 359 2639 res
375 2605 436 2647 sit,
463 2606 522 2639 sed
539 2617 612 2639 non
628 2605 703 2639 vult
721 2616 756 2639 se
773 2603 952 2645 damnari,
973 2603 1028 2637 di-

52 2656 97 2691 cit
113 2654 195 2692 haec
210 2657 304 2692 mala
319 2669 393 2691 non
409 2668 480 2691 esse
497 2663 646 2702 peccata.

433 82 826 121 ANNOTATIONES
852 82 920 120 ET
946 83 1226 122 CONCIONES
1255 85 1305 122 IN
1331 85 1514 123 EVANG.
1543 87 1820 126 MATTHAEI.

2000 91 2074 128 590

1193 170 1323 207 Contra
1348 171 1438 207 hanc
1461 174 1662 208 coecitatem
1687 175 1771 209 dicit
1792 173 1969 210 Christus:
1998 174 2073 220 Ego

1092 229 1207 256 autem
1227 224 1306 256 dico
1324 225 1441 264 vobis,
1469 222 1598 258 Omnis
1619 226 1680 269 qui
1704 226 1865 260 irascitur
1888 227 1986 260 fratri
2009 238 2073 261 suo

1089 273 1239 314 frustra,
1266 286 1345 307 reus
1365 282 1414 308 est
1441 287 1589 318 poenae,
1625 276 1696 311 Qu·
1723 275 1759 319 ist
1780 278 1904 313 alebam
1927 276 2071 323 sdyulbig,

1088 324 1147 359 bae
1165 334 1196 359 er
1214 324 1257 367 sol
1273 323 1414 369 gesttafft
1430 327 1560 360 metbcn.

1191 382 1264 426 Qui
1281 384 1408 418 dixerit
1424 384 1522 419 fratri
1539 382 1660 418 Racha
1672 410 1681 423 ,
1710 386 1787 422 Qu·
1810 388 1921 430 feinem
1939 388 2072 424 ffitubet

1089 435 1135 469 cin
1154 434 1319 479 grimmige
1345 436 1470 480 geberbe
1487 435 1584 481 geigtl
1614 443 1678 471 met
1703 437 1770 471 neit>
1796 440 1866 473 obet
1892 438 1954 483 bag
1979 443 2072 483 trcgt‘

1087 488 1138 521 bct·
1159 486 1195 530 ist
1212 486 1368 531 ῖῴιιῑῦίς,
1395 488 1455 522 bas
1474 497 1550 522 mon
1566 486 1620 530 ibn
1639 486 1693 531 stit
1710 486 1838 532 &cticbt
1855 488 1957 533 fiibtc.

1194 545 1265 589 Qui
1289 546 1417 580 dixerit
1441 547 1541 580 fratri
1573 558 1636 579 suo
1662 546 1790 586 Fatue,
1818 559 1898 581 reus
1930 554 1980 581 est
2012 559 2071 590 ge-

1086 593 1223 629 hennae
1248 597 1358 640 ignis,
1384 596 1461 632 {Ser
1484 597 1584 640 {einen
1606 598 1739 634 ffitubet
1765 598 1886 641 1estcrt,
1913 598 2071 643 februum,

1085 646 1230 692 iaschud>
1245 649 1400 691 uerteugt.

1183 705 1388 740 Nominavit
1405 713 1475 740 tres
1493 707 1640 750 gradus,
1669 708 1729 752 qui
1755 719 1829 741 non
1856 715 1938 741 sunt
1957 715 2068 742 exter-

1084 767 1128 788 na
1146 754 1336 791 homicidia
1356 769 1464 791 manu
1485 759 1594 797 facta,
1616 759 1673 791 sed
1702 764 1784 791 sunt
1813 758 1979 792 interiora
2006 757 2069 791 ho-

1084 807 1242 849 micidia,
1270 820 1359 853 quae
1377 809 1481 841 corde
1498 808 1597 843 fiunt.
1651 807 1697 842 Et
1717 815 1798 841 sunt
1823 810 2069 843 communissi-

1084 870 1157 898 ma,
1185 859 1275 892 sicut
1293 859 1452 892 videmus
1470 859 1662 903 plurimum
1682 870 1753 892 esse
1772 859 1955 900 odiorum,
1976 860 2068 892 invi-

1086 909 1247 949 dentiae,
1278 907 1545 943 maledicentiae
1564 910 1667 943 etiam
1687 910 1723 942 in
1749 910 1838 951 illis,
1864 910 1925 955 qui
1943 911 2069 943 volunt

1082 960 1194 992 videri
1228 960 1309 994 iusti
1342 967 1373 994 et
1405 962 1532 1001 sancti,
1574 967 1606 994 et
1631 959 1715 994 haec
1739 972 1798 994 sua
1830 967 1969 1005 peccata
1995 973 2067 993 non

1082 1011 1213 1044 vident.

1184 1069 1292 1112 Quod
1315 1076 1431 1103 autem
1466 1069 1549 1102 alibi
1577 1069 1661 1103 dicit
1688 1067 1868 1104 Christus:
1895 1069 1993 1104 Reus
2018 1077 2068 1103 est

1083 1132 1233 1164 poenae,
1268 1132 1348 1153 reus
1375 1126 1422 1153 est
1448 1119 1590 1163 judicii,
1626 1121 1718 1153 idem
1750 1128 1850 1161 sunt,
1893 1121 1975 1166 quia
2009 1133 2068 1153 ex—

1082 1183 1196 1214 presse
1216 1171 1303 1205 dicit
1320 1183 1417 1204 reum
1435 1182 1517 1205 esse.
1570 1170 1660 1205 Cum
1679 1171 1722 1205 sit
1747 1184 1844 1210 reus,
1874 1172 1962 1205 iuste
1987 1183 2067 1205 eum

1081 1220 1176 1254 Deus
1193 1223 1415 1255 condemnat.
1470 1221 1537 1255 Sed
1564 1222 1751 1255 durissime
1770 1223 1854 1256 dicit
1879 1223 1921 1255 de
1943 1222 2066 1256 tertio:

1080 1270 1177 1305 Reus
1194 1279 1243 1305 est
1259 1269 1438 1315 gehennae
1457 1272 1559 1314 ignis.
1612 1271 1670 1306 Sic
1688 1273 1776 1307 solet
1802 1273 1986 1306 nominare
2011 1273 2066 1305 in-

1081 1322 1174 1355 feros
1200 1329 1234 1356 et
1259 1333 1389 1366 poenas
1414 1329 1590 1366 aeternas,
1620 1329 1653 1355 et
1679 1335 1809 1356 nomen
1836 1330 1990 1356 sumtum
2017 1330 2065 1356 est

1080 1384 1099 1405 a
1116 1373 1207 1405 valle
1225 1371 1376 1413 Ennon,
1402 1373 1464 1406 ubi
1480 1373 1547 1406 suit
1562 1373 1794 1406 sacrificatum
1814 1374 1927 1414 idolo,
1955 1373 2011 1406 cui
2029 1373 2065 1405 in

1081 1423 1249 1457 sacrificio
1281 1423 1522 1457 offerebantur
1552 1424 1671 1467 pueri,
1699 1425 1759 1469 qui
1797 1424 1847 1457 ibi
1881 1424 2068 1457 combure-

1083 1475 1223 1508 bantur.
1285 1473 1372 1508 Inde
1402 1486 1531 1508 nomen
1558 1475 1710 1508 sumitur
1736 1488 1798 1519 pro
1822 1487 1933 1519 poena
1957 1475 2067 1507 inser-

1081 1525 1164 1560 nali.

1187 1575 1254 1609 Sed
1281 1588 1343 1609 cur
1364 1573 1422 1609 hic
1446 1576 1570 1608 durius
1594 1575 1770 1620 loquitur,
1805 1585 1869 1611 von
1896 1574 2066 1617 bensseste:

1082 1625 1181 1660 vern?
1213 1625 1306 1668 Quia
1333 1626 1542 1659 maledicere
1567 1632 1617 1659 est
1641 1627 1755 1669 peius,
1796 1639 1900 1671 quam
1919 1627 2066 1659 'caedem

1081 1688 1190 1709 manu
1216 1677 1347 1717 facere,
1375 1677 1456 1721 quia
1473 1676 1532 1720 qui
1552 1688 1660 1709 manu
1679 1677 1825 1721 occidit,
1848 1683 1984 1710 tantum
2003 1688 2067 1709 ne-

1081 1733 1132 1759 cat
1149 1738 1293 1770 corpus,
1321 1728 1379 1759 sed
1398 1726 1589 1759 maledicus
1610 1727 1736 1760 occidit
1764 1739 1910 1771 corpus,
1938 1734 1970 1760 et
1996 1728 2066 1760 eri—

1081 1777 1131 1820 pit
1157 1777 1297 1812 famam.
1351 1777 1439 1810 Nam
1465 1777 1568 1810 dolor
1591 1784 1733 1820 propter
1749 1778 1929 1811 infamiam
1953 1779 2066 1811 adfert

1081 1827 1185 1861 etiam
1220 1834 1389 1867 mortem,
1428 1827 1516 1860 sicut
1547 1826 1717 1861 Salomon
1749 1840 1830 1861 vere
1862 1829 1961 1862 dicit:
1998 1827 2066 1861 Ca-

1080 1878 1215 1911 lumnia
1249 1878 1437 1911 conturbat
1465 1877 1679 1921 sapientem,
1720 1885 1753 1912 et
1790 1879 1918 1921 frangit
1956 1879 2066 1912 robur

1081 1929 1196 1961 cordis
1215 1929 1301 1961 eius.
1348 1927 1444 1961 Haec
1462 1928 1551 1961 bene
1570 1929 1793 1963 considerent
1811 1927 1973 1963 homines
1991 1941 2065 1962 ma·-

1080 1979 1203 2020 ledici,
1231 1980 1350 2024 quales
1369 1979 1469 2012 valde
1488 1979 1591 2012 multi
1615 1987 1716 2020 sunt,
1744 1987 1776 2013 et
1800 1980 1911 2014 sciant
1934 1992 1968 2013 se
1994 1991 2065 2013 esse

1080 2029 1268 2074 dupliciter
1294 2027 1501 2062 homicidas.
1570 2027 1751 2064 Occidunt
1781 2042 1907 2075 corpus
1932 2031 2066 2071 dolore,

1081 2087 1113 2113 et
1146 2081 1312 2114 occidunt
1342 2078 1525 2113 hominem
1551 2092 1620 2125 quo
1646 2082 1687 2113 ad
1714 2082 1860 2124 famam,
1896 2093 1984 2126 quae
2016 2088 2064 2114 est

1081 2131 1206 2163 melior
1223 2142 1295 2171 res,
1324 2142 1428 2175 quam
1450 2131 1519 2163 vita
1539 2132 1751 2174 corporalis,
1780 2131 1876 2166 Sicut
1895 2131 2064 2165 Salomon

1080 2181 1164 2214 dicit
1177 2181 1432 2218 Proverb.22.:
1451 2180 1582 2215 Melius
1598 2188 1647 2215 est
1657 2194 1786 2215 nomen
1802 2183 1944 2222 bonum,
1960 2193 2063 2226 quam

1080 2231 1224 2266 divitiae
1240 2233 1380 2267 multae.

1328 2318 1646 2358 Quaestiones
1675 2315 1807 2351 duae.

1238 2381 1446 2427 Sequuntur
1472 2380 1528 2415 hic
1553 2383 1643 2415 duae
1669 2381 1913 2425 QuaestioneS.

1179 2449 1277 2484 Una:
1312 2448 1421 2483 Estne
1445 2449 1561 2482 omnis
1585 2449 1635 2482 ira
1662 2449 1867 2493 peccatum?
1901 2447 2066 2493 Respon-

1078 2502 1161 2534 deo:
1197 2500 1330 2534 Textus
1355 2501 1439 2533 dicit
1474 2501 1516 2532 de
1542 2500 1672 2533 iniusta
1696 2500 1766 2540 ira,
1799 2500 1881 2545 quia
1907 2511 2065 2543 expresse

1078 2552 1178 2586 dicit:
1213 2551 1284 2595 Qui
1318 2550 1477 2584 irascitur
1500 2550 1599 2583 fratri
1616 2550 1782 2597 frustra.
1835 2551 1882 2584 Et
1907 2551 1986 2584 talis
2011 2551 2063 2584 ira

1078 2603 1206 2637 iniusta
1225 2602 1337 2636 multo
1356 2601 1575 2647 frequentior
1592 2609 1642 2635 est
1658 2602 1751 2645 apud
1763 2599 1938 2642 homines,
1957 2614 2062 2647 quam

1076 2654 1164 2688 iusta
1183 2654 1246 2687 ira.
