2409 2915
54 127 129 164 749
313 124 393 163 XII.

55 213 172 258 inquit
197 211 313 246 Lucae
332 213 411 248 22:
455 211 599 254 Quanto
627 210 737 254 magis
760 209 864 245 Pater
886 211 1045 246 coelestis

53 265 153 299 dabit
170 263 345 307 Spiritum
362 269 520 298 sanctum
538 262 753 306 petentibus.

155 313 300 356 Videte,
327 314 377 359 pii
392 312 590 354 auditores,
622 319 662 346 ut
680 310 766 346 haec
786 313 892 348 verba
909 313 1044 347 intimis

53 366 165 400 animi
185 365 345 399 sensibus
362 363 515 410 infigatis
537 371 570 397 et
594 362 920 408 comprehendatis,
947 376 1045 398 exer—

54 424 126 451 cete
142 417 244 450 fidem
261 422 293 449 et
309 414 568 449 invocationem
593 421 745 448 vestram
771 416 809 448 in
833 413 900 449 hoc
925 427 1044 460 opere,

54 469 92 501 in
118 465 183 501 hac
207 467 434 500 meditatione
452 472 484 499 et
508 466 718 509 precatione.
771 465 822 499 lta
841 467 969 500 clarius
986 467 1044 499 in-

53 518 235 562 telligetis,
261 524 293 550 et
313 529 350 550 re
371 517 444 560 ipsa
460 517 708 560 experiemini,
734 514 818 551 haec
833 529 905 551 non
924 517 1044 550 inania

54 581 117 603 nec
131 568 371 603 commentitia
390 580 478 601 esse:
508 567 620 601 Petite
642 575 681 601 ut
699 566 794 602 Deus
819 581 881 612 per
905 576 938 602 et
962 581 1042 612 pro-

53 627 128 665 pter
149 618 260 652 filium
284 630 387 652 suum
404 617 600 652 Dominum
622 626 782 653 nostrum
805 619 917 653 Iesum
938 617 1045 653 Chri-

51 678 142 704 stum
165 669 303 714 Spiritu
334 677 453 703 sancto
486 681 549 703 suo
578 671 684 703 corda
711 677 824 703 vestra
850 671 1043 711 illuminet,

51 722 191 759 doceat,
221 727 335 764 regat,
363 721 555 754 sanctificet
572 727 604 754 et
621 721 814 754 confirmet.
858 720 1042 756 Caeterum

50 783 91 805 ex
110 768 186 812 his,
214 783 302 816 quae
319 778 590 805 commemorata
610 779 705 810 sunt,
733 773 916 816 perspicue
932 779 1045 817 potest

49 821 220 866 intelligi,
259 823 556 866 praedicationem
588 823 674 866 legis
709 835 781 856 nou
810 824 952 857 inanem
984 829 1045 856 ant

48 873 196 907 otiosam
220 885 309 913 esse,
339 885 400 907 seu
419 873 634 917 Decalognm
653 886 725 907 non
742 874 870 908 frustra
892 873 1044 919 proponi

49 930 82 958 et
100 924 265 968 explicari
284 924 320 957 in
339 922 514 965 Ecclesia,
543 925 679 958 etiamsi
705 926 809 959 corda
837 933 956 959 nostra
981 937 1043 958 ne-

49 982 186 1020 queunt
218 983 394 1019 praestare
423 976 612 1020 perfectam
638 976 896 1015 obedientiam,
938 988 1042 1021 quam

49 1026 202 1071 requirit
214 1026 425 1069 Decalogus.
463 1026 559 1060 Haec
577 1027 751 1060 sufficiant
769 1029 812 1061 de
830 1028 961 1072 triplici
978 1038 1044 1061 usu

48 1075 171 1120 Legis;
199 1077 359 1122 sequitur
377 1078 413 1110 in
435 1084 547 1112 textu:

199 1165 303 1198 Ilaec
320 1168 376 1198 est
395 1165 494 1198 enim
510 1166 590 1198 Lex
607 1169 646 1198 et
663 1164 888 1210 Prophetae.

149 1230 246 1264 Haec
275 1232 382 1265 verba
412 1244 487 1265 non
517 1238 654 1266 tantum
679 1233 862 1267 referenda
889 1239 971 1266 sunt
1001 1234 1044 1266 ad

48 1281 207 1325 proxime
223 1283 491 1326 praecedentem
509 1283 684 1326 regulam:
713 1283 954 1328 Quaecunque
965 1284 1044 1316 vul-

47 1332 92 1365 tis
112 1338 150 1366 ut
168 1333 301 1366 faciant
317 1333 418 1366 vobis
435 1331 618 1374 homines,
653 1334 775 1366 eadem
799 1340 833 1367 et
857 1345 920 1366 vos
942 1333 1044 1367 facite

46 1382 134 1415 illis:
163 1383 244 1427 quia
264 1382 337 1416 Lex
360 1390 394 1416 et
419 1381 618 1428 Prophetae
643 1396 717 1417 non
741 1384 940 1427 loquuntur
965 1390 1045 1417 tan-

46 1440 121 1466 tum
138 1434 182 1466 de
200 1434 353 1467 secunda
373 1434 492 1468 tabula
504 1461 513 1475 ,
543 1435 603 1467 sed
620 1435 737 1477 potius
754 1433 797 1465 de
812 1439 884 1467 tota
902 1433 1043 1466 coelesti

45 1484 219 1525 doctrina,
246 1484 417 1528 patefacta
435 1484 472 1516 in
483 1483 574 1526 Lege
590 1491 623 1518 et
632 1481 840 1527 Evangelio,
866 1485 910 1517 de
925 1484 1044 1528 priore

45 1541 78 1567 et
98 1535 289 1578 posteriore
309 1534 428 1568 tabula
445 1532 630 1578 Decalogi,
659 1534 742 1568 item
769 1535 813 1568 de
837 1536 1044 1579 promissio-

47 1585 155 1619 nibus
171 1585 315 1621 divinis.
370 1584 453 1618 Ideo
473 1582 558 1618 haec
581 1586 758 1630 appendix
782 1597 843 1619 seu
868 1587 1042 1620 clausula:

44 1635 124 1669 Hoc
145 1637 240 1681 quod
261 1647 323 1679 ego
349 1636 458 1669 doceo
481 1641 531 1669 est
549 1635 622 1669 Lex
647 1643 679 1670 et
696 1634 912 1680 Prophetae,
940 1637 1043 1670 debet

48 1687 200 1730 intelligi
218 1687 262 1719 de
280 1693 350 1720 tota
370 1687 593 1730 praecedenti
609 1686 796 1720 concione:
831 1688 931 1733 quasi
949 1688 1044 1722 dicat

46 1738 244 1772 Dominus:
273 1735 348 1781 Ego
368 1737 535 1781 proposui
559 1737 660 1771 vobis
689 1738 859 1781 integram
885 1739 1043 1772 declara-

47 1790 180 1823 tionem
200 1801 260 1821 seu
279 1788 540 1822 enarrationem
558 1788 744 1833 utriusque
761 1789 901 1822 tabulae
919 1789 1043 1831 Mosis,

46 1838 140 1873 hanc
174 1851 287 1873 meam
320 1839 594 1872 declarationem
626 1851 685 1873 seu
709 1840 1040 1884 interpretationem

45 1891 189 1931 discite,
224 1889 308 1935 quia
335 1890 583 1934 complectitur
607 1890 742 1934 ipsum,
777 1898 816 1925 ut
841 1892 887 1925 ita
915 1892 1042 1933 dicam,

46 1942 215 1976 nucleum
249 1948 283 1975 et
311 1953 482 1981 nervum,
523 1941 558 1974 id
586 1950 654 1982 est,
698 1942 969 1976 fundamentum
1002 1955 1040 1976 ac

45 2005 218 2027 summam
243 1992 350 2027 totius
374 1992 556 2026 doctrinae
581 1993 624 2025 de
647 1993 740 2036 lege,
768 1991 1040 2038 comprehensae

44 2044 82 2077 in
102 2043 203 2077 Mose
220 2050 255 2077 et
271 2041 471 2088 Prophetis.
524 2041 576 2077 Ac
593 2044 710 2077 sciatis
735 2041 819 2078 haec
845 2046 951 2079 verba
976 2056 1039 2089 op-

45 2094 132 2140 poni
149 2092 362 2128 Pharisaicis
388 2094 675 2139 persuasionibus
694 2101 799 2140 atque
818 2096 1041 2143 corruptelis,

45 2146 130 2179 item
164 2146 414 2189 superstitiosis
445 2145 582 2179 naeniis
608 2157 780 2179 novarum
806 2147 1041 2180 traditionum

45 2194 299 2230 humanarum:
335 2196 433 2241 quasi
450 2196 596 2230 diceret:
628 2194 720 2230 Ecce
741 2208 803 2240 ego
829 2209 954 2231 revoco
979 2209 1041 2231 vos

46 2249 88 2281 ad
112 2246 240 2291 Legem
266 2254 301 2281 et
324 2244 538 2291 Prophetas,

45 2305 237 2332 avocarunt
254 2305 289 2332 et
309 2299 545 2333 abduxerunt.

142 2349 327 2383 Praeterea
345 2349 435 2384 illud
455 2348 619 2394 inprimis
635 2355 686 2383 est
704 2349 949 2383 observatione
965 2361 1038 2383 me-

46 2401 229 2446 moriaque
247 2401 415 2444 dignum,
443 2401 536 2446 quod
558 2400 632 2444 ipse
650 2398 828 2434 Dominus
844 2400 971 2443 allegat
989 2407 1041 2434 te-

47 2451 253 2485 stimonium
271 2451 385 2486 Mosis
406 2458 439 2486 et
464 2449 724 2496 Prophetarum
737 2476 745 2490 ‚
780 2451 903 2484 volens
918 2449 1041 2486 Eccle-

46 2502 131 2536 siam
147 2515 246 2537 suam
266 2502 442 2546 alligatam
461 2514 534 2536 esse
550 2504 594 2536 ad
619 2502 747 2547 scripta
771 2502 944 2536 divinitus
968 2509 1040 2536 tra-

46 2553 136 2592 dita,
160 2566 205 2588 ne
227 2554 554 2595 comminiscamur,
577 2554 746 2597 eligamus
764 2560 794 2587 et
813 2553 1038 2588 instituamus

47 2603 114 2646 ipsi
146 2605 278 2646 cultus,
319 2605 463 2639 audacia
497 2605 640 2649 propria
671 2604 890 2638 discedentes
924 2617 942 2637 a
971 2604 1037 2639 Dei

50 2653 175 2696 verbo,
207 2656 298 2690 sicut
313 2653 478 2696 Ethnici,
510 2653 712 2696 Pharisaei,
738 2655 893 2691 Romani
911 2655 1036 2690 Ponti-

50 2704 147 2745 fices,
172 2704 342 2740 Monachi
359 2714 392 2741 et
410 2706 662 2752 Anabaptistae
681 2708 851 2743 fecerunt.

449 121 845 162 ANNOTATIONES
869 122 936 161 ET
963 122 1244 162 CONCIONES
1271 123 1323 161 IN
1347 122 1532 162 EVANG,
1562 124 1842 163 MATTHAEI.

578 2259 598 2280 a
623 2247 752 2292 quibus
777 2245 958 2282 Pharisaei
979 2260 1040 2281 ves
1064 2266 1068 2315 y

1089 2668 1128 2689 ac
1146 2657 1260 2690 ventri
1277 2654 1499 2690 cumulandis
1524 2653 1719 2692 sacrificiis,
1747 2658 1810 2685 etc.

1088 2714 1208 2742 nostra
1224 2714 1334 2741 aetate
1351 2705 1510 2750 Papistae
1532 2704 1658 2739 Missas
1683 2705 1725 2737 ad
1752 2710 1935 2748 quaestum
1960 2705 2079 2737 confe-

2013 126 2088 162 750

1200 209 1253 245 Ac
1271 212 1437 245 omnibus
1454 212 1627 247 aetatibus
1644 212 1681 246 in
1696 224 1822 256 genere
1838 209 1996 247 humano
2013 224 2088 247 ma-

1097 269 1183 296 nent
1206 263 1338 296 semina
1364 260 1470 296 huius
1497 263 1694 297 diabolicae
1718 264 1992 309 superstitionis,
2019 277 2088 310 qua

1097 319 1266 359 perpetuo
1293 313 1379 346 novi
1404 324 1443 347 ac
1469 315 1662 358 peculiares
1687 315 1801 349 cultus
1827 316 1959 361 absque
1987 327 2090 349 man—

1098 366 1178 399 dato
1204 362 1293 404 Dei,
1331 370 1364 397 et
1397 371 1494 398 extra
1526 366 1674 399 verbum
1705 365 1877 401 divinitus
1906 367 2088 407 traditum,

1098 416 1322 462 quorundam
1342 415 1536 449 temeritate
1554 416 1752 458 finguntur:
1777 417 1838 462 qui
1854 418 1997 462 quidem
2013 418 2088 451 cul-

1097 475 1197 501 tuum
1222 466 1527 500 idololatricorum
1555 473 1695 500 autores
1729 479 1767 500 ac
1799 476 2089 512 propugnatores,

1098 518 1257 551 iudicant
1289 515 1382 550 hanc
1413 529 1510 551 suam
1543 517 1821 561 superstitiosam
1853 519 2088 552 curiositatem

1098 570 1221 613 ingens
1238 580 1310 602 esse
1329 570 1434 601 decus
1453 568 1601 601 eximiae
1618 569 1801 602 cniusdam
1818 581 1857 602 ac
1880 570 2091 614 praeclarae,

1097 633 1175 654 cnm
1201 619 1408 663 sapientiae,
1444 626 1518 653 tum
1546 619 1819 658 sanctimoniae,
1854 631 1934 654 cum
1957 632 1994 653 re
2015 620 2089 664 ipsa

1097 672 1141 705 sit
1163 669 1346 704 horribilis
1372 670 1538 710 coecitas,
1573 670 1697 714 ingens
1719 670 1846 711 scelus,
1888 678 1921 706 et
1943 671 2086 704 audacia

1098 723 1312 755 detestanda.
1383 720 1624 763 Quamobrem
1660 721 1795 755 dictum
1829 722 1920 755 illud
1945 719 2092 761 Christi,

1097 770 1226 806 Matth.
1249 771 1307 807 15.
1323 772 1512 814 diligenter
1537 773 1728 805 memoriae
1753 773 1928 806 mandetis
1951 779 1985 806 et
2010 772 2091 806 infi-

1098 825 1185 868 gatis
1212 824 1349 857 animo:
1378 823 1522 857 Frustra
1549 823 1673 857 colunt
1696 835 1751 856 me
1777 823 1952 858 mandatis
1973 820 2091 855 homi-

1098 887 1195 909 num.

1200 925 1400 970 Utrumque
1425 937 1506 958 vcro
1537 923 1719 957 sciendum
1745 933 1784 955 ac
1808 923 1999 956 tenendum
2024 930 2090 957 est:

1097 978 1271 1022 primum,
1316 976 1410 1021 qnod
1441 975 1649 1009 traditiones
1677 971 1870 1014 humanae,
1911 985 1972 1007 seu
1996 985 2090 1007 cere-

1098 1028 1257 1065 moniae,
1286 1034 1318 1060 et
1336 1039 1459 1071 opera,
1483 1038 1572 1071 quae
1590 1025 1626 1057 in
1642 1023 1799 1058 Ecclesia
1817 1022 1973 1058 humana
1989 1031 2090 1059 auto-

1098 1080 1200 1113 ritate
1220 1079 1473 1118 instituuntur,
1500 1089 1574 1110 non
1592 1075 1730 1120 possint
1745 1086 1817 1108 esse
1833 1075 1949 1109 cultus
1965 1075 2050 1109 Dei.

1200 1130 1383 1166 Secundo,
1411 1130 1505 1172 quod
1525 1128 1596 1161 vita
1613 1134 1671 1161 tua
1689 1126 1812 1159 debeat
1830 1126 1903 1169 regi
1919 1132 2012 1159 certo
2023 1125 2090 1160 Dei

1099 1181 1224 1220 verbo,
1253 1187 1284 1214 et
1302 1180 1439 1213 institui
1456 1180 1548 1212 iuxta
1566 1177 1820 1222 praescriptum
1839 1175 2006 1220 Decalogi
2024 1174 2091 1210 hoc

1098 1232 1242 1271 ordine,
1272 1238 1310 1264 ut
1329 1230 1431 1264 initio
1454 1230 1568 1262 luceat
1592 1229 1628 1261 in
1656 1228 1760 1261 corde
1784 1227 1869 1260 fides
1892 1225 2092 1272 apprehen-

1099 1284 1186 1315 dens
1212 1279 1413 1320 Christum,
1447 1286 1480 1313 et
1504 1279 1680 1323 accipiens
1705 1278 2003 1320 consolationem,
2035 1290 2091 1312 re-

1101 1332 1305 1366 missionem
1343 1336 1566 1375 peccatorum
1603 1337 1708 1374 atque
1745 1328 1914 1363 iustitiam
1949 1335 2093 1373 propter

1098 1383 1210 1415 filium
1227 1381 1294 1415 Dei
1319 1381 1559 1416 mediatorem.
1613 1379 1752 1414 Deinde
1779 1386 1817 1413 nt
1841 1387 2034 1423 sequantur
2059 1386 2093 1414 et

1100 1439 1267 1476 regantur
1285 1439 1416 1465 caetera
1434 1433 1528 1465 bona
1546 1443 1651 1475 opera
1668 1430 1763 1464 iuxta
1779 1430 1896 1463 omnia
1909 1428 1976 1463 Dei
1993 1442 2093 1474 prae-

1097 1490 1195 1527 cepta
1228 1484 1271 1516 ad
1294 1494 1362 1515 nos
1389 1481 1620 1526 pertinentia,
1655 1481 1747 1514 sicut
1770 1477 1949 1525 Propheta
1971 1492 2093 1525 preca-

1096 1541 1155 1568 tur
1177 1533 1305 1568 Psalm.
1325 1533 1424 1568 119.:
1468 1532 1628 1566 Lucerna
1658 1531 1808 1575 pedibus
1835 1532 1922 1564 meis
1942 1532 2092 1566 verbum

1096 1592 1215 1625 tuum,
1243 1592 1275 1618 et
1292 1585 1349 1617 lux
1368 1583 1501 1617 semitis
1518 1583 1616 1619 meis.
1660 1581 1891 1627 Nequaquam
1910 1582 2005 1616 enim
2023 1583 2092 1616 fin-

1097 1647 1156 1679 gas
1180 1636 1283 1669 licere
1306 1635 1389 1675 tibi,
1417 1635 1492 1668 sine
1508 1634 1624 1677 legum
1643 1645 1682 1666 ac
1704 1631 1912 1677 disciplinae
1937 1633 2089 1666 vinculis

1095 1686 1215 1730 vagari
1234 1698 1296 1720 ceu
1314 1686 1406 1719 ferae
1425 1692 1597 1729 vagantur
1612 1684 1650 1717 in
1665 1682 1782 1723 silvis,
1816 1689 1875 1716 aut
1891 1684 1971 1729 eqni
1994 1684 2088 1718 sero-

1096 1749 1150 1771 ces
1192 1748 1333 1771 excusso
1375 1743 1521 1770 rectore.
1596 1733 1693 1768 Haec
1723 1732 1910 1779 Cyclopica
1948 1735 2089 1768 licentia

1095 1786 1186 1821 nihil
1214 1788 1334 1822 minus
1365 1793 1433 1828 est,
1473 1798 1576 1832 quam
1602 1786 1747 1819 libertas
1767 1782 1988 1826 Christiana,
2028 1787 2088 1818 sed

1094 1851 1154 1873 cor
1185 1847 1216 1873 et
1242 1850 1330 1883 opus
1361 1845 1462 1872 tuum
1493 1838 1709 1881 gubernetur
1733 1847 1772 1869 ac
1796 1835 1969 1879 dirigatur
1997 1844 2089 1871 certa

1094 1902 1218 1924 norma
1266 1890 1521 1923 mandatorum
1568 1887 1655 1922 Dei:
1718 1893 1818 1921 tuum
1871 1888 2088 1931 coniugium,

1093 1949 1194 1975 tuum
1224 1941 1423 1985 opificium,
1451 1947 1510 1973 tua
1539 1939 1629 1972 ratio
1657 1937 1806 1983 parandi
1833 1938 1984 1977 victum,
2014 1951 2087 1971 non

1094 1993 1197 2026 debet
1240 1992 1391 2025 transire
1433 1991 1519 2023 fines
1560 1995 1826 2034 praeceptorum
1869 1989 2087 2030 divinornm,

1094 2055 1156 2076 nec
1183 2043 1402 2086 erumpendo
1425 2049 1520 2076 extra
1546 2047 1655 2074 metas
1678 2039 1821 2074 divinae
1844 2039 1949 2083 legis,
1989 2040 2087 2074 ordi-

1093 2106 1172 2127 nem
1198 2106 1214 2126 a
1233 2091 1310 2126 Deo
1333 2093 1587 2137 praescriptum
1612 2091 1824 2124 conturbare
1848 2103 1887 2124 ac
1909 2091 2003 2125 velut
2030 2092 2086 2124 in-

1092 2146 1172 2179 cisis
1189 2145 1361 2178 scalarum
1380 2144 1568 2188 gradibus,
1598 2142 1807 2176 convellere.
1857 2140 1950 2175 Haec
1966 2143 2085 2175 omnia

1093 2193 1343 2240 comprehensa
1361 2203 1443 2229 sunt
1462 2202 1493 2229 et
1512 2195 1645 2228 inclusa
1661 2191 1717 2226 his
1733 2192 1862 2226 verbis:
1892 2191 1969 2226 Hoc
1988 2194 2085 2238 quod

1092 2258 1154 2289 ego
1178 2247 1307 2288 doceo,
1349 2253 1399 2280 est
1421 2246 1493 2280 Lex
1524 2253 1555 2280 et
1581 2242 1794 2288 Prophetae,
1838 2244 1938 2289 quasi
1972 2244 2083 2278 dicat:

1092 2296 1272 2331 Pharisaei
1288 2309 1349 2332 vos
1365 2309 1383 2331 a
1400 2297 1492 2341 Lege
1509 2309 1547 2330 ac
1559 2293 1762 2340 Prophetis,
1790 2301 1894 2339 atque
1913 2294 1960 2327 ita
1978 2295 2084 2328 aDeo

1092 2349 1169 2394 ipso
1186 2350 1428 2389 abduxerunt,
1458 2349 1652 2392 iidemque,
1678 2357 1758 2379 vera
1782 2346 2022 2379 consolatione
2045 2358 2083 2379 ac

1092 2400 1297 2434 remissione
1323 2406 1542 2445 peccatorum
1567 2397 1709 2442 penitus
1726 2396 1882 2436 sublata,
1910 2397 2082 2441 praecipi-

1092 2458 1213 2486 tarunt
1229 2463 1292 2485 vos
1309 2451 1345 2484 in
1363 2450 1615 2490 dubitationes,
1644 2454 1839 2482 merserunt
1858 2448 1894 2479 in
1910 2448 2081 2486 tenebras,

1091 2509 1125 2537 et
1151 2501 1363 2536 horrendam
1390 2501 1612 2542 coecitatem,
1647 2507 1766 2548 postea
1794 2495 1998 2542 hypocrisin
2024 2498 2082 2531 in-

1064 2554 1212 2588 ssanium
1237 2566 1405 2598 operum,
1443 2565 1502 2586 seu
1535 2551 1801 2589 exercitiorum,
1843 2549 2081 2593 superstitiose

1090 2605 1337 2650 praedicarunt
1361 2611 1394 2638 et
1416 2611 1655 2643 ostentarunt,
1691 2601 1886 2634 servierunt
1913 2601 2081 2635 avaritiae

1872 2651 2024 2685 Perinde
2042 2660 2080 2687 ut
