2409 2915
108 98 179 135 401

104 181 233 222 solem,
259 181 450 215 foecundas
468 182 578 215 faeere
601 191 699 215 anus,
751 178 845 213 Haec
866 192 1084 224 opponamus

102 232 269 265 inanibus
285 232 402 270 sactis,
429 243 515 276 quae
539 237 684 264 narrant
698 228 864 269 Euboici,
892 238 929 264 ut
952 232 995 264 de
1011 232 1083 265 dis-

102 289 194 315 secta
219 289 304 317 cote.
364 281 418 315 Sit
441 281 548 324 igitur
568 291 704 324 semper
728 278 811 313 haec
836 281 879 313 de
905 281 1082 315 miraculis

102 332 233 365 divinis
266 331 377 376 prima
407 331 586 374 cogitatio,
619 331 820 365 testimonia
849 331 892 363 de
921 332 1081 366 doctrina

101 383 203 416 nobis
220 381 388 426 proponi,
416 381 454 413 in
472 381 600 425 quibus
617 381 720 415 toties
736 392 771 414 se
787 381 886 415 Deus
909 382 1080 425 patefecit.

201 431 358 466 Secunda
376 432 546 466 doctrina.
599 429 731 465 Christi
753 432 840 465 facta
859 432 1081 476 peculiariter

100 483 307 522 ostendunt,
334 481 436 526 quale
453 482 499 515 sit
517 493 666 524 regnum
682 481 842 516 Messiae.
885 481 1004 515 Iudaei
1020 495 1079 516 ex-

99 532 283 576 pectabant
305 532 473 574 gloriosas
493 533 676 573 victorias,
704 532 910 576 partitiones
933 533 1078 576 provin-

98 582 250 622 ciarum,
283 593 425 625 magnas
447 594 529 626 opes
557 590 589 616 et
612 583 751 616 dulcem
774 583 1077 627 tranquillitatem,

98 632 157 665 sed
174 629 334 666 Christus
349 634 502 667 ostendit
516 644 577 666 sua
594 633 759 666 beneficia
775 634 918 666 alterius
941 634 1076 677 generis

97 693 185 715 esse:
221 682 414 716 annunciat
435 683 677 716 remissionem
701 691 943 727 peccatorum,
969 684 1075 728 polli-

97 738 194 765 cetur
210 738 242 766 et
258 733 373 767 incoat
392 733 496 767 vitam
515 741 690 767 aeternam
703 760 712 773 ,
736 734 1073 777 eiginstaurationem

95 779 270 816 humanae
287 791 446 824 naturae,
474 791 506 817 et
522 791 562 818 ut
585 785 744 818 ostendat
768 792 963 829 utrunque,
991 796 1026 817 se
1041 791 1076 818 et

95 844 133 866 re
159 834 346 877 opitulari,
381 841 414 867 et
438 845 509 867 esse
532 835 800 868 instauratorem
833 835 944 877 vitae,
976 842 1075 868 sanat

93 895 217 917 omnes
234 890 399 927 petentes,
453 883 600 926 Quoties
617 885 723 927 igitur
747 885 820 918 eius
837 886 924 918 facta
944 886 1073 927 cogita-

93 945 190 974 mus,
217 935 260 967 de
278 941 445 979 perpetuo
470 946 578 978 regno
595 933 726 969 Christi
751 935 960 977 cogitemus,
986 947 1073 980 quae

92 984 260 1018 beneficia
286 986 368 1017 dare
386 985 467 1018 velit
484 985 621 1018 animae
644 993 676 1018 et
697 986 862 1029 corporis.
915 985 1073 1019 Sciamus

92 1034 160 1067 tale
182 1046 253 1068 esse
274 1047 369 1068 nunc
391 1047 531 1080 quoque
556 1036 629 1069 eius
646 1047 812 1078 regnum,
838 1047 975 1078 semper
993 1048 1070 1069 eum

91 1086 228 1125 adesse,
269 1085 444 1118 remittere
478 1093 616 1132 peccata
649 1086 865 1126 petentibus,
908 1087 1071 1119 exaudire

91 1134 314 1173 invocantes,
347 1147 489 1175 sanare,
523 1136 644 1169 iuvare
665 1137 700 1168 in
721 1137 840 1169 multis
859 1136 994 1179 magnis
1010 1148 1072 1180 pe-

90 1185 209 1219 riculis
228 1198 424 1230 corporum.

193 1235 326 1269 Tertio.
382 1236 554 1269 Miracnla
578 1242 658 1269 sunt
688 1237 842 1280 exempla
866 1237 1071 1279 promissio-

91 1297 191 1326 num,
219 1293 250 1320 et
268 1287 519 1330 applicationes
535 1287 577 1318 ad
595 1287 760 1328 singulos.
795 1286 985 1319 Promissio
1003 1294 1069 1320 est:

90 1334 222 1376 Petite,
249 1344 281 1370 et
301 1337 487 1379 accipietis.
539 1334 708 1379 Exempla
731 1343 832 1375 sunt,
861 1334 917 1369 hic
940 1334 1070 1369 Archi-

88 1396 300 1430 synagogus,
338 1385 524 1428 Centurio,
553 1383 850 1430 Syrophoenissa‚
885 1393 917 1420 et
941 1386 1069 1431 reliqui

89 1447 229 1477 omnes,
256 1437 317 1481 qui
341 1437 375 1469 in
392 1437 463 1469 suis
479 1437 657 1469 aerumnis
673 1436 917 1470 liberationem
937 1437 1067 1480 petive-

90 1493 184 1519 runt.
239 1484 418 1530 Prophani
436 1487 582 1520 lectores
597 1487 645 1519 sic
663 1487 834 1529 cogitant,
860 1494 898 1520 ut
919 1488 962 1520 de
980 1488 1068 1520 libe-

88 1537 224 1570 ralitate
242 1538 363 1571 aulica.
409 1537 519 1570 Video
535 1537 675 1580 quidem
692 1535 872 1571 Christum
890 1538 1069 1582 aliquibus

88 1587 267 1630 opitulari,
294 1589 352 1620 sed
369 1600 442 1621 non
459 1594 509 1620 est
527 1587 650 1620 similis
662 1588 824 1621 voluntas
842 1599 920 1629 erga
935 1599 1069 1627 omnes,

87 1644 127 1671 nt
145 1637 181 1669 in
199 1638 276 1671 aula
293 1638 537 1671 liberalitatem
555 1638 782 1679 experiuntur
798 1639 907 1680 aliqui
927 1638 1069 1681 propio-

88 1699 143 1720 res
166 1688 403 1731 principibus,
431 1688 534 1721 multi
557 1687 637 1725 alii,
666 1688 824 1732 quamvis
844 1689 969 1721 melius
995 1700 1068 1720 me-

87 1738 167 1776 riti,
194 1745 310 1772 tamen
332 1739 567 1782 negliguntur.

190 1787 286 1822 Haec
317 1790 458 1822 collatio
482 1800 520 1821 ex
545 1787 671 1820 animis
701 1788 906 1831 extirpanda
931 1794 997 1826 est,
1036 1794 1070 1821 et

89 1840 298 1883 opponenda
308 1840 466 1873 doctrina
477 1838 764 1882 promissionum,
782 1839 817 1870 in
831 1838 958 1882 quibus
968 1850 1069 1881 prae-

90 1889 189 1932 cipue
215 1887 299 1922 haec
329 1891 399 1923 duo
429 1889 717 1926 considerentur,
757 1889 851 1933 quod
882 1889 1068 1932 promissio

91 1940 220 1982 gratiae
245 1952 316 1973 non
341 1941 470 1983 pendet
495 1951 533 1972 ex
558 1939 686 1972 nostris
709 1939 863 1978 meritis,
891 1940 949 1971 sed
974 1939 1071 1972 iubet

90 1990 219 2023 intueri
254 1991 417 2024 meritum
441 1987 592 2030 Christi,
632 1997 665 2023 et
690 1990 783 2034 quod
821 1989 1070 2032 promissiones

91 2041 161 2074 sint
183 2041 413 2075 universales:
442 2040 569 2073 Venite
592 2041 634 2073 ad
651 2051 706 2072 me
722 2050 863 2080 omnes,
890 2041 951 2084 qui
970 2040 1069 2073 labo-

91 2091 174 2123 ratis
198 2097 259 2124 etc.
299 2093 328 2124 1.
346 2091 441 2126 Tim.
458 2093 510 2126 2,;
543 2089 639 2123 Deus
663 2090 738 2124 vult
765 2101 886 2123 omnes
910 2087 1071 2124 homines

94 2141 207 2174 salvos
226 2141 311 2175 fieri.
347 2139 392 2174 Et
411 2139 488 2176 Act.
506 2141 578 2174 10.:
614 2140 694 2174 Non
712 2148 761 2174 est
779 2140 932 2184 acceptio
951 2152 1071 2185 perso-

93 2202 217 2225 narum
235 2192 326 2235 apud
348 2190 474 2224 Deum.

195 2241 267 2274 Has
284 2242 471 2275 sententias
489 2241 743 2283 coniungamus
767 2241 934 2275 omnibus
957 2252 1072 2274 exem-

94 2292 173 2337 plis,
200 2299 232 2325 et
249 2304 312 2326 nos
329 2293 420 2336 ipsos
437 2293 478 2324 ad
492 2289 586 2324 hunc
601 2303 786 2324 numerum
804 2292 996 2334 petentium
1014 2302 1073 2333 ag-

97 2354 294 2386 gregemus,
320 2343 469 2376 sciamus
486 2343 564 2374 ideo
581 2339 644 2374 hos
662 2342 801 2374 adiutos
824 2353 915 2381 esse,
943 2349 980 2374 ut
998 2353 1073 2374 cae-

96 2394 161 2427 teri
178 2393 384 2428 invitentur.
424 2392 555 2426 Adiuta
573 2399 621 2425 est
638 2389 916 2436 syrophoenissa
935 2389 1073 2424 ethnica

97 2443 243 2481 mulier,
278 2443 359 2477 item
383 2444 511 2477 mulier
535 2443 706 2487 peccatrix
730 2441 814 2475 Luc.
832 2441 868 2476 7.
896 2449 928 2475 et
949 2442 1076 2475 mulier

99 2491 316 2527 Samaritana
345 2491 466 2528 Iohau.
493 2493 525 2527 4.
566 2492 727 2537 Denique
750 2492 822 2536 ipse
845 2492 950 2533 dicit,
984 2493 1076 2526 sanis

100 2554 172 2577 non
188 2556 260 2577 esse
276 2556 364 2588 opus
380 2545 527 2578 medico.

199 2592 424 2637 Deponamus
455 2595 561 2637 igitur
591 2592 782 2628 humanam
805 2593 1008 2637 opinionem
1035 2593 1078 2625 de

104 2649 220 2676 nostra
236 2645 406 2688 dignitate
434 2652 467 2679 et
490 2646 532 2678 de
550 2645 844 2688 particularitate,
871 2651 905 2678 et
923 2644 965 2677 ad
982 2641 1077 2677 hunc

154 2694 332 2741 Matura,
349 2697 451 2729 Orza.
480 2697 563 2729 von.
582 2694 675 2729 XIV.

700 95 824 132 PHIL.
852 93 968 132 MEL.
995 96 1200 132 SCRIPTA
1225 96 1523 132 EXEGETICA.

2045 102 2120 138 402

1136 181 1334 225 pontificem
1352 183 1555 216 accedamus
1570 194 1691 216 omnes
1703 183 1827 218 fiducia
1844 183 2115 227 misericordiae,

1134 238 1167 265 et
1189 232 1394 265 meritorum
1418 232 1540 275 ipsius.
1593 232 1633 266 si
1657 235 1812 276 angeris,
1837 242 1877 269 ut
1897 233 2114 281 Archisyna-

1133 292 1240 325 gogus
1274 289 1333 315 aut
1359 280 1658 326 Syrophoenissa,
1697 286 1820 318 accede
1852 287 1894 318 ad
1921 283 2113 327 Christum,

1134 344 1196 365 nec
1216 333 1354 375 disputa
1370 333 1413 364 de
1430 333 1497 365 tuis
1515 333 1663 373 meritis,
1689 335 1750 366 sed
1768 335 1871 375 scito,
1898 334 1989 369 hanc
2007 337 2112 370 mise-

1133 394 1205 415 ram
1224 390 1383 416 naturam
1404 379 1622 415 horribiliter
1644 395 1843 426 oppressam
1870 397 1941 418 esse
1962 394 2112 429 peccata,

1132 439 1163 466 et
1197 444 1418 477 nequaquam
1454 444 1520 465 nos
1552 444 1652 481 posse
1688 441 1805 466 nostra
1834 435 2001 477 dignitate
2034 437 2111 472 niti.

1131 483 1291 525 Agnosce
1314 481 1426 515 Deum
1454 495 1488 516 se
1508 484 1707 526 patefecisse
1731 484 1900 517 immensa
1923 496 1983 518 sua
2006 487 2111 519 boni-

1131 540 1217 574 tate,
1244 540 1277 566 et
1301 533 1388 565 velle
1408 533 1563 566 invocari
1589 534 1631 566 ab
1656 534 1832 568 omnihus.
1885 533 1990 567 Nulla
2013 547 2110 569 mens

1130 580 1283 616 hnmana
1302 580 1367 615 hoc
1384 584 1584 617 mirandum
1601 582 1666 616 Dei
1684 584 1870 617 consilium
1896 584 1977 617 satis
1994 587 2109 618 consi-

1128 635 1260 675 derare,
1287 641 1320 667 et
1337 634 1419 666 satis
1434 635 1551 676 magni
1570 634 1753 667 aestimare
1769 641 1891 678 potest,
1909 636 2001 678 quod
2013 634 2107 668 Deus

1127 695 1162 717 se
1183 684 1362 728 patefecit,
1397 686 1490 728 quod
1523 685 1616 716 misit
1642 684 1792 724 Filium,
1826 685 1918 728 quod
1944 685 2019 718 vult
2045 697 2109 718 nos

1128 735 1291 769 exaudire
1310 740 1342 767 et
1358 746 1508 769 servare.
1560 734 1749 768 Fateamur
1764 746 1827 767 nos
1845 735 2018 767 infantum
2037 747 2109 768 esse

1127 785 1275 825 similes,
1303 792 1335 818 et
1354 796 1425 817 non
1446 785 1580 828 assequi
1604 785 1882 826 magnitudinem
1909 785 2108 818 misericor-

1126 836 1204 868 diae
1223 836 1303 876 Dei,
1331 843 1364 869 et
1378 835 1512 868 adferre
1528 841 1704 877 peccatum
1727 846 1765 867 ac
1780 834 2028 875 dubitationes,
2045 847 2109 869 nec

1127 897 1267 919 accensa
1282 898 1354 918 esse
1372 886 1476 918 corda
1496 885 1674 928 agnitione
1697 891 1730 918 et
1753 884 1940 917 dilectione
1958 884 2042 923 Dei,
2071 893 2109 919 ut

1126 937 1319 976 debebant,
1353 942 1386 969 et
1411 937 1614 968 accedamus
1635 941 1753 968 tamen
1779 937 1822 968 ad
1844 932 1939 967 hunc
1963 936 2109 978 pontifi-

1126 999 1197 1020 cem
1215 985 1416 1026 Christum,
1443 998 1522 1019 cum
1540 985 1601 1018 illa
1616 986 1785 1018 imbecilli
1801 985 1923 1025 turba,
1950 991 2107 1028 petamus

1125 1036 1309 1077 beneficia,
1336 1043 1367 1069 et
1385 1036 1633 1069 confirmemur
1657 1036 1824 1079 exemplis
1842 1033 1947 1069 huius
1972 1036 2106 1072 turbae.

1124 1087 1292 1121 Exaudiit
1317 1085 1650 1131 Syrophoenissam,
1694 1097 1774 1128 ergo
1803 1093 1836 1119 te
1864 1097 2004 1130 quoque
2032 1087 2108 1120 vult

1125 1139 1307 1178 exaudire,
1343 1138 1422 1169 ideo
1446 1137 1559 1175 enim,
1593 1143 1630 1170 ut
1656 1143 1807 1170 caeteros
1832 1136 1973 1175 invitet,
2010 1136 2106 1169 illam

1124 1189 1271 1222 adiuvit.
1318 1187 1375 1221 Sic
1390 1185 1480 1221 Psal.
1495 1188 1555 1221 33.
1573 1187 1728 1229 exempla
1744 1188 1784 1218 ad
1804 1197 1905 1220 usum
1924 1188 2106 1220 transfert:

1124 1239 1288 1272 Accedite
1312 1238 1354 1269 ad
1379 1249 1475 1276 eum,
1510 1244 1543 1270 et
1567 1237 1831 1272 illuminamini.
1883 1235 1950 1269 Iste
1976 1248 2107 1280 pauper

1123 1289 1285 1322 clamavit
1300 1288 1342 1320 ad
1358 1286 1572 1326 Dominum,
1599 1293 1631 1319 et
1640 1285 1814 1319 Dominus
1832 1287 2008 1320 exaudivit
2024 1299 2104 1319 eum

1123 1346 1185 1372 etc.
1264 1337 1359 1370 Haec
1386 1337 1544 1369 doctrina
1568 1337 1611 1368 de
1637 1337 1871 1379 applicatione
1895 1337 1996 1370 tertio
2027 1337 2103 1370 loco

1121 1400 1258 1432 semper
1276 1389 1313 1421 in
1333 1387 1510 1421 miraculis
1533 1386 1786 1422 consideretur.

1474 1504 1616 1528 Tertius
1647 1504 1754 1528 locus.

1396 1562 1449 1593 De
1477 1560 1542 1601 fide
1565 1565 1595 1592 et
1618 1560 1830 1592 invocatione.

1235 1632 1330 1666 Haec
1351 1632 1559 1675 applicatio,
1592 1632 1634 1663 de
1658 1641 1725 1674 qua
1753 1629 1923 1670 diximus,
1955 1631 2103 1674 requirit

1122 1683 1357 1726 cognitionem
1373 1681 1557 1724 Evangelii
1582 1681 1624 1713 de
1647 1679 1888 1719 invocatione,
1915 1686 1948 1713 et
1966 1681 2007 1714 de
2025 1681 2104 1715 fide.

1124 1734 1271 1777 Semper
1288 1732 1458 1775 obstrepit
1474 1731 1577 1764 nobis
1593 1728 1677 1762 haec
1692 1728 1872 1772 cogitatio:
1901 1729 1997 1772 Quid
2013 1732 2102 1764 facio

1122 1784 1256 1827 magni,
1282 1790 1321 1817 ut
1342 1782 1438 1816 Deus
1458 1793 1514 1814 me
1536 1780 1712 1824 respiciat:
1741 1791 1817 1812 sum
1843 1779 2046 1814 immundus
2070 1788 2104 1815 et

1122 1846 1218 1874 reus,
1259 1834 1344 1878 quid
1367 1838 1541 1875 expectem
1567 1842 1585 1863 a
1612 1829 1706 1869 Deo,
1740 1829 1808 1861 nisi
1834 1841 1979 1872 poenas,
2014 1831 2101 1876 quid

1121 1891 1218 1918 curat
1234 1883 1329 1917 Deus
1351 1894 1446 1915 meos
1464 1882 1649 1919 clamores,
1674 1879 1809 1912 etiamsi
1831 1879 1916 1911 velis
1939 1892 2017 1913 eum
2047 1881 2105 1914 in-‘

1122 1946 1265 1973 vocare,
1293 1946 1338 1967 an
1359 1932 1579 1974 magnifaciet
1602 1931 1684 1963 istas
1706 1929 1946 1970 recitationes,
1974 1931 2103 1976 quibus

1122 1985 1255 2029 aliquid
1284 1983 1397 2028 petis?
1429 1981 1504 2015 Hae
1529 1980 1764 2014 dubitationes
1787 1992 1923 2023 semper
1947 1982 2104 2015 cruciant

1123 2037 1272 2069 animos.
1324 2033 1391 2066 llic
1416 2039 1554 2076 oportet
1576 2043 1641 2064 nos
1655 2031 1744 2063 bene
1767 2031 1924 2063 munitos
1948 2043 2020 2064 esse
2038 2029 2101 2065 hac

1123 2086 1282 2120 doctrina
1299 2085 1342 2116 de
1359 2082 1579 2116 invocatione
1591 2107 1599 2120 ,
1627 2093 1714 2126 quae
1738 2087 1787 2113 est
1803 2079 1985 2123 Evangelii
2002 2093 2103 2124 prae-

1123 2137 1236 2180 cipua.
1289 2134 1448 2167 Primum
1464 2139 1579 2166 autem
1603 2132 1784 2165 sciendum
1803 2138 1869 2170 est,
1897 2133 1990 2175 quod
2009 2130 2103 2165 Deus

1122 2188 1218 2220 hunc
1235 2186 1367 2218 cultum
1387 2183 1544 2217 omnium
1570 2182 1719 2215 maxime
1742 2181 1907 2225 requirat.
1963 2180 2044 2214 Ideo
2067 2194 2102 2214 se

1125 2236 1302 2281 patefecit,
1330 2242 1368 2268 ut
1383 2241 1600 2277 agnoscatur.
1636 2231 1716 2265 Non
1735 2237 1845 2273 potest
1859 2237 1974 2264 autem
1993 2243 2102 2274 agno-

1126 2289 1172 2321 sci
1198 2288 1274 2320 sine
1293 2285 1525 2319 invocatione.
1579 2282 1660 2315 Ideo
1684 2281 1786 2315 toties
1816 2280 2030 2324 praecipitur
2058 2284 2101 2314 de

1126 2337 1366 2376 invocatione,
1398 2342 1436 2368 ut
1461 2332 1621 2367 Christus
1647 2331 1780 2376 iuquit:
1821 2331 1967 2374 Semper
1994 2339 2101 2371 orate,

1126 2396 1157 2422 et
1181 2400 1252 2421 non
1278 2384 1526 2428 defatigemiui.
1582 2382 1686 2415 Item:
1713 2381 1842 2421 Petite,
1866 2387 1898 2414 et
1919 2381 2101 2424 accipiatis.

1127 2439 1165 2473 Si
1181 2437 1341 2472 homines
1356 2441 1501 2484 possunt
1518 2435 1600 2467 dare
1615 2434 1707 2465 dona
1723 2429 1945 2469 hominibus,
1971 2438 2102 2474 quanto

1126 2490 1234 2533 magis
1257 2495 1355 2532 pater
1381 2484 1547 2519 coelestis.
1583 2481 1714 2526 Philip.
1741 2481 1790 2516 4.:
1817 2479 1896 2513 Non
1919 2479 1994 2513 sitis
2018 2481 2103 2514 soli-

1128 2541 1206 2580 citi,
1248 2540 1306 2572 sed
1330 2538 1368 2570 in
1391 2536 1489 2569 omni
1514 2534 1713 2579 precatione
1741 2539 1774 2564 et
1798 2529 1983 2573 petitione,
2024 2543 2104 2564 cum

1129 2591 1317 2633 gratiarum
1335 2587 1470 2621 actione
1487 2583 1737 2630 postulationes
1754 2587 1886 2613 vestrae
1902 2587 2003 2613 notae
2020 2581 2106 2614 fiant

1130 2642 1221 2676 Deo.
1265 2639 1393 2673 Psalm.
1420 2636 1495 2670 68.:
1547 2632 1622 2675 Ego
1647 2632 1841 2666 orationem
1864 2641 1977 2665 meam
2000 2632 2041 2664 ad
2074 2639 2107 2665 te

1554 2683 1602 2718 26
