2409 2915
75 108 152 146 855
331 109 415 148 XII.

417 193 509 231 Non
536 193 725 230 clamabit.

181 263 222 298 Id
247 270 318 306 est,
350 276 425 299 non
456 262 600 298 habebit
629 274 794 308 pompam
819 265 970 308 regiam,
1003 277 1067 300 nec

78 315 268 359 personam
287 315 446 360 accipiet.

181 373 277 407 Haec
303 380 353 407 est
374 372 487 406 dulcis
505 371 719 415 consolatio,
747 373 840 416 quod
861 384 984 408 omnes
1008 386 1065 407 re-

78 424 186 468 cipiat
210 424 449 467 confugientes
478 423 521 456 ad
556 422 689 466 ipsum,
721 422 797 455 sine
827 424 1065 466 acceptatione

76 486 324 519 personarum,
358 473 394 506 id
419 479 488 513 est,
520 473 568 509 &t
593 472 630 514 ist
649 473 745 517 gleid)
767 482 863 518 gcgen
883 474 965 508 alten
987 475 1063 519 gui:

77 524 171 568 eben,
206 525 253 561 &t
277 522 381 566 strafft
401 523 503 560 &inb
526 525 559 558 in
581 524 684 564 alten,
720 526 784 558 nub
809 525 979 569 vet-batum
1003 526 1063 560 asse

78 576 128 612 bie
141 575 223 619 nicht
238 585 276 619 51¹
292 573 337 617 im
352 573 478 617 slieben„
507 574 547 618 sie
563 574 628 618 [inb
644 573 750 618 meisa,
773 574 916 620 mednig,
943 576 1062 620 gtoffec

74 628 194 671 tugenb
210 626 270 660 mie
288 625 328 668 sie
346 625 473 660 miissen.

178 683 334 729 2cxgegeu
358 684 463 728 nimpt
481 694 513 718 et·
537 683 613 728 aud>
633 693 675 718 cm
698 693 734 727 511
756 682 850 728 gtcid)
870 683 929 718 aue
951 685 998 719 bic
1022 695 1059 729 51¹

73 732 120 778 im
135 733 263 778 flieben,
291 735 331 777 sie
348 735 448 778 baben
465 735 564 779 grosse
579 736 695 779 tugenb
715 737 789 769 obet
808 734 907 780 nidfl,
936 734 975 778 sie
994 735 1060 779 sint>

72 784 155 820 {lein
174 787 249 820 obet
267 789 364 831 gros„
393 785 524 831 ῖῴωαά)
544 788 617 821 obet
633 784 787 829 mechtid).

174 843 221 879 Et
246 842 315 878 hoc
341 846 431 879 bene
457 844 709 878 inculcandum
735 850 785 878 est
812 844 928 886 cordi,
964 846 1058 890 quod

72 893 170 929 Deus
185 895 230 929 sit
248 895 424 940 aequalis,
452 895 545 940 quod
565 894 608 928 sit
629 896 705 928 sine
721 895 958 938 acceptatione
981 907 1059 938 per-

71 956 260 987 sonarum,
302 945 391 980 sicut
418 945 549 979 Paulus
582 945 714 991 inquit:
755 943 864 979 Dives
892 945 987 980 Deus
1020 945 1058 978 in

72 1007 214 1038 omnes,
237 996 298 1042 qui
314 996 480 1030 invocant
495 1007 585 1030 eum.

72 1083 275 1124 Calamam
292 1093 510 1136 quassatum
537 1099 610 1121 non
634 1086 858 1136 confringet,
885 1092 915 1122 et
940 1086 1058 1122 linum

305 1139 510 1186 fumigans
527 1151 599 1172 non
618 1138 816 1184 extinguet.

174 1215 244 1251 Hic
259 1217 352 1250 clare
366 1217 462 1258 dicit,
479 1217 573 1262 quod
591 1216 736 1259 recipiat
754 1216 912 1250 infirmos
929 1223 962 1251 et
978 1229 1058 1261 per-

73 1268 291 1308 terrefactus,
317 1268 406 1301 sicut
421 1266 543 1301 Esaias
560 1267 663 1299 etiam
680 1266 766 1300 alibi
783 1267 894 1306 docet,
921 1268 982 1300 ubi
999 1268 1059 1308 ait,

75 1319 170 1363 quod
186 1318 285 1352 Deus
300 1315 435 1351 habitet
453 1318 490 1350 in
507 1316 760 1360 perterrefactis
778 1322 811 1350 et
828 1316 990 1352 adflictis.

174 1373 372 1419 Utrumque
387 1375 593 1407 discendum
609 1380 669 1412 est,
689 1373 783 1417 quod
800 1371 895 1405 Deus
912 1374 1057 1408 damnet

73 1424 295 1458 securitatem
327 1424 502 1457 carnalein
515 1450 524 1464 ‚
557 1430 591 1456 et
619 1423 770 1466 postulet
794 1423 1058 1464 contritionem,

71 1474 110 1509 id
128 1482 188 1515 est,
203 1474 456 1518 poenitentiam
475 1485 535 1507 seu
551 1473 830 1511 conversionem,
847 1480 897 1513 ut,
913 1474 1058 1508 damnat
1083 1472 1085 1504 ἶ

72 1536 234 1559 securum
245 1523 477 1566 Pharaonem,
493 1535 632 1558 securos
642 1521 862 1564 Pharisaeos,
880 1525 939 1569 qui
952 1523 1058 1558 Chri-

70 1582 124 1610 sto
142 1575 428 1609 adversabantur.

174 1632 376 1667 Secundum
394 1627 461 1673 est,
485 1632 581 1676 quod
599 1631 757 1666 discitur.
800 1631 898 1666 Sicut
913 1633 1059 1666 damnat

73 1696 233 1724 securos,
261 1683 308 1717 ita
334 1695 414 1716 vere
439 1683 514 1716 vult
538 1682 690 1725 recipere
720 1683 1002 1725 perterrefactos,
1029 1683 1058 1716 si

72 1735 118 1768 ad
143 1735 258 1778 ipsum
283 1733 502 1776 confugiunt.

74 1796 171 1828 gans.
221 1783 302 1817 Non
327 1783 371 1817 sit
396 1793 538 1827 prorsus
561 1779 654 1814 nihil
678 1782 803 1815 caloris
825 1794 885 1816 seu
910 1783 1001 1825 ignis
1021 1784 1058 1816 in

74 1835 169 1875 lino,
196 1835 255 1867 sed
280 1834 324 1867 sit
346 1833 500 1877 aliquid,
527 1833 562 1865 id
581 1839 648 1871 est,
677 1832 720 1866 sit
743 1833 875 1876 agnitio
901 1833 965 1865 filii
981 1832 1059 1875 Dei,

74 1892 108 1918 et
126 1884 267 1929 petitio,
290 1890 329 1918 ut
347 1883 491 1928 recipiat
508 1893 591 1924 nos,
616 1889 656 1916 ut
672 1890 769 1917 sanet
786 1894 850 1916 nos
868 1890 929 1917 etc.

457 1973 673 2004 Exemplum.

176 2037 274 2081 Quid
295 2041 345 2069 est
361 2033 477 2069 David
497 2034 535 2067 in
553 2033 657 2067 exilio
675 2040 708 2068 et
726 2033 763 2067 in
779 2034 884 2077 fuga'.>
928 2033 1055 2067 Nonne

76 2097 163 2125 tunc
178 2099 258 2121 vere
276 2092 328 2119 est
349 2085 502 2118 calamus
521 2091 721 2129 quassatus,
748 2091 799 2118 est
815 2084 973 2118 omnium
992 2083 1058 2119 ho-

74 2141 214 2174 minum
229 2135 463 2176 miserrimus,
490 2141 524 2168 et
543 2132 763 2168 horribiliter
778 2135 995 2179 prostratus?

177 2195 223 2231 Et
245 2202 295 2229 est
317 2194 449 2234 linum,
473 2204 545 2225 non
563 2193 705 2238 quidem
729 2193 796 2225 iam
819 2190 953 2226 habens
977 2193 1058 2237 pul-

73 2261 168 2286 cram
193 2248 328 2284 lucem,
354 2251 393 2278 ut
414 2249 534 2286 antea,
562 2255 641 2275 cum
663 2243 803 2276 floreret
821 2243 930 2285 gloria
953 2250 986 2276 et
1004 2243 1058 2275 xi-

74 2299 212 2339 ctoriis‚
247 2297 306 2330 sed
337 2301 386 2328 est
414 2293 528 2326 linum
560 2293 753 2336 fumigans,
785 2293 918 2337 aliquid
942 2291 1058 2326 adhuc

73 2351 165 2395 ignis
182 2347 300 2385 habet,
327 2356 400 2378 non
417 2343 578 2377 irascitur
591 2342 666 2377 Deo
679 2370 687 2383 ,
714 2355 786 2376 non
802 2344 971 2387 desperat,
997 2344 1056 2376 sed

74 2400 190 2436 adhuc
212 2396 345 2432 accedit
375 2395 419 2429 ad
441 2392 576 2432 Deum,
612 2400 645 2428 et
669 2394 775 2438 petit,
808 2400 846 2427 ut
870 2393 1059 2437 recipiatur

75 2460 109 2487 et
128 2456 293 2485 servetur.

173 2506 252 2541 Hoc
269 2504 463 2547 exemplum
482 2502 638 2536 conferte
657 2502 699 2534 ad
718 2498 814 2534 hunc
832 2507 976 2535 textum.
1011 2498 1058 2535 Et

75 2558 162 2593 haec
183 2557 290 2591 verba
319 2553 586 2596 diligentissime
612 2551 741 2595 singuli
773 2551 918 2593 infigant
942 2551 1058 2584 cordi-
1082 2569 1085 2600 ᾗ

62 2611 156 2644 ·bus:
172 2607 354 2642 Calamum
372 2610 572 2649 quassatum
585 2614 657 2637 non
674 2602 880 2645 confringet,
896 2608 928 2636 et
945 2601 1058 2635 linum

74 2660 250 2704 fumigans
264 2668 338 2690 non
356 2654 545 2697 extinguet.

469 108 862 147 ANNOTATIONES
889 109 954 146 ET
981 105 1262 148 CONCIONES
1291 107 1341 144 IN
1364 106 1547 147 EVANG.
1575 111 1857 152 MATTHAEI.

557 1731 638 1765 Ideo
664 1732 767 1765 dicit:
797 1733 926 1765 Linum
951 1733 1059 1766 fumi·
1082 1741 1085 1776 ξ

2030 120 2106 155 854

1090 196 1096 284 Ι
1261 190 1312 226 In
1338 193 1482 228 nomine
1500 195 1575 231 eius
1597 203 1720 244 gentes
1742 201 1953 248 sperabunt.

1091 285 1094 299 ,
1220 257 1289 292 Hic
1306 261 1407 295 docet
1426 262 1468 294 de
1486 265 1605 305 modo,
1631 269 1808 310 quomodo
1827 266 1883 303 hic
1900 270 2046 304 Messias
2058 272 2103 306 sit

1118 307 1208 341 alios
1231 309 1437 345 salvaturus,
1492 312 1624 348 Gentes
1639 318 1850 362 sperabunt,
1878 321 1912 353 id
1937 329 2005 362 est,
2034 322 2102 355 fide

1118 365 1151 392 et
1168 370 1227 402 spe
1245 360 1499 403 amplectentur
1522 359 1615 398 hunc
1634 363 1826 401 Dominum
1839 396 1847 409 ,
1874 378 1905 404 et
1924 372 1970 405 ita
1995 380 2099 406 erunt

1117 408 1203 441 salvi
1221 409 1287 442 fide
1302 416 1336 443 et
1354 421 1426 457 spe.
1476 411 1516 444 In
1533 415 1677 448 nomine
1694 417 1777 456 eius,
1806 419 1839 451 id
1856 427 1916 460 est,
1945 422 1981 454 in
2000 423 2100 465 agni-

1088 462 1091 473 ⁴
1116 458 1211 492 tione
1238 460 1292 492 vel
1316 460 1539 495 invocatione
1562 463 1646 497 eius.
1698 465 1797 500 Sicut
1823 469 1861 501 in
1884 469 1988 504 Esaia
2012 473 2100 506 alibi

1087 498 1091 529 l
1115 509 1259 542 dicitur:
1287 509 1419 544 Notitia
1435 512 1510 544 eius
1532 513 1732 549 iustificabit
1757 518 1895 554 multos.
1946 520 2098 565 Oportet

1087 533 1091 593 l
1115 559 1329 603 praedicari,
1375 563 1536 604 agnosci,
1576 564 1644 598 fide
1678 565 1896 614 adprehendi
1932 571 2098 606 beneficia

1116 621 1179 653 per
1204 607 1300 644 hunc
1326 610 1438 644 filium
1464 613 1562 652 data,
1597 616 1838 651 remissionem
1866 627 2098 663 peccatorum,

1113 661 1455 700 reconciliationem,
1497 663 1686 705 iustitiam,
1724 667 1896 712 Spiritum
1927 678 2099 713 sanctum,

1113 717 1145 743 et
1161 717 1266 744 Vitam
1284 718 1477 746 aeternam.

1446 794 1616 841 Sequitur
1637 804 1767 833 textus:

1212 850 1392 886 Pharisaei
1409 860 1525 887 autem
1542 855 1724 891 audientes
1737 859 1911 896 dixerunt.

1161 915 1303 954 Contra
1322 917 1410 954 haec
1426 920 1628 968 mam'festa
1646 925 1854 960 testimonia
1863 925 2098 973 Deidefilt'o‚

1205 969 1377 1017 furenter
1400 969 1594 1005 clamitant
1611 971 1830 1019 Pharisaei,
1857 977 1957 1025 quod
1977 980 2097 1015 eiiciat

1212 1018 1440 1061 Daemones,
1468 1021 1506 1055 in
1523 1020 1737 1059 Beelzebub.

1210 1085 1288 1120 IIoc
1308 1095 1357 1122 est
1373 1088 1469 1122 triste
1486 1090 1636 1129 malum,
1663 1093 1758 1136 quod
1777 1094 1880 1127 etiam
1906 1096 1942 1128 in
1962 1098 2093 1141 populo

1112 1136 1178 1170 Dei
1205 1145 1285 1171 sunt
1308 1139 1393 1172 tales
1417 1137 1625 1182 blasphemi.
1680 1141 1741 1176 Isti
1760 1144 1926 1179 viderunt
1948 1149 2096 1181 resusci-

1112 1187 1177 1221 tari
1198 1195 1368 1227 mortuos,
1395 1196 1428 1223 et
1447 1190 1612 1224 viderunt
1628 1191 1694 1225 alia
1714 1194 1894 1228 manifesta
1914 1197 2096 1238 miracula,

1112 1244 1144 1270 et
1163 1237 1339 1272 habebant
1363 1239 1552 1283 scripturas
1574 1241 1797 1277 testificantes
1814 1246 1856 1278 de
1872 1243 1938 1279 hoc
1955 1246 2097 1289 Messia,

1112 1289 1207 1331 quod
1224 1299 1264 1320 eo
1281 1295 1435 1332 tempore
1452 1290 1558 1324 fuerit
1573 1298 1760 1335 venturus,
1786 1296 1880 1340 quod
1899 1308 1972 1329 non
1989 1297 2097 1332 fuerit

1111 1335 1298 1370 habiturus
1313 1339 1500 1378 imperium
1513 1343 1744 1384 mundanum,
1762 1346 1855 1389 quod
1873 1346 1978 1380 fuerit
1994 1360 2096 1392 prae-

1083 1375 1084 1391 *
1111 1387 1290 1421 dicaturus
1307 1394 1340 1421 et
1354 1389 1509 1423 facturus
1523 1390 1711 1431 miracula,
1735 1401 1767 1427 et
1783 1406 1960 1438 passurus.

1083 1433 1085 1470 l
1213 1445 1392 1481 Adversus
1409 1445 1494 1481 haec
1516 1449 1715 1485 testimonia
1733 1453 1924 1497 scripturae
1938 1461 1972 1489 et
1989 1455 2097 1490 mira-

1083 1516 1085 1532 1,
1111 1495 1187 1528 cula
1209 1498 1459 1540 congruentia,
1487 1505 1602 1532 tamen
1624 1501 1689 1544 ipsi
1709 1503 1901 1538 dementati
1924 1505 1996 1539 suis
2018 1506 2097 1551 opi-

1109 1546 1279 1580 nionibus
1294 1549 1336 1580 de
1352 1559 1458 1591 regno
1473 1551 1667 1593 mundano,
1683 1554 1911 1588 audacissime
1927 1564 2097 1600 pugnant,

1111 1603 1143 1630 et
1161 1594 1255 1630 hunc
1273 1597 1440 1631 Messiam
1459 1599 1638 1634 damnant.

1213 1654 1293 1688 Non
1310 1656 1417 1699 igitur
1433 1656 1501 1690 iam
1521 1658 1693 1693 miremur
1706 1662 1933 1704 pertinaciam
1950 1670 1984 1698 et
1998 1665 2096 1699 furo-

1111 1716 1183 1737 rem
1200 1716 1296 1738 nunc
1311 1707 1596 1753 persequentium
1612 1707 1858 1754 Evangelium.

1160 1785 1268 1822 Tunc
1287 1787 1435 1824 oblatus
1451 1794 1502 1824 est
1519 1790 1553 1825 ei
1569 1789 1821 1829 Daemonium
1838 1794 1990 1836 habens.

1212 1854 1351 1890 Rursus
1381 1857 1535 1891 ostendit
1564 1859 1805 1894 testimonium
1836 1864 2036 1907 doctrinae,
2064 1874 2096 1901 et

1111 1905 1248 1939 dicatur
1271 1907 1425 1941 breviter
1451 1904 1509 1940 hic
1536 1908 1579 1942 de
1608 1909 1787 1945 miraculis
1815 1916 2012 1950 communis
2032 1918 2096 1951 do-

1111 1962 1242 1990 ctrlna:

1213 2013 1239 2050 Ι.
1292 2013 1399 2057 Quod
1417 2016 1487 2051 sint
1502 2018 1702 2053 testimonia
1718 2021 1908 2057 doctrinae.

1082 2082 1085 2102 ι
1110 2122 1151 2157 Μ
1209 2071 1259 2130 II.
1296 2073 1403 2117 Quod
1419 2074 1490 2110 sint
1506 2076 1703 2112 testimonia
1715 2105 1725 2120 ,
1751 2082 1846 2126 quod
1863 2080 1921 2117 hic
1937 2081 2032 2118 Iesus
2050 2085 2094 2118 sit

1155 2134 1269 2159 essias.

1211 2181 1274 2217 ΙΙΙ.
1311 2181 1417 2226 Quod
1435 2184 1506 2219 sint
1522 2187 1677 2232 exempla
1693 2189 1966 2232 promissionum
1982 2198 2014 2226 et
2031 2203 2092 2238 ap-

1110 2231 1324 2277 plicationis.

1082 2285 1084 2302 l

1228 2324 1400 2356 Sequitur
1417 2331 1543 2351 novum
1562 2329 1593 2351 ct
1611 2333 1769 2358 magnum
1789 2332 1977 2358 certamen.

1213 2383 1319 2428 Impii
1345 2392 1465 2419 contra
1489 2383 1572 2419 haec
1601 2387 1782 2421 manifesta
1806 2401 1908 2434 opera
1932 2392 1996 2425 Dei
2021 2394 2091 2427 cla-

1110 2440 1226 2476 mant,
1248 2435 1326 2468 eiici
1339 2435 1526 2468 daemonia
1545 2448 1607 2480 per
1623 2437 1852 2485 imposturam
1870 2453 1889 2473 a
1906 2441 2078 2480 Diabolis.

1211 2491 1374 2527 Christus
1400 2494 1527 2527 refutat
1549 2506 1625 2536 eos,
1658 2501 1691 2528 et
1714 2493 1770 2530 hic
1792 2499 1898 2533 tradit
1926 2502 2091 2544 gravissi-

1109 2554 1202 2577 mam
1219 2544 1416 2577 doctrinam
1434 2544 1477 2576 de
1494 2544 1607 2578 tribus
1624 2546 1788 2579 materiis.

1082 2601 1085 2631 ί
1215 2601 1245 2636 1.
1272 2601 1431 2635 Primum
1448 2602 1490 2634 de
1505 2602 1708 2637 discrimine
1723 2604 1986 2653 miraculorum,
2004 2622 2092 2656 quae

1080 2640 1087 2694 l
1112 2651 1183 2688 sint
1198 2663 1298 2694 vera,
1325 2664 1414 2698 quae
1430 2651 1500 2685 sint
1515 2653 1610 2689 falsa.

1433 2699 1520 2742 54¹5
