2409 2915
227 107 298 144 651

229 190 370 228 Christo
389 187 443 230 pie
458 179 762 217 commendarunt.
1127 225 1134 231 “
1156 225 1163 231 ·

231 238 536 285 superinduemur
553 237 690 264 aeterna
706 228 835 268 salute,
868 227 895 260 si
912 234 1030 260 tamen
1050 231 1165 258 vestiti
1184 231 1217 257 et

233 303 304 325 non
324 287 411 321 nudi
427 283 653 328 reperiemur,
678 280 713 312 id
733 285 803 318 est,
824 278 854 310 si
869 278 910 309 ad
929 277 1016 309 illud
1036 275 1218 315 iudicium,

232 341 324 387 quod
347 343 423 382 post
441 340 588 368 mortem
606 329 759 365 subituri
776 339 912 368 summ,
945 326 1044 360 initia
1065 325 1216 359 iustitiae

233 399 394 425 aeternae
411 386 607 420 asseremus.

336 437 502 472 Firmiter
518 433 624 477 igitur
640 437 673 464 et
689 436 782 462 certo
800 427 1022 459 statuendum
1041 434 1102 464 est,
1123 426 1216 471 quod

233 499 265 526 et
282 494 441 535 oporteat
464 487 500 518 in
526 483 590 517 hac
614 479 755 514 mortali
780 478 849 510 vita
867 475 1042 511 Ecclesiae
1061 484 1219 511 aeternae

234 540 477 576 collectionem
499 534 572 567 fieri
593 544 654 575 per
670 530 781 563 filium
801 527 870 561 Dei
887 527 1117 561 vivificantem
1145 538 1219 559 cre-

233 594 354 626 dentes
371 599 455 622 voce
466 582 647 626 Evangelii
659 606 669 622 ‚
686 587 718 614 et
736 579 830 625 quod
843 579 1039 612 accessesit
1054 585 1086 612 te
1104 578 1220 625 ipsum

235 640 392 677 converti
409 639 451 671 ad
468 636 602 674 Deum,
629 639 662 665 et
678 631 876 664 membrum
893 640 952 662 seu
969 629 1079 662 civem
1099 626 1220 661 Eccle-

236 694 305 726 siae
322 689 388 724 Dei
408 687 482 720 fieri
499 692 580 718 ante
597 689 745 716 mortem
766 679 981 723 corporalem
993 706 1002 720 ‚
1028 679 1055 712 si
1076 679 1127 711 vis
1145 683 1222 722 post

236 739 525 776 resurrectionem
543 746 622 768 cum
636 732 802 766 omnibus
815 729 957 764 salvatis
973 729 1140 762 vivificari
1153 729 1223 761 vita

238 801 398 829 aeterna,
426 789 464 821 in
482 798 549 832 qua
559 784 655 818 Deus
671 781 858 815 visibiliter
875 787 908 813 et
924 780 1123 813 immediate
1139 791 1224 812 con-

239 843 418 888 spicietur.
479 837 557 870 Hoc
589 834 859 868 fundamentum
895 830 1026 873 singuli
1061 828 1224 863 homines

240 893 368 927 animis
399 890 559 932 infigere,
609 883 829 917 familiariter
860 892 978 921 nosse,
1027 887 1225 914 constanter

239 942 420 988 amplecti,
446 948 479 973 et
494 945 641 980 utraque
657 945 764 966 manu
776 932 928 965 retinere
945 931 1083 965 debent.

342 991 393 1026 Ex
411 989 478 1023 hoc
495 987 724 1020 fundamento
741 983 808 1015 iam
828 981 986 1025 sequitur
1000 981 1106 1014 illud:
1135 978 1225 1014 Cum

240 1054 379 1078 necesse
399 1042 441 1073 sit
460 1036 617 1071 inchoari
641 1035 678 1066 in
705 1031 770 1065 hac
787 1031 858 1065 vita
874 1029 1085 1071 Ecclesiam,
1110 1030 1226 1064 Deum

240 1094 493 1128 celebraturam
510 1088 548 1120 in
565 1085 663 1119 omni
677 1083 896 1122 aeternitate,
923 1079 1018 1115 haud
1035 1081 1142 1115 dubie
1153 1080 1226 1115 Deo

243 1155 345 1179 curae
369 1148 473 1175 erunt
498 1136 583 1171 haec
607 1135 708 1168 initia
733 1131 1018 1166 sanctificationis
1041 1132 1080 1165 in
1104 1143 1228 1175 genere

242 1194 420 1232 humano,
463 1197 496 1222 et
520 1194 663 1233 paterne
691 1183 852 1218 consulet
875 1194 914 1215 ac
937 1182 1124 1226 prospiciet
1146 1181 1230 1215 huic

242 1246 400 1278 infirmae
424 1239 609 1284 fugacique
629 1236 719 1269 vitae
744 1232 952 1274 hominum,
991 1233 1029 1266 in
1059 1245 1127 1278 qua
1154 1233 1232 1266 vult

243 1295 425 1330 ostendere
442 1303 538 1324 suam
556 1286 807 1333 praesentiam,
832 1283 907 1317 vult
923 1295 1060 1327 semper
1075 1283 1231 1328 aliquam

242 1345 434 1380 Ecclesiam
452 1339 672 1384 superstitem
697 1347 786 1376 esse,
812 1335 962 1378 ideoque
978 1334 1055 1368 vult
1076 1333 1232 1367 tribuere

243 1397 359 1441 aliqua
376 1395 465 1426 vitae
482 1390 611 1433 spatia,
637 1397 774 1420 servare
790 1395 954 1428 corpora,
981 1383 1144 1421 familias,
1169 1395 1232 1427 po-

246 1447 357 1486 litias,
383 1444 520 1477 fovere,
557 1444 736 1483 protegere
763 1441 795 1468 et
819 1445 1011 1479 propagare
1037 1434 1143 1467 vitam
1168 1446 1232 1465 no-

245 1505 371 1533 stram,
399 1490 569 1538 quamdiu
594 1488 660 1532 ipsi
682 1487 795 1520 visum
819 1485 943 1524 fuerit,
976 1491 1120 1531 propter
1139 1484 1233 1517 salu-

246 1556 314 1581 tem
334 1543 509 1579 Ecclesiae
534 1552 633 1579 suae,
667 1539 838 1570 immensa
861 1535 1017 1568 bonitate
1039 1541 1235 1568 sustentare

248 1606 281 1632 et
299 1604 524 1631 conservare,
551 1588 763 1622 durantibus
779 1585 903 1618 officiis
920 1585 1096 1629 corporis,
1129 1596 1234 1627 gene—

246 1648 401 1685 ratione,
428 1641 622 1675 nutritione
638 1645 672 1671 et
690 1636 878 1675 similibus,
906 1632 996 1668 lianc
1013 1635 1235 1679 propagatio-

249 1710 329 1732 nem
349 1703 379 1729 et
399 1691 695 1727 consociationem
711 1686 848 1731 generis
864 1683 1031 1723 humani,
1067 1693 1097 1719 et
1123 1687 1235 1718 donec

249 1751 321 1793 ipse
346 1744 499 1779 voluerit
525 1739 699 1786 procreari
727 1744 759 1770 et
783 1737 924 1769 educari
952 1736 1126 1774 sobolem,
1162 1736 1236 1768 foe-

819 91 943 126 PHIL.
971 88 1088 126 MEL.
1112 87 1320 125 SCRIPTA
1347 89 1644 127 EXEGETlCA.

815 175 873 210 Sic
887 183 920 219 et
934 175 1066 209 Paulus
1080 174 1212 219 inquit:
1238 178 1241 182 '

2170 88 2246 127 652

1265 176 1494 218 sericordiae‚
1520 185 1560 212 ut
1579 178 1772 211 innotescat
1796 175 1907 219 gloria
1932 175 2006 209 eius
2030 175 2068 208 in
2090 181 2165 210 toto
2190 188 2249 220 ge·

1267 236 1350 260 nere
1371 225 1541 263 humano.

1241 313 1244 349 ἶ
1367 283 1420 319 Ex
1438 283 1504 319 hoc
1519 287 1748 320 fundamento
1766 285 1874 319 tradit
1889 284 2020 318 Paulus
2036 281 2128 318 hanc
2148 296 2253 329 regu-

1242 356 1244 380 i
1268 337 1358 374 lam,
1386 336 1518 379 primae
1534 337 1577 370 ad
1592 334 1819 369 Timotheum
1838 342 1982 381 quarto:
2010 334 2256 378 Evangelium,

1242 385 1245 416 ἵ
1269 398 1328 420 seu
1347 386 1455 430 pietas
1472 387 1740 430 promissionem
1759 385 1864 420 habet
1889 385 2082 430 praesentis
2105 386 2197 419 vitae
2221 392 2255 419 et

1269 437 1417 470 suturae.
1472 436 1594 481 ltaque
1612 448 1748 480 semper
1763 437 1798 470 in
1817 444 2010 482 conspectu
2029 436 2098 469 sint
2123 436 2256 470 utrius-

1271 499 1338 532 que
1363 488 1499 530 generis
1520 487 1785 531 promissiones,
1824 500 1972 533 quarum
1997 495 2030 521 et
2052 487 2256 520 discrimina

1272 538 1468 583 gradusque
1491 537 1705 580 intelligere,
1734 543 1768 570 et
1791 539 1971 578 ordinem,
1996 550 2066 583 quo
2086 538 2256 581 petendae

1273 595 1373 629 sunt,
1400 589 1620 622 considerare
1638 587 1782 622 debetis.

1245 524 1247 543 Ι

1245 548 1247 561 l

1246 599 1248 618 l

1247 619 1250 687 l
1378 645 1508 690 lneptis
1532 646 1625 678 enim
1650 645 1879 688 scriptoribus
1897 646 1968 679 illis
1991 653 2024 680 et
2050 646 2201 680 eruditio
2227 652 2260 679 et

1248 689 1250 696 ’
1275 697 1457 742 spirituale
1486 697 1656 730 iudicium
1689 695 1820 736 defuit,
1872 697 1933 740 qui
1963 697 2139 731 finxerunt
2170 694 2261 729 hane

1248 743 1251 801 ἱ
1275 748 1511 792 precationem
1530 759 1601 780 non
1620 747 1716 791 loqui
1735 747 1778 779 de
1793 746 2034 790 corporalibus
2050 754 2082 781 et
2098 759 2262 791 praesen-

1249 804 1251 826 *
1278 799 1372 833 tibus
1392 798 1506 831 bonis.
1561 797 1646 830 Item
1665 797 1851 839 indignum
1867 807 1939 830 esse
1955 798 2047 831 bona
2064 797 2221 842 corporis
2241 808 2261 830 a

1249 838 1253 907 l
1276 849 1352 882 Deo
1370 856 1496 892 petere.
1548 847 1644 880 Haec
1667 848 1799 881 insulse
1825 847 1915 880 dicta
1942 855 2109 893 tanquam
2134 848 2263 881 delira—

1278 905 1394 933 menta
1417 911 1457 932 ex
1482 898 1687 942 perniciosis
1708 897 1863 931 tenebris
1885 904 1980 937 orta,
2016 904 2049 932 et
2069 898 2170 943 plena
2196 899 2263 931 im-

1277 950 1437 997 pietatis,
1463 947 1707 992 explodantur.

1381 1008 1439 1042 Tu
1456 1015 1577 1041 contra
1594 1007 1739 1041 firmiter
1762 1007 1903 1041 statuito
1915 1035 1923 1048 ,
1949 1006 2063 1041 Deum
2081 1008 2267 1042 tradidisse

1280 1060 1467 1104 utriusque
1497 1058 1634 1100 generis
1667 1058 1939 1101 promissiones,
1987 1071 2066 1092 cum
2098 1066 2268 1100 aeternas,

1281 1118 1356 1144 tum
1380 1109 1610 1153 temporales,
1644 1115 1678 1141 et
1698 1108 1886 1150 diligenter
1909 1109 2052 1149 discito,
2089 1111 2267 1154 quomodo

1281 1162 1366 1194 fides
1387 1161 1423 1192 in
1445 1160 1604 1204 utrisque
1622 1159 1666 1192 sit
1681 1159 1870 1191 exercenda
1889 1165 1921 1192 et
1938 1159 2130 1193 excitanda.

1240 282 1243 306 l

1383 1218 1479 1252 Scias
1511 1217 1613 1250 initio
1647 1217 1915 1261 promissionem
1945 1224 2106 1251 aeternae
2137 1217 2270 1259 salutis,

1282 1281 1350 1314 qua
1371 1268 1466 1302 Deus
1488 1275 1631 1312 propter
1649 1265 1830 1301 Christum
1853 1267 1955 1301 offert
1980 1268 2084 1301 nobis
2106 1275 2140 1302 et
2163 1269 2270 1302 donat

1282 1319 1522 1352 remissionem
1567 1324 1805 1361 peccatorum,
1854 1318 2022 1352 iustitiam
2037 1345 2047 1359 ,
2096 1317 2269 1362 Spiritum

1283 1376 1461 1408 sanctum,
1504 1374 1535 1400 et
1568 1365 1816 1401 haereditatem
1847 1368 1939 1401 vitae
1976 1375 2154 1408 aeternae,
2203 1369 2271 1402 fide

1284 1431 1419 1462 semper
1452 1418 1727 1461 amplectendam
1761 1425 1793 1451 et
1825 1419 2045 1451 retinendam
2072 1430 2157 1452 esse.
2217 1418 2270 1453 Ac

1284 1469 1436 1514 primum
1457 1475 1488 1501 et
1509 1475 1589 1501 ante
1607 1469 1725 1501 omnia
1744 1468 1828 1501 fides
1846 1469 1991 1512 accipiat
2017 1476 2050 1502 et
2072 1466 2271 1513 apprehen-

1284 1521 1344 1553 dat
1361 1519 1684 1552 reconciliationem
1701 1526 1733 1552 et
1750 1525 1890 1552 aeterna
1908 1519 2085 1559 beneficia,
2104 1527 2207 1564 atque
2224 1520 2272 1554 ita

1285 1582 1346 1614 per
1362 1576 1394 1602 et
1414 1576 1556 1612 propter
1573 1569 1798 1601 mediatorem
1816 1566 1996 1603 Christum
2015 1571 2154 1602 accedat
2169 1576 2274 1614 atque

1286 1619 1461 1662 confugiat
1489 1621 1530 1651 ad
1556 1618 1682 1652 Deum.
1748 1617 1819 1651 Nec
1847 1620 1988 1652 dubites
2013 1626 2044 1653 te
2073 1620 2272 1654 membrum

1254 1650 1263 1784 {
1288 1669 1468 1704 Ecclesiae
1485 1668 1550 1702 Dei
1569 1676 1600 1701 et
1618 1667 1802 1701 haeredem
1822 1681 1893 1702 esse
1910 1670 2000 1703 vitae
2017 1677 2187 1706 aeternae.

1388 1735 1488 1768 Hanc
1515 1736 1663 1779 primam
1690 1742 1723 1768 et
1749 1746 1921 1768 summam
1946 1737 2212 1780 promissionem
2231 1739 2274 1772 de

248 1797 396 1833 cundati
421 1803 570 1831 terram,
613 1789 850 1823 ministerium
883 1799 964 1820 snae
989 1787 1086 1819 vocis
1109 1786 1237 1826 audiri,
1261 1786 1263 1841 J
1287 1789 1390 1821 rebus
1409 1788 1558 1820 aeternis
1574 1785 1660 1818 scito
1679 1785 1744 1819 tibi
1765 1793 1894 1824 ratam,
1923 1788 2075 1823 tir-nam.
2103 1795 2135 1821 et
2153 1789 2275 1821 certis·

250 1849 419 1893 regimina
445 1843 586 1888 politica
608 1851 768 1878 manere,
793 1845 825 1872 et
850 1849 910 1881 per
927 1835 1111 1880 Evangelii
1137 1849 1237 1880 prae-

250 1899 462 1933 dicationem
485 1893 615 1926 multos
638 1889 801 1923 homines
823 1888 938 1921 vocari
963 1895 1066 1931 atque
1093 1899 1238 1930 praepa-

252 1950 321 1983 rari
354 1949 394 1981 ad
428 1943 678 1978 haereditatem
706 1938 828 1972 salutis
854 1944 1025 1970 aeternae.
1096 1937 1184 1970 Nam
1211 1937 1236 1969 si

249 2002 375 2034 debent
395 1995 495 2029 multi
513 1999 630 2026 coetus
648 1988 833 2022 hominum
863 1988 928 2021 isto
953 1989 1078 2027 modo,
1114 1987 1238 2019 videti-

251 2059 321 2089 cet,
350 2060 411 2093 per
430 2043 663 2078 ministerium
684 2038 865 2081 Evangelii
892 2039 927 2070 in
954 2036 1018 2071 hac
1042 2038 1180 2070 mortali
1207 2045 1239 2071 et

251 2109 456 2135 aerumnosa
476 2096 544 2128 vita
562 2094 603 2126 ad
620 2090 738 2123 Deum
757 2089 925 2126 converti,
954 2097 984 2122 et
1003 2089 1044 2121 ad
1064 2095 1239 2121 aeternam

252 2153 399 2186 salutem
420 2144 587 2179 vivificari
607 2155 643 2175 ac
663 2140 816 2178 restitui,
843 2147 933 2172 certe
951 2151 1038 2183 opus
1056 2146 1103 2172 est
1130 2139 1240 2171 imbe-

253 2203 323 2235 cilli
348 2198 535 2233 hominum
563 2201 707 2227 naturae
733 2191 833 2227 cibo„
877 2197 977 2233 potu,
1020 2190 1243 2231 agricultura,
1266 2191 1267 2194 ’

254 2250 510 2286 contractibus,
537 2244 707 2281 emtione,
734 2241 957 2279 venditione,
984 2240 1178 2278 divisium..
1210 2247 1242 2273 φὶ
1266 2263 1267 2266 ¹

257 2302 468 2347 propiis-tate
488 2309 603 2330 reruni
622 2294 715 2326 iuxta
733 2293 841 2333 lege5‚
871 2303 951 2333 pare
972 2291 1121 2334 publica,
1150 2291 1242 2323 huno

1156 2341 1241 2374 Prn-

259 2413 372 2449 pterea
399 2400 529 2432 dicitnr
556 2398 588 2428 iu
614 2395 765 2428 l‘saluin:
797 2393 874 2425 Non
894 2392 1021 2425 mortui
1050 2392 1241 2425 laudabunt

256 2362 345 2386 statu
373 2349 621 2392 imperiorum,
657 2342 1004 2385 regiminepolitimi,
1039 2349 1101 2373 etr.

259 2466 290 2487 ,ρ
323 2450 498 2486 1),,,,,,“η(,
535 2448 591 2480 sed
625 2459 686 2478 nus
713 2445 771 2488 qui
798 2444 967 2483 xix-iuius,
1003 2443 1269 2476 lietu-dicimus*

264 2504 435 2538 lhmu'nn.
506 2498 638 2532 Mortui
667 2509 736 2527 uun
763 2502 903 2538 possunt
933 2493 1127 2526 ministeriu
1152 2494 1244 2525 rucis

259 2556 432 2588 lunnanae
457 2549 654 2595 prm-dicar·-
682 2553 710 2578 rt
738 2547 911 2578 reli-lirare
937 2544 1055 2576 divina
1080 2545 1243 2576 licui-siria

262 2609 294 2638 in
315 2605 375 2637 liar
397 2604 464 2635 vita
483 2598 675 2643 corporali,
702 2599 758 2629 sed
785 2608 846 2628 rius
869 2596 927 2640 qni
949 2595 1100 2627 xiviinns
1125 2595 1242 2628 testiti-

262 2668 382 2689 ‹·.unur
401 2662 431 2687 et
452 2652 677 2687 ciuilitemnr,
705 2649 898 2681 tribuentes
917 2644 995 2678 Dm
1017 2646 1152 2679 laudeni
1179 2646 1241 2677 rui<

1287 1839 1410 1871 simam
1429 1848 1500 1869 esse
1517 1836 1614 1869 omni
1634 1842 1808 1879 tempore,
1835 1843 1867 1869 et
1888 1849 1967 1869 vere
1989 1837 2121 1871 credito
2144 1844 2176 1871 te
2201 1849 2274 1871 esse

1288 1889 1398 1921 filium
1429 1886 1493 1920 Dei
1529 1893 1703 1929 receptum
1735 1886 1771 1917 in
1802 1887 1966 1929 gratiam,
2015 1899 2053 1920 ac
2090 1885 2275 1921 haeredem

1263 1937 1265 1958 ἶ
1289 1946 1448 1971 aeternae
1467 1937 1608 1975 salutis,
1637 1943 1738 1979 teque
1754 1933 1817 1969 liae
1842 1936 1909 1969 fide
1933 1945 1964 1970 et
1987 1949 2047 1980 spe.
2072 1945 2278 1982 sustentato,

1262 1965 1266 2006 1
1289 1988 1457 2033 quiequid
1478 1989 1534 2019 liat
1553 1988 1596 2019 de.
1611 1986 1818 2030 corporibus
1836 1987 1869 2019 in
1890 1985 1953 2019 hac
1974 1988 2061 2027 rita,
2088 1989 2160 2021 sive.
2177 1990 2276 2023 dives

1290 2040 1361 2072 sive
1378 2049 1526 2082 pauper,
1554 2037 1626 2069 sive
1645 2037 1776 2077 integra
1791 2064 1798 2074 ,
1826 2038 1898 2069 sive
1916 2038 2041 2070 afflicta
2061 2039 2276 2081 valetudine,

1290 2090 1362 2122 sive
1388 2089 1422 2120 in
1452 2099 1574 2129 magna
1601 2087 1776 2130 potentia„
1818 2088 1889 2120 sive
1915 2089 1949 2119 in
1977 2089 2119 2122 exiliunt
2145 2090 2276 2132 pulsus,

1265 2133 1268 2182 ἶ
1291 2141 1362 2173 sive
1391 2140 1424 2171 in
1450 2138 1589 2182 put-nis,
1631 2137 1702 2170 sive
1728 2145 1822 2170 extra
1848 2150 1976 2181 poenas
2003 2139 2058 2171 sis.

2119 2138 2194 2173 Hae
2222 2153 2276 2175 res

1293 2198 1453 2223 externae
1477 2195 1580 2233 atque
1607 2189 1804 2231 corporales
1833 2201 1904 2221 nnn
1929 2190 2083 2234 eripiunt
2111 2191 2174 2223 tibi
2198 2202 2275 2234 gra-

1293 2242 1376 2274 tiam
1402 2247 1435 2273 et
1458 2240 1563 2272 vitam
1588 2246 1784 2276 aeternam,
1832 2242 1889 2272 sed
1916 2241 2012 2272 «inuti
2038 2247 2192 2284 tempore
2217 2254 2277 2275 cor

1294 2299 1392 2325 luunt
1409 2289 1604 2323 firmissimi*
1623 2290 1759 2327 credat,
1788 2291 1889 2323 etiarn
1917 2303 1993 2322 runi
2019 2303 2036 2322 a
2063 2297 2133 2324 lul-'t
2160 2303 2277 2326 rerum

1294 2349 1417 2375 natura
1442 2342 1599 2373 desertus
1623 2347 1655 2373 et
1679 2341 1853 2383 proiectus
1883 2340 2030 2376 videris,
2074 2350 2277 2385 perpetuam

1296 2392 1478 2435 Exangrlii
1505 2403 1624 2423 vocem
1649 2403 1784 2434 semper
1813 2398 1843 2423 et
1875 2391 1949 2422 sine
1979 2392 2049 2424 ulla
2075 2394 2278 2437 exceptione

1295 2456 1436 2476 manere
1467 2442 1698 2474 verissimam:
1743 2442 1799 2473 Sic
1828 2439 1921 2474 Deus
1946 2442 2067 2476 ditexit
2092 2445 2277 2485 mundum,

1296 2502 1329 2527 ut
1359 2494 1468 2526 lilium
1495 2504 1594 2526 sunm
1612 2491 1831 2533 unigenitum
1851 2493 1965 2530 daret¹
2000 2501 2035 2526 ut
2056 2494 2188 2534 onmis,
2216 2495 2278 2539 qui

1296 2545 1404 2578 credit
1439 2545 1473 2576 in
1504 2555 1601 2579 eum,
1646 2555 1715 2573 nou
1753 2550 1885 2584 pereat,

1296 2603 1483 2628 aeternam.

1927 2545 1984 2576 sed
2018 2542 2142 2578 haheat
2173 2545 2280 2578 vitam

1539 2592 1630 2625 llaec
1657 2594 1838 2635 promissio
1864 2601 1893 2626 rt
1921 2594 2114 2627 consolatio
2137 2595 2281 2630 immota

1296 2654 1326 2680 et
1347 2654 1486 2679 aeterna
1504 2650 1572 2681 est,
1601 2655 1662 2675 ner
1690 2652 1845 2677 nnuatur
1867 2653 2009 2689 propter
2031 2653 2281 2690 paupertatem,
