2409 2915
99 111 195 145 1197
369 109 452 144 ΧΠ.

256 192 311 227 Et
335 205 414 228 cum
441 191 573 228 venerit
595 189 679 233 ille,
711 196 842 237 arguet
869 196 931 228 etc.

197 267 350 313 Argum,
390 269 479 303 sicut
509 279 614 312 supra
644 267 751 308 dixit,
788 280 884 302 nunc
916 267 1086 302 iudicium

97 332 169 354 esse
193 319 341 361 mundi,
368 327 401 355 et
424 318 619 365 principem
646 318 772 352 mundi
797 319 891 352 foras
913 319 1010 359 eiici3
1039 318 1085 352 ita

95 369 154 405 hic
176 371 283 412 dicit,
319 371 420 415 argui
445 381 606 410 carnem,
632 369 654 405 i.
673 381 701 404 e.
727 369 890 404 damnari
916 377 950 404 et
974 369 1086 403 occidi

95 433 256 463 carnem,
282 421 370 455 sicut
390 427 422 454 et
441 419 533 456 Gen.
553 419 617 455 VI.
636 420 737 454 dicit:
766 420 847 454 Non
865 419 1086 465 permanebit

94 473 240 517 spiritus
256 484 354 505 meus
370 471 407 504 in
425 468 580 512 homine,
603 472 686 516 quia
704 483 784 504 caro
804 479 865 505 est,
907 470 972 505 Est
989 470 1084 504 enim

94 535 183 568 opus
216 522 370 567 Spiritus
405 522 515 556 sancti
547 522 703 555 revelare
736 522 1018 555 incredulitatem
1053 527 1085 554 et

94 574 330 618 ignorantiam
341 571 407 606 Dei
427 573 464 605 in
481 585 595 612 carne,
619 579 652 606 et
670 574 850 612 damnare,
870 572 1086 617 efficereque,

94 633 134 659 ut
157 635 405 668 agnoscamus,
432 635 497 657 nos
522 635 599 657 reos
623 635 695 656 esse
720 630 881 657 aeternae
904 623 1028 656 mortis
1052 629 1085 655 et
1108 634 1110 644 ¹

94 674 364 709 maledictioni&
422 673 521 708 Sicut
552 675 595 707 ad
619 673 741 709 Roma
777 673 880 708 Nunc
910 673 1086 707 revelatur

93 726 146 759 ira
171 725 242 759 Dei
266 737 371 769 super
393 737 532 758 omnem
558 725 772 768 impietatem
796 732 859 760 etc.
930 724 1085 768 Spiritus

93 783 233 810 sanctus
258 776 296 808 in
322 787 443 809 eorum
472 776 656 816 cordibus,
691 776 752 821 qui
776 775 971 819 accipiunt,
1004 786 1083 807 cum

92 827 226 862 revelat
247 826 484 871 impietatem,
519 826 670 866 iudicat,
706 826 790 859 item
817 833 850 860 et
873 826 1085 859 condemnat

94 878 310 922 impietatem
330 876 523 910 incredulis
542 877 661 910 verbo.

411 966 549 1015 Argue!
573 967 764 1005 mundum.

198 1040 306 1084 Quod
332 1039 399 1080 ait,
424 1040 599 1072 mundum
626 1039 743 1083 argui,
771 1038 943 1082 significat
966 1037 1087 1071 Evan-

93 1092 175 1136 gelii
192 1090 490 1136 praedicationem
509 1091 552 1123 ad
570 1102 692 1124 omnes
710 1097 830 1134 gentes
845 1090 1035 1134 pertinere.

207 1182 268 1218 De
290 1187 436 1231 peccalo
458 1181 627 1231 quidem,
662 1181 752 1230 quia
779 1195 852 1217 non
879 1180 971 1218 cred.

197 1252 296 1287 Sicut
310 1251 505 1295 Evangelio
522 1251 594 1284 sola
614 1251 699 1283 fides
717 1250 853 1284 iusticia
870 1258 937 1291 est,
965 1259 1002 1285 ut
1020 1251 1086 1284 sci-

95 1305 194 1343 licet,
230 1304 259 1337 si
289 1303 408 1336 omnia
441 1303 602 1335 omnium
633 1308 770 1346 peccata
793 1302 933 1340 feceris,
967 1308 1085 1335 tamen

96 1356 229 1395 credis,
271 1353 428 1386 misereri
466 1353 517 1386 tui
548 1359 680 1395 patrem
715 1358 859 1394 propter
890 1350 1085 1390 Christum,

93 1406 210 1439 salvus
233 1405 296 1444 sis,
323 1404 413 1437 sicut
436 1415 558 1447 supra:
589 1402 662 1443 Qui
681 1401 791 1434 credit
814 1401 851 1433 in
876 1413 975 1441 eum,
1010 1413 1083 1435 non

94 1456 291 1495 iudicatur3
318 1466 403 1487 nam
427 1460 476 1487 est
495 1451 577 1486 haec
593 1451 779 1495 Evangelii
798 1452 906 1494 gloria
920 1478 928 1492 ,
957 1452 1083 1485 salvari

95 1513 310 1551 peccatores:
338 1505 386 1537 ita
409 1511 551 1537 econtra
576 1501 771 1545 Evangelio
794 1503 867 1535 sola
891 1502 1083 1535 increduli-

93 1565 144 1592 tas
167 1563 345 1599 peccatum
370 1561 438 1593 est,
472 1555 560 1587 sicut
586 1559 618 1586 et
644 1564 748 1596 supra
774 1553 877 1586 dixit:
913 1551 985 1594 Qui
1012 1565 1083 1586 non

94 1609 221 1647 credit,
254 1607 323 1638 iam
347 1605 521 1638 iudicatus
546 1610 615 1641 est,
643 1604 724 1647 quia
743 1615 815 1635 non
835 1603 945 1636 credit
965 1604 1000 1636 in
1020 1616 1084 1637 no-

93 1659 188 1692 mine
212 1656 386 1700 unigeniti
403 1662 484 1695 etc.;
514 1661 546 1687 et
563 1652 802 1689 loann.Xll.:
831 1653 955 1688 Sermo
980 1667 1083 1699 quem

93 1711 232 1744 locutus
251 1720 347 1745 sum,
375 1706 435 1739 ille
452 1705 632 1739 iudicabit.
688 1703 794 1738 Vides
814 1704 1083 1748 amplitudinem

93 1759 356 1794 misericordiae
379 1757 533 1790 divinae.

94 1914 150 1951 di,
187 1918 324 1945 nostras
357 1910 513 1944 iusticias
544 1909 745 1942 immundas
771 1920 862 1949 esse,
901 1916 1084 1952 propterea

94 1965 244 1998 iniustos
263 1973 354 2001 esse,
381 1961 442 2007 qui
461 1973 533 1994 non
551 1961 695 1994 credant
713 1960 748 1991 in
759 1958 954 1994 Christum.
1009 1957 1086 1992 Hoc

94 2023 143 2048 est
167 2014 264 2061 quod
286 2012 335 2045 ait
351 2013 395 2044 de
411 2020 569 2054 peccato:
599 2010 693 2054 Quia
713 2014 786 2043 ndn
804 2011 1031 2044 crediderunt
1049 2011 1085 2043 in

93 2078 168 2104 me,
196 2065 232 2097 id
259 2069 328 2100 est,
360 2073 440 2094 caro
463 2062 555 2094 bona
583 2072 688 2103 opera
716 2062 862 2103 putabat
885 2074 957 2093 esse
985 2061 1086 2094 iusti-

94 2117 183 2155 cias,
218 2121 252 2148 at
286 2112 431 2157 spiritus
455 2111 652 2148 convincit,
688 2110 861 2144 iusticiam
887 2122 958 2144 esse
981 2112 1085 2144 fidem

94 2169 130 2201 in
149 2179 222 2206 me,
250 2176 318 2210 qua
337 2175 416 2197 cum
433 2169 576 2202 vacent,
606 2172 688 2203 ergo
705 2168 882 2205 peccatum
899 2159 1034 2196 habuit.

165 2259 227 2294 De
250 2256 397 2292 iusticia
421 2267 518 2297 vero,
545 2254 635 2303 quia
662 2252 756 2289 cado
779 2252 835 2289 ad
853 2260 1009 2303 patrem.

197 2326 377 2361 Mundum
397 2323 495 2367 argui
514 2323 556 2356 de
575 2322 725 2361 iusticia,
751 2330 801 2356 est
818 2322 992 2357 iusticiam
1012 2324 1086 2357 eius

94 2379 242 2415 revelari
273 2385 312 2411 ut
346 2381 531 2419 appareat,
565 2373 832 2407 immundiciam
864 2385 954 2413 esse,
989 2375 1086 2409 iuxta

94 2432 202 2465 illud:
238 2427 370 2462 Omnis
395 2425 502 2460 homo
528 2426 692 2459 mendax.
754 2423 849 2467 Quia
874 2437 957 2458 vero
981 2422 1086 2460 Chri-

95 2491 167 2517 stus
193 2486 334 2522 regnat,
361 2478 440 2511 ideo
459 2476 633 2510 revelatur
650 2475 807 2509 iusticiae
826 2472 1000 2510 humanae
1019 2476 1086 2509 im-

95 2532 307 2567 mundicies,
341 2536 375 2562 et
405 2539 499 2562 nova
530 2527 668 2561 iusticia
700 2527 864 2562 donatur.
924 2525 1003 2560 Hoc
1035 2534 1085 2562 est

95 2585 188 2617 enim
210 2580 342 2616 Christi
375 2579 550 2619 officium,
583 2579 752 2611 damnare
775 2577 931 2611 iusticias
957 2576 1083 2612 huma·

96 2647 178 2677 nas,
205 2641 235 2666 et
262 2634 393 2665 donare
418 2629 592 2663 iusticiam
615 2636 811 2668 aeternam,
840 2641 927 2673 quae
943 2636 991 2663 est
1009 2630 1082 2672 ipsa

97 2687 168 2720 vita
200 2692 350 2718 aeterna.
404 2680 503 2714 Sicut
532 2677 686 2714 Malach.
710 2679 773 2714 lll.
810 2680 955 2713 dicitur:
993 2678 1082 2722 Quis

505 104 901 143 ANNOTATIONES
928 103 994 140 ET
1023 101 1306 140 CONCIONES
1336 104 1384 139 {N
1411 103 1594 140 EVANG.
1624 102 1838 139 lOANNlS.

1110 1075 1111 1084 1
1138 1059 1315 1097 peccatum
1325 1079 1334 1091 ,

602 1755 732 1795 Porro,
770 1768 850 1788 caro
875 1756 923 1789 sic
942 1756 1085 1796 iudicat,
1110 1754 1112 1786 3

93 1811 268 1845 iusticiam
286 1821 358 1842 esse
372 1809 465 1842 bona
482 1818 606 1851 opera,
634 1806 847 1839 iniusticiam
864 1807 954 1839 mala
970 1819 1085 1850 opera.
1110 1812 1112 1824 ¹

94 1863 217 1907 Itaque
232 1860 386 1903 Spiritus
404 1866 544 1892 sanctus
561 1857 692 1901 arguit,
720 1858 753 1890 id
773 1864 834 1897 est,
861 1858 990 1891 revelat
1008 1870 1085 1891 cor-
1110 1857 1112 1875 Ι

2029 101 2123 137 1198

1137 191 1241 224 stabit
1267 191 1310 224 ad
1338 191 1529 224 videndum
1555 190 1660 223 eum?
1694 189 1767 233 ipse
1791 188 1883 221 enim
1909 187 2008 232 quasi
2036 187 2125 229 ignis

1137 242 1294 274 conflans
1317 249 1349 275 et
1374 243 1470 287 quasi
1491 239 1596 274 herba
1616 241 1801 274 fullonum.
1856 238 2011 272 Proinde
2027 238 2124 270 vide-

1137 299 1195 325 tur
1216 293 1472 336 simplicissime
1495 292 1543 325 sic
1561 291 1709 334 intelligi
1729 302 1843 334 posse:
1872 289 2026 334 Spiritus
2043 300 2124 321 san-

1137 350 1211 375 ctus
1230 350 1349 386 arguet
1368 344 1540 376 mundum
1559 343 1601 375 de
1619 342 1754 377 iusticia
1767 369 1774 381 ,
1802 342 1836 373 id
1855 348 1924 381 est,
1952 339 2122 373 revelabit

1136 393 1294 426 iusticiae
1311 394 1435 427 mundi
1457 393 1706 437 impuritatem.
1761 391 1853 435 Quia
1873 402 1934 434 ego
1952 392 2060 431 vado,
2089 391 2122 422 id

1136 451 1198 484 est,
1224 456 1369 487 regnare
1385 445 1496 492 coepi.
1548 442 1636 477 Nam
1649 441 1827 477 Christum
1848 443 1898 475 ire
1917 443 1959 474 ad
1978 448 2124 488 patrem.

1137 495 1239 537 plane
1276 495 1371 528 aliud
1412 507 1483 528 non
1516 501 1583 533 est,
1627 507 1730 539 quam
1763 493 1933 537 auspicari
1967 504 2124 535 regnum.

1137 545 1267 583 Porro,
1291 557 1436 588 regnare
1454 543 1656 583 Christum,
1685 552 1733 578 est
1751 545 1917 577 damnare
1934 555 2074 576 carnem
2091 549 2125 575 et

1135 597 1268 629 ‹louare
1300 597 1472 629 iusticiam
1497 596 1580 636 Dei,
1618 595 1763 639 implere
1793 594 1930 634 omnia,
1965 594 2052 626 sicut
2079 594 2122 625 a‹l

1134 645 1262 690 Ephes.
1289 647 1466 681 scribitur.
1532 644 1579 680 Et
1605 647 1672 679 iam
1699 646 1864 679 videbitis
1891 656 1965 683 me,
2002 645 2036 676 id
2063 651 2125 682 est.

1136 710 1281 740 regnum
1305 710 1422 731 meum
1446 710 1518 731 non
1538 697 1602 731 erit
1621 697 1655 729 in
1676 697 1808 730 carnali
1824 703 1854 729 et
1875 695 2004 728 visibili
2026 706 2124 739 prae—

1135 756 1257 784 sentia.

1161 830 1222 865 De
1247 831 1383 866 iudicio
1406 838 1548 876 autem,
1583 833 1672 880 quia
1695 832 1861 880 princeps
1885 829 2017 865 mundi
2039 836 2098 866 etc.

1240 898 1414 949 Iudicium
1439 906 1488 932 est
1512 899 1691 941 castigatio
1711 910 1771 931 seu
1788 900 2008 942 reprobatio,
2035 899 2124 932 sicut

1136 962 1241 995 supra
1279 951 1412 983 dictum
1453 957 1518 983 est:
1559 948 1662 982 Nunc
1701 949 1871 981 iudicium
1906 957 1955 982 est
1987 950 2124 983 mundi.

1136 1001 1267 1041 Porro,
1307 1001 1369 1034 ubi
1402 1001 1594 1034 revelatum
1627 1008 1696 1041 est,
1739 1000 2020 1033 incredulitatem
2053 1011 2125 1032 esse

1374 1051 1549 1085 iusticiam
1591 1063 1662 1084 esse
1702 1063 1829 1084 novam
1861 1051 1977 1090 illam,
2019 1062 2124 1095 quam

1138 1103 1315 1148 praedicat
1337 1102 1588 1145 Evangelium,
1622 1114 1696 1135 non
1727 1114 1802 1135 eam
1835 1114 1939 1147 quam
1972 1102 2123 1145 concipit

1137 1154 1310 1197 mundus,
1347 1153 1591 1198 consequitur,
1624 1159 1661 1185 ut
1686 1153 1830 1196 spiritus
1853 1153 2025 1185 discernat
2050 1164 2125 1184 car-

1136 1217 1240 1245 nem,
1275 1205 1450 1237 discernat
1473 1216 1619 1247 regnum
1645 1203 1796 1237 Satanae
1821 1210 1854 1237 et
1879 1215 2024 1243 regnum
2048 1201 2125 1236 Dei.

1136 1255 1291 1289 Damnat
1318 1262 1350 1288 et
1377 1256 1451 1288 odit
1474 1255 1593 1288 omnia
1618 1267 1723 1297 opera
1749 1262 1781 1288 et
1806 1254 1951 1287 consilia
1977 1254 2126 1287 Satanae

1136 1307 1252 1349 regni,
1280 1305 1366 1339 sicut
1394 1305 1500 1340 Rom.
1520 1305 1637 1338 Vlll.:
1666 1305 1704 1339 Si
1730 1306 1857 1350 spiritu
1881 1317 1986 1348 opera
2012 1304 2126 1338 carnis

1136 1355 1442 1390 mortificaveritis.
1511 1354 1569 1389 Sic
1602 1367 1683 1398 ergo
1715 1358 1778 1389 ait:
1821 1355 1975 1399 Spiritus
2006 1361 2125 1398 arguet

1137 1406 1310 1438 mundum
1335 1407 1378 1438 de
1399 1405 1552 1445 iudicio,
1583 1406 1618 1438 id
1643 1413 1713 1446 est,
1740 1407 1924 1439 damnabit
1941 1408 2127 1441 mundum,

1136 1457 1231 1502 quod
1250 1468 1322 1489 non
1342 1456 1472 1489 iudicet
1492 1455 1679 1494 Satanam‚
1707 1457 1764 1489 sed
1787 1457 1922 1500 probet.
1977 1456 2127 1490 Satanae

1136 1519 1282 1549 regnum
1301 1513 1368 1543 est,
1402 1507 1570 1550 gloriam,
1599 1519 1701 1550 opes,
1729 1507 1927 1550 voluptates
1946 1518 2125 1552 quaerere.

1136 1557 1230 1591 Haec
1250 1559 1404 1590 mundus
1424 1569 1495 1590 non
1514 1558 1701 1601 improbat.
1756 1557 1804 1591 At
1818 1557 1972 1601 Spiritus
1987 1564 2127 1591 sanctus

1136 1609 1238 1642 aliter
1254 1609 1404 1649 iudicat;
1433 1608 1550 1649 sentit,
1573 1620 1719 1651 regnum
1736 1607 1887 1643 Satanae
1901 1620 1972 1642 esse
1988 1608 2126 1653 cupidi—

1135 1667 1222 1694 tates
1245 1659 1377 1698 carnis,
1405 1659 1554 1704 ideoque
1577 1660 1652 1693 odit
1671 1666 1703 1693 et
1720 1660 1917 1693 mortificat.
1972 1659 2049 1693 Hoc
2065 1666 2126 1695 est,

1136 1711 1232 1756 quod
1254 1711 1318 1744 ait:
1347 1708 1483 1753 Arguet
1500 1711 1673 1744 mundum
1693 1712 1735 1743 ‹le
1753 1711 1897 1746 iudicio.
1951 1710 2019 1744 Sed
2039 1722 2124 1755 qua-

1137 1762 1197 1795 re?
1231 1761 1313 1807 quia
1347 1762 1510 1805 princeps
1541 1761 1665 1794 mundi
1691 1762 1759 1794 iam
1786 1761 1961 1795 iudicatus
1986 1769 2053 1802 est,
2090 1762 2124 1793 id

1137 1820 1204 1853 est,
1241 1819 1361 1857 portae
1385 1813 1579 1845 inferorum
1603 1820 1686 1846 sunt
1710 1813 1777 1846 iam
1805 1814 2018 1856 destructae,
2047 1824 2124 1845 ver-

1137 1865 1220 1897 bum
1252 1864 1387 1898 editum
1411 1870 1460 1896 est
1486 1870 1518 1897 et
1543 1864 1801 1907 praedicatum,
1836 1865 2003 1897 adversus
2029 1864 2124 1908 quod

1137 1913 1228 1947 nibil
1251 1921 1364 1959 potest
1382 1913 1501 1948 Satan.
1555 1913 1656 1948 Victa
1674 1926 1768 1947 mors
1784 1922 1833 1948 est
1851 1921 1884 1948 ct
1898 1915 2029 1948 victum
2046 1926 2126 1958 pec-

1136 1972 1272 2002 catum,
1299 1965 1386 1998 sicut
1411 1966 1453 1997 ad
1479 1964 1583 1998 Rom.
1600 1964 1661 1997 Vl.
1687 1972 1953 2007 argumentatur
1972 1965 2124 2008 Aposto-

1137 2016 1207 2049 lus:
1235 2015 1419 2049 Peccatum
1443 2015 1546 2048 nobis
1563 2027 1636 2047 non
1653 2016 1907 2049 dominabitur.
1963 2013 2026 2048 Est
2044 2026 2124 2058 ergo

1137 2078 1282 2108 regnum
1301 2064 1435 2100 Christi
1458 2078 1532 2099 non
1554 2077 1638 2099 usus
1654 2067 1952 2107 ceremoniarum,
1979 2078 2051 2099 non
2068 2078 2126 2098 ex-

1138 2125 1236 2151 terna
1260 2124 1397 2151 tantum
1414 2117 1558 2161 politia,
1585 2118 1644 2150 sed
1664 2124 1714 2151 est
1731 2117 1917 2157 revelatio,
1942 2130 2008 2162 qua
2027 2117 2125 2150 cordi

1139 2169 1252 2212 palam
1282 2167 1322 2202 fit
1352 2168 1602 2210 incredulitas,
1641 2168 1754 2211 palam
1787 2168 1824 2202 fit
1855 2168 2027 2201 iusticiam
2054 2179 2125 2201 esse

1139 2231 1210 2252 non
1230 2219 1343 2252 carnis
1361 2219 1553 2258 iusticiam,
1581 2220 1638 2251 sed
1658 2231 1752 2258 eam,
1779 2231 1884 2263 quam
1902 2219 2003 2251 efficit
2021 2216 2125 2252 Chri-

1138 2277 1229 2311 stus,
1263 2271 1414 2314 implens
1445 2277 1477 2303 et
1510 2270 1690 2302 vivificans
1720 2281 1789 2304 cor.
1852 2269 2031 2312 Quoniam
2063 2270 2124 2302 uhi

1138 2328 1344 2355 renovatum
1375 2321 1479 2353 suerit
1507 2333 1586 2360 ror,
1621 2327 1693 2353 tum
1721 2320 1943 2357 iudicantur,
1975 2318 2040 2353 hoc
2066 2328 2125 2359 est,

1137 2373 1353 2405 damnantur
1376 2372 1493 2404 omnia
1519 2383 1643 2414 opera,
1671 2371 1817 2403 consilia
1843 2370 1939 2412 regni
1962 2371 2123 2403 tenebra-

1137 2435 1234 2463 rum,
1261 2423 1354 2468 quod
1381 2423 1468 2465 gerit
1489 2421 1596 2456 Satan
1621 2422 1657 2454 in
1683 2422 1742 2462 iis,
1765 2421 1800 2454 in
1824 2422 1953 2466 quibus
1977 2433 2048 2455 non
2076 2430 2124 2455 est

1136 2475 1278 2519 spiritus
1297 2472 1374 2507 Dei.

1284 2555 1416 2591 Adhuc
1441 2555 1560 2590 mulla
1585 2553 1704 2591 habeo
1727 2556 1826 2591 vobis
1850 2555 1975 2594 dicere.

1238 2623 1401 2659 Christus
1430 2626 1526 2659 venit
1552 2625 1587 2657 in
1613 2623 1707 2659 hunc
1730 2627 1903 2658 mundum
1930 2627 2125 2659 annuncia-

1135 2684 1235 2712 turus
1261 2677 1503 2711 remissionem
1530 2685 1771 2720 peccatorum,
1799 2677 1832 2709 id
1853 2678 1946 2722 quod
1964 2676 2123 2719 Evange-
