2409 2915
260 88 331 126 851

267 181 303 207 et
324 171 386 206 has
403 181 475 203 esse
499 166 688 205 iustitiam,
715 174 820 208 quam
835 161 985 196 Messias
1007 161 1179 195 allaturus
1201 170 1256 193 es-

269 230 339 263 set,
366 233 428 254 nec
447 217 692 261 intelligebant
717 213 886 248 iustitiam
904 212 999 246 fidei.

372 277 509 311 Horum
531 285 690 308 errorum
709 281 857 315 magnus
871 276 945 304 erat
961 269 1135 310 cumulus,
1161 265 1257 301 hunc

272 336 385 364 totum
411 326 593 361 cumulum
610 320 836 367 reprehendit
857 319 923 353 hoc
948 320 1061 361 dicto,
1085 319 1182 364 quasi
1204 317 1259 350 di-

273 386 345 413 cat:
373 377 445 411 Vos
470 376 584 416 coeci,
611 386 676 407 nec
693 373 802 416 legem
820 369 1034 414 intelligitis,
1061 381 1125 402 nec
1151 367 1261 401 nostis

275 429 442 464 Messiam
456 455 465 468 ‚
491 425 620 470 putatis
636 422 728 458 hanc
746 420 1027 456 observationem
1043 418 1262 453 ceremoniae

275 491 348 514 esse
374 478 560 517 iustitiam,
593 482 626 509 et
654 472 838 508 somniatis
860 470 1027 504 Messiam
1052 467 1143 503 nihil
1166 469 1260 502 aliud

277 531 467 564 allaturum
499 538 591 566 esse,
624 524 694 558 nisi
721 523 826 557 talem
855 521 941 564 legis
971 520 1263 554 observationem.

278 580 357 614 Imo
374 584 517 623 propter
535 577 637 610 aliam
664 585 802 608 causam
829 572 884 605 lex
901 572 944 605 de
959 570 1114 605 Sabbato
1137 569 1264 603 tradita

279 637 348 668 est,
374 629 521 667 scilicet,
541 633 582 660 ut
605 625 650 659 sit
673 624 748 658 dies
772 623 966 657 destinatus
984 620 1181 654 ministerio
1200 620 1266 653 do-

281 680 414 714 ctrinae
431 678 516 721 legis
532 683 566 710 et
582 674 869 721 promissionum.

385 736 532 771 Messias
549 747 632 769 vero
647 734 760 768 adfert
775 739 950 766 aeternam
978 729 1148 763 iustitiam
1165 734 1198 762 et
1214 727 1268 760 vi-

282 796 376 828 tam,
410 799 484 821 non
514 783 578 820 has
602 783 835 823 ceremonias,
865 792 1014 826 quarum
1037 780 1117 813 finis
1141 779 1205 812 erit
1229 778 1267 810 in

283 840 355 873 vita
372 844 531 877 aeterna,
556 836 618 870 ubi
636 835 701 869 erit
717 844 839 866 verum
857 831 1049 866 Sabbatum
1066 830 1104 862 in
1122 829 1268 863 adsiduo

285 895 472 932 conspectu
490 886 568 921 Dei.
621 885 720 920 Sicut
736 883 858 917 Esaias
876 880 1011 926 inquit:
1039 878 1118 914 Erit
1134 879 1270 914 Sabba-

284 947 360 974 tum
377 952 417 973 ex
433 937 601 973 sabbato.

594 1018 766 1055 Extende
792 1027 961 1052 manum.

390 1089 551 1124 Secunda
577 1087 789 1132 disputatio,
816 1096 905 1130 quae
924 1082 1082 1127 proxime
1101 1081 1272 1126 sequitur,

288 1147 338 1175 est
374 1140 530 1174 eiusdem
564 1139 747 1173 doctrinae
781 1137 824 1170 de
858 1134 1012 1169 Sabbato
1048 1133 1209 1178 repetitio
1241 1139 1274 1165 et

289 1191 498 1235 exemplum.

391 1248 458 1282 Hic
474 1246 637 1282 Christus
654 1244 881 1290 reprehendit
898 1244 1029 1278 malum
1054 1241 1272 1275 intellectum

291 1300 436 1334 sabbati
448 1326 456 1340 ,
484 1306 515 1332 et
533 1305 650 1343 postea
674 1298 756 1331 facit
772 1307 880 1340 opus,
906 1295 1001 1340 quod
1019 1305 1102 1327 vere
1120 1298 1169 1325 est
1187 1302 1276 1335 opus

291 1350 456 1391 Sabbati,
482 1349 565 1395 quia
583 1355 632 1382 est
648 1347 889 1382 testimonium
908 1344 1100 1378 doctrinae.

395 1407 463 1440 Hic
499 1407 607 1450 igitur
641 1405 796 1438 breviter
827 1414 948 1436 rursus
976 1401 1133 1439 dicatur,
1169 1410 1277 1444 qnare

293 1459 486 1493 Sabbatum
505 1464 554 1491 est
573 1456 785 1490 institutum.
838 1452 1056 1486 Nominatim
1081 1450 1212 1483 dicitur
1235 1450 1277 1482 de

294 1508 584 1544 sanctificatione:
621 1506 789 1541 Sanctum
820 1503 1006 1536 sanctifica.
1070 1499 1149 1534 Non
1177 1500 1276 1533 dicit:

296 1559 352 1594 Sis
368 1559 513 1593 otiosus.
565 1557 632 1591 Sed
650 1557 687 1589 in
705 1567 745 1588 eo
763 1555 818 1587 (lie
836 1554 941 1586 facias
958 1563 1062 1595 opera
1081 1557 1214 1590 sancta,
1242 1550 1277 1583 id

296 1618 368 1650 est,
394 1608 537 1654 proprie
559 1607 694 1641 tribuas
716 1616 795 1639 eum
819 1604 911 1636 diem
935 1601 1132 1635 ministerio
1148 1601 1279 1633 doctri-

296 1672 381 1701 nae,
415 1660 574 1692 doctores
605 1659 773 1694 doceant,
808 1654 960 1699 populus
989 1652 1126 1692 audiat,
1159 1662 1280 1683 omnes

297 1710 510 1745 conveniant
535 1709 577 1742 ad
604 1707 809 1741 discendum
837 1711 869 1738 et
901 1704 943 1737 ad
976 1702 1152 1747 publicam
1179 1713 1282 1745 prae-

297 1761 520 1795 dicationem.
580 1757 676 1793 Haec
708 1764 759 1791 est
792 1766 928 1789 summa
961 1753 1138 1794 mandati,
1166 1759 1198 1786 et
1226 1749 1284 1785 hic

297 1813 376 1846 finis
400 1818 461 1844 est.

402 1867 566 1904 Christus
588 1867 696 1911 igitur
723 1865 793 1898 iam
816 1875 898 1897 vere
931 1861 1120 1896 sanctificat
1143 1860 1284 1896 Sabba-

300 1929 373 1955 tum
388 1948 397 1962 ,
424 1921 540 1960 docet,
566 1925 599 1952 et
619 1917 689 1950 edit
707 1914 907 1950 testimonia
926 1912 1119 1947 doctrinae.

403 1979 470 2013 Sed
495 1988 594 2010 coeca
624 1973 824 2018 superstitio
856 1972 955 2015 fingit
979 1971 1089 2003 otium
1114 1981 1186 2003 csse
1209 1970 1283 2003 cul-

302 2039 396 2070 tum,
427 2030 515 2062 sicut
540 2034 571 2060 et
596 2033 678 2059 tunc
702 2024 909 2057 traditiones
931 2021 1093 2055 conditae
1115 2027 1215 2061 sunt,
1251 2027 1285 2054 et

302 2077 553 2117 adhuc‚lu‹laei
573 2075 777 2110 traditiones
793 2072 934 2108 habent.
975 2071 1014 2104 ln
1032 2071 1184 2106 sabbato
1201 2083 1285 2104 con-

303 2134 436 2165 ducunt
459 2126 696 2166 Christianos,
723 2125 782 2171 qui
813 2130 982 2168 coquant,
1012 2123 1072 2167 qui
1098 2123 1287 2165 decerpant

303 2194 423 2216 muros
447 2192 463 2213 a
485 2176 623 2224 lychnis
646 2184 711 2210 etc.
764 2175 822 2209 Sic
846 2182 878 2208 et
907 2173 1066 2216 I‘apistae
1089 2174 1193 2206 festos
1213 2173 1287 2205 dies

306 2233 555 2271 instituerunt,
583 2229 641 2262 sed
660 2239 723 2261 nos
741 2226 915 2260 discamus
932 2236 1050 2257 verum
1070 2223 1285 2257 intellectum

304 2283 462 2319 Sabbati.

526 2368 629 2400 lesus
646 2367 766 2398 iratus
783 2362 1064 2406 circumspexit.

406 2434 474 2469 llic
502 2434 675 2467 discamus
709 2443 780 2464 non
817 2441 957 2463 ornnem
995 2429 1080 2461 iram
1110 2433 1285 2469 peccatum

307 2499 390 2522 esse.
443 2485 536 2528 Quia
553 2484 647 2517 Deus
665 2482 712 2516 sic
729 2480 888 2515 condidit
907 2479 1048 2521 angelos
1065 2485 1093 2509 et
1116 2474 1286 2516 homiues,

857 75 984 114 PHIL.
1011 74 1127 112 ΜΕΕ.ι
1160 71 1371 111 SCRIPTA
1403 69 1704 110 EXEGETICAa

2218 70 2296 108 852

1411 157 1480 193 Sed
1507 165 1623 193 tamen
1647 158 1684 191 in
1712 155 1839 190 sanctis
1861 151 2056 190 frenantnr'
2067 161 2102 190 et
2127 155 2171 190 ad
2195 157 2296 191 ordi-

1307 220 1388 242 nem
1413 207 1654 244 retrahuntur.
1713 206 1775 254 Sic
1797 203 1980 240 Abraham
2008 205 2127 249 diligit
2146 217 2297 240 uxorem

1309 266 1342 293 et
1360 259 1461 300 filios,
1487 266 1521 293 et
1537 266 1628 293 recte
1642 258 1736 292 facit.
1773 256 1842 292 Sed
1860 256 1976 290 David
1992 256 2113 300 diligit
2129 256 2300 299 alienam,

1310 316 1344 343 et
1360 321 1434 343 non
1459 315 1551 343 recte
1566 309 1668 349 facit,
1696 308 1777 354 quia
1795 306 1944 341 discedit
1960 307 2005 341 ab
2022 306 2161 340 ordine.

1411 365 1477 401 Est
1491 373 1608 401 autern
1623 366 1686 401 ille
1700 367 1788 401 ordo
1805 367 1934 405 iustus,
1958 365 2021 412 qui
2036 365 2201 410 congruit
2217 377 2298 400 cum

1312 419 1387 463 lege
1405 416 1485 454 Dei.

1419 467 1479 502 Sic
1502 467 1540 500 in
1559 465 1701 502 Christo
1723 473 1805 502 sunt
1826 466 1981 501 ordinati
1997 473 2125 502 motus.
2175 465 2232 500 Ira
2250 473 2302 500 est

1315 520 1428 559 bona,
1455 530 1544 563 quae
1560 525 1611 552 est
1628 518 1731 551 dolor
1748 529 1812 561 pro
1836 517 1947 561 gloria
1963 516 2050 559 Dei,
2082 524 2117 552 et
2139 517 2202 551 ubi
2227 528 2303 551 non

1318 577 1368 604 est
1397 569 1477 602 talis
1505 569 1579 610 ira,
1617 579 1706 613 quae
1740 573 1885 601 vocatur
1917 568 2032 609 zelus,
2073 567 2125 602 ibi
2153 567 2304 611 frigidus

1319 631 1418 653 amor
1431 617 1509 652 Dei
1525 625 1594 660 est,
1618 625 1652 653 et
1667 617 1773 651 nimis
1790 617 1928 661 pigrum
1947 625 2078 662 pectus.
2114 617 2214 652 Sicut
2229 617 2306 651 for-

1321 670 1365 704 tis
1389 670 1490 703 miles
1515 681 1588 703 non
1611 675 1743 713 pugnat
1767 667 1842 701 sine
1868 667 1939 701 ira:
1971 667 2020 701 sie
2043 668 2145 703 sortis
2168 675 2202 703 et
2226 679 2307 702 acer

1320 721 1442 754 doctor
1458 732 1530 753 non
1547 726 1658 763 potest
1674 730 1747 752 non
1767 717 1871 752 irasci
1888 718 2092 755 mendaciis.

1413 777 1510 811 Haec
1527 778 1579 811 ira
1598 777 1812 822 praecipitur
1828 776 1865 809 in
1883 777 1998 820 primo
2014 783 2215 822 praecepto:
2240 775 2309 809 Di-

1321 830 1407 873 ligas
1433 828 1629 862 Dominum
1653 827 1768 862 Deum
1792 834 1904 861 tuum.
1959 825 2048 860 Item
2077 828 2243 862 laudatur
2269 827 2309 861 in

1321 879 1481 914 Psalmo:
1511 878 1616 912 Zelus
1631 879 1758 912 domus
1774 884 1855 911 tuae
1871 877 2023 912 comedit
2040 890 2109 912 me.

1470 936 1566 971 Haec
1583 937 1704 971 brevia
1719 936 1895 970 sufficiant
1911 936 1954 970 de
1971 935 2166 971 affectibus.

1623 1027 1737 1052 Locus
1753 1025 1885 1051 Esaiae
1905 1026 2011 1051 xxtl.

1427 1078 1521 1114 Citat
1538 1076 1741 1113 Matthaeus
1765 1079 1880 1112 locum
1897 1077 2042 1119 Esaiae,
2069 1077 2131 1123 qui
2153 1077 2312 1112 continet

1327 1130 1525 1164 doctrinam
1544 1137 1576 1164 et
1594 1129 1853 1163 consolationes
1868 1129 2097 1162 dulcissimas.

1432 1188 1459 1224 l.
1499 1188 1611 1223 Docet
1628 1188 1730 1233 quale
1747 1198 1894 1231 regnum
1913 1186 2065 1220 'Messiae
2083 1187 2240 1221 futurum
2257 1185 2314 1222 sit.

1349 1266 1370 1285 μ
1430 1247 1475 1280 11.
1527 1246 1634 1290 Quod
1660 1253 1865 1290 recepturus
1896 1247 1940 1280 sit
1971 1256 2092 1279 omnes
2118 1252 2315 1290 peccatores

1328 1305 1468 1341 agentes
1502 1297 1774 1341 poenitentiam,
1816 1304 1849 1330 et
1875 1298 1918 1329 ad
1955 1308 2035 1329 eum
2063 1296 2315 1339 confugientes,

1330 1348 1464 1382 etiamsi
1489 1348 1559 1380 sint
1583 1347 1777 1380 imbecilles
1803 1347 1839 1379 in
1863 1346 1968 1380 donis
1989 1353 2022 1380 et
2046 1346 2253 1387 virtutibus,
2280 1353 2315 1380 et

1329 1405 1400 1432 sint
1417 1397 1630 1431 aerumnosi.

1431 1455 1476 1490 Et
1504 1456 1553 1489 sic
1583 1455 1736 1489 orditur:
1764 1454 1923 1489 Primum
1949 1455 2108 1489 nominat
2130 1454 2315 1489 Messinm:

1331 1505 1421 1541 Ecce
1443 1518 1565 1539 servus
1582 1517 1698 1546 meus,
1726 1518 1829 1551 quem
1848 1506 1934 1550 elegi
1948 1533 1957 1547 ,
1983 1506 2020 1538 in
2040 1518 2110 1551 quo
2128 1506 2317 1550 complaci-

1331 1566 1405 1592 tum
1423 1564 1473 1590 est
1492 1554 1590 1589 mihi.

1435 1615 1589 1658 Quando
1606 1615 1767 1649 nominat
1790 1612 1884 1647 hunc
1902 1613 2069 1647 Messiam
2088 1625 2228 1648 servum
2246 1614 2319 1649 ele-

1333 1675 1446 1706 ctum,
1473 1665 1640 1699 discernit
1662 1677 1741 1698 eum
1768 1665 1811 1697 ab
1829 1665 1907 1697 aliis
1931 1664 2058 1707 servis,
2084 1672 2122 1699 ut
2144 1665 2188 1698 ab
2203 1664 2319 1699 Abra-

1335 1716 1436 1755 ham,
1469 1715 1624 1756 Davide‚
1657 1713 1844 1759 Prophetis
1872 1722 1905 1748 et
1928 1715 2018 1751 aliis.
2077 1713 2124 1749 Et
2148 1715 2319 1758 significat

1334 1766 1429 1801 hunc
1454 1766 1677 1811 peculiariter
1702 1765 1931 1810 promissum,
1959 1772 2101 1810 propter
2118 1777 2220 1811 quem
2242 1777 2320 1799 cae-

1334 1819 1398 1853 teri
1416 1818 1564 1861 placent.
1618 1815 1700 1849 ldeo
1717 1817 1765 1849 sic
1779 1828 1858 1849 eum
1876 1816 2061 1856 describit,
2088 1816 2182 1861 quod
2201 1816 2320 1850 anima

1334 1869 1408 1902 eins
1423 1868 1614 1901 delectetur
1631 1864 1696 1900 hoc
1712 1878 1824 1905 servo,
1851 1866 1939 1899 sient
1959 1866 2089 1899 (licitur
2108 1864 2236 1901 Mattlt.
2257 1866 2318 1900 17:

1335 1919 1402 1952 llic
1419 1925 1467 1952 est
1485 1918 1578 1951 silius
1596 1929 1692 1951 meus
1709 1917 1868 1952 dilectus.
1921 1917 2042 1952 Qatnu
2057 1916 2100 1961 id>
2118 1917 2201 1951 mein
2219 1926 2318 1952 menn

1336 1973 1400 2005 υιιῠ
1422 1969 1512 2013 frent>
1532 1969 1620 2011 bubo.

1437 2026 1483 2062 Et
1505 2028 1692 2069 diligenter
1721 2026 1974 2059 consideranda
2003 2034 2034 2061 et
2061 2026 2244 2070 cogitanda
2269 2034 2320 2061 est

1339 2078 1422 2113 haec
1456 2077 1644 2121 descriptio
1674 2077 1708 2108 in
1737 2075 1859 2116 Esaia,
1895 2089 2091 2119 congruens
2126 2089 2204 2110 cum
2238 2090 2322 2111 xoce

1337 2129 1502 2163 coelesti?
1556 2127 1594 2160 ln
1614 2139 1683 2173 quo
1707 2124 1793 2159 milii
1817 2128 2062 2171 complacitum
2080 2134 2147 2167 est,
2175 2135 2212 2162 ut
2239 2129 2322 2162 inde

1338 2181 1512 2214 discamus
1535 2176 1628 2211 huuc
1659 2178 1769 2210 lilium
1802 2178 2045 2222 principaliter
2070 2178 2167 2220 diligi
2192 2191 2209 2211 a
2236 2178 2322 2219 neo.

1339 2239 1371 2265 et
1395 2237 1538 2275 propter
1568 2241 1646 2262 eum
1677 2235 1831 2262 caeteros
1856 2229 1980 2272 recipi,
2011 2241 2083 2262 non
2108 2229 2206 2272 diligi
2231 2229 2322 2263 alios

1339 2282 1412 2316 sine
1439 2294 1492 2316 eo.
1544 2278 1590 2314 Et
1614 2279 1757 2314 additur
1783 2279 1819 2312 in
1844 2286 1958 2321 textu,
1987 2279 2089 2325 quale
2112 2282 2154 2314 sit
2174 2290 2322 2324 regnum

1313 2357 1315 2368 ,
1340 2333 1389 2366 eis
1405 2333 1574 2367 futurum.

1552 2409 1616 2442 De
1642 2417 1782 2453 regno
1809 2405 1952 2440 buitta
1979 2404 2101 2452 filii.

1441 2474 1519 2507 Non
1540 2473 1603 2506 crit
1630 2483 1688 2505 rex
1710 2472 1931 2513 mundanus,
1961 2472 2039 2506 ideo
2055 2473 2201 2508 dicitur:
2228 2472 2320 2509 Dedi

306 2547 342 2573 ut
362 2536 510 2571 habeant
528 2533 769 2579 appe-titiones.
797 2537 869 2576 gnte
887 2531 1032 2573 begu-ben
1051 2531 1114 2563 vnb
1134 2529 1286 2572 acimum!
1310 2544 1313 2576 3
1337 2526 1499 2570 spiritum
1534 2534 1650 2558 meum
1677 2533 1783 2565 super
1813 2533 1912 2557 eum:
1955 2523 2124 2557 iudicium
2157 2525 2321 2568 gentibus

307 2591 378 2628 ticb,
407 2587 521 2627 furcbt,
551 2585 720 2626 borinum,
747 2583 906 2625 ichrccfcn,
935 2591 1023 2625 3orn,
1049 2578 1152 2621 frcub.
1190 2578 1284 2612 llaec
1310 2586 1312 2599 ³

305 2641 352 2675 sic
369 2639 507 2674 condita
522 2643 616 2678 sunt,
640 2636 699 2670 sed
717 2641 794 2680 post
810 2635 944 2679 lapsum
963 2634 1049 2667 fiunt
1066 2630 1278 2665 inordinata.

1340 2578 1510 2620 proferet,
1545 2575 1578 2607 id
1613 2579 1681 2612 est.
1715 2579 1807 2616 reget
1837 2574 2096 2617 praedicatione
2124 2573 2322 2620 Evangelii,

1335 2635 1369 2662 ct
1385 2627 1502 2662 dando
1520 2625 1682 2674 spiritum
1703 2630 1872 2658 sanctum.
