2409 2915
31 190 43 214 Ο

30 362 37 402 i

5 2840 61 2915 ³,
16 2745 38 2808 W
17 2713 24 2728 ν

26 2523 32 2529 “
88 2523 180 2546 mul·-

97 187 170 223 ria:
207 186 358 222 Gladius
379 185 577 232 penetrabit
599 185 754 220 animam
776 191 886 220 tuam.
948 184 1083 220 Vatici-

627 99 708 138 ΧΠ.
758 97 1154 136 ANNOTATIONES
1192 98 1243 135 IN
1283 99 1580 137 EVANGELIA.

2037 102 2110 138 458

1233 184 1350 220 Prima
1361 211 1370 226 ,
1397 194 1434 221 ut
1451 187 1628 221 tribuatur
1644 187 1784 222 debitus
1800 184 1914 221 honos
1929 186 2021 221 Filio
2037 186 2115 228 Dei,

35 255 39 262 ¹
97 246 202 273 natur
227 236 409 273 Christum
439 248 622 282 passurum
651 248 741 277 esse,
775 242 808 270 et
836 236 941 269 simul
973 237 1083 279 signi·
1105 263 1108 275 ς
1131 235 1314 278 videlicet,
1337 238 1431 282 quod
1452 245 1594 281 propter
1610 238 1724 281 ipsum
1743 239 1846 273 detur
1859 239 2017 272 remissio
2035 251 2114 283 pec-

94 290 174 324 ficat
205 296 373 333 perpetuo
405 287 442 321 in
474 285 540 321 hac
566 287 636 320 vita
663 286 855 320 Ecclesiam
882 284 1082 320 habituram
1106 279 1108 298 '
1129 293 1307 327 catorum,
1335 300 1407 320 non
1428 294 1572 331 propter
1589 295 1707 322 nostra
1726 289 1797 322 ulla
1813 289 1949 323 merita.

93 340 302 374 afflictiones
311 366 322 382 ‚
345 338 428 385 quia
441 337 560 372 Maria
578 344 629 372 est
644 337 760 382 imago
775 337 885 372 totius
895 335 1082 372 Ecclesiae.

329 481 521 523 Historia
549 481 600 522 de
631 482 842 536 Zachaeo,

114 563 324 602 cochaerens
341 577 422 600 cum
439 564 840 650 EvaIngelio9Dominica
858 562 1062 610 Quinquag-

534 629 589 653 uc.
615 618 631 650 1
664 641 671 649 .

104 731 109 734 .
141 689 196 725 Et
211 689 397 737 ingressus
413 690 601 725 transibat
614 702 678 737 per
688 688 844 731 Iericho,
873 695 903 724 et
921 701 1002 730 ecce,
1027 689 1081 723 cir

193 741 338 775 nomine
356 738 571 785 Zachaeus,
600 746 631 775 el
652 738 712 776 hic
735 742 901 789 princeps
920 746 997 775 erat
1011 752 1081 787 pu-

192 791 446 833 blicanorum,
481 796 511 825 et
538 791 613 839 ipse
634 798 710 826 erat
735 790 851 834 dives,
878 797 908 826 et
931 803 1081 840 quaere-

193 842 258 877 bat
284 841 400 876 videre
419 841 562 885 Iesum,
589 843 671 891 quis
696 848 804 885 esset,
831 847 860 877 et
887 855 959 876 non
983 846 1081 889 pole-

195 898 254 927 ral
277 905 367 941 prae
393 892 521 933 turba,
548 894 638 942 quia
660 898 808 928 statura
829 905 967 940 parcus
991 897 1080 929 erat.

193 943 249 978 Et
270 956 508 992 praecurrens
535 949 638 986 ante,
667 943 831 979 ascendit
855 945 893 978 in
917 955 1079 990 sycomo-

193 1007 291 1036 rum,
319 999 357 1029 ul
375 993 507 1029 videret
525 1006 620 1037 eum,
647 996 735 1043 quia
753 994 844 1029 illac
860 1000 936 1029 erat
955 999 1081 1028 trans-

196 1045 327 1080 iturus.
393 1045 448 1078 Et
478 1058 556 1079 cum
589 1046 739 1080 venisset
770 1045 825 1079 ad
846 1045 983 1087 locum,
1018 1056 1080 1078 su-

191 1096 349 1142 spiciens
368 1095 475 1130 Iesus
493 1094 582 1129 vidit
601 1095 725 1137 illum,
748 1101 778 1130 e!
797 1095 895 1130 dixit
913 1093 968 1129 ad
983 1107 1080 1129 eum:

195 1144 384 1189 Zachaee,
411 1146 605 1194 festinans
635 1144 824 1188 descende,
856 1144 960 1181 hodie
986 1145 1078 1179 enim

193 1197 232 1230 in
254 1196 361 1231 domo
387 1201 451 1230 lua
470 1202 605 1242 oportet
623 1209 677 1230 me
693 1209 850 1234 manere,
902 1196 1080 1244 Elfesli—

193 1260 292 1281 nans
317 1246 517 1289 descendit,
553 1252 583 1281 el
608 1247 744 1295 excepit
768 1247 876 1282 illum
898 1245 1078 1293 gaudens.

190 1297 246 1332 Et
271 1299 337 1345 qui
359 1295 549 1338 videbant,
576 1310 698 1331 omnes
718 1297 1002 1331 murmurabant
1024 1295 1081 1330 di-

190 1352 325 1387 centes,
353 1345 455 1394 quod
475 1345 531 1381 ad
551 1347 667 1382 virum
693 1352 913 1395 peccatorem
939 1346 1080 1393 ingres-

188 1411 251 1432 sus
270 1396 483 1432 divertisset.

139 1455 256 1492 Stans
278 1462 399 1490 antem
426 1454 641 1497 Zachaeus,
669 1453 767 1490 dixit
785 1453 840 1489 ad
852 1454 1079 1490 Dominum.-

188 1507 284 1542 Ecce
308 1505 504 1541 dimidium
529 1507 705 1541 bonorum
731 1518 889 1540 meorum
917 1505 1080 1540 Domine

192 1557 240 1594 do
263 1557 508 1606 pauperibus,
536 1562 567 1592 et
592 1558 628 1591 si
651 1570 723 1605 quo
744 1557 905 1605 aliquem
925 1555 1076 1605 defrau-

190 1608 292 1649 davi,
321 1607 432 1643 reddo
446 1607 711 1656 quadruplum.
765 1608 827 1642 Ait
843 1606 1079 1641 autemlesus

191 1658 246 1694 ad
268 1671 362 1693 eum:
388 1658 511 1692 Hodie
530 1658 637 1693 salus
655 1656 740 1692 huic
756 1656 884 1691 domui
896 1658 1002 1703 sacia
1019 1663 1079 1698 est,

191 1723 230 1746 eo
253 1707 354 1758 quod
375 1714 405 1743 et
434 1709 508 1755 [pse
533 1714 582 1742 est
602 1707 711 1753 filius
729 1706 915 1744 Abrahae.
968 1707 1078 1743 Venit

194 1762 288 1796 enim
301 1758 415 1806 filius
438 1757 600 1794 hominis
616 1771 786 1808 quaerere
804 1764 833 1793 el
850 1758 996 1793 salvum
1007 1759 1079 1807 fa-

192 1824 280 1854 cere,
308 1810 409 1859 quod
419 1812 587 1858 perierat.

189 1887 402 1932 Exemplum
430 1893 481 1921 est
506 1887 679 1930 gratuitae
706 1886 919 1925 vocationis,
956 1885 1079 1930 poeni-

87 1940 217 1975 tentiae
249 1946 282 1972 et
308 1938 563 1979 absolutionis,
599 1944 633 1972 et
657 1938 792 1972 adiecta
814 1944 865 1971 est
889 1937 1012 1971 concio
1036 1937 1079 1970 de

89 1991 295 2026 remissione
315 1996 551 2034 peccatorum.

242 2047 267 2082 Ι.
321 2047 436 2081 Locus
451 2048 495 2081 de
513 2046 709 2080 vocatione.

191 2103 320 2139 Matth.
345 2105 380 2139 9.
405 2105 552 2139 dicitur:
589 2105 672 2138 Non
698 2104 781 2138 veni
806 2116 932 2137 vocare
958 2103 1078 2141 iustos,

90 2157 148 2191 sed
184 2163 382 2202 peccatores
414 2156 457 2188 ad
490 2155 755 2199 poenitentiam.
814 2153 909 2188 Haec
938 2162 987 2187 est
1014 2155 1078 2187 do-

90 2208 200 2242 ctrina
218 2205 403 2250 Evangelii
428 2205 570 2250 propria
584 2233 593 2247 ,
621 2207 715 2250 quod
736 2211 879 2250 propter
897 2203 1077 2238 Christum

89 2260 243 2293 donetur
283 2257 442 2290 remissio
481 2263 702 2300 peccatorum
740 2255 918 2295 credenti,
961 2255 1078 2298 gratis,

46 2302 47 2305 Ἴ
88 2322 161 2343 non
189 2315 333 2354 propter
355 2314 473 2341 nostra
494 2307 636 2347 merita,
666 2314 699 2340 et
716 2307 809 2351 quod
830 2303 894 2339 hac
911 2306 978 2339 fide
994 2305 1078 2339 velit

86 2359 184 2396 Deus
206 2359 383 2397 invocari,
410 2358 499 2392 sicut
522 2358 570 2391 ait
587 2356 735 2390 Paulus:
765 2356 832 2389 Per
855 2353 950 2389 hunc
969 2353 1077 2389 habe-

87 2422 167 2444 mus
193 2421 367 2443 accessum
392 2410 434 2442 ad
460 2415 605 2453 patrem.
675 2406 775 2440 Hanc
799 2407 1075 2440 consolationem

87 2462 126 2495 in
151 2458 346 2504 Evangelio
379 2459 592 2504 propositam
625 2458 800 2492 discamus
826 2463 859 2491 et
887 2457 1076 2501 amplecta-

231 2509 278 2545 Et
301 2510 494 2552 cogitemus
519 2509 708 2553 diligenter
728 2519 864 2548 causas,
889 2520 996 2552 quare
1013 2520 1076 2542 ne—

89 2574 181 2597 cesse
212 2563 258 2596 sit
281 2562 319 2594 in
342 2559 500 2595 Ecclesia
526 2561 672 2595 retineri
697 2559 787 2594 banc
812 2558 1008 2593 doctrinam
1033 2560 1076 2593 de

90 2613 239 2656 gratuita
271 2613 494 2653 remissione,
536 2623 596 2645 seu
625 2613 669 2645 de
694 2611 889 2652 exclusiva,
935 2609 1075 2645 Gratis:

89 2670 173 2699 sunt
187 2671 303 2699 autem
322 2670 474 2710 quatuor
489 2674 622 2700 causae.

1231 353 1393 387 Secunda
1409 365 1529 395 causa,
1557 360 1596 387 ut
1610 354 1820 388 conscientia
1836 353 1962 390 habeat
1977 356 2111 389 firmam

1130 405 1428 448 consolationem,
1469 416 1509 437 ac
1539 411 1633 438 certo
1663 410 1814 437 statuere
1845 407 1974 448 possis,
2015 408 2111 450 quod

1130 453 1258 489 habeas
1282 456 1524 489 remissionem
1549 461 1790 499 peccatorum,
1817 461 1849 488 et
1865 454 1959 488 Deus
1981 456 2050 489 iam
2068 457 2113 490 sit

1130 506 1195 540 tibi
1217 506 1416 550 propicius,
1443 518 1482 539 ac
1504 518 1584 539 vere
1608 505 1693 539 velit
1716 505 1871 549 accipere
1893 512 1968 538 tuas
1985 518 2113 549 preces,

1131 564 1163 591 et
1186 558 1269 590 dare
1294 557 1401 591 vitam
1425 564 1601 590 aeternam
1626 556 1792 589 credenti.
1846 556 1902 588 De
1926 553 1990 588 hac
2013 568 2113 589 causa

1129 608 1288 653 loquitur
1310 606 1441 641 Paulus
1465 606 1569 642 Rom.
1588 609 1621 640 4.
1652 605 1735 640 Ideo
1764 619 1804 640 ex
1833 606 1901 639 fide
1925 607 2049 649 gratis,
2076 613 2114 639 ut

1129 659 1173 692 sit
1192 658 1290 691 firma
1309 658 1507 702 promissio.

1231 715 1352 751 Tertia
1369 728 1471 750 causa
1489 722 1558 757 est,
1583 722 1623 749 ut
1639 715 1812 759 possimus
1830 715 1944 749 Deum
1963 726 2042 748 vere
2059 715 2115 748 in-

1129 779 1271 808 vocare,
1299 767 1383 813 quia
1406 779 1466 800 cor
1491 767 1660 800 dubitans
1684 766 1774 808 fugit
1791 764 1926 809 Deum,
1953 765 2115 799 irascitur

1127 817 1223 859 Deo,
1257 819 1347 852 sicut
1369 817 1472 858 Saul,
1507 814 1624 850 Achas
1652 822 1685 850 et
1717 816 1869 856 similes,
1903 827 1977 848 non
2009 815 2115 858 igitur

1128 869 1279 902 invocat.
1323 867 1502 913 Scriptum
1520 874 1570 901 est
1585 873 1718 900 autem:
1746 865 1813 900 Per
1832 864 1926 899 hunc
1945 863 2115 899 habemus

1128 931 1302 953 accessum
1326 919 1403 952 fide.
1465 918 1584 961 Quare
1610 924 1648 950 ut
1669 917 1744 949 veri
1767 917 1881 951 cultus
1905 915 1979 949 Deo
2006 916 2116 949 tribui

1128 971 1283 1015 possint,
1310 980 1448 1003 necesse
1471 975 1522 1002 est
1545 975 1664 1002 tenere
1681 967 1899 1005 doctrinam,
1927 967 2020 1011 quod
2039 967 2116 1010 pla-

1128 1032 1266 1055 ceamus
1284 1027 1316 1054 et
1333 1019 1563 1053 exaudiamur
1577 1024 1720 1062 propter
1737 1017 1868 1051 Filium
1885 1016 1971 1057 Dei,
1999 1017 2118 1059 gratis,

1128 1084 1200 1104 non
1226 1078 1369 1115 propter
1394 1076 1548 1103 nostram
1574 1068 1790 1111 dignitatem.
1856 1067 1939 1101 Ideo
1966 1067 2114 1101 dicitur:

1128 1122 1308 1166 Quicquid
1334 1120 1504 1165 petieritis
1526 1126 1659 1164 patrem
1679 1119 1715 1151 in
1733 1118 1877 1152 nomine
1893 1129 1990 1159 meo,
2018 1117 2117 1151 dabit

1127 1173 1228 1206 vobis
1247 1179 1311 1205 etc.

1229 1230 1363 1272 Quarta
1387 1241 1489 1263 causa
1515 1235 1584 1269 est,
1610 1234 1649 1261 ut
1673 1227 1859 1261 discrimen
1879 1226 1963 1269 legis
1983 1233 2014 1260 et
2033 1238 2117 1269 pro-

1128 1281 1304 1314 missionis
1315 1280 1532 1323 evangelicae
1547 1278 1727 1322 perspicue
1745 1278 1990 1324 conspiciatur.
2021 1276 2117 1319 Quia

1127 1332 1184 1365 lex
1215 1331 1320 1364 etiam
1350 1331 1457 1368 dicit,
1489 1328 1604 1363 Deum
1635 1328 1898 1361 misericordem
1929 1339 2019 1366 esse,
2055 1328 2116 1360 sed

1127 1382 1174 1414 ait
1197 1381 1299 1414 iustis
1322 1387 1356 1414 et
1381 1380 1496 1424 dignis
1521 1390 1592 1412 esse
1614 1378 1888 1411 misericordem.
1953 1375 2117 1419 Evange-

1126 1432 1215 1465 lium
1248 1443 1331 1464 vero
1361 1430 1536 1471 clamitat,
1570 1440 1692 1462 omnes
1721 1428 1871 1461 iniustos
1894 1434 1927 1460 et
1953 1427 2118 1470 indignos

1128 1494 1218 1523 esse,
1245 1488 1278 1515 ct
1302 1481 1479 1526 promittit
1503 1480 1670 1514 omnibus
1694 1478 1938 1511 remissionem
1958 1485 2117 1522 peccato-

1126 1541 1244 1567 torum
1275 1532 1400 1575 gratis,
1433 1538 1578 1576 propter
1606 1529 1739 1562 Filium
1765 1527 1851 1568 Dei,
1885 1535 1917 1562 et
1948 1528 2118 1572 praecipit

1127 1582 1218 1617 hanc
1247 1583 1315 1616 fide
1345 1583 1477 1628 accipi,
1507 1588 1549 1616 ut
1572 1578 1698 1617 lohan.
1714 1579 1748 1616 3.
1779 1585 1812 1613 et
1837 1577 1943 1613 Rom.
1963 1580 1998 1615 3.
2025 1578 2117 1612 clare

1127 1634 1295 1678 scriptum
1313 1639 1374 1668 est.

1229 1690 1324 1724 Haec
1348 1696 1397 1723 est
1421 1700 1557 1722 summa
1584 1687 1785 1728 doctrinae,
1820 1698 1909 1728 quae
1932 1692 1965 1720 et
1990 1685 2027 1718 in
2051 1683 2117 1719 hac

1127 1740 1274 1775 historia
1296 1741 1466 1778 traditur,
1494 1750 1573 1772 cum
1598 1738 1647 1772 ait
1671 1735 1848 1771 Christus:
1878 1736 1985 1771 Venit
2002 1736 2116 1769 Filius

1127 1791 1283 1826 hominis
1301 1801 1478 1836 quaerere,
1503 1795 1537 1823 et
1551 1789 1685 1822 salvare
1701 1788 1794 1833 quod
1813 1787 1974 1831 perierat.
2018 1786 2117 1820 Scia-

1129 1855 1206 1877 mus
1232 1850 1264 1876 et
1287 1854 1351 1875 nos
1368 1839 1508 1886 quaeri,
1535 1839 1624 1872 sicut
1641 1838 1843 1871 admirabili
1861 1837 2018 1871 bonitate
2036 1849 2116 1870 rur-

1128 1906 1186 1927 sus
1203 1893 1363 1927 tenebras
1380 1890 1556 1924 Ecclesiae
1573 1889 1754 1929 discussit,
1782 1895 1814 1922 et
1830 1887 1985 1922 restituit
2002 1888 2116 1921 lucem

1127 1943 1329 1987 Evangelii,
1364 1941 1513 1975 sciamus
1539 1939 1642 1972 nobis
1667 1939 1786 1972 offerri
1813 1938 1981 1971 beneficia
2007 1935 2116 1971 Chri-

1127 1995 1190 2033 sti,
1225 1993 1465 2027 remissionem
1500 1997 1738 2033 peccatorum,
1773 1989 1919 2031 gratiam
1951 1994 1984 2022 et
2006 1989 2114 2021 vitam

1128 2051 1323 2081 aeternam,
1365 2050 1398 2076 et
1422 2053 1598 2075 summum
1628 2038 1695 2073 Dei
1723 2040 1855 2073 cultum
1879 2050 1969 2077 esse,
2004 2050 2115 2082 agno-

1126 2107 1221 2130 scere
1238 2094 1370 2127 Filium
1388 2093 1476 2132 Dei,
1501 2098 1618 2135 petere
1641 2097 1674 2124 et
1697 2091 1764 2123 fide
1779 2090 1935 2134 accipere
1951 2087 2035 2122 haec
2053 2090 2115 2121 be-

1128 2146 1250 2179 neficia
1265 2172 1273 2185 ,
1299 2145 1386 2178 sicut
1410 2150 1507 2187 pater
1525 2148 1686 2175 aeternus
1706 2141 1836 2186 inquit:
1864 2139 1969 2173 Hunc
1985 2139 2115 2178 audite,

1127 2204 1160 2230 et
1185 2192 1358 2230 1.10han.
1375 2194 1427 2229 5.:
1461 2192 1533 2235 Qui
1558 2203 1630 2225 non
1653 2192 1761 2226 credit
1786 2192 1883 2228 Deo,
1910 2190 2113 2222 mendacem

1126 2246 1207 2280 facit
1229 2258 1328 2286 eum,
1355 2244 1436 2290 quia
1462 2255 1533 2276 non
1552 2241 1661 2275 credit
1678 2242 1713 2273 in
1735 2240 1993 2280 testimonium,
2018 2239 2113 2284 quod

1126 2297 1327 2331 testificatus
1353 2302 1404 2329 est
1422 2293 1516 2327 Deus
1536 2294 1578 2326 de
1594 2291 1687 2325 Filio
1707 2304 1788 2332 suo,
1815 2297 1847 2324 et
1865 2288 1931 2323 hoc
1950 2297 1998 2324 est
2017 2290 2113 2323 testi-

1126 2348 1303 2387 monium,
1331 2346 1423 2392 quod
1448 2345 1554 2378 vitam
1581 2349 1757 2376 aeternam
1775 2342 1872 2375 dedit
1889 2341 1991 2374 nobis
2008 2338 2114 2379 Deus,

1126 2406 1159 2432 et
1177 2396 1262 2432 haec
1279 2398 1349 2431 vita
1369 2397 1405 2429 in
1423 2395 1514 2428 Filio
1531 2393 1606 2427 eius
1623 2399 1692 2433 est,
1719 2400 1752 2427 et
1769 2392 1829 2438 qui
1848 2389 1951 2424 habet
1970 2390 2114 2430 Filium,

1125 2447 1230 2484 habet
1255 2449 1380 2489 vitam,
1412 2446 1473 2492 qui
1496 2456 1569 2478 non
1593 2441 1698 2478 habet
1720 2442 1875 2485 Filium,
1909 2440 2015 2475 vitam
2038 2452 2111 2473 non

1126 2498 1244 2534 habet.

1227 2557 1323 2592 Haec
1354 2555 1622 2600 conspiciuntur
1652 2552 1689 2584 iu
1713 2549 1779 2583 hoc
1803 2549 1973 2594 exemplo.
2040 2548 2110 2583 Za-

1125 2608 1252 2644 chaeus
1279 2616 1351 2643 erat
1375 2606 1481 2641 homo
1503 2605 1670 2641 iniustus,
1697 2600 1877 2644 vectigalia
1896 2611 2000 2645 supra
2020 2600 2111 2643 leges

1125 2662 1284 2705 exigens,
1320 2666 1354 2693 et
1379 2655 1512 2692 habens
1536 2654 1665 2688 iniusta
1691 2651 1839 2697 aucupia
1863 2659 2044 2697 quaestus,
2071 2657 2110 2685 ut
