2409 2915
290 81 364 117 447

293 168 340 200 lia
356 163 513 207 exempla
530 172 548 194 a
566 157 689 193 multis
706 167 844 191 sumere
861 167 1061 201 possumus,
1088 156 1147 190 sed
1164 163 1281 190 tamen

294 217 487 250 videndum
511 218 579 251 est,
612 221 700 255 quae
726 207 884 251 exempla
906 207 1122 241 conveniant
1143 214 1282 241 nostrae

293 264 480 301 vocationi.
533 262 640 302 Item,
668 270 756 305 quae
784 259 828 292 ad
854 259 1010 302 regulam
1034 259 1258 294 conveniant.

396 323 466 358 Sed
483 323 521 356 in
537 318 604 354 hoc
620 320 698 353 loco
715 330 788 351 non
800 319 844 351 de
860 318 934 351 sola
953 317 1152 351 imitatione
1162 318 1284 351 dicen-

296 378 380 409 dum
399 381 468 417 est,
496 372 608 406 maius
625 370 796 415 quiddam
812 369 968 402 accedat:
998 378 1140 410 agamus
1157 368 1285 411 gratias

295 426 370 460 Deo
383 452 391 467 ‚
413 424 509 470 quod
526 422 621 456 misit
638 423 816 460 doctores,
843 419 939 463 quod
966 429 1027 462 per
1044 431 1102 452 eos
1126 420 1193 453 suit
1211 419 1284 452 effi-

297 490 376 515 cax,
403 475 497 522 quod
522 472 660 507 addidit
690 483 751 505 sua
775 469 992 509 testimonia,
1021 471 1114 514 quod
1140 469 1287 504 tradidit

296 528 401 561 nobis
418 527 575 562 verbum,
603 535 666 567 per
683 522 776 567 quod
794 521 951 563 impertit
968 520 1075 554 vitam
1094 528 1285 560 aeternam,

297 587 332 613 et
363 588 520 613 oremus,
545 581 583 607 ut
612 579 726 606 servet
752 569 956 607 Ecclesiam.
1017 570 1123 611 Item,
1156 578 1196 605 ut
1223 581 1287 603 nos

297 631 393 676 ipsos
418 628 521 660 faciat
544 635 676 668 organa
696 622 818 663 utilia,
846 634 910 655 nec
933 622 1074 656 abiiciat
1094 623 1185 656 inter
1206 634 1286 655 vasa

297 681 382 714 irae.

403 725 578 762 lohannes
601 724 735 770 inquit:
763 722 843 757 Non
867 730 981 768 potest
1003 724 1070 758 sibi
1096 721 1204 758 homo
1230 735 1288 757 su-

297 791 393 814 mere
411 779 618 823 quicquam,
645 776 713 809 nisi
739 775 783 808 sit
801 775 833 808 ei
859 776 978 808 datum
1007 776 1168 819 desuper.
1205 774 1287 807 Ideo

297 843 372 865 non
388 830 503 863 omnis
522 827 719 872 sapientum
740 826 913 859 industria
928 833 977 859 est
991 826 1087 858 felix.
1142 823 1288 858 Themi-

298 882 418 916 stoclis
442 879 587 913 consilia
611 879 753 912 fuerunt
776 877 910 916 felicia,
940 876 1084 909 Periclis
1107 882 1140 909 et
1157 874 1288 909 Demo-

299 931 434 966 sthenis
458 929 607 963 imitatio
632 939 703 960 non
729 926 795 959 fuit
820 926 913 959 felix.
974 926 1134 966 Samuel,
1161 926 1289 965 David,

298 981 475 1025 losaphat,
502 977 666 1014 Ezechias
686 978 829 1010 fuerunt
845 977 977 1010 felices:
1007 975 1137 1018 Achas,
1165 975 1289 1011 Achab

300 1034 478 1070 infelices,
507 1029 693 1074 perniciosi
713 1028 800 1068 sibi,
827 1028 906 1060 aliis
924 1034 956 1061 et
973 1026 1128 1072 Reipub.
1185 1027 1289 1061 Tales

299 1091 400 1117 vocat
421 1082 569 1121 Paulus,
597 1081 640 1113 ad
658 1090 763 1112 omne
779 1091 869 1122 opus
887 1079 1019 1112 bonum
1038 1079 1226 1123 reprobos,
1253 1079 1287 1112 id

300 1143 369 1172 est,
411 1133 588 1168 infelices,
631 1131 689 1175 qui
725 1141 801 1162 non
831 1129 966 1163 faciunt
999 1129 1077 1162 aliis
1111 1130 1288 1164 salutaria.

302 1185 430 1218 (iraeci
466 1188 593 1215 vocant
627 1179 854 1224 ἀλάστορας,
901 1187 933 1213 et
969 1180 1218 1214 describuntur
1254 1181 1289 1214 in

299 1236 458 1270 Psalmo:
489 1233 606 1266 lnduit
628 1231 909 1264 maledictionem
927 1231 1015 1264 sicut
1032 1232 1290 1265 vestimentum.

300 1286 491 1330 Augustini
517 1284 639 1329 politia
672 1283 739 1316 fuit
765 1282 868 1323 felix,
903 1281 1124 1316 Samosateni
1155 1290 1188 1316 et
1211 1283 1289 1317 Arii

301 1338 439 1371 infelix.

406 1386 501 1420 llaec
532 1383 734 1417 discrimina
766 1390 911 1416 monent
934 1394 1016 1422 nos,
1052 1390 1223 1427 quantum
1252 1383 1289 1415 in

302 1439 374 1472 *vita
400 1438 444 1470 sit
468 1435 634 1480 periculi,
669 1441 797 1479 quanta
825 1433 873 1466 ira
898 1432 962 1467 Dei
988 1435 1156 1467 adversus
1181 1434 1288 1467 male-

303 1491 432 1527 dictos,
460 1494 589 1533 quama
610 1484 794 1519 hominum
815 1484 1048 1519 imbecillitas.
1111 1484 1194 1517 ltleo
1211 1497 1290 1517 vere

303 1551 462 1577 oreimis,
488 1547 526 1570 ut
546 1538 642 1570 Deus
664 1536 764 1568 saciat
784 1546 848 1567 nos
869 1535 968 1567 utilia
987 1542 1019 1568 et
1043 1536 1206 1568 salutaria
1234 1547 1292 1568 or-

303 1602 410 1632 gana,
436 1589 523 1621 sieut
548 1588 582 1619 in
604 1587 741 1619 Psalmo
762 1587 791 1618 1.
810 1586 937 1617 sanctis
955 1586 1146 1628 promittit:
1176 1585 1220 1619 Et
1239 1587 1291 1619 fo-

303 1643 390 1674 lium
409 1640 482 1672 eius
499 1650 570 1670 non
590 1637 740 1677 defluet,
768 1643 800 1669 et
818 1636 936 1669 omnia
955 1648 1042 1681 quae
1064 1637 1183 1676 faciet,
1209 1649 1292 1682 pro-

304 1692 550 1737 sperabuntur.

704 1773 749 1797 De
769 1771 900 1802 quinto.

405 1835 604 1877 Diligenter
619 1833 849 1864 discernenda
868 1837 947 1863 sunt
967 1843 1092 1873 genera
1113 1832 1294 1865 ‹lot-trina·-

304 1899 402 1926 rum,
430 1884 593 1918 ltornines
619 1881 793 1927 prophani
827 1882 982 1921 cogitant
1008 1880 1098 1914 nihil
1130 1883 1295 1916 impresse

306 1941 398 1972 inter
415 1935 603 1977 Apostolos
621 1941 651 1966 et
669 1931 925 1972 't'tn-ognittmn,
952 1933 984 1964 id
1006 1939 1066 1969 est,
1096 1940 1219 1975 putant
1237 1945 1295 1966 eos

306 1989 532 2023 circtnnl'crre
557 1991 737 2027 praccepta
756 1984 798 2015 tle
814 1983 982 2015 moribus.
1037 1982 1130 2017 llaec
1149 1985 1295 2018 coecitas

305 2040 455 2075 taxanda
482 2044 530 2070 est
556 2037 590 2068 in
618 2033 789 2072 Ecctvsia,
825 2041 856 2066 et
882 2036 1150 2066 monstrantium
1171 2035 1295 2068 ‹tiscri-

304 2103 386 2124 men
413 2089 498 2129 legis
520 2094 552 2120 ct
578 2084 770 2126 Evangelii.
834 2083 932 2124 Legis
960 2085 1087 2117 notit-,ia
1116 2087 1216 2118 insita
1246 2093 1296 2119 est

306 2141 412 2179 sanis,
439 2139 527 2172 sicut
545 2147 772 2170 numerorum
792 2135 938 2167 noticia:
968 2138 1024 2168 setl
1049 2134 1296 2177 Evangelium,

307 2194 342 2226 itl
361 2199 421 2231 est,
443 2188 630 2235 promissio
647 2186 945 2220 reconciliationis
962 2187 1132 2227 gratuitae
1153 2195 1296 2231 proptu-r

307 2243 459 2280 Filium,
488 2239 637 2273 revelata
660 2245 709 2271 est
728 2249 812 2269 voce
831 2236 913 2274 Dei,
940 2244 971 2270 et
992 2238 1116 2269 tradita
1137 2240 1295 2280 patribus

306 2302 339 2327 et
364 2298 550 2336 propagata
577 2301 660 2322 voce
687 2286 961 2332 proph-warum,
988 2285 1118 2322 (luisti
1146 2298 1175 2322 vt
1199 2290 1295 2334 ¹ipo-

308 2345 490 2379 stolorum.

411 2392 462 2427 De
493 2390 557 2425 hac
595 2401 719 2423 arcana
750 2389 920 2433 sapientia
957 2389 1071 2434 inquit
1102 2386 1293 2424 lohannes:

308 2446 440 2483 Filius.
468 2443 527 2488 qui
551 2448 600 2474 est
626 2441 661 2473 in
680 2441 760 2473 sinu
784 2442 908 2484 patris.
938 2441 1008 2485 ipse
1027 2441 1204 2474 enarravit
1231 2454 1292 2473 no-

308 2498 374 2530 bis.
429 2494 532 2529 Unde
552 2492 656 2525 scires
679 2498 710 2525 te
729 2492 833 2534 recipi
854 2504 871 2524 a
892 2491 982 2531 Deo,
1011 2499 1042 2525 et
1061 2492 1166 2533 gratis
1187 2493 1293 2535 recipi

309 2556 451 2594 propter
471 2545 622 2581 Filium,
649 2549 681 2575 et
698 2554 776 2575 vere.
797 2544 964 2583 exzttttliri,
993 2543 1103 2575 iuvari
1121 2550 1151 2575 et
1168 2544 1293 2576 ‹lotiari

307 2600 377 2631 sita
396 2605 552 2633 aeterna,
581 2595 647 2628 nisi
667 2593 760 2626 Deus
778 2595 989 2636 patefecisse-t
1016 2591 1104 2627 lianc
1130 2606 1292 2627 arcanam
1318 2591 1321 2625 l

305 2661 402 2682 suam
429 2647 663 2686 voluntatem,
696 2655 800 2689 quam
832 2646 928 2679 nulla
962 2653 1119 2679 creatura
1152 2657 1294 2678 cernere

890 68 1016 104 PHIL.
1043 66 1162 107 MEL.
1187 67 1399 107 SCRIPTA
1426 68 1726 108 EXEGETICA.

2245 75 2323 112 ⁴48

1336 163 1397 190 aut
1419 155 1682 201 deprehendere
1708 156 1898 203 potuisset,
1933 170 1974 192 eo
1998 170 2070 192 non
2094 166 2323 197 monstrante.

1337 206 1408 242 Nee
1439 208 1616 243 invocatio
1645 209 1721 242 sine
1749 209 1951 252 cognitione
1981 207 2087 243 huius
2111 211 2324 246 discriminis

1337 258 1412 292 fieri
1429 266 1560 303 potest,
1587 271 1724 305 semper
1741 261 1834 293 enim
1852 260 2026 304 obstrepit
2043 260 2214 294 iudicium
2240 261 2326 305 legis

1337 310 1470 342 rationi
1489 310 1635 343 insitum
1649 335 1659 353 ,
1687 322 1776 356 quae
1796 311 1924 354 cogitat
1939 310 2053 345 Deum
2071 323 2143 345 non
2161 312 2326 345 exaudire

1339 359 1515 404 indignos.
1541 359 1589 395 At
1599 359 1832 404 Evangelium
1851 363 1948 397 iubet
1965 364 2126 396 accedere
2142 363 2184 395 ad
2200 361 2329 404 Deum,

1339 411 1438 445 iubet
1462 411 1603 445 credere
1619 413 1713 456 quod
1739 419 1883 457 propter
1906 413 2038 447 Filium
2062 419 2157 446 certo
2179 413 2348 458 recipiam

1339 473 1420 495 mur
1446 468 1480 495 et
1507 463 1746 497 exaudiamur.
1789 461 1884 497 Haec
1901 464 2061 498 doctrina
2079 475 2146 497 usu
2162 463 2330 498 discenda

1340 519 1408 554 est,
1441 519 1474 547 et
1498 525 1578 547 cum
1607 525 1683 546 eam
1713 524 1929 555 exercemus,
1960 515 2125 548 iuvamur
2150 526 2169 547 a
2191 514 2330 558 Spiritu

1340 571 1472 597 sancto.
1527 563 1616 598 Nam
1634 564 1725 599 ratio
1743 575 1844 607 aegre
1864 566 2071 607 assentitur,
2100 571 2134 599 et
2156 562 2247 598 hanc
2266 577 2330 599 vo-

1341 615 1513 648 luntatem
1532 612 1598 648 Dei
1617 615 1807 649 difficulter
1821 616 2056 659 amplectitur.

1444 673 1600 707 Maxime
1623 681 1738 708 autem
1763 671 1820 707 hic
1841 674 1939 708 locus
1964 687 1983 707 a
1999 674 2111 708 Paulo
2135 674 2331 708 illustratus

1343 731 1412 764 est,
1438 725 1499 769 qui
1525 725 1714 769 diligenter
1735 725 1903 760 discernit
1927 725 2036 768 legem
2063 726 2108 759 ab
2124 724 2332 768 Evangelio,

1343 782 1375 809 et
1398 775 1526 809 diserte
1552 776 1635 810 facit
1659 776 1874 809 mentionem
1902 775 2098 810 exclusivae
2123 774 2263 816 Gratis,
2298 781 2332 809 et

1343 826 1526 860 contendit
1546 827 1630 868 fide,
1657 827 1693 860 id
1716 834 1784 868 est,
1812 827 1941 860 fiducia
1964 827 2225 860 misericordiae
2248 837 2332 871 pro-

1344 884 1420 921 pter
1455 877 1684 911 mediatorem
1719 877 1831 921 accipi
1871 878 2216 918 reconciliationem,
2258 888 2333 910 non

1344 934 1487 972 propter
1510 928 1672 975 proprias
1697 927 1862 969 virtutes,
1895 936 1928 962 et
1951 926 2115 972 prohibet
2138 927 2333 962 dubitatio-

1344 991 1436 1013 nem.
1476 979 1528 1012 De
1545 976 1600 1012 his
1618 978 1778 1011 maximis
1796 980 1901 1012 rebus
1917 980 2020 1023 longe
2036 980 2125 1012 aliae
2144 985 2226 1012 sunt
2243 979 2333 1011 ima-

1343 1029 1539 1073 ginationes
1563 1029 1728 1070 rationis,
1760 1041 1846 1074 quas
1868 1030 1975 1063 secuti
2001 1028 2175 1073 Origenes
2199 1036 2231 1062 et
2257 1041 2333 1062 mo-

1344 1076 1469 1120 nachi,
1502 1091 1647 1123 magnas
1681 1080 1843 1113 tenebras
1884 1080 2088 1114 offuderunt
2124 1078 2337 1123 Evangelio,

1344 1143 1433 1175 quae
1448 1131 1636 1174 fugiendae
1653 1138 1753 1168 sunt,
1786 1137 1818 1163 et
1836 1131 2019 1164 retinenda
2037 1131 2184 1175 simplex
2201 1137 2234 1164 et
2252 1141 2334 1163 vera

1344 1182 1516 1215 sententia
1536 1181 1656 1220 Pauli,
1684 1193 1773 1226 quae
1800 1188 1848 1214 est
1870 1188 2036 1225 perpetua
2055 1193 2122 1215 vox
2139 1192 2241 1214 verae
2266 1180 2336 1214 Ec-

1345 1233 1470 1265 clesiae
1495 1232 1575 1266 Dei.
1628 1232 1919 1267 considerandus
1948 1232 2044 1265 enim
2069 1238 2119 1266 est
2145 1242 2336 1266 consensus

1345 1281 1632 1330 propheticarum
1652 1282 1864 1316 concionum
1893 1289 1926 1316 et
1948 1282 2062 1316 Pauli.

1371 1402 1479 1437 Alia
1509 1400 1663 1435 brevis
1691 1401 1957 1444 explicatio
1990 1398 2233 1435 historiae
2261 1399 2314 1434 cle

1589 1454 1898 1486 conversione
1935 1452 2093 1486 Pauli.

1451 1527 1664 1571 Praecipuus
1689 1527 1786 1561 locus
1811 1534 1862 1560 est
1888 1527 1924 1559 in
1948 1524 2014 1560 hac
2038 1525 2207 1567 historia,
2242 1527 2338 1571 quod

1346 1577 1413 1612 hoc
1429 1579 1587 1622 exemplo
1606 1578 1767 1612 Clu-istus
1785 1583 1932 1612 testatur
1947 1589 1982 1610 se
2007 1577 2114 1621 gratis
2131 1578 2263 1610 donare
2279 1588 2341 1610 re-

1346 1630 1550 1663 missionem
1569 1635 1790 1673 peccatorum
1806 1628 2044 1664 credentibus.
2096 1628 2190 1672 Quia
2207 1626 2340 1662 Paulus

1348 1693 1419 1714 non
1444 1680 1544 1714 affert
1565 1680 1708 1720 merita,
1739 1679 1797 1712 sed
1825 1676 2013 1713 horribilia
2035 1686 2185 1723 peccata.
2238 1676 2339 1717 Item,

1349 1731 1545 1775 exemplum
1564 1728 1629 1763 hoc
1654 1731 1907 1774 opponendum
1924 1737 1973 1764 est
1992 1729 2232 1774 magnitudini
2256 1741 2340 1774 pec-

1349 1790 1525 1818 catorum„
1555 1781 1645 1815 sicut
1663 1782 1858 1826 plerunque
1877 1781 2040 1814 diabolus
2061 1781 2180 1826 aliquo
2207 1780 2341 1825 praeci-

1350 1846 1419 1877 puo
1446 1839 1585 1880 peccato
1617 1840 1796 1875 oppugnat
1818 1832 2068 1870 conscientias,
2103 1839 2136 1865 et
2165 1831 2338 1875 singulari

1351 1885 1494 1917 vulnere
1513 1882 1672 1915 labefacit
1691 1883 1806 1917 fidem.
1851 1882 2032 1915 Adversus
2050 1880 2112 1915 lias
2129 1883 2340 1916 tentationes

1349 1941 1549 1978 opponatur
1567 1930 1650 1965 haec
1667 1932 1850 1967 sententia.
1907 1932 2031 1967 Gratia
2048 1934 2214 1967 exuberat
2233 1944 2339 1976 supra

1350 1992 1540 2029 peccatum.
1569 1982 1613 2017 Et
1631 1983 1870 2027 adiungantur
1886 1985 2042 2027 exempla
2053 1984 2210 2023 Dmidis,
2238 1982 2338 2017 Pauli

1349 2044 1381 2070 et
1400 2035 1569 2069 Manasse.
1614 2034 1673 2068 Sic
1693 2035 1859 2078 proponit
1876 2035 2075 2078 exemplum
2092 2047 2173 2067 suae
2191 2045 2340 2067 conver-

1349 2087 1458 2120 sionis
1471 2085 1599 2120 Paulus
1616 2085 1688 2129 ipse
1706 2087 1747 2118 ad
1760 2082 2001 2125 Timotheum,
2024 2086 2205 2131 iuquiens:
2232 2082 2341 2118 (sshri-

1349 2145 1421 2172 stus
1440 2137 1534 2171 venit
1561 2137 1595 2170 in
1615 2134 1709 2169 bunc
1733 2138 1907 2170 mundum
1932 2144 2128 2181 peccatores
2151 2136 2265 2170 salvos
2287 2135 2339 2169 fa-

1350 2202 1426 2223 cere
1439 2216 1447 2228 ,
1473 2201 1624 2233 quorum
1644 2188 1776 2231 primus
1793 2199 1856 2231 ego
1872 2199 1965 2224 sum.

1399 2264 1535 2300 Deinde
1555 2263 1621 2296 loci
1642 2263 1761 2296 insunt
1781 2263 1894 2297 multi.

1454 2331 1478 2366 1,
1521 2330 1703 2374 Quantum
1719 2330 1831 2364 scelus
1850 2330 1894 2363 sit
1909 2330 2052 2364 saevitia
2070 2331 2239 2380 adversus
2258 2342 2340 2365 san·

1349 2391 1440 2424 ctos,
1467 2383 1548 2428 quia
1564 2379 1728 2416 Christus
1746 2381 1860 2426 inquit
1876 2393 1948 2414 sese
1966 2381 2050 2424 peti.

1454 2440 1497 2475 ll.
1551 2437 1760 2482 Exemplum
1783 2439 2030 2482 poenitentiae.
2067 2438 2134 2473 llic
2150 2439 2245 2473 enim
2264 2438 2338 2484 pri-

1349 2505 1444 2527 mum
1462 2490 1674 2525 ‹lt-scribitur
1691 2490 1875 2529 contritio,
1903 2489 2034 2524 Paulus
2049 2492 2201 2532 agnoscit
2218 2501 2338 2533 pecca·

1350 2554 1445 2582 tum,
1467 2544 1704 2585 obtemperat.
1730 2547 1762 2573 et
1781 2550 1939 2575 versatur
1962 2542 1999 2575 in
2025 2541 2156 2585 ingenti
2186 2541 2280 2574 luctu
2303 2548 2340 2575 et

1349 2596 1562 2633 terroribus,
1589 2591 1647 2625 sed
1667 2597 1782 2624 tame-n
1803 2592 1886 2627 fides
1911 2592 2062 2626 luctatur
2082 2603 2160 2625 cnm
2187 2588 2242 2625 liis
2268 2599 2337 2626 ter·

1351 2649 1505 2685 rot-ibus,
1541 2643 1623 2689 quia
1661 2643 1876 2678 describitur
1911 2655 2033 2682 orans.
2063 2644 2195 2677 accedit
2232 2642 2340 2688 igitur

2378 2420 2397 2598 '‘L-*⁶-
2382 2389 2385 2397 ’
