2409 2915
55 119 129 155 553
179 160 182 162 ,
429 117 510 154 ΧΠ.

55 206 151 239 tibus
165 211 385 249 praetexere,
413 211 446 237 et
464 203 534 236 fere
557 213 661 234 nemo
678 207 745 242 est,
773 201 828 235 cui
854 214 925 234 non
946 201 1032 235 idoli

53 256 131 289 vice
166 257 250 288 deus
283 255 427 288 colatur.
498 251 688 296 Praecipue
725 258 842 286 tamen
875 252 1032 286 Herodes

54 313 162 349 agunt
178 306 218 345 ii,
245 306 305 350 qui
327 304 437 348 specie
456 302 592 346 pietatis
614 313 676 335 sua
693 309 888 347 quaerunt,
915 304 975 348 qui
997 305 1033 336 iu

54 354 209 391 Ecclesia
229 353 405 401 tyrannidi
423 365 503 386 suae
520 365 650 386 nomen
665 351 796 387 Christi
815 361 1034 401 praetexunt.

107 435 271 472 Oraculo
298 434 492 472 admoniti,

157 503 220 539 Est
240 510 483 547 argumentum
511 504 583 547 spei
610 511 642 538 et
665 505 764 544 fidei,
795 505 856 539 ubi
880 506 1032 540 solitudo

57 556 115 590 dei
143 567 207 599 pro
244 555 316 588 suis
345 562 655 596 commemoratur,
695 562 734 589 ut
764 555 896 589 Paulus
930 558 1034 590 etiam

55 605 124 642 Ro.
145 606 196 640 8.:
236 603 309 647 Qui
329 605 471 648 proprio
495 606 565 638 ftlio
590 618 652 639 suo
677 617 749 638 non
772 608 942 653 pepercit,
974 608 1033 640 sed

54 667 118 700 pto
133 656 236 688 nobis
250 656 413 687 omuibus
429 656 576 689 tradidit
591 656 702 690 illum.
735 656 805 699 Qui
824 658 896 690 steri
912 665 1034 702 potest,

53 712 180 740 utnon
196 718 274 739 cuin
292 708 413 739 eodem
433 708 550 740 omnia
569 708 671 740 nobis
688 708 820 741 donet?

104 787 199 823 Ecce
223 787 378 872 αηῖεῖας
404 787 547 823 domini
567 795 718 837 apparet
744 790 782 824 in
800 791 952 825 somniis
972 790 1035 825 Io-

208 852 268 886 sep
316 848 378 874 etc.

146 906 193 941 Et
210 905 266 941 hic
283 908 378 940 locus
393 908 582 952 impietatis
597 917 842 953 argumentum
861 917 920 949 est,
943 911 1035 954 quod
1060 923 1061 928 ¹

56 956 219 992 Christus
246 958 426 996 Iudaeam,
455 972 544 1003 quae
569 962 714 1003 speciem
738 961 874 1004 pietatis
899 972 981 1004 prae
1003 972 1036 993 se

58 1010 211 1045 serebat,
238 1011 406 1047 deseruit,
443 1017 476 1043 et
501 1011 661 1043 vitiosam
688 1013 885 1056 Aegyptum
911 1011 1037 1043 sancti-

58 1060 186 1094 ficavit.
219 1059 257 1093 ld
276 1063 368 1104 quod
387 1072 428 1092 eo
446 1062 607 1104 pertinet,
632 1068 669 1094 ut
688 1062 922 1104 intelligamus
935 1060 1037 1094 Chri-

60 1118 151 1144 stum
169 1110 316 1148 venisse,
338 1117 376 1143 ut
395 1117 588 1153 peccatores
604 1112 717 1144 salvos
736 1113 874 1146 faceret.
902 1111 1039 1144 Deinde

59 1161 268 1194 sententiam
288 1159 483 1203 Prophetae
506 1159 596 1194 Osee
620 1175 692 1195 non
715 1164 842 1196 frustra
867 1162 1039 1205 producit.

60 1210 148 1244 Nam
173 1219 206 1244 et
230 1211 302 1242 illic
327 1212 418 1252 apud
440 1209 589 1251 Oseam,
630 1224 703 1244 non
726 1219 795 1245 tam
822 1213 864 1244 de
887 1209 1040 1251 Christo,

62 1272 167 1306 quam
184 1262 226 1294 de
244 1267 317 1294 toto
337 1261 428 1294 fideli
446 1261 575 1305 populo
595 1262 732 1304 legitur.

378 1353 505 1378 omma
531 1353 721 1377 EXCERPTA

327 1397 373 1429 in
402 1396 543 1440 Caput
578 1398 772 1431 tertium.

163 1466 324 1502 Christus
339 1469 429 1512 sugit
445 1468 622 1513 Iudaeam,
645 1470 667 1505 i.
684 1468 734 1518 [id
753 1468 821 1519 est]
837 1469 1041 1503 exteriorem

64 1521 197 1554 cultum
227 1526 259 1553 et
292 1520 460 1563 speciem,
499 1527 539 1554 ut
568 1522 798 1554 sanctificaret
822 1519 1041 1565 Aegyptum,

63 1572 87 1604 i.
105 1578 142 1604 ut
162 1570 222 1615 qui
240 1582 274 1603 se
291 1577 483 1614 peccatores
499 1578 530 1605 et
547 1569 697 1604 humiles
714 1572 949 1610 ostenderent,
974 1571 1044 1602 snt-

64 1628 173 1654 varet.
221 1618 399 1655 Christum
431 1633 470 1654 ex
499 1621 657 1666 Aegypto
690 1622 826 1660 vocari,
861 1627 912 1654 est
938 1621 1043 1653 simul

62 1672 268 1705 universum
291 1672 464 1705 mundum
487 1684 527 1704 ex
552 1673 702 1717 Aegypti
731 1672 824 1704 vitiis
845 1671 979 1711 vocari,
1007 1678 1046 1704 ut

64 1722 321 1765 intelligamus,
347 1720 526 1756 Christum
548 1724 681 1755 venisse
707 1723 742 1754 in
767 1729 893 1762 terras,
922 1721 1044 1755 iustifi-

66 1773 170 1805 candi
187 1773 297 1802 nostri
314 1773 437 1811 gratia-
473 1771 690 1808 Bethlehem,
714 1773 748 1801 id
766 1780 826 1809 est,
842 1774 969 1801 donnus
987 1785 1046 1811 pa-

66 1821 133 1854 nis.
186 1819 284 1862 Magi
309 1818 434 1852 Persae
451 1820 657 1853 sacerdotes.
709 1818 817 1853 Stella
840 1826 889 1852 est
906 1818 961 1851 dei
982 1831 1046 1850 no-

67 1872 128 1905 stri
144 1870 264 1914 gratia‚
290 1870 430 1914 quaein
449 1881 512 1902 nos
531 1882 590 1914 per
609 1871 711 1902 deum
729 1870 901 1904 funditur.
938 1867 1046 1902 Beth-

67 1919 181 1955 lehem
201 1921 298 1953 vicus
323 1931 395 1953 non
420 1921 541 1964 procul
563 1921 607 1953 ab
623 1919 880 1965 Hierosolyma.
933 1918 1047 1952 Hero-

69 1973 130 2006 des
153 1971 207 2004 vir
227 1970 292 2005 fuit
319 1971 626 2014 flagitiosissimus,
665 1971 725 2016 qui
750 1971 942 2015 aliquando
965 1982 1048 2014 pro-

68 2022 166 2067 prios
196 2021 287 2054 filios
318 2033 399 2055 suos
424 2034 506 2054 nece
532 2022 728 2067 tyrannidis
758 2021 953 2059 interemit,
994 2018 1048 2053 Ex

72 2084 142 2116 quo
160 2070 337 2114 Augustus
354 2073 528 2114 proverbii
551 2072 666 2105 locum
690 2073 845 2105 sumebat
860 2099 868 2110 ‚
895 2083 930 2104 se
945 2071 1049 2103 malle

74 2123 148 2155 eius
162 2133 233 2154 esse
250 2133 394 2168 porcum
413 2134 515 2166 quam
533 2123 655 2157 filium.
698 2122 787 2156 Cum
807 2130 921 2155 autem
941 2122 1049 2154 vidis-
1074 2140 1077 2152 0

73 2179 149 2205 sent
167 2171 311 2205 stellam.

74 2223 160 2256 lum.

362 2172 527 2205 Creditur
549 2173 597 2204 ihi
623 2174 798 2217 quendam
824 2173 927 2205 fuisse
945 2183 1049 2213 ange-

214 2220 371 2255 llerodes
393 2234 514 2255 omnes
538 2223 710 2262 bimulos,
743 2229 802 2255 aut
825 2223 978 2254 minores
996 2221 1051 2253 iu-

75 2272 230 2306 terficere
248 2272 400 2307 iusserat.
437 2271 513 2305 Vox
530 2273 565 2305 in
582 2271 706 2310 Rama,
734 2273 770 2305 id
786 2279 836 2306 est
856 2273 892 2305 in
909 2272 1053 2306 excelso.

76 2320 212 2357 Rachel
231 2335 293 2367 pro
311 2320 518 2357 Bethlehem
535 2329 736 2367 usurpatur.

181 2395 377 2440 Allegorice
394 2397 442 2430 sic
461 2397 736 2440 interpretantur
753 2408 915 2429 munera:

130 2455 196 2489 Per
213 2467 336 2488 aurum
348 2482 357 2496 ,
382 2467 565 2501 syncerum
584 2463 615 2490 et
632 2468 758 2499 purum
775 2457 949 2499 spiritum.

131 2505 198 2540 Per
218 2503 313 2546 thus,
340 2507 542 2549 flagrantem
562 2507 598 2539 in
617 2508 719 2539 deum
740 2507 914 2550 spiritum,

562 112 950 152 ANNOTA'I'IONES
976 114 1026 149 IN
1053 111 1385 149 EVANGELIUM
1412 113 1687 151 MATTHAEL

1059 830 1060 836 ¹
1084 802 1153 829 tem
1172 792 1354 826 conversio
1372 792 1560 835 peccatoris
1578 792 1614 823 in
1635 789 1729 824 hunc
1744 792 1900 824 modum.

1996 112 2067 148 534

1453 199 1587 251 Caput
1623 199 1696 241 111.

1184 279 1224 313 In
1242 278 1373 314 Christi
1392 281 1498 314 natali
1517 288 1549 313 et
1565 281 1712 315 infantia
1732 281 1850 325 paucis
1875 288 2063 316 tractatum

1083 338 1152 370 est,
1180 343 1242 364 cur
1258 331 1395 373 genitus
1412 331 1467 367 sit,
1497 342 1565 374 quo
1582 333 1685 363 modo
1703 344 1765 365 nos
1784 344 1946 366 vocemus
1963 334 2065 366 stella

1058 396 1059 400 ¹
1083 384 1188 422 duce,
1216 379 1281 413 ltoc
1298 388 1346 414 est
1362 392 1585 413 renascamur
1602 378 1741 414 Christo
1754 409 1762 421 ,
1788 390 1819 415 et
1837 383 1946 425 prima
1964 383 2064 415 rudi-

1082 440 1197 466 menta
1215 443 1284 464 esse
1301 431 1389 464 vitae
1407 428 1539 464 Christi
1558 430 1626 473 pati
1645 431 1869 465 adversitates
1894 440 1926 465 et
1947 433 2062 467 exilia.

1083 483 1184 517 Nune
1211 489 1325 515 autem
1346 488 1437 514 aetas
1458 481 1630 514 maturior
1653 483 1894 525 prosequenda
1912 489 1981 522 est,
2008 483 2062 514 in-

1083 534 1232 568 serimur
1253 529 1395 566 Christo
1426 543 1489 575 per
1512 530 1763 574 poenitentiam
1786 537 1820 564 et
1841 531 2067 574 baptismum.

1083 584 1237 618 Proinde
1259 583 1301 615 de
1327 582 1544 626 poenitentia
1566 588 1599 615 et
1622 581 1799 628 baptismo
1818 581 1923 626 paulo
1950 580 2066 626 pluri-

1084 636 1149 668 bus
1164 634 1337 677 agendum
1358 633 1506 666 videtur.

1188 692 1408 726 Poeuitentia
1433 699 1483 724 est
1502 691 1683 724 innovatio
1707 691 1797 724 vitae
1817 690 1854 723 in
1870 688 2068 733 Christum,

1085 756 1173 790 quae
1190 742 1374 776 innovatio
1391 748 1440 774 est
1458 749 1679 784 peccatorum
1695 741 1887 775 conversio.
1928 740 1983 774 Fit
2002 752 2068 774 au·-

1953 790 2068 833 Spiri-

1085 853 1159 879 tum
1183 844 1311 887 gratiae
1334 841 1548 875 transfundit
1565 842 1650 873 deus
1676 841 1713 872 in
1736 841 1889 872 animam
1908 847 2069 883 peccato-

1085 896 1151 933 ris,
1180 895 1237 938 qui
1258 905 1318 937 per
1334 893 1478 924 verbum
1496 891 1550 923 dei
1577 891 1742 931 repressis
1759 890 1913 933 primum
1937 890 2068 932 peccati

1087 946 1268 978 affectibus
1296 949 1463 982 terretur,
1497 941 1682 983 affligitur,
1717 940 1909 979 cruciatur,
1945 939 2068 971 anxius

1087 997 1122 1029 fit
1142 1008 1203 1039 pro
1221 1000 1359 1037 peccato
1377 1004 1459 1032 suo,
1485 993 1570 1023 adeo
1587 998 1625 1023 ut
1641 991 1735 1024 sitiat
1758 989 1919 1034 spiritum
1944 989 2069 1022 iustifi-

1089 1054 1241 1084 cantem,
1272 1044 1321 1075 ibi
1347 1054 1418 1075 non
1447 1048 1495 1074 est
1523 1041 1694 1085 peccatori
1723 1040 1920 1083 perfugium
1955 1050 2069 1084 neque

1089 1097 1186 1141 quies
1205 1095 1271 1127 nisi
1289 1091 1460 1132 Christus,
1486 1092 1523 1123 in
1542 1103 1644 1136 quem
1661 1091 1689 1124 si
1706 1096 1882 1134 peccatum
1902 1089 2070 1128 reiecerit,

1091 1158 1151 1189 per
1168 1147 1270 1177 fidem
1289 1144 1462 1177 aboletur.
1506 1141 1643 1184 Duplex
1659 1149 1708 1175 est
1725 1151 1805 1183 ergo
1825 1140 1954 1182 gratiae
1971 1151 2071 1182 opus,

1092 1196 1243 1239 primum
1268 1193 1476 1231 humiliare,
1504 1191 1702 1235 proximum
1727 1190 1974 1234 tranquillare,
2001 1189 2071 1221 eri-

1089 1257 1188 1289 gere,
1214 1245 1417 1287 gubernare.
1479 1241 1636 1274 Primum
1661 1253 1749 1285 opus
1771 1241 1854 1273 facit
1878 1240 1986 1283 gratia
2010 1251 2071 1282 per

1090 1296 1236 1328 verbum
1271 1294 1374 1336 legis,
1423 1293 1615 1325 secundum
1653 1303 1714 1335 per
1748 1291 1893 1324 verbum
1926 1287 2072 1327 Christi.

1091 1346 1229 1379 Horror
1252 1351 1286 1377 et
1309 1343 1441 1387 agnitio
1469 1342 1598 1385 peccati
1621 1353 1660 1373 ex
1685 1342 1757 1383 lege
1784 1347 1850 1379 est,
1884 1339 2073 1372 Absolutio

1091 1402 1310 1441 peccatorum
1345 1405 1407 1438 per
1441 1391 1686 1434 Evangelium.
1748 1389 1906 1422 Primum
1944 1389 2076 1432 gratiae

1093 1458 1179 1490 opus
1197 1446 1412 1489 significatur
1426 1455 1504 1477 cum
1523 1442 1665 1484 dicitur,
1693 1439 1958 1474 convertimini:
1989 1450 2073 1482 pro-

1093 1499 1246 1537 ximum,
1275 1502 1306 1529 et
1330 1507 1392 1538 ego
1418 1499 1602 1527 convertar
1620 1494 1662 1525 ad
1680 1503 1751 1527 vos.
1803 1489 1962 1523 Primum
1987 1501 2076 1532 opus

1092 1550 1130 1581 fit
1156 1559 1216 1591 per
1241 1547 1387 1579 verbum
1415 1544 1577 1581 Ioannis,
1618 1543 1816 1586 proximum
1843 1552 1906 1584 per
1928 1540 2078 1572 verbum

1094 1596 1236 1633 Christi.
1292 1596 1441 1630 loannes
1459 1600 1584 1634 terret,
1611 1600 1651 1626 ut
1673 1589 1913 1625 vehementius
1934 1590 2077 1622 deside-

1096 1657 1192 1682 retur
1207 1645 1379 1681 Christus.
1422 1643 1555 1678 Eadem
1576 1654 1655 1686 ergo
1674 1640 1887 1686 poenitentia
1905 1646 1954 1672 est
1973 1637 2079 1671 Ioan-

1097 1699 1150 1731 nis
1169 1705 1201 1730 et
1217 1695 1370 1734 Christi,
1398 1706 1501 1738 opera
1520 1700 1633 1726 autem
1651 1692 1781 1735 gratiae
1796 1690 1945 1724 diversa.
1981 1687 2078 1721 Deus

1098 1751 1202 1781 terret
1221 1756 1282 1787 per
1298 1747 1444 1777 verbum
1466 1742 1619 1782 loannis,
1643 1740 1710 1775 hoc
1728 1748 1777 1774 est
1795 1740 1897 1783 legis,
1924 1746 1957 1773 et
1972 1739 2079 1772 simul

1099 1795 1247 1839 impellit
1264 1796 1306 1827 ad
1324 1794 1535 1826 desiderium
1553 1792 1700 1836 gratiae,
1732 1789 1893 1824 Christus
1910 1790 2081 1828 medetur,

1099 1845 1232 1890 alioqui
1256 1846 1308 1877 lex
1326 1845 1400 1877 siue
1425 1843 1533 1886 gratia
1549 1850 1609 1876 aut
1631 1853 1703 1875 non
1720 1841 1824 1874 afficit
1842 1852 1922 1879 nos,
1949 1846 2009 1872 aut
2032 1839 2082 1872 ita

1099 1902 1205 1929 terret
1228 1902 1267 1929 ut
1290 1896 1529 1942 desperemus,
1552 1904 1590 1925 ac
1615 1891 1750 1923 invisus
1773 1889 1876 1922 nobis
1900 1889 1958 1923 fiat
1981 1890 2081 1923 deus.

1101 1946 1222 1979 Gratia
1241 1957 1323 1978 vero
1341 1945 1491 1988 primum
1508 1940 1691 1981 humilem,
1718 1941 1905 1979 desertum,
1930 1939 2082 1978 aridum,

1101 1997 1318 2031 sitibundum
1338 1994 1454 2027 reddit
1470 1993 1645 2032 animum,
1671 1991 1797 2023 deinde
1813 1996 1959 2025 serenat.
1993 1988 2082 2022 Pro-

1101 2056 1218 2092 pterea
1246 2045 1388 2079 loannis
1416 2043 1534 2077 contio
1559 2043 1656 2075 vides
1679 2053 1783 2086 quam
1809 2051 1928 2084 aspera
1952 2040 2014 2079 sit,
2049 2045 2083 2071 et

1103 2100 1203 2141 plena
1221 2097 1407 2129 minarum.
1441 2091 1501 2127 Ob
1516 2093 1551 2125 id
1568 2093 1654 2126 sacri
1671 2091 1856 2135 scriptores
1871 2090 2084 2133 baptismum

1105 2147 1246 2180 loannis
1263 2158 1334 2178 non
1350 2144 1513 2177 habuisse
1529 2142 1770 2176 remissionem
1790 2147 2008 2184 peccatorum
2027 2139 2082 2170 di-

1104 2204 1198 2232 cunt.
1248 2196 1365 2230 Solius
1384 2195 1476 2227 enim
1494 2191 1626 2226 Christi
1644 2199 1695 2225 est
1710 2193 1910 2224 condonare
1935 2195 2084 2232 peccata,

1077 2271 1078 2276 ,
1104 2247 1334 2292 tranquillare
1351 2244 1612 2278 conscientiam.
1648 2241 1789 2275 loannis
1803 2239 1996 2282 baptismus
2011 2250 2084 2270 non

1105 2298 1305 2332 conferebat
1330 2296 1496 2339 gratiam,
1524 2294 1658 2327 confert
1682 2297 1797 2324 autern
1816 2287 1946 2323 Christi
1971 2288 2086 2332 bapti-

1106 2361 1212 2383 smus.
1238 2345 1433 2391 Prophetae
1449 2345 1649 2387 ubicunque
1666 2341 1810 2383 gratiam
1828 2339 2087 2378 commendant,

1108 2399 1206 2444 prius
1223 2398 1308 2431 iram
1327 2404 1359 2430 et
1379 2395 1547 2428 iudicium
1564 2393 1618 2426 dei
1638 2392 1812 2430 iudicant,
1839 2390 1885 2423 ita
1902 2387 1959 2422 hic
1981 2388 2086 2421 loan-

1109 2461 1170 2484 nes
1187 2449 1319 2493 inquit:
1347 2446 1474 2480 securis
1491 2445 1532 2477 ad
1552 2443 1703 2477 radicem
1721 2441 1831 2486 posita
1848 2447 1908 2475 est.

1162 2539 1247 2587 Ipse
1267 2551 1326 2572 vos
1340 2534 1556 2584 baptizabit.

132 2556 199 2590 Per
223 2554 418 2600 myrrham,
455 2555 695 2590 vehementem
720 2564 751 2591 et
777 2556 1058 2590 ardentissimum

6 2593 10 2648 Ι
179 2607 215 2639 in
231 2609 285 2640 del
304 2608 450 2650 gloriam
466 2608 640 2652 Splshffln·
1215 2606 1396 2641 Christum
1428 2603 1602 2646 baptizare
1633 2600 1758 2644 spiritu
1789 2604 1908 2632 sancto
1940 2603 1972 2630 et
2005 2595 2089 2638 igni,

6 2653 9 2668 ι
1116 2658 1287 2702 significat
1308 2654 1485 2691 Christum
1511 2654 1613 2686 deum
1639 2662 1711 2684 esse
1736 2656 1768 2684 et
1790 2647 1972 2682 authorem
1992 2647 2093 2680 iusti-

1393 2701 1473 2738 54*
