2409 2915
56 88 152 126 1085
341 87 423 124 XII.

52 174 267 218 Evangelio,
293 175 387 219 quod
405 174 580 218 praedicat
597 173 768 206 iusticiam
788 173 942 218 spiritus.
968 173 1040 208 Ne-

53 238 121 272 que
138 226 175 259 in
191 231 328 266 monte,
355 225 377 260 i.
393 237 419 259 e.
436 225 533 258 nulla
553 223 797 258 observatione
821 231 974 260 externa.
989 244 1039 250 —

52 276 158 311 Pater
173 277 256 310 tales
274 276 431 320 quaerit,
458 276 480 308 i.
498 288 526 310 e.
543 286 642 308 veros
659 275 881 316 adoratores,
908 276 1039 310 scilicet

54 328 135 373 quia
152 328 205 360 lex
221 327 414 370 spiritualis
437 333 504 365 est,
532 325 649 370 itaque
675 325 839 359 voluutas
861 326 946 370 legis
964 339 1036 360 non

54 385 106 412 est
125 377 289 411 simulare
306 377 408 410 fidem
428 377 483 409 vel
506 383 637 410 metum
656 375 741 415 Dei,
776 377 835 409 sed
859 389 939 410 vere
963 389 1036 410 cre-

53 430 136 463 dere
156 435 189 462 et
207 428 404 462 timere.—
438 425 511 470 Ego
539 439 635 465 sum,
664 427 686 462 i.
705 439 732 462 e.
758 438 820 471 ego
845 439 921 461 sum
942 427 1037 462 Mes-

53 480 140 520 sias,
166 479 226 524 qui
244 478 454 512 annunciem
474 478 646 511 iusticiam
671 484 704 511 et
722 489 868 521 regnum
886 479 964 512 Dei.
986 498 1037 503 —

52 530 146 564 Num
163 527 221 562 hic
235 535 308 569 etc.‚
326 528 348 563 i.
358 540 384 564 e.
395 540 515 563 nonne
533 526 590 561 hic
605 535 653 562 est
664 526 834 563 Christus.
847 549 897 554 —
924 529 1038 563 Num-

52 580 132 626 quis
150 579 266 613 attulit
289 585 374 617 etc.‚
402 580 483 624 quia
509 591 581 612 non
608 579 852 622 intelligebant
875 587 1037 628 oportere

49 629 230 666 Christum
251 629 335 674 pati.
359 649 410 654 -—
446 628 493 664 Ut
508 630 631 663 faciam
648 636 727 670 etc.‚
758 630 781 664 i.
802 642 828 663 e.
848 638 885 664 ut
905 632 1038 664 moriar

51 694 116 726 pro
135 681 278 715 mundo.
297 701 346 705 —
374 680 537 723 Quatuor
553 692 688 714 menses
705 688 785 714 sunt
804 688 878 722 ete„
906 682 1036 715 scilicet

52 745 71 766 a
88 743 179 767 vere.
196 751 248 756 —
274 730 387 764 Albae
411 739 508 765 sunt:
528 753 574 759 —
604 732 685 776 quia
709 732 855 771 videtis,
882 732 1037 776 incipere

51 790 169 827 gentes
194 781 388 825 Evangelio
413 783 563 815 credere.
584 802 634 807 —
670 781 716 816 Ut
743 789 775 816 et
802 783 863 828 qui
887 784 1038 816 seminat

52 841 128 872 etc„
153 833 175 868 i.
193 845 219 866 e.
237 840 275 866 ut
289 833 396 865 simul
413 834 558 876 gaudeat
574 833 764 867 seminator
781 840 813 867 et
830 845 971 868 messor.
988 854 1038 858 —

9 894 12 897 ’
50 884 125 918 Alii
157 884 426 921 laboraverunt,
460 883 535 916 scil.
561 881 755 927 Prophetae
787 891 820 918 et
842 893 967 928 patres.
987 903 1038 909 —

50 934 309 969 Testimonium
334 932 570 978 perhibentis,
611 935 681 969 scil.
714 935 908 976 miraculo,
943 936 1037 980 quod

51 986 292 1020 auctoritatem
309 985 416 1018 verbo
435 986 582 1026 facit.—
599 985 688 1019 Cum
703 986 879 1019 venissent
896 997 977 1029 ergo
994 986 1037 1018 ad

51 1037 154 1070 illum
188 1036 419 1076 Samaritani,
452 1036 581 1069 scilicet
611 1049 688 1069 cum
709 1035 828 1069 Iudaei
855 1049 933 1070 eum
960 1048 1038 1080 pas-

51 1088 116 1120 sim
134 1087 328 1120 reiicerent.
345 1106 397 1111 —-
433 1086 583 1131 Propter
609 1098 805 1120 sermonem
833 1088 925 1125 eius,
964 1087 1038 1120 scil.

52 1137 335 1172 certificationem
362 1138 398 1170 in
430 1138 594 1171 cordibus
626 1138 707 1172 suis,
733 1157 783 1163 —
830 1137 876 1171 Et
900 1138 1038 1178 scimus,

50 1189 74 1223 i.
92 1201 121 1222 e.
141 1190 245 1222 corda
264 1195 382 1221 nostra
401 1189 585 1222 certificata
606 1195 688 1222 sunt
702 1215 710 1229 ‚
739 1196 770 1222 et
790 1190 948 1229 credunt,
974 1200 1038 1221 nos

50 1240 177 1273 salvari
206 1251 265 1283 per
288 1237 478 1273 Christum.
501 1259 551 1264 —
595 1238 635 1271 In
668 1237 883 1280 Galilaeam,
917 1240 991 1274 scil.
1021 1251 1039 1272 a

48 1288 234 1325 Nazareth.
300 1288 388 1322 Cum
419 1291 538 1323 omnia
569 1290 759 1330 vidissent,
802 1290 877 1324 scil.
909 1301 1039 1333 provo-

52 1342 119 1375 cati
142 1342 184 1373 ad
209 1340 314 1373 fidem
346 1341 535 1373 miraculis.
597 1339 643 1374 Ut
674 1340 917 1379 descenderet,
964 1340 1038 1374 scil.

49 1403 68 1424 a
84 1389 205 1424 Chana
230 1391 266 1422 in
291 1391 412 1422 urbem
439 1389 700 1434 Capharnaurn.
753 1389 828 1423 Nisi
846 1390 942 1433 signa
962 1396 1038 1429 etc.‚

48 1442 71 1475 i.
89 1454 116 1476 e.
136 1441 233 1475 iubes
255 1448 293 1474 ut
313 1441 520 1473 descendam
542 1452 620 1473 cum
638 1448 755 1474 tamen
773 1441 881 1474 verbo
901 1452 1037 1481 curem3

49 1493 167 1538 itaque
192 1503 298 1535 cogor
314 1492 562 1525 incredulitate
581 1498 693 1525 vestra
715 1492 813 1535 signa
829 1492 940 1524 facere
960 1490 1002 1537 ¹).

305 1575 372 1610 Da
400 1573 496 1609 mihi
522 1574 622 1623 quod
645 1575 781 1610 bibam„

150 1642 294 1677 Summa
321 1641 487 1677 historiae
512 1641 618 1677 huius
642 1645 685 1677 ad
711 1643 930 1677 vocationem
954 1654 1038 1686 gen-

49 1695 137 1728 tium
157 1694 330 1739 pertinet,
358 1695 401 1728 de
426 1706 494 1739 qua
516 1695 603 1727 alias
626 1694 711 1727 dicit
730 1692 892 1728 Christus
911 1691 1039 1727 Matth-

49 1744 165 1780 vul„
195 1744 302 1778 Multi
323 1745 367 1778 ab
391 1746 526 1778 oriente
544 1752 577 1777 et
604 1745 786 1778 occidente
810 1744 951 1777 venient
976 1750 1039 1778 etc.

49 1796 162 1830 Porro
201 1796 404 1841 ubicunque
436 1797 479 1828 de
511 1796 693 1829 vocatione
725 1796 883 1839 gentium
914 1795 1039 1838 agitur,

50 1858 187 1891 semper
198 1844 264 1879 hoc
282 1847 511 1890 spectandum
529 1853 590 1885 est,
610 1853 647 1879 ut
667 1847 840 1889 erigamus
857 1846 1038 1879 conscien-

49 1897 124 1931 tias.
177 1896 282 1939 Quod
307 1909 384 1930 cum
411 1904 530 1941 gentes
548 1897 717 1941 populum
741 1897 815 1930 sine
835 1895 910 1930 Deo
927 1903 1038 1936 vocat,

48 1955 83 1982 et
99 1948 207 1981 salvat
224 1948 300 1981 sine
315 1948 398 1982 ullis
416 1948 601 1992 operibus,
629 1948 821 1981 merissima
840 1947 1038 1980 misericor—

50 1999 126 2032 dia:
162 2005 362 2032 constanter
380 2006 414 2033 et
431 2011 496 2032 nos
515 1999 710 2039 credamus,
738 2010 938 2044 quanquam
960 2010 1038 2041 pec-

52 2056 185 2083 catores
210 2056 243 2082 et
260 2050 431 2093 populum
447 2051 522 2083 sine
538 2048 632 2090 Deo,
660 2049 936 2083 misericordiam
955 2060 1038 2081 con-

49 2107 240 2134 secuturos.
299 2099 376 2133 Hoc
407 2107 458 2133 est
482 2101 577 2145 quod
607 2098 722 2133 Oseae
745 2100 858 2144 primo
891 2099 1038 2132 dicitur:

49 2149 130 2185 Erit
147 2151 254 2191 locus,
282 2151 344 2184 ubi
364 2151 500 2184 dicetur
516 2150 577 2191 eis,
604 2162 677 2184 non
699 2151 850 2195 populus
867 2161 964 2184 meus
976 2156 1038 2183 etc.

308 2232 415 2268 Iesus
442 2238 562 2267 aulem
583 2233 792 2281 fatigatus.

152 2301 290 2336 Deinde
307 2303 599 2347 singulae,partes
616 2300 784 2337 historiae
801 2304 1039 2348 consyderan-

51 2355 115 2388 dae
130 2360 222 2389 sunt.
250 2353 409 2388 Primum
429 2355 510 2399 quia
531 2355 574 2387 de
590 2354 772 2388 vocatione
789 2354 945 2397 gentium
963 2354 1039 2398 agi-

52 2412 132 2446 tur,
158 2405 237 2438 ideo
263 2405 475 2439 describitur
495 2402 657 2438 Christus
675 2416 779 2450 quam
797 2405 912 2449 potuit
928 2405 1038 2438 maxi-

51 2468 107 2489 me
124 2455 326 2497 imbecillis;
352 2457 506 2500 primum
530 2456 689 2499 fugiens,
717 2456 845 2489 deinde
863 2455 1038 2499 fatigatus,

89 2575 117 2602 1)
136 2573 231 2597 Totum
255 2571 361 2596 initium
387 2571 466 2597 huius
493 2571 592 2602 capitis
617 2578 634 2597 a
653 2572 747 2597 verbis
765 2573 874 2601 sychar
898 2572 1040 2603 quondam

121 2608 237 2637 Sychem
255 2613 341 2637 usque
366 2607 400 2630 ad
426 2607 514 2630 verba
539 2607 624 2637 signa
648 2607 764 2639 facere,
804 2613 857 2631 non
885 2607 986 2637 legitur
1010 2607 1038 2630 in

122 2642 186 2667 edit.
205 2642 281 2672 Tub.,
300 2647 389 2672 neque
409 2641 538 2666 videntur
555 2641 625 2666 haec
644 2642 739 2667 brevia
758 2641 867 2666 scholia
886 2641 1039 2666 Melantho-

119 2682 182 2702 ηοω
199 2676 329 2701 habuisse
347 2677 498 2700 auctorem.

477 85 870 123 ANNOTATIONES
896 87 962 122 ET
988 85 1268 124 CONCIONES
1299 89 1346 124 IN
1371 88 1554 127 EVANG.
1582 89 1792 127 IOANNIS.

1979 94 2072 128 1086

1090 174 1193 206 tertio
1219 176 1374 209 esuriens
1399 183 1430 210 et
1455 177 1595 218 sitiens,
1631 184 1668 211 ut
1685 190 1721 212 ea
1742 178 1894 222 imagine
1913 180 2071 212 console-

1089 230 1147 258 tur
1163 225 1436 260 imbecillitatem
1455 229 1576 271 populi
1592 229 1666 262 sine
1684 229 1866 273 operibus,
1900 236 1939 263 ut
1964 242 2072 274 agno-

1088 287 1240 315 scamus,
1275 277 1378 309 talem
1404 289 1467 311 nos
1493 276 1620 312 habere
1637 280 1856 323 pontificem,
1893 281 1953 325 qui
1977 293 2072 314 com—

1087 326 1156 370 pati
1170 334 1284 370 posset
1302 328 1497 361 infirmitati
1516 336 1664 369 nostrae,
1682 337 1852 364 tentatum
1866 343 1926 375 per
1944 332 2072 365 omnia.

1085 406 1175 443 Non
1211 409 1305 443 enim
1341 410 1613 457 coniungunlur
1640 410 1776 445 Iudaei
1802 411 2071 448 Samaritanis.

1193 477 1330 511 Iudaeis
1347 487 1569 527 praeceptum
1591 480 1657 513 fuit
1681 479 1785 514 Deut.
1807 479 1905 520 VIL,
1932 493 1974 513 ne
1998 482 2072 514 soe-

1087 530 1168 562 dera
1186 529 1317 563 inirent
1335 530 1389 562 vel
1405 531 1583 563 connubia
1609 531 1867 577 coniungerent
1892 543 1969 563 cum
1987 542 2072 574 geu-

1087 580 1182 614 tibus
1203 580 1240 613 in
1267 587 1357 613 terra
1380 593 1452 615 sua.
1505 579 1594 614 Eam
1621 581 1730 624 legem
1751 581 1871 615 Iudaei
1889 583 1930 613 ad
1951 580 2072 615 Sama-

1088 631 1220 665 ritanos
1245 643 1385 676 quoque
1411 632 1619 667 retulerunt.
1673 632 1741 666 Sed
1765 632 1861 677 quod
1885 644 1948 664 nec
1971 633 2072 664 edere

1087 693 1150 714 nec
1180 682 1299 715 bibere
1334 694 1412 715 cum
1448 683 1517 715 illis
1548 683 1706 724 licuerit,
1752 680 1904 716 humana
1931 682 2073 715 traditio

1086 732 1190 765 fuisse
1209 732 1365 773 videtur,
1393 745 1496 778 quam
1509 730 1670 767 Christus
1688 732 1745 766 hic
1759 734 1878 767 violat.
1908 732 2073 777 Propter-

1087 795 1124 816 ea
1142 784 1426 828 consyderandae
1443 791 1523 817 sunt
1545 784 1834 818 circumstantiae.
1882 783 1962 816 Non
1981 784 2073 816 enim

1088 834 1196 867 violat
1219 832 1381 868 Christus
1407 835 1517 878 legem
1542 835 1595 867 vel
1622 835 1851 875 traditiones,
1885 834 1952 866 nisi
1977 840 2074 877 cogat

1088 885 1143 917 vel
1165 885 1350 918 necessitas
1379 886 1434 918 vel
1460 883 1630 926 charitas,
1657 892 1695 919 ut
1712 883 1840 919 Matth.
1857 884 1957 925 XII„
1996 896 2073 917 cum

1088 936 1248 979 Apostoli
1275 936 1384 979 spicas
1412 936 1599 975 vellerent,
1634 943 1668 970 et
1693 934 1823 969 Matth.
1841 934 1957 974 vul„
1995 947 2073 967 cum

1089 986 1244 1028 tangitur
1266 986 1434 1030 leprosus.
1487 986 1643 1019 Proinde
1668 987 1704 1019 in
1730 986 1910 1019 servandis
1928 986 1982 1018 vel
2000 985 2075 1017 vio-

1089 1037 1204 1069 landis
1231 1034 1415 1069 hominum
1440 1037 1689 1070 traditionibus
1712 1034 1873 1070 habenda
1905 1042 1955 1069 est
1986 1036 2075 1069 ratio

1089 1086 1279 1121 charitatis
1308 1088 1399 1121 Sunt
1416 1088 1507 1120 enim
1525 1088 1583 1132 qui
1602 1088 1769 1121 violando
1787 1099 1860 1120 non
1878 1087 1995 1126 modo,
2016 1087 2074 1119 sed

1089 1146 1122 1172 et
1140 1138 1244 1172 fidem
1261 1139 1297 1171 in
1320 1139 1488 1182 proximis
1508 1139 1670 1177 laedunt,
1697 1145 1728 1171 et
1746 1138 1899 1178 faciunt,
1926 1145 1965 1171 ut
1982 1137 2075 1170 blas-

1089 1187 1274 1233 phemetur
1292 1190 1424 1222 bonum
1441 1196 1600 1223 nostrum
1614 1216 1622 1230 ,
1649 1188 1754 1224 Rom.
1773 1187 1871 1222 VIII.
1919 1187 1966 1221 Hi
1984 1194 2076 1227 sunt,

1091 1241 1150 1285 qui
1170 1240 1207 1272 in
1226 1247 1334 1273 castra
1354 1240 1539 1273 israelitica
1558 1247 1689 1280 cacant,
1715 1247 1748 1273 et
1766 1240 1939 1273 infamant
1955 1236 2075 1272 Evan-

1090 1291 1232 1333 gelium.
1302 1290 1390 1323 Nam
1423 1303 1501 1324 cum
1535 1297 1695 1323 externae
1725 1291 1968 1323 ordinationes
2002 1300 2076 1322 me-

1090 1341 1168 1373 diae
1192 1341 1261 1373 sint
1287 1348 1465 1373 creaturae
1488 1339 1554 1373 Dei
1578 1342 1708 1382 honae,
1743 1348 1776 1375 et
1800 1352 1904 1385 opera
1929 1339 2075 1373 rationis

1090 1392 1178 1425 sicut
1196 1391 1328 1424 sutoria
1347 1397 1380 1424 et
1397 1391 1543 1424 similes:
1581 1391 1629 1424 sic
1656 1398 1738 1424 sunt
1761 1398 1879 1425 tamen
1902 1391 2076 1434 accipien-

1090 1443 1164 1481 dae,
1184 1441 1276 1475 utin
1298 1442 1340 1474 iis
1358 1453 1471 1486 neque
1487 1442 1623 1474 iusticia
1642 1453 1755 1486 neque
1770 1441 1948 1474 iniusticia
1965 1451 2077 1488 pona-

1090 1499 1164 1533 tur,
1193 1505 1263 1525 non
1282 1493 1385 1525 etiam
1404 1493 1614 1526 contumelia
1631 1493 1845 1527 afficiendae.
1880 1491 1973 1535 Papa
1992 1503 2074 1523 con-

1089 1543 1234 1577 tumelia
1250 1543 1355 1576 afficit
1372 1550 1586 1583 creaturam,
1613 1555 1691 1575 cum
1709 1549 1801 1576 vetat
1818 1542 1884 1575 edi.
1918 1541 1976 1575 Tu
1993 1553 2076 1574 con-

1091 1594 1271 1627 tumeliam
1294 1594 1379 1626 facis
1402 1600 1597 1634 creaturae,
1625 1593 1755 1627 scilicet
1778 1592 2003 1626 ordinatione
2027 1592 2077 1624 ci-

1089 1645 1151 1677 vili
1174 1651 1206 1678 et
1232 1651 1392 1684 externa,
1432 1657 1510 1677 cum
1537 1644 1648 1677 violas
1672 1655 1711 1677 ex
1740 1655 1835 1677 mero
1859 1649 2076 1687 contemptu,

1090 1696 1151 1741 qui
1170 1702 1218 1728 est
1235 1707 1330 1728 mera
1346 1695 1517 1739 impietas,

1234 1778 1280 1813 Si
1304 1779 1412 1814 scires
1441 1778 1576 1814 donum
1605 1778 1682 1814 Dei
1707 1785 1737 1814 et
1764 1779 1847 1828 quis
1874 1778 1933 1813 sil.

1191 1847 1334 1881 Summa
1373 1848 1628 1882 iustificationis
1663 1855 1713 1882 est
1745 1847 1899 1891 cognitio
1931 1844 2076 1886 Christi,

1089 1899 1183 1932 iuxta
1203 1898 1291 1931 illud
1312 1897 1437 1932 Esaiae
1452 1898 1603 1932 LX111.:
1638 1898 1790 1933 Scientia
1812 1898 1886 1931 eius
1911 1897 2076 1930 iustifica-

1090 1950 1141 1983 bit
1166 1949 1308 1983 multos.
1367 1948 1439 1982 Nec
1475 1950 1572 1982 aliud
1607 1956 1659 1983 est
1681 1948 1936 1992 Evangelium,
1970 1959 2074 1992 quam

1091 2012 1204 2033 sermo
1224 2001 1266 2033 de
1287 1997 1445 2039 Christo,
1472 2012 1489 2032 e
1507 2012 1576 2046 quo
1595 2000 1755 2043 cognosci
1776 1997 1939 2034 Christus
1955 1998 2076 2043 possit,

1089 2050 1194 2086 Rom.
1220 2049 1247 2085 I.
1269 2057 1303 2084 et
1328 2050 1370 2085 X.
1431 2050 1618 2096 Propterea
1650 2049 1706 2084 hic
1730 2048 1892 2084 Christus
1921 2050 2074 2092 primum

1090 2101 1276 2149 proponit:
1321 2100 1359 2135 Si
1385 2101 1489 2134 scires
1513 2103 1645 2135 donum
1664 2100 1743 2135 Dei.
1796 2099 1859 2134 Est
1885 2106 2000 2133 autem
2016 2110 2075 2131 co-

1089 2153 1201 2196 gnitio
1226 2149 1358 2185 Christi
1387 2152 1490 2193 fides,
1525 2164 1591 2197 qua
1620 2152 1776 2185 creditur
1798 2149 1979 2185 Christum
2003 2160 2075 2182 esse

1089 2203 1308 2236 salvatorem.
1363 2203 1415 2236 De
1433 2201 1497 2236 hac
1513 2203 1713 2246 cognitione
1730 2213 1834 2246 supra
1852 2201 1985 2235 dictum
2005 2206 2071 2233 est:

1089 2253 1249 2288 Mundus
1270 2265 1349 2287 eum
1369 2265 1442 2287 nou
1459 2253 1633 2297 coguovit.

1202 2336 1386 2378 Domine,
1413 2347 1524 2383 neque
1552 2348 1624 2384 quo
1651 2333 1810 2369 haurias
1839 2332 1964 2370 habes.

1189 2405 1297 2440 Ratio
1321 2416 1399 2438 cum
1421 2405 1522 2438 audit
1544 2402 1796 2447 Evangelium,
1835 2409 1867 2436 et
1891 2414 1952 2445 per
1970 2400 2073 2435 Chri-

1089 2463 1180 2491 stum
1207 2455 1366 2501 promitti
1392 2455 1564 2488 iusticiam
1592 2461 1624 2488 et
1643 2455 1767 2494 vitam,
1795 2453 1879 2498 quid
1899 2453 1994 2486 aliud
2013 2465 2073 2486 co-

1088 2507 1191 2552 gitat,
1220 2519 1327 2553 quum
1353 2508 1446 2550 quod
1465 2504 1595 2539 Paulus
1612 2506 1676 2538 ait:
1704 2502 1935 2547 Evangelium
1955 2503 2072 2538 stulti-

1088 2559 1172 2592 tiam
1191 2570 1262 2591 esse
1280 2556 1463 2601 gentibus?
1486 2555 1594 2590 Ratio
1612 2555 1701 2588 vidit
1715 2551 1898 2588 Christum
1917 2554 2070 2598 crucifigi

1088 2616 1122 2643 et
1137 2609 1247 2649 mori,
1274 2619 1381 2652 quare
1396 2619 1466 2640 non
1485 2613 1596 2651 potest
1613 2606 1753 2639 credere
1769 2617 1848 2639 eum
1869 2616 1942 2638 esse
1959 2605 2071 2638 salva-

1089 2667 1212 2696 torem.
1264 2658 1322 2693 Sic
1346 2658 1428 2692 item
1445 2669 1522 2691 cum
1539 2657 1709 2701 affligitur
1725 2668 1822 2698 caro,
1848 2654 1940 2690 nihil
1955 2655 2072 2689 minus
