2409 2915
257 98 330 133 803

263 191 410 226 pavores
439 186 665 223 agnoscentes
696 191 733 214 ac
765 187 959 215 metuentes
983 181 1071 215 iram
1096 180 1182 221 Dei,
1214 187 1247 214 et

262 231 557 268 consolationem,
585 243 653 275 qua
677 243 712 264 se
735 244 834 265 mens
857 239 976 276 petens
996 239 1027 266 et
1047 239 1248 277 exspectans

262 283 503 315 remissionem
529 283 747 324 peccatorum
774 283 839 316 fide
860 283 989 326 erigat,
1019 291 1051 317 et
1068 291 1161 318 certo
1179 290 1249 317 sta-

263 340 334 366 tuat
351 333 399 365 sic
416 343 480 365 nos
498 333 641 375 adiungi
658 334 728 366 tilio
739 335 800 367 Dei
819 341 986 379 tanquam
1004 336 1173 375 membra,
1202 334 1249 366 sic

264 396 327 417 nos
346 381 512 416 haeredes
529 394 601 417 esse
621 384 711 417 vitae
729 392 759 418 et
777 385 898 418 salutis
914 391 1086 419 aeternae.

365 460 508 493 Auditis
530 459 638 502 igitur
658 459 733 493 sine
756 460 984 503 ambiguitate
1007 469 1039 495 et
1057 462 1131 495 sine
1149 462 1251 494 invo-

264 511 370 544 lucris
390 511 597 549 verborum,
624 523 712 555 quae
731 511 774 545 sit
791 511 875 544 fides
891 519 923 545 et
941 513 1112 547 sententia
1131 519 1250 546 nostra

263 563 306 594 de
334 561 540 595 remissione
564 568 785 603 peccatorum
809 569 841 596 et
867 562 998 597 iustitia
1025 576 1087 607 per
1110 570 1141 596 et
1168 575 1249 608 pro-

263 619 340 655 pter
360 611 471 645 filium
489 609 581 649 Dei,
610 618 642 644 et
659 612 786 646 diserte
802 614 932 647 auditis
951 615 1125 647 nominari
1145 614 1250 647 etiam

264 663 450 695 efficaciam
482 662 588 696 totius
618 663 815 697 divinitatis
842 664 879 697 in
909 665 1076 699 cordibus
1105 666 1250 698 creden-—

263 713 369 752 tium,
398 719 431 746 et
455 713 601 756 adiungi
626 713 909 759 inseparabiliter
933 714 1022 749 hanc
1047 723 1250 760 perpetuam

264 763 562 804 consolationem,
594 777 699 809 quam
727 777 864 799 necesse
888 773 937 800 est
963 767 1066 799 scire:
1101 766 1251 799 Etiamsi

264 815 432 847 divinitas
449 814 484 847 in
504 815 607 847 nobis
623 815 741 849 efficax
757 823 816 856 est,
844 823 877 850 et
895 817 1010 861 aliqua
1023 824 1072 851 est
1087 815 1250 850 inchoata

265 865 483 905 obedientia,
510 872 626 898 tamen
651 868 866 900 credendum
891 879 930 899 ac
947 869 1171 901 statuendum
1190 874 1252 908 est,

263 928 329 948 nos
355 916 489 959 placere
506 915 601 956 Deo,
629 924 661 950 et
685 925 842 961 acceptos
867 928 938 950 esse
956 919 998 951 ad
1018 918 1123 952 vitam
1140 925 1252 952 aeter-

264 978 364 1007 nam,
401 974 544 1011 propter
577 965 770 1000 Dominum
804 974 964 1001 nostrum
998 967 1113 1003 Iesum
1146 967 1251 1003 Chri-

263 1024 354 1051 stum
369 1044 378 1057 ,
406 1029 477 1050 non
502 1024 644 1062 propter
664 1025 866 1064 sequentem
890 1019 1081 1054 novitatem
1099 1026 1159 1054 aut
1176 1021 1250 1053 effi-

263 1079 403 1102 caeram.

364 1143 485 1178 Novus
508 1145 543 1177 in
561 1144 702 1178 Prussia
725 1146 873 1190 scriptor
894 1154 1032 1181 accusat
1049 1159 1133 1186 nos,
1159 1146 1250 1181 nihil

264 1195 333 1228 dici
360 1208 376 1228 a
394 1196 498 1229 nobis
522 1197 563 1229 de
587 1197 736 1230 efficacia
761 1197 958 1231 divinitatis
975 1198 1011 1230 in
1030 1199 1249 1233 credentium

263 1247 440 1280 cordibus.
496 1246 564 1280 Sed
584 1259 646 1280 vos
663 1255 784 1281 contra
803 1255 904 1282 testes
921 1249 1037 1290 eritis,
1064 1261 1128 1283 nos
1145 1250 1249 1284 etiam

264 1295 328 1330 hac
351 1297 393 1330 de
413 1309 451 1331 re
474 1298 623 1331 fideliter
647 1310 708 1332 vos
727 1300 915 1341 erudiisse,
943 1307 982 1334 ut
1001 1307 1100 1334 sonat
1116 1301 1249 1334 dictum

264 1346 449 1382 lobannis:
485 1348 523 1383 Si
556 1349 634 1393 quis
660 1350 775 1393 diligit
798 1363 875 1390 me,
910 1362 1108 1383 sermonem
1131 1363 1249 1384 meum

263 1399 434 1443 servabit,
462 1406 495 1432 et
512 1397 616 1432 Pater
637 1412 736 1433 meus
753 1400 875 1443 diliget
892 1413 970 1434 eum
984 1428 992 1441 ‚
1020 1408 1052 1434 et
1069 1401 1250 1435 veniemus

263 1450 306 1483 ad
333 1461 430 1491 eum,
457 1457 490 1484 et
515 1450 733 1484 mansionem
760 1453 853 1495 apud
879 1463 957 1485 eum
974 1452 1151 1487 faciemus.
1204 1450 1251 1486 Et

263 1500 378 1542 scitis,
411 1512 516 1546 quam
550 1512 652 1545 saepe
678 1509 855 1545 repetatur
879 1500 963 1535 baec
989 1515 1055 1535 vox
1077 1503 1140 1535 filii
1166 1502 1250 1536 Dei:

263 1550 374 1584 Nemo
400 1551 511 1595 rapiet
534 1563 617 1584 oves
640 1564 733 1585 meas
757 1553 800 1585 de
823 1553 986 1586 manibus
1011 1553 1109 1589 meis.
1174 1553 1250 1598 lpse

261 1599 437 1635 Dominus
455 1600 549 1635 Iesus
565 1599 727 1635 Christus
749 1603 846 1636 adest
870 1603 955 1644 tibi,
983 1610 1032 1637 est
1055 1604 1092 1636 in
1118 1610 1152 1637 te
1175 1605 1250 1638 effi-

262 1664 344 1693 cax,
367 1654 453 1686 dans
479 1652 649 1686 iustitiam
677 1660 709 1687 et
733 1654 839 1687 vitam
867 1665 1014 1695 novam,
1041 1661 1073 1688 et
1089 1662 1250 1699 potenter

263 1703 428 1737 adversus
446 1703 669 1737 diabolorum
691 1704 836 1738 insidias
855 1712 885 1738 et
907 1705 1043 1739 furores
1060 1712 1092 1739 te
1108 1717 1251 1739 servans

262 1766 299 1787 ac
325 1761 518 1798 protegens.
572 1753 617 1788 Et
639 1767 840 1800 quanquam
856 1764 938 1790 sunt
958 1754 1039 1789 baec
1057 1758 1175 1790 omnia
1191 1770 1248 1791 ve-

263 1805 417 1846 rissima,
452 1812 567 1839 tamen
592 1806 695 1839 etiam
722 1806 757 1839 in
783 1807 911 1840 sanctis
933 1808 1101 1841 omnibus
1127 1808 1163 1841 in
1187 1806 1250 1841 hac

263 1857 332 1889 vita
358 1855 447 1903 (uno
463 1854 606 1890 Christo
631 1857 794 1901 excepto)
821 1858 944 1900 ingens
967 1871 1005 1891 ac
1024 1858 1133 1892 tristis
1152 1860 1249 1892 infir-

264 1907 364 1940 mitas
381 1915 412 1941 et
430 1908 550 1941 sordes
567 1914 788 1951 peccatorum
805 1908 961 1953 reliquae
978 1916 1070 1942 sunt.
1126 1907 1171 1943 Et
1188 1923 1249 1943 ne-

264 1969 355 1990 cesse
379 1965 428 1991 est
451 1958 607 1991 confiteri
628 1970 749 1991 omnes
768 1971 846 1991 cum
865 1957 1018 1993 Davide:
1049 1959 1128 1994 Non
1150 1961 1250 1994 iusti-

263 2008 423 2042 ficabitur
443 2008 480 2043 in
501 2016 688 2052 conspectu
711 2016 769 2042 tuo
787 2010 901 2042 omnis
919 2011 1052 2046 vivens.
1108 2010 1155 2045 Et
1171 2024 1249 2045 sen-

261 2060 355 2093 tiunt
378 2059 507 2102 singuli
533 2057 758 2093 vehementer
784 2061 862 2102 angi
890 2062 1045 2101 animos,
1080 2070 1112 2096 et
1140 2069 1250 2096 terro-

263 2110 360 2143 ribus
398 2110 665 2154 praeteritorum
708 2119 948 2156 peccatorum,
992 2120 1023 2147 et
1061 2122 1249 2158 conspectu

263 2162 497 2204 praesentium
535 2162 712 2201 sordium,
755 2175 844 2207 quae
883 2160 1027 2197 haerent
1063 2165 1098 2198 in
1133 2165 1250 2204 nobis,

263 2224 418 2257 quasque
441 2212 582 2245 assiduo
606 2213 894 2247 circumferimus.
952 2213 1018 2248 llic
1044 2228 1180 2250 necesse
1201 2223 1249 2250 est

264 2264 373 2296 teneri
401 2261 489 2297 hanc
517 2264 813 2305 consolationem,
847 2266 889 2297 (le
915 2278 982 2310 qua
1009 2265 1137 2299 Psalmi
1164 2280 1247 2300 con-

263 2315 467 2348 cionantur:
504 2313 601 2348 Beati
636 2327 787 2360 quorum
819 2316 981 2349 remissae
1006 2325 1087 2351 sunt
1116 2318 1247 2363 iniqui-

264 2373 368 2404 tates,
396 2373 424 2399 et
451 2378 601 2410 quorum
626 2373 712 2399 tecta
740 2374 822 2400 sunt
848 2375 1005 2411 peccata,
1035 2367 1160 2401 Beatus
1184 2370 1248 2408 vir,

261 2417 315 2449 coi
337 2429 407 2449 non
429 2416 612 2461 imputavit
631 2416 806 2451 Dominus
826 2425 1015 2461 peccatum.
1070 2418 1248 2461 lutettigas

261 2475 376 2499 autem
403 2469 582 2512 quomodo
608 2475 693 2501 terta
720 2469 807 2506 sint,
838 2470 999 2503 videlicet
1027 2470 1156 2504 iustitia
1177 2471 1246 2505 Do-

262 2519 347 2551 mini
373 2519 482 2552 nostri
510 2517 584 2552 Iesu
611 2517 762 2559 Christi,
798 2521 857 2564 qui
884 2521 918 2553 in
946 2533 1073 2555 arcano
1097 2523 1246 2557 romilio

261 2569 456 2602 divinitatis
482 2583 544 2614 pro
569 2577 600 2603 te
617 2571 752 2604 assidue
771 2573 997 2616 deprecatur,
1024 2574 1246 2617 inscriptum

261 2628 306 2651 ext
335 2622 374 2652 ad
401 2620 552 2654 tbi-neos
575 2621 624 2656 7.:
662 2622 806 2666 Semper
831 2624 914 2656 xix-ii
940 2622 995 2657 hic
1020 2622 1178 2658 Pontifex
1204 2627 1275 2657 ad

261 2672 556 2715 interpellandum
592 2686 654 2716 pro
686 2674 806 2714 nobis,
850 2682 969 2719 estque
1003 2672 1059 2709 hic
1089 2687 1246 2709 summus
1273 2666 1276 2695 i

855 94 980 132 PHIL.
1008 95 1122 132 MEL.
1156 94 1367 131 SCRIPTA
1401 94 1698 132 EXEGETICA.

1274 2595 1276 2620 ι’
1301 2574 1393 2618 ipsis.

1300 180 1462 216 Pontifex
1487 183 1661 218 Dominus
1687 188 1805 216 noster
1832 180 1928 215 Iesus
1951 179 2114 216 Christus
2134 181 2229 218 Deus
2253 192 2286 218 et

1300 229 1426 272 homo,
1459 245 1498 267 ac
1524 241 1666 278 propter
1692 231 1796 267 huius
1822 233 1948 266 summi
1971 231 2153 267 Pontificis
2176 234 2286 270 inter-

1300 284 1509 326 cessionem,
1535 292 1696 319 aeternus
1712 283 1817 318 Pater
1833 284 1936 317 nobis
1951 284 2126 328 propitius
2141 291 2203 319 est.

1405 357 1456 392 Ac
1480 361 1710 394 necessariam
1733 358 1825 393 hanc
1842 359 2120 393 consolationem
2139 371 2211 394 non
2227 372 2289 406 pa·

1301 409 1398 444 tiaris
1422 410 1487 443 tibi
1507 410 1594 454 eripi
1615 422 1707 445 nova
1724 411 1782 444 illa
1798 410 2055 455 speculatione,
2083 422 2172 455 quae
2190 411 2290 454 fingit

1303 458 1482 494 hominem
1506 461 1636 494 iustum
1663 472 1753 500 esse,
1779 462 1880 503 ideo,
1907 461 1989 506 quia
2014 461 2147 495 iustitia
2172 473 2289 496 essen-

1302 511 1395 545 tialis
1412 511 1526 545 Patris
1543 519 1576 546 et
1594 511 1678 545 Filii
1696 518 1729 545 et
1743 511 1898 556 Spiritus
1913 512 2024 545 sancti
2042 512 2077 545 in
2093 511 2169 556 ipso
2187 510 2289 546 habi-

1303 569 1361 597 tet.
1417 562 1546 596 Discite
1576 570 1691 595 antem
1724 560 1819 596 hunc
1846 570 2027 597 aeternum
2055 571 2088 598 et
2112 575 2289 597 summum

1303 612 1508 646 Pontificem
1542 613 1737 647 Dominum
1762 612 1877 647 Iesum
1904 611 2086 648 Christum
2118 613 2291 649 mediato-

1305 677 1377 698 rem
1417 672 1450 698 et
1488 665 1754 708 propitiatorem
1795 670 1965 711 perpetuo
2006 676 2212 709 agnoscere,
2256 672 2290 699 et

1303 716 1372 748 fide
1395 727 1433 748 ac
1458 715 1585 748 fiducia
1604 728 1684 748 vera
1704 727 1783 748 eum
1803 715 1982 754 invocate,
2009 722 2042 749 et
2059 717 2103 749 ad
2121 713 2291 749 thronum

1304 766 1564 799 misericordiae
1605 766 1641 798 in
1680 766 1847 799 omnibus
1884 765 2067 799 doloribus
2103 778 2166 811 per
2196 764 2291 800 hunc

1304 818 1418 861 ipsum
1444 815 1650 850 Pontificem
1676 816 1828 850 subinde
1854 817 2022 850 accedite:
2050 817 2139 851 sicut
2164 817 2292 851 Daniel

1304 874 1402 907 orat,
1430 879 1545 915 neque
1571 868 1664 901 enim
1683 868 1718 900 in
1738 867 2047 901 iustificationibus
2062 868 2192 902 nostris
2209 880 2294 912 pro-

1304 919 1494 952 sternimus
1518 930 1637 963 preces
1656 926 1736 952 ante
1757 919 1880 952 faciem
1907 925 2022 956 tuam,
2049 919 2109 952 sed
2130 919 2167 952 in
2187 919 2292 953 mise-

1305 970 1503 1004 rationibus
1529 970 1598 1002 tuis
1616 969 1735 1003 multis
1753 976 1896 1013 propter
1915 969 2125 1003 Dominum:
2154 968 2292 1004 Exaudi

1303 1020 1476 1061 Domine,
1502 1021 1642 1064 placare
1658 1019 1831 1059 Domine,
1860 1021 1999 1054 attende
2016 1027 2050 1054 et
2066 1020 2130 1054 fac.

1408 1095 1464 1130 Ad
1490 1094 1576 1129 haec
1602 1096 1674 1141 ipsa
1701 1096 1806 1129 verba
1825 1094 1982 1129 Danielis
2002 1107 2063 1129 vos
2079 1096 2294 1137 assuefacite,

1304 1154 1338 1181 et
1364 1148 1496 1182 imitari
1521 1159 1560 1181 ea
1585 1147 1621 1179 in
1645 1153 1758 1181 vestra
1784 1147 2008 1181 invocatione
2031 1148 2172 1186 discite,
2199 1155 2233 1181 et
2254 1148 2293 1181 in

1304 1198 1515 1242 cogitatione
1535 1210 1656 1232 eorum
1673 1198 1933 1238 immoramini,
1961 1198 2131 1231 dicentes:
2160 1196 2293 1232 Omni-

1305 1257 1446 1292 potens,
1473 1256 1631 1289 aeterne,
1658 1249 1736 1281 vive
1753 1255 1785 1282 et
1803 1261 1882 1282 vere
1892 1248 2007 1289 Deus,
2034 1256 2174 1283 aeterne
2190 1247 2294 1283 Pater

1303 1299 1449 1334 Domini
1476 1301 1587 1334 nostri
1607 1299 1683 1333 lesu
1703 1297 1856 1339 Christi,
1884 1299 2047 1333 conditor
2068 1300 2157 1333 coeli
2174 1307 2207 1334 et
2222 1307 2293 1335 ter-

1303 1363 1379 1391 rae,
1404 1349 1624 1394 Angelorum
1645 1357 1677 1383 et
1693 1347 1900 1390 hominum,
1926 1357 1961 1384 et
1976 1351 2136 1383 omnium
2155 1357 2294 1385 creatu-

1303 1413 1443 1440 rarum,
1472 1413 1542 1435 una
1568 1413 1647 1434 cum
1670 1401 1743 1433 filio
1767 1407 1828 1434 tuo
1852 1407 2037 1434 coaeterno
2055 1399 2211 1435 Domino
2227 1413 2293 1435 no-

1302 1459 1375 1486 stro
1390 1451 1469 1486 Iesu
1485 1449 1628 1486 Christo
1644 1451 1822 1496 etSpiritu
1839 1459 1957 1485 sancto
1970 1479 1978 1491 ‚
2006 1451 2132 1485 invoco
2151 1458 2184 1486 te
2201 1452 2294 1486 veris

1303 1503 1508 1546 gemitibus,
1535 1509 1567 1536 et
1592 1509 1732 1547 pectore
1755 1509 1828 1536 toto
1847 1503 2035 1543 confiteor,
2063 1515 2119 1535 me
2135 1500 2293 1537 horribi-

1305 1554 1385 1587 liter
1409 1553 1558 1597 peccatis
1584 1560 1615 1586 et
1631 1553 1811 1586 erroribus
1828 1553 1950 1586 multis
1968 1560 2001 1587 te
2018 1553 2226 1592 offendisse,
2253 1565 2293 1587 ac

1303 1617 1384 1637 vere
1407 1605 1529 1644 doleo,
1557 1611 1590 1637 te
1613 1604 1787 1638 offensum
1812 1615 1902 1643 esse,
1928 1611 1961 1637 et
1986 1606 2072 1637 iram
2098 1610 2195 1638 tuam
2218 1616 2291 1638 me-

1304 1662 1383 1693 tuo,
1411 1667 1450 1688 ac
1475 1662 1661 1699 prosterno
1688 1666 1804 1698 preces
1829 1661 1909 1688 ante
1931 1655 2054 1688 faciem
2077 1661 2192 1695 tuam,
2219 1667 2292 1689 non

1304 1707 1340 1739 in
1374 1706 1505 1740 iustitia
1536 1717 1629 1743 mea,
1664 1706 1722 1738 sed
1758 1705 1793 1737 in
1818 1705 2058 1739 misericordia
2084 1712 2142 1739 tua
2168 1717 2293 1750 magna

1303 1764 1447 1802 propter
1482 1757 1594 1790 filium
1628 1763 1729 1789 tunm
1761 1755 1956 1789 Dominum
1987 1763 2146 1790 nostrum
2179 1755 2291 1791 lesum

1302 1806 1481 1841 Christum
1495 1835 1503 1847 ,
1528 1815 1559 1841 et
1578 1819 1640 1840 oro
1660 1814 1710 1846 te,
1737 1807 1902 1839 miserere
1921 1807 1988 1839 mei
2008 1814 2040 1841 et
2059 1807 2206 1855 iustifica
2225 1819 2293 1849 me,

1303 1867 1335 1893 et
1360 1871 1420 1903 per
1445 1859 1555 1892 filium
1583 1870 1638 1891 me
1663 1869 1759 1890 serva
1780 1870 1819 1891 ac
1836 1864 1998 1905 protege,
2023 1859 2128 1897 doce,
2155 1868 2236 1901 rege
2251 1869 2291 1892 ac

1303 1911 1382 1943 iuva
1407 1922 1461 1942 me
1478 1909 1612 1953 Spiritu
1636 1915 1697 1942 tuo
1723 1914 1861 1948 saneto,
1888 1909 1948 1952 qui
1972 1921 1990 1941 a
2014 1915 2046 1941 te
2069 1915 2102 1942 et
2126 1908 2198 1942 lilio
2219 1915 2292 1950 tuo,

1302 1960 1457 1995 Domino
1478 1967 1598 1994 nostro
1619 1959 1694 1992 lesu
1713 1957 1855 1992 Christo
1877 1959 2034 2002 procedit
2052 1966 2114 1993 etc.

1407 2036 1446 2070 ln
1485 2037 1545 2071 tali
1581 2037 1692 2069 forma
1722 2035 1950 2080 precationis,
1993 2049 2060 2081 qua
2093 2034 2291 2081 Prophetae

1302 2095 1470 2128 utuntur.
1500 2089 1605 2122 simul
1631 2095 1663 2121 et
1688 2087 1848 2120 doctrina
1873 2087 2058 2131 praecipua
2082 2088 2224 2121 recitata
2240 2095 2291 2122 est

1302 2147 1334 2173 et
1366 2139 1720 2173 commoni-sactiones
1754 2138 1886 2171 multae
1919 2145 1952 2172 et
1982 2138 2086 2172 utiles
2111 2138 2194 2172 inde
2218 2139 2290 2183 peti

1302 2198 1457 2234 possunt.
1512 2189 1556 2224 Et
1575 2197 1624 2223 est
1644 2190 1679 2222 in
1699 2188 1956 2233 Prophetarum
1975 2189 2197 2223 invocatione
2214 2189 2289 2223 sin-

1302 2242 1433 2286 gularis
1453 2239 1628 2285 emphasis
1647 2241 1854 2281 verborum,
1885 2253 1973 2286 quae
1991 2241 2093 2273 infixa
2109 2240 2289 2275 mentibus

1302 2294 1410 2327 multa
1436 2294 1561 2327 docent
1580 2305 1619 2326 ac
1636 2298 1874 2326 commonent.
1931 2291 2050 2334 Quare
2066 2291 2193 2325 iterum
2211 2304 2288 2326 mo-

1302 2357 1387 2383 neo,
1414 2352 1452 2378 ut
1474 2341 1725 2389 prophetarum
1753 2342 2012 2376 invocationem
2031 2341 2162 2376 imitari
2179 2348 2214 2377 et
2229 2355 2288 2377 ex-

1301 2397 1451 2440 primere
1469 2395 1648 2430 studeatis.

1404 2469 1497 2504 llaec
1508 2467 2126 2504 suistiriantnuncdeverbistristi:
2150 2468 2287 2505 Offerie

1300 2535 1444 2556 munera
1470 2534 1558 2567 quae
1580 2519 1747 2565 praeripit
1770 2520 1838 2553 illis
1858 2520 1975 2554 Moses
1993 2521 2028 2554 in
2047 2522 2285 2555 testimonium

1448 2571 1622 2606 Dominus
1645 2578 1763 2606 noster
1783 2570 1876 2605 lesus
1893 2569 2054 2606 Christus
2077 2573 2164 2606 adsit
2184 2573 2285 2606 nobis

1299 2632 1329 2658 et
1348 2631 1440 2668 regat
1459 2635 1539 2662 nos,
1570 2624 1692 2657 t-xmen.

2213 98 2287 134 804
2308 98 2313 103 ’
