<?xml version="1.0" encoding="UTF-8"?>
<!DOCTYPE html PUBLIC "-//W3C//DTD XHTML 1.0 Transitional//EN"
    "http://www.w3.org/TR/xhtml1/DTD/xhtml1-transitional.dtd">
<html xmlns="http://www.w3.org/1999/xhtml" xml:lang="en" lang="en">
 <head>
  <title>
</title>
<meta http-equiv="Content-Type" content="text/html;charset=utf-8" />
  <meta name='ocr-system' content='tesseract 3.04.00' />
  <meta name='ocr-capabilities' content='ocr_page ocr_carea ocr_par ocr_line ocrx_word'/>
</head>
<body>
  <div class='ocr_page' id='page_1' title='image "./operaquaesupersu14melauoft/operaquaesupersu14melauoft_0430.png"; bbox 0 0 2409 2915; ppageno 0'>
   <div class='ocr_carea' id='block_1_1' title="bbox 279 88 352 124">
    <p class='ocr_par' dir='ltr' id='par_1_1' title="bbox 279 88 352 124">
     <span class='ocr_line' id='line_1_1' title="bbox 279 88 352 124; baseline -0.027 0"><span class='ocrx_word' id='word_1_1' title='bbox 279 88 352 124; x_wconf 79' lang='lat'>843</span> 
     </span>
    </p>
   </div>
   <div class='ocr_carea' id='block_1_2' title="bbox 280 158 1272 562">
    <p class='ocr_par' dir='ltr' id='par_1_2' title="bbox 280 158 1271 365">
     <span class='ocr_line' id='line_1_2' title="bbox 281 158 1270 213; baseline -0.016 -5"><span class='ocrx_word' id='word_1_2' title='bbox 281 188 300 210; x_wconf 87' lang='lat' dir='ltr'>a</span> <span class='ocrx_word' id='word_1_3' title='bbox 320 185 394 213; x_wconf 90' lang='lat' dir='ltr'>me,</span> <span class='ocrx_word' id='word_1_4' title='bbox 421 178 454 204; x_wconf 91' lang='lat' dir='ltr'>et</span> <span class='ocrx_word' id='word_1_5' title='bbox 473 168 564 202; x_wconf 89' lang='lat' dir='ltr'>dabo</span> <span class='ocrx_word' id='word_1_6' title='bbox 586 165 650 200; x_wconf 88' lang='lat' dir='ltr'>tibi</span> <span class='ocrx_word' id='word_1_7' title='bbox 670 170 798 208; x_wconf 77' lang='lat' dir='ltr'>genteS.</span> <span class='ocrx_word' id='word_1_8' title='bbox 853 159 898 195; x_wconf 87' lang='lat' dir='ltr'>Et</span> <span class='ocrx_word' id='word_1_9' title='bbox 918 158 1069 194; x_wconf 89' lang='lat' dir='ltr'>lohann.</span> <span class='ocrx_word' id='word_1_10' title='bbox 1089 158 1145 193; x_wconf 90' lang='grc'>17.</span> <span class='ocrx_word' id='word_1_11' title='bbox 1164 160 1270 202; x_wconf 86' lang='lat' dir='ltr'>longa</span> 
     </span>
     <span class='ocr_line' id='line_1_3' title="bbox 282 209 1271 267; baseline -0.017 -9"><span class='ocrx_word' id='word_1_12' title='bbox 282 234 315 260; x_wconf 84' lang='lat' dir='ltr'>et</span> <span class='ocrx_word' id='word_1_13' title='bbox 337 232 494 267; x_wconf 83' lang='lat' dir='ltr'>expressa</span> <span class='ocrx_word' id='word_1_14' title='bbox 520 224 570 251; x_wconf 89' lang='lat' dir='ltr'>est</span> <span class='ocrx_word' id='word_1_15' title='bbox 594 214 763 260; x_wconf 87' lang='lat' dir='ltr'>precatio:</span> <span class='ocrx_word' id='word_1_16' title='bbox 793 210 870 246; x_wconf 93' lang='lat' dir='ltr'>Oro</span> <span class='ocrx_word' id='word_1_17' title='bbox 887 222 960 244; x_wconf 90' lang='lat' dir='ltr'>non</span> <span class='ocrx_word' id='word_1_18' title='bbox 975 222 1039 254; x_wconf 87' lang='lat' dir='ltr'>pro</span> <span class='ocrx_word' id='word_1_19' title='bbox 1056 209 1105 243; x_wconf 90' lang='lat' dir='ltr'>eis</span> <span class='ocrx_word' id='word_1_20' title='bbox 1119 216 1271 250; x_wconf 86' lang='lat' dir='ltr'>tantum,</span> 
     </span>
     <span class='ocr_line' id='line_1_4' title="bbox 282 261 1270 317; baseline -0.016 -9"><span class='ocrx_word' id='word_1_21' title='bbox 282 276 341 308; x_wconf 87' lang='lat' dir='ltr'>sed</span> <span class='ocrx_word' id='word_1_22' title='bbox 373 284 437 317; x_wconf 89' lang='lat' dir='ltr'>pro</span> <span class='ocrx_word' id='word_1_23' title='bbox 467 268 634 304; x_wconf 85' lang='lat' dir='ltr'>omnibus</span> <span class='ocrx_word' id='word_1_24' title='bbox 663 263 848 298; x_wconf 83' lang='lat' dir='ltr'>credituris</span> <span class='ocrx_word' id='word_1_25' title='bbox 880 273 941 307; x_wconf 88' lang='lat' dir='ltr'>per</span> <span class='ocrx_word' id='word_1_26' title='bbox 964 261 1113 294; x_wconf 78' lang='lat' dir='ltr'>verbum</span> <span class='ocrx_word' id='word_1_27' title='bbox 1139 272 1270 295; x_wconf 89' lang='lat' dir='ltr'>eorum.</span> 
     </span>
     <span class='ocr_line' id='line_1_5' title="bbox 280 317 690 365; baseline -0.027 -5"><span class='ocrx_word' id='word_1_28' title='bbox 280 326 387 365; x_wconf 88' lang='lat' dir='ltr'>Item,</span> <span class='ocrx_word' id='word_1_29' title='bbox 419 324 449 357; x_wconf 89' lang='lat'>1.</span> <span class='ocrx_word' id='word_1_30' title='bbox 468 317 637 354; x_wconf 87' lang='lat' dir='ltr'>Iohannis</span> <span class='ocrx_word' id='word_1_31' title='bbox 655 317 690 351; x_wconf 78' lang='lat'>5.</span> 
     </span>
    </p>

    <p class='ocr_par' dir='ltr' id='par_1_3' title="bbox 281 360 1272 562">
     <span class='ocr_line' id='line_1_6' title="bbox 382 360 1271 407; baseline -0.017 0"><span class='ocrx_word' id='word_1_32' title='bbox 382 372 453 407; x_wconf 87' lang='lat' dir='ltr'>Hic</span> <span class='ocrx_word' id='word_1_33' title='bbox 479 371 654 405; x_wconf 90' lang='lat' dir='ltr'>discamus</span> <span class='ocrx_word' id='word_1_34' title='bbox 678 364 763 400; x_wconf 91' lang='lat' dir='ltr'>haec</span> <span class='ocrx_word' id='word_1_35' title='bbox 787 363 948 397; x_wconf 85' lang='lat' dir='ltr'>miranda</span> <span class='ocrx_word' id='word_1_36' title='bbox 973 361 1140 402; x_wconf 88' lang='lat' dir='ltr'>consilia,</span> <span class='ocrx_word' id='word_1_37' title='bbox 1175 360 1271 405; x_wconf 90' lang='lat' dir='ltr'>quod</span> 
     </span>
     <span class='ocr_line' id='line_1_7' title="bbox 282 410 1272 470; baseline -0.018 -10"><span class='ocrx_word' id='word_1_38' title='bbox 282 436 391 470; x_wconf 83' lang='lat' dir='ltr'>genus</span> <span class='ocrx_word' id='word_1_39' title='bbox 424 421 620 456; x_wconf 89' lang='lat' dir='ltr'>humanum</span> <span class='ocrx_word' id='word_1_40' title='bbox 651 429 725 451; x_wconf 91' lang='lat' dir='ltr'>non</span> <span class='ocrx_word' id='word_1_41' title='bbox 755 416 798 450; x_wconf 87' lang='lat' dir='ltr'>sit</span> <span class='ocrx_word' id='word_1_42' title='bbox 822 415 951 448; x_wconf 81' lang='lat' dir='ltr'>frustra</span> <span class='ocrx_word' id='word_1_43' title='bbox 976 413 1177 451; x_wconf 88' lang='lat' dir='ltr'>conditum,</span> <span class='ocrx_word' id='word_1_44' title='bbox 1212 410 1272 443; x_wconf 84' lang='lat' dir='ltr'>sed</span> 
     </span>
     <span class='ocr_line' id='line_1_8' title="bbox 282 463 1272 516; baseline -0.018 -5"><span class='ocrx_word' id='word_1_45' title='bbox 282 476 374 514; x_wconf 71' lang='lat' dir='ltr'>Quod</span> <span class='ocrx_word' id='word_1_46' title='bbox 392 475 492 509; x_wconf 88' lang='lat' dir='ltr'>Deus</span> <span class='ocrx_word' id='word_1_47' title='bbox 514 482 576 516; x_wconf 87' lang='lat' dir='ltr'>per</span> <span class='ocrx_word' id='word_1_48' title='bbox 599 465 876 502; x_wconf 86' lang='lat' dir='ltr'>miscricordiam</span> <span class='ocrx_word' id='word_1_49' title='bbox 902 464 985 497; x_wconf 88' lang='lat' dir='ltr'>inde</span> <span class='ocrx_word' id='word_1_50' title='bbox 1003 463 1145 507; x_wconf 86' lang='lat' dir='ltr'>colligat</span> <span class='ocrx_word' id='word_1_51' title='bbox 1160 467 1272 495; x_wconf 89' lang='lat' dir='ltr'>aeter-</span> 
     </span>
     <span class='ocr_line' id='line_1_9' title="bbox 281 515 1037 562; baseline -0.016 -1"><span class='ocrx_word' id='word_1_52' title='bbox 281 516 362 560; x_wconf 76' lang='lat' dir='ltr'>nam</span> <span class='ocrx_word' id='word_1_53' title='bbox 379 523 588 562; x_wconf 83' lang='lat' dir='ltr'>Ecclesiam,</span> <span class='ocrx_word' id='word_1_54' title='bbox 616 520 675 553; x_wconf 90' lang='lat' dir='ltr'>sed</span> <span class='ocrx_word' id='word_1_55' title='bbox 694 516 935 551; x_wconf 84' lang='lat' dir='ltr'><strong>intercedente</strong></span> <span class='ocrx_word' id='word_1_56' title='bbox 952 515 1037 549; x_wconf 85' lang='lat' dir='ltr'>filio.</span> 
     </span>
    </p>
   </div>
   <div class='ocr_carea' id='block_1_3' title="bbox 284 569 1272 678">
    <p class='ocr_par' dir='ltr' id='par_1_4' title="bbox 284 569 1272 678">
     <span class='ocr_line' id='line_1_10' title="bbox 385 569 1272 621; baseline -0.017 -5"><span class='ocrx_word' id='word_1_57' title='bbox 385 581 432 617; x_wconf 88' lang='lat' dir='ltr'>Et</span> <span class='ocrx_word' id='word_1_58' title='bbox 461 579 546 614; x_wconf 88' lang='lat' dir='ltr'>haec</span> <span class='ocrx_word' id='word_1_59' title='bbox 577 588 715 621; x_wconf 82' lang='lat' dir='ltr'>semper</span> <span class='ocrx_word' id='word_1_60' title='bbox 743 575 874 609; x_wconf 90' lang='lat' dir='ltr'>debent</span> <span class='ocrx_word' id='word_1_61' title='bbox 895 570 1082 615; x_wconf 86' lang='lat' dir='ltr'>coniungi:</span> <span class='ocrx_word' id='word_1_62' title='bbox 1120 569 1272 613; x_wconf 87' lang='lat' dir='ltr'>precatio</span> 
     </span>
     <span class='ocr_line' id='line_1_11' title="bbox 284 626 985 678; baseline -0.019 -9"><span class='ocrx_word' id='word_1_63' title='bbox 284 643 315 669; x_wconf 87' lang='lat' dir='ltr'>et</span> <span class='ocrx_word' id='word_1_64' title='bbox 334 634 526 678; x_wconf 85' lang='lat' dir='ltr'>gratiarum</span> <span class='ocrx_word' id='word_1_65' title='bbox 543 629 633 663; x_wconf 86' lang='lat' dir='ltr'>actio</span> <span class='ocrx_word' id='word_1_66' title='bbox 651 639 713 671; x_wconf 88' lang='lat' dir='ltr'>pro</span> <span class='ocrx_word' id='word_1_67' title='bbox 732 638 768 659; x_wconf 93' lang='lat' dir='ltr'>re</span> <span class='ocrx_word' id='word_1_68' title='bbox 787 626 985 669; x_wconf 84' lang='lat' dir='ltr'>impetrata.</span> 
     </span>
    </p>
   </div>
   <div class='ocr_carea' id='block_1_4' title="bbox 284 679 1284 1953">
    <p class='ocr_par' dir='ltr' id='par_1_5' title="bbox 284 679 1274 789">
     <span class='ocr_line' id='line_1_12' title="bbox 385 679 1274 731; baseline -0.017 -5"><span class='ocrx_word' id='word_1_69' title='bbox 385 691 450 726; x_wconf 90' lang='lat' dir='ltr'>Est</span> <span class='ocrx_word' id='word_1_70' title='bbox 467 689 614 724; x_wconf 89' lang='lat' dir='ltr'>omnino</span> <span class='ocrx_word' id='word_1_71' title='bbox 632 687 816 731; x_wconf 89' lang='lat' dir='ltr'>iniquum,</span> <span class='ocrx_word' id='word_1_72' title='bbox 842 683 951 717; x_wconf 86' lang='lat' dir='ltr'>multa</span> <span class='ocrx_word' id='word_1_73' title='bbox 968 688 1084 726; x_wconf 90' lang='lat' dir='ltr'>petere</span> <span class='ocrx_word' id='word_1_74' title='bbox 1097 706 1106 721; x_wconf 88' lang='lat'>,</span> <span class='ocrx_word' id='word_1_75' title='bbox 1133 686 1167 714; x_wconf 84' lang='lat' dir='ltr'>et</span> <span class='ocrx_word' id='word_1_76' title='bbox 1184 679 1274 713; x_wconf 83' lang='lat' dir='ltr'>acci-</span> 
     </span>
     <span class='ocr_line' id='line_1_13' title="bbox 284 739 1050 789; baseline -0.016 -10"><span class='ocrx_word' id='word_1_77' title='bbox 284 756 384 789; x_wconf 86' lang='lat' dir='ltr'><strong>pere,</strong></span> <span class='ocrx_word' id='word_1_78' title='bbox 411 750 443 777; x_wconf 90' lang='lat' dir='ltr'>et</span> <span class='ocrx_word' id='word_1_79' title='bbox 461 747 580 785; x_wconf 86' lang='lat' dir='ltr'>postea</span> <span class='ocrx_word' id='word_1_80' title='bbox 601 739 778 781; x_wconf 86' lang='lat' dir='ltr'>ingratum</span> <span class='ocrx_word' id='word_1_81' title='bbox 797 746 881 770; x_wconf 88' lang='lat' dir='ltr'>esse.</span> <span class='ocrx_word' id='word_1_82' title='bbox 1043 782 1050 788; x_wconf 48' lang='lat'><em>.</em></span> 
     </span>
    </p>

    <p class='ocr_par' dir='ltr' id='par_1_6' title="bbox 284 778 1277 988">
     <span class='ocr_line' id='line_1_14' title="bbox 386 778 1277 836; baseline -0.017 -9"><span class='ocrx_word' id='word_1_83' title='bbox 386 792 589 836; x_wconf 81' lang='lat' dir='ltr'>Cogitemus</span> <span class='ocrx_word' id='word_1_84' title='bbox 615 795 750 827; x_wconf 84' lang='lat' dir='ltr'>antem,</span> <span class='ocrx_word' id='word_1_85' title='bbox 785 785 871 831; x_wconf 89' lang='lat' dir='ltr'>quid</span> <span class='ocrx_word' id='word_1_86' title='bbox 897 784 938 817; x_wconf 91' lang='lat' dir='ltr'>sit</span> <span class='ocrx_word' id='word_1_87' title='bbox 964 781 1153 826; x_wconf 79' lang='lat' dir='ltr'>gratitudo,</span> <span class='ocrx_word' id='word_1_88' title='bbox 1213 778 1277 812; x_wconf 86' lang='lat' dir='ltr'>Est</span> 
     </span>
     <span class='ocr_line' id='line_1_15' title="bbox 286 832 1277 889; baseline -0.019 -9"><span class='ocrx_word' id='word_1_89' title='bbox 286 844 478 889; x_wconf 89' lang='lat' dir='ltr'>composita</span> <span class='ocrx_word' id='word_1_90' title='bbox 502 853 543 875; x_wconf 83' lang='lat' dir='ltr'>ex</span> <span class='ocrx_word' id='word_1_91' title='bbox 565 840 702 874; x_wconf 90' lang='lat' dir='ltr'>duabus</span> <span class='ocrx_word' id='word_1_92' title='bbox 716 836 924 871; x_wconf 87' lang='lat' dir='ltr'>virtutibus:</span> <span class='ocrx_word' id='word_1_93' title='bbox 952 840 1003 867; x_wconf 86' lang='lat' dir='ltr'>est</span> <span class='ocrx_word' id='word_1_94' title='bbox 1015 832 1160 871; x_wconf 81' lang='lat' dir='ltr'>veritas,</span> <span class='ocrx_word' id='word_1_95' title='bbox 1188 841 1277 875; x_wconf 91' lang='lat' dir='ltr'>quae</span> 
     </span>
     <span class='ocr_line' id='line_1_16' title="bbox 284 880 1277 932; baseline -0.018 -1"><span class='ocrx_word' id='word_1_96' title='bbox 284 899 415 931; x_wconf 79' lang='lat' dir='ltr'>fatetur</span> <span class='ocrx_word' id='word_1_97' title='bbox 432 894 527 928; x_wconf 83' lang='lat' dir='ltr'>unde</span> <span class='ocrx_word' id='word_1_98' title='bbox 545 891 590 925; x_wconf 86' lang='lat' dir='ltr'>sit</span> <span class='ocrx_word' id='word_1_99' title='bbox 609 895 788 932; x_wconf 84' lang='lat' dir='ltr'>acceptum</span> <span class='ocrx_word' id='word_1_100' title='bbox 809 884 1036 923; x_wconf 85' lang='lat' dir='ltr'>beneficium,</span> <span class='ocrx_word' id='word_1_101' title='bbox 1063 889 1097 916; x_wconf 84' lang='lat' dir='ltr'>et</span> <span class='ocrx_word' id='word_1_102' title='bbox 1112 889 1161 915; x_wconf 89' lang='lat' dir='ltr'>est</span> <span class='ocrx_word' id='word_1_103' title='bbox 1177 880 1277 915; x_wconf 86' lang='lat' dir='ltr'>iusti-</span> 
     </span>
     <span class='ocr_line' id='line_1_17' title="bbox 284 933 1075 988; baseline -0.021 -6"><span class='ocrx_word' id='word_1_104' title='bbox 284 949 333 982; x_wconf 83' lang='lat' dir='ltr'>tia</span> <span class='ocrx_word' id='word_1_105' title='bbox 350 945 511 988; x_wconf 85' lang='lat' dir='ltr'>obligans</span> <span class='ocrx_word' id='word_1_106' title='bbox 528 954 564 975; x_wconf 91' lang='lat' dir='ltr'>se</span> <span class='ocrx_word' id='word_1_107' title='bbox 581 940 733 974; x_wconf 82' lang='lat' dir='ltr'>vicissim</span> <span class='ocrx_word' id='word_1_108' title='bbox 751 939 794 970; x_wconf 88' lang='lat' dir='ltr'>ad</span> <span class='ocrx_word' id='word_1_109' title='bbox 815 936 932 981; x_wconf 86' lang='lat' dir='ltr'>aliqua</span> <span class='ocrx_word' id='word_1_110' title='bbox 951 933 1075 967; x_wconf 81' lang='lat' dir='ltr'>officia.</span> 
     </span>
    </p>

    <p class='ocr_par' dir='ltr' id='par_1_7' title="bbox 288 990 1278 1304">
     <span class='ocr_line' id='line_1_18' title="bbox 388 990 1277 1047; baseline -0.017 -9"><span class='ocrx_word' id='word_1_111' title='bbox 388 1000 620 1040; x_wconf 59' lang='lat' dir='ltr'>Qancfbartcit</span> <span class='ocrx_word' id='word_1_112' title='bbox 644 997 704 1040; x_wconf 71' lang='lat' dir='ltr'>fust</span> <span class='ocrx_word' id='word_1_113' title='bbox 730 997 763 1031; x_wconf 83' lang='lat' dir='ltr'>in</span> <span class='ocrx_word' id='word_1_114' title='bbox 786 994 842 1038; x_wconf 70' lang='lat' dir='ltr'>fid&gt;</span> <span class='ocrx_word' id='word_1_115' title='bbox 864 1003 932 1039; x_wconf 64' lang='lat'>5100</span> <span class='ocrx_word' id='word_1_116' title='bbox 948 994 996 1028; x_wconf 74' lang='lat' dir='ltr'>bie</span> <span class='ocrx_word' id='word_1_117' title='bbox 1011 990 1277 1047; x_wconf 59' lang='lat' dir='ltr'>1)5d&gt;stenptffgen2</span> 
     </span>
     <span class='ocr_line' id='line_1_19' title="bbox 288 1041 1277 1095; baseline -0.018 -3"><span class='ocrx_word' id='word_1_118' title='bbox 288 1062 364 1095; x_wconf 56' lang='lat' dir='ltr'>een,</span> <span class='ocrx_word' id='word_1_119' title='bbox 391 1053 541 1095; x_wconf 56' lang='lat' dir='ltr'>§Eat-{nit</span> <span class='ocrx_word' id='word_1_120' title='bbox 557 1052 621 1086; x_wconf 70' lang='lat' dir='ltr'>unt&gt;</span> <span class='ocrx_word' id='word_1_121' title='bbox 635 1046 875 1092; x_wconf 57' lang='lat' dir='ltr'>&amp;ctcdfiigfcih</span> <span class='ocrx_word' id='word_1_122' title='bbox 927 1044 1077 1087; x_wconf 47' lang='lat' dir='ltr'>&amp;arbeit</span> <span class='ocrx_word' id='word_1_123' title='bbox 1093 1041 1130 1084; x_wconf 74' lang='lat' dir='ltr'>ist</span> <span class='ocrx_word' id='word_1_124' title='bbox 1147 1041 1186 1084; x_wconf 78' lang='lat' dir='ltr'>ste</span> <span class='ocrx_word' id='word_1_125' title='bbox 1204 1042 1277 1075; x_wconf 73' lang='lat' dir='ltr'>bat:</span> 
     </span>
     <span class='ocr_line' id='line_1_20' title="bbox 288 1093 1277 1149; baseline -0.016 -7"><span class='ocrx_word' id='word_1_126' title='bbox 288 1111 340 1147; x_wconf 71' lang='lat' dir='ltr'>in,</span> <span class='ocrx_word' id='word_1_127' title='bbox 378 1109 438 1140; x_wconf 68' lang='grc' dir='ltr'>ῦαῧ</span> <span class='ocrx_word' id='word_1_128' title='bbox 467 1103 506 1147; x_wconf 71' lang='lat' dir='ltr'>t&#39;t&#39;e</span> <span class='ocrx_word' id='word_1_129' title='bbox 540 1102 667 1140; x_wconf 64' lang='lat' dir='ltr'>herent,</span> <span class='ocrx_word' id='word_1_130' title='bbox 707 1108 770 1133; x_wconf 69' lang='lat' dir='ltr'>non</span> <span class='ocrx_word' id='word_1_131' title='bbox 803 1107 883 1131; x_wconf 76' lang='lat' dir='ltr'>mem</span> <span class='ocrx_word' id='word_1_132' title='bbox 915 1096 963 1130; x_wconf 72' lang='lat' dir='ltr'>bic</span> <span class='ocrx_word' id='word_1_133' title='bbox 994 1095 1072 1139; x_wconf 73' lang='lat' dir='ltr'>gabe</span> <span class='ocrx_word' id='word_1_134' title='bbox 1105 1093 1277 1149; x_wconf 46' lang='lat' dir='ltr'>horientem</span> 
     </span>
     <span class='ocr_line' id='line_1_21' title="bbox 289 1142 1277 1200; baseline -0.018 -6"><span class='ocrx_word' id='word_1_135' title='bbox 289 1155 442 1199; x_wconf 59' lang='lat' dir='ltr'>zatum&gt;</span> <span class='ocrx_word' id='word_1_136' title='bbox 473 1155 582 1189; x_wconf 67' lang='lat' dir='ltr'>incitet</span> <span class='ocrx_word' id='word_1_137' title='bbox 615 1151 651 1194; x_wconf 76' lang='lat' dir='ltr'>ist</span> <span class='ocrx_word' id='word_1_138' title='bbox 687 1149 725 1192; x_wconf 73' lang='lat' dir='ltr'>sic</span> <span class='ocrx_word' id='word_1_139' title='bbox 760 1147 1010 1192; x_wconf 61' lang='lat' dir='ltr'>ijcrccbtigfcit,</span> <span class='ocrx_word' id='word_1_140' title='bbox 1055 1147 1115 1180; x_wconf 71' lang='lat' dir='ltr'>bas</span> <span class='ocrx_word' id='word_1_141' title='bbox 1150 1142 1277 1200; x_wconf 51' lang='lat' dir='ltr'>fiand)</span> 
     </span>
     <span class='ocr_line' id='line_1_22' title="bbox 290 1193 1278 1252; baseline -0.017 -7"><span class='ocrx_word' id='word_1_142' title='bbox 290 1207 474 1252; x_wconf 67' lang='lat' dir='ltr'>nerpssicbt,</span> <span class='ocrx_word' id='word_1_143' title='bbox 532 1207 670 1249; x_wconf 75' lang='lat' dir='ltr'>bagegcu</span> <span class='ocrx_word' id='word_1_144' title='bbox 707 1200 782 1243; x_wconf 75' lang='lat' dir='ltr'>aud)</span> <span class='ocrx_word' id='word_1_145' title='bbox 821 1209 858 1243; x_wconf 73' lang='lat'>511</span> <span class='ocrx_word' id='word_1_146' title='bbox 899 1199 1026 1240; x_wconf 68' lang='lat' dir='ltr'>etticbcn</span> <span class='ocrx_word' id='word_1_147' title='bbox 1065 1193 1278 1240; x_wconf 63' lang='grc' dir='ltr'>ΐϊεαηῦῑιῴεη</span> 
     </span>
     <span class='ocr_line' id='line_1_23' title="bbox 290 1260 1239 1304; baseline -0.02 -9"><span class='ocrx_word' id='word_1_148' title='bbox 290 1260 434 1302; x_wconf 76' lang='lat' dir='ltr'>oieustcn.</span> <span class='ocrx_word' id='word_1_149' title='bbox 1157 1296 1165 1304; x_wconf 91' lang='lat'>.</span> <span class='ocrx_word' id='word_1_150' title='bbox 1229 1295 1239 1301; x_wconf 56' lang='lat'>,</span> 
     </span>
    </p>

    <p class='ocr_par' dir='ltr' id='par_1_8' title="bbox 288 1295 1284 1953">
     <span class='ocr_line' id='line_1_24' title="bbox 392 1295 1279 1344; baseline -0.019 0"><span class='ocrx_word' id='word_1_151' title='bbox 392 1311 444 1344; x_wconf 88' lang='lat' dir='ltr'>Ita</span> <span class='ocrx_word' id='word_1_152' title='bbox 469 1306 526 1341; x_wconf 89' lang='lat' dir='ltr'>hic</span> <span class='ocrx_word' id='word_1_153' title='bbox 551 1303 714 1341; x_wconf 88' lang='lat' dir='ltr'>Christus</span> <span class='ocrx_word' id='word_1_154' title='bbox 737 1303 885 1343; x_wconf 79' lang='lat' dir='ltr'>fatetur,</span> <span class='ocrx_word' id='word_1_155' title='bbox 911 1301 1006 1344; x_wconf 91' lang='lat' dir='ltr'>quod</span> <span class='ocrx_word' id='word_1_156' title='bbox 1031 1297 1190 1331; x_wconf 78' lang='lat' dir='ltr'>collectio</span> <span class='ocrx_word' id='word_1_157' title='bbox 1211 1295 1279 1328; x_wconf 80' lang='lat' dir='ltr'>Lc-</span> 
     </span>
     <span class='ocr_line' id='line_1_25' title="bbox 289 1345 1280 1397; baseline -0.018 -1"><span class='ocrx_word' id='word_1_158' title='bbox 289 1362 412 1397; x_wconf 83' lang='lat' dir='ltr'>clesiae</span> <span class='ocrx_word' id='word_1_159' title='bbox 446 1359 491 1393; x_wconf 92' lang='lat' dir='ltr'>sit</span> <span class='ocrx_word' id='word_1_160' title='bbox 520 1355 730 1390; x_wconf 82' lang='lat' dir='ltr'>beneficium</span> <span class='ocrx_word' id='word_1_161' title='bbox 762 1351 895 1386; x_wconf 85' lang='lat' dir='ltr'>aeterni</span> <span class='ocrx_word' id='word_1_162' title='bbox 931 1349 1057 1394; x_wconf 88' lang='lat' dir='ltr'>patris,</span> <span class='ocrx_word' id='word_1_163' title='bbox 1090 1355 1122 1381; x_wconf 91' lang='lat' dir='ltr'>et</span> <span class='ocrx_word' id='word_1_164' title='bbox 1152 1345 1280 1380; x_wconf 83' lang='lat' dir='ltr'>tribuit</span> 
     </span>
     <span class='ocr_line' id='line_1_26' title="bbox 288 1396 1281 1457; baseline -0.019 -10"><span class='ocrx_word' id='word_1_165' title='bbox 288 1413 379 1457; x_wconf 85' lang='lat' dir='ltr'>patri</span> <span class='ocrx_word' id='word_1_166' title='bbox 397 1409 488 1444; x_wconf 89' lang='lat' dir='ltr'>hanc</span> <span class='ocrx_word' id='word_1_167' title='bbox 504 1407 643 1441; x_wconf 88' lang='lat' dir='ltr'>laudem</span> <span class='ocrx_word' id='word_1_168' title='bbox 660 1401 942 1441; x_wconf 82' lang='lat' dir='ltr'>misericordiae,</span> <span class='ocrx_word' id='word_1_169' title='bbox 969 1400 1063 1444; x_wconf 87' lang='lat' dir='ltr'>quod</span> <span class='ocrx_word' id='word_1_170' title='bbox 1083 1398 1127 1431; x_wconf 91' lang='lat' dir='ltr'>ab</span> <span class='ocrx_word' id='word_1_171' title='bbox 1142 1397 1217 1441; x_wconf 89' lang='lat' dir='ltr'>ipso</span> <span class='ocrx_word' id='word_1_172' title='bbox 1236 1396 1281 1429; x_wconf 90' lang='lat' dir='ltr'>sit</span> 
     </span>
     <span class='ocr_line' id='line_1_27' title="bbox 290 1450 1280 1504; baseline -0.02 -6"><span class='ocrx_word' id='word_1_173' title='bbox 290 1463 358 1498; x_wconf 87' lang='lat' dir='ltr'>hoc</span> <span class='ocrx_word' id='word_1_174' title='bbox 381 1462 504 1504; x_wconf 85' lang='lat' dir='ltr'>ingens</span> <span class='ocrx_word' id='word_1_175' title='bbox 520 1459 673 1494; x_wconf 90' lang='lat' dir='ltr'>bonum,</span> <span class='ocrx_word' id='word_1_176' title='bbox 703 1454 797 1499; x_wconf 91' lang='lat' dir='ltr'>quod</span> <span class='ocrx_word' id='word_1_177' title='bbox 820 1452 903 1484; x_wconf 77' lang='lat' dir='ltr'>velit</span> <span class='ocrx_word' id='word_1_178' title='bbox 922 1450 1085 1493; x_wconf 80' lang='lat' dir='ltr'>colligere</span> <span class='ocrx_word' id='word_1_179' title='bbox 1102 1454 1280 1481; x_wconf 78' lang='lat' dir='ltr'>aeternam</span> 
     </span>
     <span class='ocr_line' id='line_1_28' title="bbox 290 1498 1280 1550; baseline -0.019 -2"><span class='ocrx_word' id='word_1_180' title='bbox 290 1512 503 1550; x_wconf 84' lang='lat' dir='ltr'>Ecclesiam,</span> <span class='ocrx_word' id='word_1_181' title='bbox 530 1508 586 1542; x_wconf 90' lang='lat' dir='ltr'>cui</span> <span class='ocrx_word' id='word_1_182' title='bbox 612 1518 647 1540; x_wconf 93' lang='lat' dir='ltr'>se</span> <span class='ocrx_word' id='word_1_183' title='bbox 666 1503 901 1539; x_wconf 89' lang='lat' dir='ltr'>communicet</span> <span class='ocrx_word' id='word_1_184' title='bbox 921 1502 957 1534; x_wconf 92' lang='lat' dir='ltr'>in</span> <span class='ocrx_word' id='word_1_185' title='bbox 974 1507 1045 1534; x_wconf 86' lang='lat' dir='ltr'>tota</span> <span class='ocrx_word' id='word_1_186' title='bbox 1062 1498 1280 1532; x_wconf 77' lang='lat' dir='ltr'>aeternitate.</span> 
     </span>
     <span class='ocr_line' id='line_1_29' title="bbox 290 1548 1282 1598; baseline -0.018 0"><span class='ocrx_word' id='word_1_187' title='bbox 290 1564 364 1598; x_wconf 88' lang='lat' dir='ltr'>Has</span> <span class='ocrx_word' id='word_1_188' title='bbox 390 1568 505 1596; x_wconf 87' lang='lat' dir='ltr'>tantas</span> <span class='ocrx_word' id='word_1_189' title='bbox 528 1569 582 1592; x_wconf 91' lang='lat' dir='ltr'>res</span> <span class='ocrx_word' id='word_1_190' title='bbox 604 1557 772 1590; x_wconf 88' lang='lat' dir='ltr'>debemus</span> <span class='ocrx_word' id='word_1_191' title='bbox 796 1560 829 1587; x_wconf 87' lang='lat' dir='ltr'>et</span> <span class='ocrx_word' id='word_1_192' title='bbox 847 1564 911 1585; x_wconf 84' lang='lat' dir='ltr'>nos</span> <span class='ocrx_word' id='word_1_193' title='bbox 929 1551 1099 1593; x_wconf 85' lang='lat' dir='ltr'>cogitare,</span> <span class='ocrx_word' id='word_1_194' title='bbox 1126 1555 1159 1582; x_wconf 92' lang='lat' dir='ltr'>et</span> <span class='ocrx_word' id='word_1_195' title='bbox 1176 1548 1282 1581; x_wconf 91' lang='lat' dir='ltr'>simul</span> 
     </span>
     <span class='ocr_line' id='line_1_30' title="bbox 292 1598 1283 1651; baseline -0.019 -2"><span class='ocrx_word' id='word_1_196' title='bbox 292 1627 371 1649; x_wconf 89' lang='lat' dir='ltr'>cum</span> <span class='ocrx_word' id='word_1_197' title='bbox 396 1610 538 1646; x_wconf 81' lang='lat' dir='ltr'>Christo</span> <span class='ocrx_word' id='word_1_198' title='bbox 566 1607 694 1651; x_wconf 80' lang='lat' dir='ltr'>gratias</span> <span class='ocrx_word' id='word_1_199' title='bbox 717 1615 836 1649; x_wconf 84' lang='lat' dir='ltr'>agere,</span> <span class='ocrx_word' id='word_1_200' title='bbox 871 1609 904 1636; x_wconf 90' lang='lat' dir='ltr'>et</span> <span class='ocrx_word' id='word_1_201' title='bbox 927 1601 1079 1645; x_wconf 84' lang='lat' dir='ltr'>precari,</span> <span class='ocrx_word' id='word_1_202' title='bbox 1117 1606 1154 1632; x_wconf 90' lang='lat' dir='ltr'>ut</span> <span class='ocrx_word' id='word_1_203' title='bbox 1180 1598 1283 1632; x_wconf 87' lang='lat' dir='ltr'>colli-</span> 
     </span>
     <span class='ocr_line' id='line_1_31' title="bbox 292 1649 1282 1709; baseline -0.019 -10"><span class='ocrx_word' id='word_1_204' title='bbox 292 1673 392 1709; x_wconf 66' lang='lat' dir='ltr'>gatur</span> <span class='ocrx_word' id='word_1_205' title='bbox 413 1660 570 1696; x_wconf 86' lang='lat' dir='ltr'>Ecclesia</span> <span class='ocrx_word' id='word_1_206' title='bbox 593 1659 685 1692; x_wconf 91' lang='lat' dir='ltr'>inter</span> <span class='ocrx_word' id='word_1_207' title='bbox 713 1667 778 1689; x_wconf 90' lang='lat' dir='ltr'>nos</span> <span class='ocrx_word' id='word_1_208' title='bbox 803 1655 891 1687; x_wconf 91' lang='lat' dir='ltr'>sicut</span> <span class='ocrx_word' id='word_1_209' title='bbox 912 1651 1072 1685; x_wconf 88' lang='lat' dir='ltr'>Psalmus</span> <span class='ocrx_word' id='word_1_210' title='bbox 1096 1649 1282 1693; x_wconf 86' lang='lat' dir='ltr'>praecipit:</span> 
     </span>
     <span class='ocr_line' id='line_1_32' title="bbox 292 1699 1284 1759; baseline -0.02 -8"><span class='ocrx_word' id='word_1_211' title='bbox 292 1717 428 1759; x_wconf 79' lang='lat' dir='ltr'>Rogate</span> <span class='ocrx_word' id='word_1_212' title='bbox 450 1723 569 1757; x_wconf 87' lang='lat' dir='ltr'>pacem</span> <span class='ocrx_word' id='word_1_213' title='bbox 588 1708 787 1743; x_wconf 83' lang='lat' dir='ltr'>Ierusalem.</span> <span class='ocrx_word' id='word_1_214' title='bbox 844 1703 930 1738; x_wconf 90' lang='lat' dir='ltr'>ltem</span> <span class='ocrx_word' id='word_1_215' title='bbox 950 1702 1000 1736; x_wconf 84' lang='lat' dir='ltr'>ibi</span> <span class='ocrx_word' id='word_1_216' title='bbox 1020 1700 1166 1735; x_wconf 88' lang='lat' dir='ltr'>dicitur:</span> <span class='ocrx_word' id='word_1_217' title='bbox 1195 1699 1284 1733; x_wconf 88' lang='lat' dir='ltr'>Pro-</span> 
     </span>
     <span class='ocr_line' id='line_1_33' title="bbox 294 1751 1283 1812; baseline -0.017 -12"><span class='ocrx_word' id='word_1_218' title='bbox 294 1775 370 1812; x_wconf 87' lang='lat' dir='ltr'>pter</span> <span class='ocrx_word' id='word_1_219' title='bbox 396 1766 521 1798; x_wconf 75' lang='lat' dir='ltr'>fratres</span> <span class='ocrx_word' id='word_1_220' title='bbox 546 1773 640 1794; x_wconf 87' lang='lat' dir='ltr'>meos</span> <span class='ocrx_word' id='word_1_221' title='bbox 662 1757 783 1801; x_wconf 76' lang='lat' dir='ltr'>rogavi</span> <span class='ocrx_word' id='word_1_222' title='bbox 809 1768 872 1801; x_wconf 89' lang='lat' dir='ltr'>pro</span> <span class='ocrx_word' id='word_1_223' title='bbox 897 1762 940 1788; x_wconf 88' lang='lat' dir='ltr'>te.</span> <span class='ocrx_word' id='word_1_224' title='bbox 994 1752 1072 1786; x_wconf 82' lang='lat' dir='ltr'>Hoc</span> <span class='ocrx_word' id='word_1_225' title='bbox 1097 1751 1283 1796; x_wconf 85' lang='lat' dir='ltr'>praecipue</span> 
     </span>
     <span class='ocr_line' id='line_1_34' title="bbox 293 1802 1284 1852; baseline -0.019 0"><span class='ocrx_word' id='word_1_226' title='bbox 293 1818 374 1852; x_wconf 85' lang='lat' dir='ltr'>sacit</span> <span class='ocrx_word' id='word_1_227' title='bbox 403 1813 566 1849; x_wconf 83' lang='lat' dir='ltr'>Christus</span> <span class='ocrx_word' id='word_1_228' title='bbox 589 1817 708 1844; x_wconf 89' lang='lat' dir='ltr'>noster</span> <span class='ocrx_word' id='word_1_229' title='bbox 732 1817 891 1842; x_wconf 91' lang='lat' dir='ltr'>summus</span> <span class='ocrx_word' id='word_1_230' title='bbox 913 1805 1102 1841; x_wconf 80' lang='lat' dir='ltr'>Sacerdos,</span> <span class='ocrx_word' id='word_1_231' title='bbox 1135 1802 1195 1836; x_wconf 89' lang='lat' dir='ltr'>sed</span> <span class='ocrx_word' id='word_1_232' title='bbox 1220 1812 1284 1835; x_wconf 92' lang='lat' dir='ltr'>nos</span> 
     </span>
     <span class='ocr_line' id='line_1_35' title="bbox 293 1854 1284 1914; baseline -0.015 -15"><span class='ocrx_word' id='word_1_233' title='bbox 293 1878 434 1914; x_wconf 76' lang='lat' dir='ltr'>qnoque</span> <span class='ocrx_word' id='word_1_234' title='bbox 452 1863 518 1898; x_wconf 86' lang='lat' dir='ltr'>hoc</span> <span class='ocrx_word' id='word_1_235' title='bbox 536 1863 648 1896; x_wconf 82' lang='lat' dir='ltr'>facere</span> <span class='ocrx_word' id='word_1_236' title='bbox 664 1859 844 1897; x_wconf 87' lang='lat' dir='ltr'>debemus,</span> <span class='ocrx_word' id='word_1_237' title='bbox 871 1857 960 1890; x_wconf 89' lang='lat' dir='ltr'>sicut</span> <span class='ocrx_word' id='word_1_238' title='bbox 975 1862 1007 1888; x_wconf 88' lang='lat' dir='ltr'>et</span> <span class='ocrx_word' id='word_1_239' title='bbox 1023 1854 1177 1899; x_wconf 87' lang='lat' dir='ltr'>precatio</span> <span class='ocrx_word' id='word_1_240' title='bbox 1195 1864 1284 1898; x_wconf 89' lang='lat' dir='ltr'>quo-</span> 
     </span>
     <span class='ocr_line' id='line_1_36' title="bbox 294 1910 1071 1953; baseline -0.018 -1"><span class='ocrx_word' id='word_1_241' title='bbox 294 1920 427 1953; x_wconf 88' lang='lat' dir='ltr'>tidiana</span> <span class='ocrx_word' id='word_1_242' title='bbox 448 1917 565 1949; x_wconf 88' lang='lat' dir='ltr'>docet:</span> <span class='ocrx_word' id='word_1_243' title='bbox 594 1910 772 1946; x_wconf 78' lang='lat' dir='ltr'>Adveniat</span> <span class='ocrx_word' id='word_1_244' title='bbox 791 1918 938 1951; x_wconf 84' lang='lat' dir='ltr'>regnum</span> <span class='ocrx_word' id='word_1_245' title='bbox 958 1913 1071 1939; x_wconf 89' lang='lat' dir='ltr'>tunm.</span> 
     </span>
    </p>
   </div>
   <div class='ocr_carea' id='block_1_5' title="bbox 395 1959 1284 2014">
    <p class='ocr_par' dir='ltr' id='par_1_9' title="bbox 395 1959 1284 2014">
     <span class='ocr_line' id='line_1_37' title="bbox 395 1959 1284 2014; baseline -0.016 -6"><span class='ocrx_word' id='word_1_246' title='bbox 395 1975 532 2008; x_wconf 86' lang='lat' dir='ltr'>Deinde</span> <span class='ocrx_word' id='word_1_247' title='bbox 557 1971 668 2014; x_wconf 81' lang='lat' dir='ltr'>cogita</span> <span class='ocrx_word' id='word_1_248' title='bbox 684 1996 692 2009; x_wconf 93' lang='lat'>,</span> <span class='ocrx_word' id='word_1_249' title='bbox 719 1968 857 2014; x_wconf 80' lang='lat' dir='ltr'>qualem</span> <span class='ocrx_word' id='word_1_250' title='bbox 883 1963 941 1998; x_wconf 80' lang='lat' dir='ltr'>hic</span> <span class='ocrx_word' id='word_1_251' title='bbox 968 1964 1060 1997; x_wconf 88' lang='lat' dir='ltr'>dicat</span> <span class='ocrx_word' id='word_1_252' title='bbox 1081 1963 1198 2006; x_wconf 80' lang='lat' dir='ltr'>colligi</span> <span class='ocrx_word' id='word_1_253' title='bbox 1216 1959 1284 1996; x_wconf 89' lang='lat' dir='ltr'>Ec-</span> 
     </span>
    </p>
   </div>
   <div class='ocr_carea' id='block_1_6' title="bbox 295 2013 1631 2067">
    <p class='ocr_par' dir='ltr' id='par_1_10' title="bbox 295 2013 1631 2067">
     <span class='ocr_line' id='line_1_38' title="bbox 295 2013 1631 2067; baseline -0.011 -5"><span class='ocrx_word' id='word_1_254' title='bbox 295 2028 454 2063; x_wconf 88' lang='lat' dir='ltr'>clesiam:</span> <span class='ocrx_word' id='word_1_255' title='bbox 493 2019 719 2058; x_wconf 77' lang='lat' dir='ltr'>Abscondisti</span> <span class='ocrx_word' id='word_1_256' title='bbox 749 2031 766 2051; x_wconf 85' lang='lat' dir='ltr'>a</span> <span class='ocrx_word' id='word_1_257' title='bbox 796 2016 1032 2061; x_wconf 80' lang='lat' dir='ltr'>sapientibus,</span> <span class='ocrx_word' id='word_1_258' title='bbox 1067 2021 1101 2047; x_wconf 89' lang='lat' dir='ltr'>et</span> <span class='ocrx_word' id='word_1_259' title='bbox 1123 2013 1284 2047; x_wconf 80' lang='lat' dir='ltr'>revelasti</span> <span class='ocrx_word' id='word_1_260' title='bbox 1315 2031 1533 2067; x_wconf 70' lang='lat' dir='ltr'>:Ecclesiam</span> <span class='ocrx_word' id='word_1_261' title='bbox 1555 2031 1631 2066; x_wconf 43' lang='lat' dir='ltr'>Dei·</span> 
     </span>
    </p>
   </div>
   <div class='ocr_carea' id='block_1_7' title="bbox 296 2064 1286 2266">
    <p class='ocr_par' dir='ltr' id='par_1_11' title="bbox 296 2064 1286 2266">
     <span class='ocr_line' id='line_1_39' title="bbox 296 2064 1286 2122; baseline -0.017 -9"><span class='ocrx_word' id='word_1_262' title='bbox 296 2092 332 2113; x_wconf 88' lang='lat' dir='ltr'>ea</span> <span class='ocrx_word' id='word_1_263' title='bbox 357 2075 525 2122; x_wconf 85' lang='lat' dir='ltr'>parvulis.</span> <span class='ocrx_word' id='word_1_264' title='bbox 579 2072 647 2105; x_wconf 85' lang='lat' dir='ltr'>llic</span> <span class='ocrx_word' id='word_1_265' title='bbox 670 2070 838 2103; x_wconf 75' lang='lat' dir='ltr'>discimus</span> <span class='ocrx_word' id='word_1_266' title='bbox 857 2068 949 2112; x_wconf 85' lang='lat' dir='ltr'>qnod</span> <span class='ocrx_word' id='word_1_267' title='bbox 968 2064 1122 2099; x_wconf 76' lang='lat' dir='ltr'>Ecclesia</span> <span class='ocrx_word' id='word_1_268' title='bbox 1140 2065 1184 2098; x_wconf 92' lang='lat' dir='ltr'>sit</span> <span class='ocrx_word' id='word_1_269' title='bbox 1200 2076 1286 2120; x_wconf 77' lang='lat' dir='ltr'>con-</span> 
     </span>
     <span class='ocr_line' id='line_1_40' title="bbox 296 2116 1285 2173; baseline -0.017 -9"><span class='ocrx_word' id='word_1_270' title='bbox 296 2128 448 2173; x_wconf 77' lang='lat' dir='ltr'>gregatio</span> <span class='ocrx_word' id='word_1_271' title='bbox 470 2124 698 2171; x_wconf 85' lang='lat' dir='ltr'>parvulornm</span> <span class='ocrx_word' id='word_1_272' title='bbox 722 2127 753 2154; x_wconf 88' lang='lat' dir='ltr'>et</span> <span class='ocrx_word' id='word_1_273' title='bbox 771 2120 996 2156; x_wconf 83' lang='lat' dir='ltr'>miserorum,</span> <span class='ocrx_word' id='word_1_274' title='bbox 1025 2116 1125 2160; x_wconf 78' lang='lat' dir='ltr'>pauci</span> <span class='ocrx_word' id='word_1_275' title='bbox 1144 2127 1285 2173; x_wconf 40' lang='lat' dir='ltr'>sap-ien-</span> 
     </span>
     <span class='ocr_line' id='line_1_41' title="bbox 297 2165 1286 2222; baseline -0.016 -7"><span class='ocrx_word' id='word_1_276' title='bbox 297 2190 367 2219; x_wconf 79' lang='lat' dir='ltr'>tes,</span> <span class='ocrx_word' id='word_1_277' title='bbox 409 2177 509 2222; x_wconf 87' lang='lat' dir='ltr'>pauci</span> <span class='ocrx_word' id='word_1_278' title='bbox 549 2180 707 2219; x_wconf 82' lang='lat' dir='ltr'>potentes</span> <span class='ocrx_word' id='word_1_279' title='bbox 748 2170 1008 2215; x_wconf 80' lang='lat' dir='ltr'>amplectuntur</span> <span class='ocrx_word' id='word_1_280' title='bbox 1040 2165 1286 2210; x_wconf 79' lang='lat' dir='ltr'>Evangelium,</span> 
     </span>
     <span class='ocr_line' id='line_1_42' title="bbox 299 2219 1011 2266; baseline -0.021 0"><span class='ocrx_word' id='word_1_281' title='bbox 299 2240 335 2266; x_wconf 88' lang='lat' dir='ltr'>ut</span> <span class='ocrx_word' id='word_1_282' title='bbox 358 2233 386 2265; x_wconf 85' lang='lat'>1.</span> <span class='ocrx_word' id='word_1_283' title='bbox 404 2224 569 2263; x_wconf 81' lang='lat' dir='ltr'>Corinth.</span> <span class='ocrx_word' id='word_1_284' title='bbox 592 2226 624 2259; x_wconf 92' lang='lat'>1.</span> <span class='ocrx_word' id='word_1_285' title='bbox 642 2230 673 2257; x_wconf 82' lang='lat' dir='ltr'>et</span> <span class='ocrx_word' id='word_1_286' title='bbox 692 2222 856 2265; x_wconf 77' lang='lat' dir='ltr'>deinceps</span> <span class='ocrx_word' id='word_1_287' title='bbox 870 2219 1011 2253; x_wconf 82' lang='lat' dir='ltr'>dicitnr.</span> 
     </span>
    </p>
   </div>
   <div class='ocr_carea' id='block_1_8' title="bbox 300 2277 1289 2375">
    <p class='ocr_par' dir='ltr' id='par_1_12' title="bbox 300 2277 1289 2375">
     <span class='ocr_line' id='line_1_43' title="bbox 405 2277 1288 2321; baseline -0.015 0"><span class='ocrx_word' id='word_1_288' title='bbox 405 2288 499 2321; x_wconf 86' lang='lat' dir='ltr'>llaec</span> <span class='ocrx_word' id='word_1_289' title='bbox 519 2281 718 2319; x_wconf 77' lang='lat' dir='ltr'>testimonia</span> <span class='ocrx_word' id='word_1_290' title='bbox 739 2287 938 2317; x_wconf 77' lang='lat' dir='ltr'>teneamus,</span> <span class='ocrx_word' id='word_1_291' title='bbox 965 2285 1000 2311; x_wconf 90' lang='lat' dir='ltr'>ut</span> <span class='ocrx_word' id='word_1_292' title='bbox 1023 2288 1086 2309; x_wconf 83' lang='lat' dir='ltr'>nos</span> <span class='ocrx_word' id='word_1_293' title='bbox 1104 2277 1288 2309; x_wconf 79' lang='lat' dir='ltr'>confirme-</span> 
     </span>
     <span class='ocr_line' id='line_1_44' title="bbox 300 2327 1289 2375; baseline -0.02 0"><span class='ocrx_word' id='word_1_294' title='bbox 300 2353 377 2375; x_wconf 85' lang='lat' dir='ltr'>mus</span> <span class='ocrx_word' id='word_1_295' title='bbox 399 2345 519 2373; x_wconf 77' lang='lat' dir='ltr'>contra</span> <span class='ocrx_word' id='word_1_296' title='bbox 544 2334 611 2368; x_wconf 75' lang='lat' dir='ltr'>linc</span> <span class='ocrx_word' id='word_1_297' title='bbox 632 2331 853 2368; x_wconf 77' lang='lat' dir='ltr'>scandalum,</span> <span class='ocrx_word' id='word_1_298' title='bbox 881 2341 950 2374; x_wconf 86' lang='lat' dir='ltr'>qno</span> <span class='ocrx_word' id='word_1_299' title='bbox 969 2328 1069 2360; x_wconf 72' lang='lat' dir='ltr'>valde</span> <span class='ocrx_word' id='word_1_300' title='bbox 1086 2327 1289 2361; x_wconf 71' lang='lat' dir='ltr'>excrucian-</span> 
     </span>
    </p>
   </div>
   <div class='ocr_carea' id='block_1_9' title="bbox 882 71 1712 112">
    <p class='ocr_par' dir='ltr' id='par_1_13' title="bbox 882 71 1712 112">
     <span class='ocr_line' id='line_1_45' title="bbox 882 71 1712 112; baseline 0.005 -4"><span class='ocrx_word' id='word_1_301' title='bbox 882 74 1005 108; x_wconf 89' lang='lat' dir='ltr'>PHlL.</span> <span class='ocrx_word' id='word_1_302' title='bbox 1032 72 1149 110; x_wconf 88' lang='lat' dir='ltr'>MEL.</span> <span class='ocrx_word' id='word_1_303' title='bbox 1177 71 1386 109; x_wconf 83' lang='lat' dir='ltr'><strong>SCRIPTA</strong></span> <span class='ocrx_word' id='word_1_304' title='bbox 1414 73 1712 112; x_wconf 83' lang='lat' dir='ltr'>EXEGETICA.</span> 
     </span>
    </p>
   </div>
   <div class='ocr_carea' id='block_1_10' title="bbox 1306 984 1320 2193">
    <p class='ocr_par' dir='ltr' id='par_1_14' title="bbox 1306 984 1320 2193">
     <span class='ocr_line' id='line_1_46' title="bbox 1306 984 1320 2193; baseline 0 0"><span class='ocrx_word' id='word_1_305' title='bbox 1306 984 1320 2193; x_wconf 95' lang='lat' dir='ltr'> </span> 
     </span>
    </p>
   </div>
   <div class='ocr_carea' id='block_1_11' title="bbox 2190 45 2307 113">
    <p class='ocr_par' dir='ltr' id='par_1_15' title="bbox 2190 45 2307 113">
     <span class='ocr_line' id='line_1_47' title="bbox 2190 45 2307 113; baseline 0 -1"><span class='ocrx_word' id='word_1_306' title='bbox 2190 45 2197 55; x_wconf 41' lang='lat'><strong>¹</strong></span> <span class='ocrx_word' id='word_1_307' title='bbox 2233 77 2307 113; x_wconf 79' lang='lat'>844</span> 
     </span>
    </p>
   </div>
   <div class='ocr_carea' id='block_1_12' title="bbox 1324 158 2315 458">
    <p class='ocr_par' dir='ltr' id='par_1_16' title="bbox 1324 158 2315 257">
     <span class='ocr_line' id='line_1_48' title="bbox 1324 158 2315 207; baseline 0 -12"><span class='ocrx_word' id='word_1_308' title='bbox 1324 167 1492 207; x_wconf 86' lang='lat' dir='ltr'>tanquam</span> <span class='ocrx_word' id='word_1_309' title='bbox 1514 161 1723 202; x_wconf 88' lang='lat' dir='ltr'>vermiculi,</span> <span class='ocrx_word' id='word_1_310' title='bbox 1756 158 1962 202; x_wconf 88' lang='lat' dir='ltr'>Zacharias,</span> <span class='ocrx_word' id='word_1_311' title='bbox 1996 160 2161 203; x_wconf 88' lang='lat' dir='ltr'>Simeon,</span> <span class='ocrx_word' id='word_1_312' title='bbox 2196 162 2315 203; x_wconf 86' lang='lat' dir='ltr'>Anna,</span> 
     </span>
     <span class='ocr_line' id='line_1_49' title="bbox 1324 209 1962 257; baseline 0 -12"><span class='ocrx_word' id='word_1_313' title='bbox 1324 210 1472 257; x_wconf 87' lang='lat' dir='ltr'>Ioseph,</span> <span class='ocrx_word' id='word_1_314' title='bbox 1499 209 1705 252; x_wconf 88' lang='lat' dir='ltr'>Elizabeth,</span> <span class='ocrx_word' id='word_1_315' title='bbox 1731 210 1872 246; x_wconf 75' lang='lat' dir='ltr'>Maria?</span> <span class='ocrx_word' id='word_1_316' title='bbox 1898 218 1962 246; x_wconf 88' lang='lat' dir='ltr'>etc.</span> 
     </span>
    </p>

    <p class='ocr_par' dir='ltr' id='par_1_17' title="bbox 1324 259 2315 458">
     <span class='ocr_line' id='line_1_50' title="bbox 1425 259 2312 301; baseline 0.001 -5"><span class='ocrx_word' id='word_1_317' title='bbox 1425 262 1503 296; x_wconf 90' lang='lat' dir='ltr'>Hoc</span> <span class='ocrx_word' id='word_1_318' title='bbox 1528 263 1695 296; x_wconf 87' lang='lat' dir='ltr'>scandalo</span> <span class='ocrx_word' id='word_1_319' title='bbox 1718 269 1810 296; x_wconf 89' lang='lat' dir='ltr'>certe</span> <span class='ocrx_word' id='word_1_320' title='bbox 1831 268 2022 296; x_wconf 88' lang='lat' dir='ltr'>moventur</span> <span class='ocrx_word' id='word_1_321' title='bbox 2045 259 2226 301; x_wconf 88' lang='lat' dir='ltr'>homines,</span> <span class='ocrx_word' id='word_1_322' title='bbox 2253 264 2312 297; x_wconf 87' lang='lat' dir='ltr'>sed</span> 
     </span>
     <span class='ocr_line' id='line_1_51' title="bbox 1324 310 2315 358; baseline 0 -12"><span class='ocrx_word' id='word_1_323' title='bbox 1324 313 1475 346; x_wconf 89' lang='lat' dir='ltr'>sciamus</span> <span class='ocrx_word' id='word_1_324' title='bbox 1497 313 1717 357; x_wconf 84' lang='lat' dir='ltr'>praedictum</span> <span class='ocrx_word' id='word_1_325' title='bbox 1741 325 1830 354; x_wconf 90' lang='lat' dir='ltr'>esse,</span> <span class='ocrx_word' id='word_1_326' title='bbox 1857 313 1953 358; x_wconf 89' lang='lat' dir='ltr'>quod</span> <span class='ocrx_word' id='word_1_327' title='bbox 1976 312 2054 346; x_wconf 89' lang='lat' dir='ltr'>talis</span> <span class='ocrx_word' id='word_1_328' title='bbox 2078 313 2123 347; x_wconf 88' lang='lat' dir='ltr'>sit</span> <span class='ocrx_word' id='word_1_329' title='bbox 2147 310 2315 354; x_wconf 86' lang='lat' dir='ltr'>Ecclesia,</span> 
     </span>
     <span class='ocr_line' id='line_1_52' title="bbox 1326 363 2314 408; baseline 0.001 -12"><span class='ocrx_word' id='word_1_330' title='bbox 1326 363 1550 407; x_wconf 84' lang='lat' dir='ltr'>congregatio</span> <span class='ocrx_word' id='word_1_331' title='bbox 1575 363 1807 397; x_wconf 87' lang='lat' dir='ltr'>imbecillium</span> <span class='ocrx_word' id='word_1_332' title='bbox 1833 370 1866 398; x_wconf 86' lang='lat' dir='ltr'>et</span> <span class='ocrx_word' id='word_1_333' title='bbox 1888 375 2101 408; x_wconf 84' lang='lat' dir='ltr'>pauperum,</span> <span class='ocrx_word' id='word_1_334' title='bbox 2137 371 2172 398; x_wconf 88' lang='lat' dir='ltr'>et</span> <span class='ocrx_word' id='word_1_335' title='bbox 2193 365 2314 397; x_wconf 89' lang='lat' dir='ltr'>creda-</span> 
     </span>
     <span class='ocr_line' id='line_1_53' title="bbox 1325 411 2315 458; baseline 0.001 -11"><span class='ocrx_word' id='word_1_336' title='bbox 1325 427 1403 447; x_wconf 88' lang='lat' dir='ltr'>mus</span> <span class='ocrx_word' id='word_1_337' title='bbox 1421 414 1528 447; x_wconf 87' lang='lat' dir='ltr'>verbo</span> <span class='ocrx_word' id='word_1_338' title='bbox 1545 411 1630 454; x_wconf 91' lang='lat' dir='ltr'>Dei,</span> <span class='ocrx_word' id='word_1_339' title='bbox 1657 414 1730 447; x_wconf 84' lang='lat' dir='ltr'>sive</span> <span class='ocrx_word' id='word_1_340' title='bbox 1746 421 1904 458; x_wconf 88' lang='lat' dir='ltr'>potentes</span> <span class='ocrx_word' id='word_1_341' title='bbox 1922 422 1954 448; x_wconf 85' lang='lat' dir='ltr'>et</span> <span class='ocrx_word' id='word_1_342' title='bbox 1971 414 2144 458; x_wconf 88' lang='lat' dir='ltr'>sapientes</span> <span class='ocrx_word' id='word_1_343' title='bbox 2160 415 2315 453; x_wconf 82' lang='lat' dir='ltr'>credant,</span> 
     </span>
    </p>
   </div>
   <div class='ocr_carea' id='block_1_13' title="bbox 1326 463 2316 559">
    <p class='ocr_par' dir='ltr' id='par_1_18' title="bbox 1326 463 2316 559">
     <span class='ocr_line' id='line_1_54' title="bbox 1326 463 2316 510; baseline 0 -12"><span class='ocrx_word' id='word_1_344' title='bbox 1326 465 1398 498; x_wconf 86' lang='lat' dir='ltr'>sive</span> <span class='ocrx_word' id='word_1_345' title='bbox 1421 476 1493 498; x_wconf 92' lang='lat' dir='ltr'>non</span> <span class='ocrx_word' id='word_1_346' title='bbox 1514 465 1668 497; x_wconf 90' lang='lat' dir='ltr'>credant.</span> <span class='ocrx_word' id='word_1_347' title='bbox 1722 463 1899 510; x_wconf 88' lang='lat' dir='ltr'>Scriptum</span> <span class='ocrx_word' id='word_1_348' title='bbox 1916 472 1981 499; x_wconf 88' lang='lat' dir='ltr'>est:</span> <span class='ocrx_word' id='word_1_349' title='bbox 2009 464 2173 500; x_wconf 87' lang='lat' dir='ltr'>Potentes</span> <span class='ocrx_word' id='word_1_350' title='bbox 2190 471 2316 509; x_wconf 85' lang='lat' dir='ltr'>poten-</span> 
     </span>
     <span class='ocr_line' id='line_1_55' title="bbox 1326 514 1773 559; baseline -0.004 -9"><span class='ocrx_word' id='word_1_351' title='bbox 1326 523 1378 550; x_wconf 84' lang='lat' dir='ltr'>ter</span> <span class='ocrx_word' id='word_1_352' title='bbox 1393 521 1568 550; x_wconf 90' lang='lat' dir='ltr'>tormenta</span> <span class='ocrx_word' id='word_1_353' title='bbox 1584 514 1773 559; x_wconf 88' lang='lat' dir='ltr'>patientur.</span> 
     </span>
    </p>
   </div>
   <div class='ocr_carea' id='block_1_14' title="bbox 1617 615 2025 641">
    <p class='ocr_par' dir='ltr' id='par_1_19' title="bbox 1617 615 2025 641">
     <span class='ocr_line' id='line_1_56' title="bbox 1617 615 2025 641; baseline 0.005 -3"><span class='ocrx_word' id='word_1_354' title='bbox 1617 615 1666 639; x_wconf 88' lang='lat' dir='ltr'>De</span> <span class='ocrx_word' id='word_1_355' title='bbox 1684 615 1844 640; x_wconf 83' lang='lat' dir='ltr'>secundo</span> <span class='ocrx_word' id='word_1_356' title='bbox 1863 617 2025 641; x_wconf 84' lang='lat' dir='ltr'>membro.</span> 
     </span>
    </p>
   </div>
   <div class='ocr_carea' id='block_1_15' title="bbox 1329 664 2330 2025">
    <p class='ocr_par' dir='ltr' id='par_1_20' title="bbox 1329 664 2320 760">
     <span class='ocr_line' id='line_1_57' title="bbox 1429 664 2320 713; baseline 0.002 -13"><span class='ocrx_word' id='word_1_357' title='bbox 1429 666 1457 701; x_wconf 89' lang='lat' dir='ltr'>I.</span> <span class='ocrx_word' id='word_1_358' title='bbox 1510 665 1606 709; x_wconf 87' lang='lat' dir='ltr'>Quid</span> <span class='ocrx_word' id='word_1_359' title='bbox 1636 667 1681 700; x_wconf 85' lang='lat' dir='ltr'>sit</span> <span class='ocrx_word' id='word_1_360' title='bbox 1704 664 1888 707; x_wconf 87' lang='lat' dir='ltr'>Christus,</span> <span class='ocrx_word' id='word_1_361' title='bbox 1923 675 1956 701; x_wconf 90' lang='lat' dir='ltr'>et</span> <span class='ocrx_word' id='word_1_362' title='bbox 1980 680 2088 713; x_wconf 89' lang='lat' dir='ltr'>quare</span> <span class='ocrx_word' id='word_1_363' title='bbox 2110 668 2237 702; x_wconf 91' lang='lat' dir='ltr'>missus</span> <span class='ocrx_word' id='word_1_364' title='bbox 2263 668 2320 708; x_wconf 85' lang='lat' dir='ltr'>sit,</span> 
     </span>
     <span class='ocr_line' id='line_1_58' title="bbox 1329 716 1991 760; baseline 0.003 -10"><span class='ocrx_word' id='word_1_365' title='bbox 1329 725 1362 751; x_wconf 91' lang='lat' dir='ltr'>et</span> <span class='ocrx_word' id='word_1_366' title='bbox 1380 717 1422 750; x_wconf 90' lang='lat' dir='ltr'>de</span> <span class='ocrx_word' id='word_1_367' title='bbox 1441 717 1546 750; x_wconf 91' lang='lat' dir='ltr'>modo</span> <span class='ocrx_word' id='word_1_368' title='bbox 1567 717 1784 760; x_wconf 79' lang='lat' dir='ltr'>colligendae</span> <span class='ocrx_word' id='word_1_369' title='bbox 1803 716 1991 753; x_wconf 86' lang='lat' dir='ltr'>Ecclesiae.</span> 
     </span>
    </p>

    <p class='ocr_par' dir='ltr' id='par_1_21' title="bbox 1329 765 2320 963">
     <span class='ocr_line' id='line_1_59' title="bbox 1433 765 2318 813; baseline 0.002 -13"><span class='ocrx_word' id='word_1_370' title='bbox 1433 766 1479 802; x_wconf 89' lang='lat' dir='ltr'>Il.</span> <span class='ocrx_word' id='word_1_371' title='bbox 1532 765 1601 801; x_wconf 91' lang='lat' dir='ltr'>Hic</span> <span class='ocrx_word' id='word_1_372' title='bbox 1625 766 1789 802; x_wconf 82' lang='lat' dir='ltr'>Christus</span> <span class='ocrx_word' id='word_1_373' title='bbox 1820 776 1937 813; x_wconf 88' lang='lat' dir='ltr'>aperte</span> <span class='ocrx_word' id='word_1_374' title='bbox 1959 769 2120 802; x_wconf 91' lang='lat' dir='ltr'>nominat</span> <span class='ocrx_word' id='word_1_375' title='bbox 2145 780 2181 802; x_wconf 88' lang='lat' dir='ltr'>se</span> <span class='ocrx_word' id='word_1_376' title='bbox 2208 769 2318 803; x_wconf 81' lang='lat' dir='ltr'>filium</span> 
     </span>
     <span class='ocr_line' id='line_1_60' title="bbox 1329 817 2320 863; baseline 0 -11"><span class='ocrx_word' id='word_1_377' title='bbox 1329 817 1415 858; x_wconf 90' lang='lat' dir='ltr'>Dei,</span> <span class='ocrx_word' id='word_1_378' title='bbox 1441 818 1532 852; x_wconf 89' lang='lat' dir='ltr'>sicut</span> <span class='ocrx_word' id='word_1_379' title='bbox 1557 825 1588 852; x_wconf 88' lang='lat' dir='ltr'>et</span> <span class='ocrx_word' id='word_1_380' title='bbox 1611 819 1697 851; x_wconf 87' lang='lat' dir='ltr'>alias</span> <span class='ocrx_word' id='word_1_381' title='bbox 1723 831 1836 863; x_wconf 87' lang='lat' dir='ltr'>saepe.</span> <span class='ocrx_word' id='word_1_382' title='bbox 1889 817 1935 853; x_wconf 89' lang='lat' dir='ltr'>Et</span> <span class='ocrx_word' id='word_1_383' title='bbox 1959 820 2076 860; x_wconf 88' lang='lat' dir='ltr'>addit,</span> <span class='ocrx_word' id='word_1_384' title='bbox 2102 820 2206 853; x_wconf 87' lang='lat' dir='ltr'>talem</span> <span class='ocrx_word' id='word_1_385' title='bbox 2225 817 2320 853; x_wconf 89' lang='lat' dir='ltr'>hunc</span> 
     </span>
     <span class='ocr_line' id='line_1_61' title="bbox 1331 869 2318 915; baseline 0 -13"><span class='ocrx_word' id='word_1_386' title='bbox 1331 881 1402 903; x_wconf 86' lang='lat' dir='ltr'>esse</span> <span class='ocrx_word' id='word_1_387' title='bbox 1429 869 1563 911; x_wconf 82' lang='lat' dir='ltr'>filium,</span> <span class='ocrx_word' id='word_1_388' title='bbox 1591 869 1653 913; x_wconf 90' lang='lat' dir='ltr'>qui</span> <span class='ocrx_word' id='word_1_389' title='bbox 1677 869 1826 913; x_wconf 80' lang='lat' dir='ltr'>perfecte</span> <span class='ocrx_word' id='word_1_390' title='bbox 1852 870 1992 904; x_wconf 77' lang='lat' dir='ltr'>noverit</span> <span class='ocrx_word' id='word_1_391' title='bbox 2016 877 2174 915; x_wconf 86' lang='lat' dir='ltr'>patrem,</span> <span class='ocrx_word' id='word_1_392' title='bbox 2202 878 2235 905; x_wconf 86' lang='lat' dir='ltr'>et</span> <span class='ocrx_word' id='word_1_393' title='bbox 2260 871 2318 915; x_wconf 89' lang='lat' dir='ltr'>qni</span> 
     </span>
     <span class='ocr_line' id='line_1_62' title="bbox 1331 919 1751 963; baseline -0.002 -9"><span class='ocrx_word' id='word_1_394' title='bbox 1331 920 1494 954; x_wconf 85' lang='lat' dir='ltr'>ostendat</span> <span class='ocrx_word' id='word_1_395' title='bbox 1510 919 1588 952; x_wconf 87' lang='lat' dir='ltr'>aliis</span> <span class='ocrx_word' id='word_1_396' title='bbox 1605 926 1751 963; x_wconf 85' lang='lat' dir='ltr'>patrem.</span> 
     </span>
    </p>

    <p class='ocr_par' dir='ltr' id='par_1_22' title="bbox 1434 969 2114 1005">
     <span class='ocr_line' id='line_1_63' title="bbox 1434 969 2114 1005; baseline 0 -1"><span class='ocrx_word' id='word_1_397' title='bbox 1434 969 1530 1004; x_wconf 86' lang='lat' dir='ltr'>Haec</span> <span class='ocrx_word' id='word_1_398' title='bbox 1546 976 1596 1003; x_wconf 86' lang='lat' dir='ltr'>est</span> <span class='ocrx_word' id='word_1_399' title='bbox 1613 970 1775 1004; x_wconf 86' lang='lat' dir='ltr'>sublimis</span> <span class='ocrx_word' id='word_1_400' title='bbox 1790 971 1950 1004; x_wconf 88' lang='lat' dir='ltr'>doctrina</span> <span class='ocrx_word' id='word_1_401' title='bbox 1968 972 2011 1003; x_wconf 90' lang='lat' dir='ltr'>‹le</span> <span class='ocrx_word' id='word_1_402' title='bbox 2030 970 2114 1005; x_wconf 84' lang='lat' dir='ltr'>filio.</span> 
     </span>
    </p>

    <p class='ocr_par' dir='ltr' id='par_1_23' title="bbox 1333 1020 2326 1408">
     <span class='ocr_line' id='line_1_64' title="bbox 1435 1020 2322 1066; baseline 0.002 -12"><span class='ocrx_word' id='word_1_403' title='bbox 1435 1020 1543 1054; x_wconf 84' lang='lat' dir='ltr'>Nulla</span> <span class='ocrx_word' id='word_1_404' title='bbox 1569 1027 1725 1055; x_wconf 89' lang='lat' dir='ltr'>creatura</span> <span class='ocrx_word' id='word_1_405' title='bbox 1759 1021 1908 1065; x_wconf 87' lang='lat' dir='ltr'>perfecte</span> <span class='ocrx_word' id='word_1_406' title='bbox 1932 1021 2031 1055; x_wconf 73' lang='lat' dir='ltr'>novit</span> <span class='ocrx_word' id='word_1_407' title='bbox 2054 1027 2236 1055; x_wconf 88' lang='lat' dir='ltr'>aeternum</span> <span class='ocrx_word' id='word_1_408' title='bbox 2260 1034 2322 1066; x_wconf 86' lang='lat' dir='ltr'>pa-</span> 
     </span>
     <span class='ocr_line' id='line_1_65' title="bbox 1333 1069 2324 1116; baseline 0.001 -10"><span class='ocrx_word' id='word_1_409' title='bbox 1333 1079 1433 1106; x_wconf 87' lang='lat' dir='ltr'>trem.</span> <span class='ocrx_word' id='word_1_410' title='bbox 1485 1069 1581 1113; x_wconf 87' lang='lat' dir='ltr'>Ergo</span> <span class='ocrx_word' id='word_1_411' title='bbox 1612 1069 1669 1105; x_wconf 87' lang='lat' dir='ltr'>hic</span> <span class='ocrx_word' id='word_1_412' title='bbox 1700 1071 1794 1106; x_wconf 86' lang='lat' dir='ltr'>filius</span> <span class='ocrx_word' id='word_1_413' title='bbox 1825 1079 1873 1106; x_wconf 88' lang='lat' dir='ltr'>est</span> <span class='ocrx_word' id='word_1_414' title='bbox 1899 1083 2003 1116; x_wconf 88' lang='lat' dir='ltr'>supra</span> <span class='ocrx_word' id='word_1_415' title='bbox 2028 1079 2216 1106; x_wconf 82' lang='lat' dir='ltr'>creaturas.</span> <span class='ocrx_word' id='word_1_416' title='bbox 2277 1070 2324 1107; x_wconf 85' lang='lat' dir='ltr'>Et</span> 
     </span>
     <span class='ocr_line' id='line_1_66' title="bbox 1333 1120 2325 1166; baseline 0 -10"><span class='ocrx_word' id='word_1_417' title='bbox 1333 1123 1432 1156; x_wconf 87' lang='lat' dir='ltr'>nulla</span> <span class='ocrx_word' id='word_1_418' title='bbox 1469 1129 1628 1156; x_wconf 87' lang='lat' dir='ltr'>creatura</span> <span class='ocrx_word' id='word_1_419' title='bbox 1668 1123 1838 1166; x_wconf 87' lang='lat' dir='ltr'>potuisset</span> <span class='ocrx_word' id='word_1_420' title='bbox 1875 1123 1995 1156; x_wconf 83' lang='lat' dir='ltr'>videre</span> <span class='ocrx_word' id='word_1_421' title='bbox 2028 1120 2094 1156; x_wconf 85' lang='lat' dir='ltr'>hoc</span> <span class='ocrx_word' id='word_1_422' title='bbox 2125 1123 2325 1162; x_wconf 80' lang='lat' dir='ltr'>consilium,</span> 
     </span>
     <span class='ocr_line' id='line_1_67' title="bbox 1334 1171 2324 1218; baseline 0 -12"><span class='ocrx_word' id='word_1_423' title='bbox 1334 1174 1429 1218; x_wconf 85' lang='lat' dir='ltr'>quod</span> <span class='ocrx_word' id='word_1_424' title='bbox 1455 1184 1565 1216; x_wconf 85' lang='lat' dir='ltr'>genus</span> <span class='ocrx_word' id='word_1_425' title='bbox 1590 1171 1787 1207; x_wconf 88' lang='lat' dir='ltr'>humanum</span> <span class='ocrx_word' id='word_1_426' title='bbox 1813 1180 1900 1207; x_wconf 89' lang='lat' dir='ltr'>esset</span> <span class='ocrx_word' id='word_1_427' title='bbox 1923 1171 1989 1207; x_wconf 86' lang='lat' dir='ltr'>hoc</span> <span class='ocrx_word' id='word_1_428' title='bbox 2014 1174 2121 1206; x_wconf 91' lang='lat' dir='ltr'>modo</span> <span class='ocrx_word' id='word_1_429' title='bbox 2145 1174 2324 1207; x_wconf 84' lang='lat' dir='ltr'>redimen-</span> 
     </span>
     <span class='ocr_line' id='line_1_68' title="bbox 1334 1221 2326 1264; baseline 0.002 -7"><span class='ocrx_word' id='word_1_430' title='bbox 1334 1225 1439 1264; x_wconf 89' lang='lat' dir='ltr'>dum,</span> <span class='ocrx_word' id='word_1_431' title='bbox 1467 1223 1596 1257; x_wconf 89' lang='lat' dir='ltr'>scilicet</span> <span class='ocrx_word' id='word_1_432' title='bbox 1621 1224 1693 1257; x_wconf 91' lang='lat' dir='ltr'>filio</span> <span class='ocrx_word' id='word_1_433' title='bbox 1718 1230 1916 1257; x_wconf 88' lang='lat' dir='ltr'>assumente</span> <span class='ocrx_word' id='word_1_434' title='bbox 1939 1221 2131 1257; x_wconf 82' lang='lat' dir='ltr'>humanam</span> <span class='ocrx_word' id='word_1_435' title='bbox 2150 1232 2326 1261; x_wconf 87' lang='lat' dir='ltr'>naturam.</span> 
     </span>
     <span class='ocr_line' id='line_1_69' title="bbox 1334 1272 2326 1318; baseline 0.001 -9"><span class='ocrx_word' id='word_1_436' title='bbox 1334 1274 1402 1309; x_wconf 88' lang='lat' dir='ltr'>Sed</span> <span class='ocrx_word' id='word_1_437' title='bbox 1424 1274 1518 1308; x_wconf 90' lang='lat' dir='ltr'>solus</span> <span class='ocrx_word' id='word_1_438' title='bbox 1535 1274 1628 1307; x_wconf 85' lang='lat' dir='ltr'>filius</span> <span class='ocrx_word' id='word_1_439' title='bbox 1639 1272 1707 1308; x_wconf 83' lang='lat' dir='ltr'>hoc</span> <span class='ocrx_word' id='word_1_440' title='bbox 1719 1275 1897 1308; x_wconf 89' lang='lat' dir='ltr'>decretum</span> <span class='ocrx_word' id='word_1_441' title='bbox 1911 1274 2056 1318; x_wconf 85' lang='lat' dir='ltr'>profert,</span> <span class='ocrx_word' id='word_1_442' title='bbox 2085 1272 2326 1311; x_wconf 86' lang='lat' dir='ltr'>utlohann.1.</span> 
     </span>
     <span class='ocr_line' id='line_1_70' title="bbox 1335 1323 2326 1370; baseline 0.002 -12"><span class='ocrx_word' id='word_1_443' title='bbox 1335 1325 1480 1359; x_wconf 90' lang='lat' dir='ltr'>dicitur:</span> <span class='ocrx_word' id='word_1_444' title='bbox 1517 1323 1630 1358; x_wconf 86' lang='lat' dir='ltr'>Filius</span> <span class='ocrx_word' id='word_1_445' title='bbox 1653 1325 1714 1370; x_wconf 91' lang='lat' dir='ltr'>qui</span> <span class='ocrx_word' id='word_1_446' title='bbox 1731 1331 1782 1359; x_wconf 87' lang='lat' dir='ltr'>est</span> <span class='ocrx_word' id='word_1_447' title='bbox 1806 1325 1843 1358; x_wconf 89' lang='lat' dir='ltr'>in</span> <span class='ocrx_word' id='word_1_448' title='bbox 1867 1325 1946 1357; x_wconf 90' lang='lat' dir='ltr'>sinn</span> <span class='ocrx_word' id='word_1_449' title='bbox 1973 1325 2101 1369; x_wconf 86' lang='lat' dir='ltr'>patris,</span> <span class='ocrx_word' id='word_1_450' title='bbox 2129 1325 2201 1370; x_wconf 88' lang='lat' dir='ltr'>ipse</span> <span class='ocrx_word' id='word_1_451' title='bbox 2224 1337 2326 1360; x_wconf 85' lang='lat' dir='ltr'>enar-</span> 
     </span>
     <span class='ocr_line' id='line_1_71' title="bbox 1335 1374 1557 1408; baseline 0 0"><span class='ocrx_word' id='word_1_452' title='bbox 1335 1375 1427 1408; x_wconf 73' lang='lat' dir='ltr'>ravit</span> <span class='ocrx_word' id='word_1_453' title='bbox 1443 1374 1557 1408; x_wconf 90' lang='lat' dir='ltr'>nobis.</span> 
     </span>
    </p>

    <p class='ocr_par' dir='ltr' id='par_1_24' title="bbox 1336 1423 2327 1673">
     <span class='ocr_line' id='line_1_72' title="bbox 1438 1423 2325 1472; baseline 0.002 -14"><span class='ocrx_word' id='word_1_454' title='bbox 1438 1423 1590 1469; x_wconf 88' lang='lat' dir='ltr'>Ideoque</span> <span class='ocrx_word' id='word_1_455' title='bbox 1613 1424 1744 1458; x_wconf 89' lang='lat' dir='ltr'>dicitur</span> <span class='ocrx_word' id='word_1_456' title='bbox 1763 1423 1921 1458; x_wconf 72' lang='lat' dir='ltr'>Verbum</span> <span class='ocrx_word' id='word_1_457' title='bbox 1937 1426 2069 1459; x_wconf 86' lang='lat' dir='ltr'>aeterni</span> <span class='ocrx_word' id='word_1_458' title='bbox 2089 1426 2217 1469; x_wconf 88' lang='lat' dir='ltr'>patris,</span> <span class='ocrx_word' id='word_1_459' title='bbox 2244 1428 2325 1472; x_wconf 86' lang='lat' dir='ltr'>quia</span> 
     </span>
     <span class='ocr_line' id='line_1_73' title="bbox 1336 1473 2327 1519; baseline 0 -9"><span class='ocrx_word' id='word_1_460' title='bbox 1336 1482 1386 1510; x_wconf 92' lang='lat' dir='ltr'>est</span> <span class='ocrx_word' id='word_1_461' title='bbox 1409 1475 1469 1508; x_wconf 89' lang='lat' dir='ltr'>illa</span> <span class='ocrx_word' id='word_1_462' title='bbox 1492 1487 1661 1519; x_wconf 87' lang='lat' dir='ltr'>persona,</span> <span class='ocrx_word' id='word_1_463' title='bbox 1689 1487 1779 1519; x_wconf 92' lang='lat' dir='ltr'>quae</span> <span class='ocrx_word' id='word_1_464' title='bbox 1802 1475 2002 1509; x_wconf 83' lang='lat' dir='ltr'>immediate</span> <span class='ocrx_word' id='word_1_465' title='bbox 2018 1473 2212 1510; x_wconf 83' lang='lat' dir='ltr'>Ecclesiam</span> <span class='ocrx_word' id='word_1_466' title='bbox 2238 1478 2327 1511; x_wconf 87' lang='lat' dir='ltr'>allo·</span> 
     </span>
     <span class='ocr_line' id='line_1_74' title="bbox 1336 1523 2327 1572; baseline 0.002 -13"><span class='ocrx_word' id='word_1_467' title='bbox 1336 1526 1459 1572; x_wconf 89' lang='lat' dir='ltr'>quitur</span> <span class='ocrx_word' id='word_1_468' title='bbox 1485 1532 1516 1559; x_wconf 86' lang='lat' dir='ltr'>et</span> <span class='ocrx_word' id='word_1_469' title='bbox 1543 1525 1676 1569; x_wconf 86' lang='lat' dir='ltr'>profert</span> <span class='ocrx_word' id='word_1_470' title='bbox 1700 1523 1935 1569; x_wconf 84' lang='lat' dir='ltr'>Evangelinm</span> <span class='ocrx_word' id='word_1_471' title='bbox 1960 1537 2000 1559; x_wconf 80' lang='lat' dir='ltr'>ex</span> <span class='ocrx_word' id='word_1_472' title='bbox 2024 1538 2152 1559; x_wconf 89' lang='lat' dir='ltr'>arcano</span> <span class='ocrx_word' id='word_1_473' title='bbox 2179 1528 2327 1561; x_wconf 83' lang='lat' dir='ltr'>consilio</span> 
     </span>
     <span class='ocr_line' id='line_1_75' title="bbox 1337 1575 2326 1622; baseline 0.002 -12"><span class='ocrx_word' id='word_1_474' title='bbox 1337 1577 1554 1616; x_wconf 77' lang='lat' dir='ltr'>divinitatis,</span> <span class='ocrx_word' id='word_1_475' title='bbox 1581 1576 1665 1608; x_wconf 88' lang='lat' dir='ltr'>inde</span> <span class='ocrx_word' id='word_1_476' title='bbox 1686 1587 1797 1622; x_wconf 88' lang='lat' dir='ltr'>usque</span> <span class='ocrx_word' id='word_1_477' title='bbox 1823 1577 1866 1609; x_wconf 93' lang='lat' dir='ltr'>ab</span> <span class='ocrx_word' id='word_1_478' title='bbox 1884 1576 2004 1617; x_wconf 90' lang='lat' dir='ltr'>initio,</span> <span class='ocrx_word' id='word_1_479' title='bbox 2031 1578 2175 1621; x_wconf 91' lang='lat' dir='ltr'>quando</span> <span class='ocrx_word' id='word_1_480' title='bbox 2191 1575 2326 1612; x_wconf 82' lang='lat' dir='ltr'>Hevam</span> 
     </span>
     <span class='ocr_line' id='line_1_76' title="bbox 1337 1625 1760 1673; baseline 0.005 -13"><span class='ocrx_word' id='word_1_481' title='bbox 1337 1626 1542 1673; x_wconf 88' lang='lat' dir='ltr'>alloquitur.</span> <span class='ocrx_word' id='word_1_482' title='bbox 1579 1625 1709 1662; x_wconf 87' lang='lat' dir='ltr'>Genes.</span> <span class='ocrx_word' id='word_1_483' title='bbox 1727 1629 1760 1662; x_wconf 79' lang='grc' dir='ltr'>δ.</span> 
     </span>
    </p>

    <p class='ocr_par' dir='ltr' id='par_1_25' title="bbox 1338 1677 2330 2025">
     <span class='ocr_line' id='line_1_77' title="bbox 1441 1677 2327 1724; baseline 0.005 -14"><span class='ocrx_word' id='word_1_484' title='bbox 1441 1677 1509 1710; x_wconf 89' lang='lat' dir='ltr'>Hic</span> <span class='ocrx_word' id='word_1_485' title='bbox 1534 1677 1640 1711; x_wconf 85' lang='lat' dir='ltr'>simul</span> <span class='ocrx_word' id='word_1_486' title='bbox 1655 1678 1772 1724; x_wconf 41' lang='lat' dir='ltr'>,discis</span> <span class='ocrx_word' id='word_1_487' title='bbox 1795 1679 1940 1711; x_wconf 88' lang='lat' dir='ltr'>modum</span> <span class='ocrx_word' id='word_1_488' title='bbox 1965 1678 2182 1721; x_wconf 77' lang='lat' dir='ltr'>colligendae</span> <span class='ocrx_word' id='word_1_489' title='bbox 2206 1679 2327 1714; x_wconf 81' lang='lat' dir='ltr'>Eccle-</span> 
     </span>
     <span class='ocr_line' id='line_1_78' title="bbox 1338 1727 2328 1775; baseline 0.003 -13"><span class='ocrx_word' id='word_1_490' title='bbox 1338 1729 1427 1769; x_wconf 88' lang='lat' dir='ltr'>siae,</span> <span class='ocrx_word' id='word_1_491' title='bbox 1453 1728 1585 1762; x_wconf 90' lang='lat' dir='ltr'>scilicet</span> <span class='ocrx_word' id='word_1_492' title='bbox 1609 1739 1671 1772; x_wconf 88' lang='lat' dir='ltr'>per</span> <span class='ocrx_word' id='word_1_493' title='bbox 1695 1727 1866 1762; x_wconf 71' lang='lat' dir='ltr'>Verbum.</span> <span class='ocrx_word' id='word_1_494' title='bbox 1921 1727 2033 1762; x_wconf 69' lang='lat' dir='ltr'>Nemo</span> <span class='ocrx_word' id='word_1_495' title='bbox 2060 1730 2160 1763; x_wconf 78' lang='lat' dir='ltr'>novit</span> <span class='ocrx_word' id='word_1_496' title='bbox 2183 1737 2328 1775; x_wconf 88' lang='lat' dir='ltr'>patrem,</span> 
     </span>
     <span class='ocr_line' id='line_1_79' title="bbox 1339 1775 2330 1823; baseline 0.004 -11"><span class='ocrx_word' id='word_1_497' title='bbox 1339 1780 1407 1813; x_wconf 89' lang='lat' dir='ltr'>nisi</span> <span class='ocrx_word' id='word_1_498' title='bbox 1433 1779 1489 1812; x_wconf 90' lang='lat' dir='ltr'>cui</span> <span class='ocrx_word' id='word_1_499' title='bbox 1508 1775 1636 1812; x_wconf 79' lang='lat' dir='ltr'>Filius</span> <span class='ocrx_word' id='word_1_500' title='bbox 1662 1779 1802 1813; x_wconf 84' lang='lat' dir='ltr'>revelat.</span> <span class='ocrx_word' id='word_1_501' title='bbox 1863 1779 1957 1823; x_wconf 84' lang='lat' dir='ltr'>Ergo</span> <span class='ocrx_word' id='word_1_502' title='bbox 1983 1791 2120 1813; x_wconf 86' lang='lat' dir='ltr'>necesse</span> <span class='ocrx_word' id='word_1_503' title='bbox 2142 1788 2190 1814; x_wconf 87' lang='lat' dir='ltr'>est</span> <span class='ocrx_word' id='word_1_504' title='bbox 2208 1783 2330 1817; x_wconf 86' lang='lat' dir='ltr'>audire</span> 
     </span>
     <span class='ocr_line' id='line_1_80' title="bbox 1338 1828 2329 1874; baseline 0.002 -9"><span class='ocrx_word' id='word_1_505' title='bbox 1338 1830 1588 1874; x_wconf 83' lang='lat' dir='ltr'>Evangelium,</span> <span class='ocrx_word' id='word_1_506' title='bbox 1615 1837 1647 1863; x_wconf 87' lang='lat' dir='ltr'>et</span> <span class='ocrx_word' id='word_1_507' title='bbox 1671 1831 1743 1873; x_wconf 88' lang='lat' dir='ltr'>ipse</span> <span class='ocrx_word' id='word_1_508' title='bbox 1766 1830 1860 1863; x_wconf 84' lang='lat' dir='ltr'>filins</span> <span class='ocrx_word' id='word_1_509' title='bbox 1883 1842 1960 1864; x_wconf 91' lang='lat' dir='ltr'>cnm</span> <span class='ocrx_word' id='word_1_510' title='bbox 1980 1828 2173 1874; x_wconf 72' lang='lat' dir='ltr'>Evangelio</span> <span class='ocrx_word' id='word_1_511' title='bbox 2189 1839 2238 1866; x_wconf 85' lang='lat' dir='ltr'>est</span> <span class='ocrx_word' id='word_1_512' title='bbox 2256 1834 2329 1867; x_wconf 80' lang='lat' dir='ltr'>effi-</span> 
     </span>
     <span class='ocr_line' id='line_1_81' title="bbox 1340 1879 2329 1925; baseline 0.002 -10"><span class='ocrx_word' id='word_1_513' title='bbox 1340 1894 1420 1922; x_wconf 88' lang='lat' dir='ltr'>cax,</span> <span class='ocrx_word' id='word_1_514' title='bbox 1455 1888 1486 1914; x_wconf 90' lang='lat' dir='ltr'>et</span> <span class='ocrx_word' id='word_1_515' title='bbox 1517 1893 1690 1925; x_wconf 89' lang='lat' dir='ltr'>nusquam</span> <span class='ocrx_word' id='word_1_516' title='bbox 1717 1888 1766 1914; x_wconf 89' lang='lat' dir='ltr'>est</span> <span class='ocrx_word' id='word_1_517' title='bbox 1791 1879 1967 1920; x_wconf 85' lang='lat' dir='ltr'>Ecclesia,</span> <span class='ocrx_word' id='word_1_518' title='bbox 2001 1881 2061 1914; x_wconf 89' lang='lat' dir='ltr'>ubi</span> <span class='ocrx_word' id='word_1_519' title='bbox 2089 1893 2161 1915; x_wconf 93' lang='lat' dir='ltr'>non</span> <span class='ocrx_word' id='word_1_520' title='bbox 2189 1890 2237 1916; x_wconf 88' lang='lat' dir='ltr'>est</span> <span class='ocrx_word' id='word_1_521' title='bbox 2264 1897 2329 1918; x_wconf 80' lang='lat' dir='ltr'>vox</span> 
     </span>
     <span class='ocr_line' id='line_1_82' title="bbox 1341 1929 2329 1976; baseline 0.003 -12"><span class='ocrx_word' id='word_1_522' title='bbox 1341 1930 1536 1975; x_wconf 85' lang='lat' dir='ltr'>Evangelii.</span> <span class='ocrx_word' id='word_1_523' title='bbox 1597 1929 1787 1965; x_wconf 84' lang='lat' dir='ltr'>Auditores</span> <span class='ocrx_word' id='word_1_524' title='bbox 1820 1929 2018 1965; x_wconf 66' lang='lat' dir='ltr'>mahometi</span> <span class='ocrx_word' id='word_1_525' title='bbox 2053 1938 2085 1964; x_wconf 86' lang='lat' dir='ltr'>et</span> <span class='ocrx_word' id='word_1_526' title='bbox 2121 1931 2254 1976; x_wconf 76' lang='lat' dir='ltr'>Papae,</span> <span class='ocrx_word' id='word_1_527' title='bbox 2298 1943 2329 1969; x_wconf 84' lang='lat' dir='ltr'>et</span> 
     </span>
     <span class='ocr_line' id='line_1_83' title="bbox 1341 1980 2327 2025; baseline 0.002 -10"><span class='ocrx_word' id='word_1_528' title='bbox 1341 1990 1512 2016; x_wconf 82' lang='lat' dir='ltr'>sectarum</span> <span class='ocrx_word' id='word_1_529' title='bbox 1538 1983 1770 2025; x_wconf 84' lang='lat' dir='ltr'>pugnantium</span> <span class='ocrx_word' id='word_1_530' title='bbox 1793 1994 1871 2015; x_wconf 91' lang='lat' dir='ltr'>cnm</span> <span class='ocrx_word' id='word_1_531' title='bbox 1889 1980 2104 2025; x_wconf 80' lang='lat' dir='ltr'>Evangelio.</span> <span class='ocrx_word' id='word_1_532' title='bbox 2132 1991 2212 2018; x_wconf 86' lang='lat' dir='ltr'>sunt</span> <span class='ocrx_word' id='word_1_533' title='bbox 2234 1994 2327 2019; x_wconf 76' lang='lat' dir='ltr'>extra</span> 
     </span>
    </p>
   </div>
   <div class='ocr_carea' id='block_1_16' title="bbox 1342 2082 2330 2383">
    <p class='ocr_par' dir='ltr' id='par_1_26' title="bbox 1342 2082 2329 2169">
     <span class='ocr_line' id='line_1_84' title="bbox 1443 2082 2329 2127; baseline 0.003 -10"><span class='ocrx_word' id='word_1_534' title='bbox 1443 2083 1521 2117; x_wconf 83' lang='lat' dir='ltr'>lluc</span> <span class='ocrx_word' id='word_1_535' title='bbox 1549 2084 1699 2127; x_wconf 84' lang='lat' dir='ltr'>pertinet</span> <span class='ocrx_word' id='word_1_536' title='bbox 1724 2084 1945 2116; x_wconf 85' lang='lat' dir='ltr'>mandatnm:</span> <span class='ocrx_word' id='word_1_537' title='bbox 1975 2082 2079 2117; x_wconf 92' lang='lat' dir='ltr'>llnnc</span> <span class='ocrx_word' id='word_1_538' title='bbox 2103 2085 2231 2120; x_wconf 82' lang='lat' dir='ltr'>audite.</span> <span class='ocrx_word' id='word_1_539' title='bbox 2286 2086 2329 2120; x_wconf 76' lang='lat' dir='ltr'>Et</span> 
     </span>
     <span class='ocr_line' id='line_1_85' title="bbox 1342 2133 1980 2169; baseline 0.002 -1"><span class='ocrx_word' id='word_1_540' title='bbox 1342 2136 1377 2168; x_wconf 95' lang='lat' dir='ltr'>in</span> <span class='ocrx_word' id='word_1_541' title='bbox 1396 2134 1536 2168; x_wconf 84' lang='lat' dir='ltr'>Psalmo</span> <span class='ocrx_word' id='word_1_542' title='bbox 1552 2137 1587 2169; x_wconf 74' lang='lat'>2.</span> <span class='ocrx_word' id='word_1_543' title='bbox 1612 2133 1835 2167; x_wconf 86' lang='lat' dir='ltr'>Osculamini</span> <span class='ocrx_word' id='word_1_544' title='bbox 1858 2134 1980 2169; x_wconf 78' lang='lat' dir='ltr'>filium.</span> 
     </span>
    </p>

    <p class='ocr_par' dir='ltr' id='par_1_27' title="bbox 1343 2183 2330 2279">
     <span class='ocr_line' id='line_1_86' title="bbox 1444 2183 2330 2230; baseline 0.001 -10"><span class='ocrx_word' id='word_1_545' title='bbox 1444 2184 1489 2220; x_wconf 84' lang='lat' dir='ltr'>Et</span> <span class='ocrx_word' id='word_1_546' title='bbox 1518 2186 1553 2218; x_wconf 89' lang='lat' dir='ltr'>in</span> <span class='ocrx_word' id='word_1_547' title='bbox 1578 2183 1770 2220; x_wconf 85' lang='lat' dir='ltr'>Deuteron.</span> <span class='ocrx_word' id='word_1_548' title='bbox 1838 2185 2024 2219; x_wconf 69' lang='lat' dir='ltr'>Suscitalio</span> <span class='ocrx_word' id='word_1_549' title='bbox 2050 2184 2260 2230; x_wconf 74' lang='lat' dir='ltr'>Prnplietam</span> <span class='ocrx_word' id='word_1_550' title='bbox 2287 2190 2330 2221; x_wconf 81' lang='lat' dir='ltr'>de</span> 
     </span>
     <span class='ocr_line' id='line_1_87' title="bbox 1343 2236 2300 2279; baseline 0.001 -9"><span class='ocrx_word' id='word_1_551' title='bbox 1343 2237 1511 2270; x_wconf 80' lang='lat' dir='ltr'>fratribus</span> <span class='ocrx_word' id='word_1_552' title='bbox 1527 2237 1607 2270; x_wconf 85' lang='lat' dir='ltr'>tnis.</span> <span class='ocrx_word' id='word_1_553' title='bbox 1663 2236 1734 2279; x_wconf 81' lang='lat' dir='ltr'>Qni</span> <span class='ocrx_word' id='word_1_554' title='bbox 1752 2249 1824 2269; x_wconf 84' lang='lat' dir='ltr'>non</span> <span class='ocrx_word' id='word_1_555' title='bbox 1843 2236 2010 2274; x_wconf 76' lang='lat' dir='ltr'>audierit,</span> <span class='ocrx_word' id='word_1_556' title='bbox 2040 2248 2100 2277; x_wconf 71' lang='lat' dir='ltr'>ego</span> <span class='ocrx_word' id='word_1_557' title='bbox 2120 2237 2214 2270; x_wconf 80' lang='lat' dir='ltr'>ultor</span> <span class='ocrx_word' id='word_1_558' title='bbox 2231 2250 2300 2273; x_wconf 84' lang='lat' dir='ltr'>ero.</span> 
     </span>
    </p>

    <p class='ocr_par' dir='ltr' id='par_1_28' title="bbox 1343 2286 2330 2383">
     <span class='ocr_line' id='line_1_88' title="bbox 1446 2286 2330 2332; baseline 0.001 -10"><span class='ocrx_word' id='word_1_559' title='bbox 1446 2286 1491 2322; x_wconf 78' lang='lat' dir='ltr'>Et</span> <span class='ocrx_word' id='word_1_560' title='bbox 1519 2288 1608 2321; x_wconf 87' lang='lat' dir='ltr'>bene</span> <span class='ocrx_word' id='word_1_561' title='bbox 1632 2288 1843 2321; x_wconf 85' lang='lat' dir='ltr'>consideres.</span> <span class='ocrx_word' id='word_1_562' title='bbox 1905 2286 2016 2320; x_wconf 78' lang='lat' dir='ltr'>Filius</span> <span class='ocrx_word' id='word_1_563' title='bbox 2042 2289 2170 2322; x_wconf 66' lang='lat' dir='ltr'>molat</span> <span class='ocrx_word' id='word_1_564' title='bbox 2198 2296 2330 2332; x_wconf 78' lang='lat' dir='ltr'>patrem</span> 
     </span>
     <span class='ocr_line' id='line_1_89' title="bbox 1343 2335 2329 2383; baseline 0.002 -12"><span class='ocrx_word' id='word_1_565' title='bbox 1343 2338 1550 2383; x_wconf 78' lang='lat' dir='ltr'>dupliciter,</span> <span class='ocrx_word' id='word_1_566' title='bbox 1585 2338 1716 2372; x_wconf 88' lang='lat' dir='ltr'>scilicet</span> <span class='ocrx_word' id='word_1_567' title='bbox 1743 2346 1774 2373; x_wconf 85' lang='lat' dir='ltr'>et</span> <span class='ocrx_word' id='word_1_568' title='bbox 1799 2350 1882 2371; x_wconf 64' lang='lat' dir='ltr'>rote</span> <span class='ocrx_word' id='word_1_569' title='bbox 1908 2335 2111 2379; x_wconf 64' lang='lat' dir='ltr'>Evangelii.</span> <span class='ocrx_word' id='word_1_570' title='bbox 2139 2346 2169 2372; x_wconf 86' lang='lat' dir='ltr'>et</span> <span class='ocrx_word' id='word_1_571' title='bbox 2196 2339 2329 2373; x_wconf 88' lang='lat' dir='ltr'>illumi-</span> 
     </span>
    </p>
   </div>
   <div class='ocr_carea' id='block_1_17' title="bbox 302 2376 2330 2434">
    <p class='ocr_par' dir='ltr' id='par_1_29' title="bbox 302 2376 2330 2434">
     <span class='ocr_line' id='line_1_90' title="bbox 302 2376 2330 2434; baseline -0.001 -7"><span class='ocrx_word' id='word_1_572' title='bbox 302 2402 359 2426; x_wconf 87' lang='lat' dir='ltr'>tur</span> <span class='ocrx_word' id='word_1_573' title='bbox 382 2389 556 2424; x_wconf 78' lang='lat' dir='ltr'>humanae</span> <span class='ocrx_word' id='word_1_574' title='bbox 576 2391 708 2419; x_wconf 62' lang='lat' dir='ltr'>¹¹¹⁹¹ll⁰⁵</span> <span class='ocrx_word' id='word_1_575' title='bbox 722 2410 729 2422; x_wconf 73' lang='grc' dir='ltr'>ι</span> <span class='ocrx_word' id='word_1_576' title='bbox 757 2382 851 2427; x_wconf 83' lang='lat' dir='ltr'>quud</span> <span class='ocrx_word' id='word_1_577' title='bbox 870 2381 990 2412; x_wconf 52' lang='lat' dir='ltr'>*idem</span> <span class='ocrx_word' id='word_1_578' title='bbox 1008 2376 1200 2411; x_wconf 48' lang='lat' dir='ltr'>Essh&#39;i‘issm</span> <span class='ocrx_word' id='word_1_579' title='bbox 1218 2390 1290 2412; x_wconf 69' lang='lat'>⁰⁵⁵⁰</span> <span class='ocrx_word' id='word_1_580' title='bbox 1344 2401 1432 2423; x_wconf 81' lang='lat' dir='ltr'>nans</span> <span class='ocrx_word' id='word_1_581' title='bbox 1451 2391 1555 2423; x_wconf 90' lang='lat' dir='ltr'>corda</span> <span class='ocrx_word' id='word_1_582' title='bbox 1574 2396 1676 2429; x_wconf 83' lang='lat' dir='ltr'>tnnc,</span> <span class='ocrx_word' id='word_1_583' title='bbox 1704 2389 1846 2434; x_wconf 85' lang='lat' dir='ltr'>quando</span> <span class='ocrx_word' id='word_1_584' title='bbox 1864 2400 1924 2431; x_wconf 82' lang='lat' dir='ltr'>per</span> <span class='ocrx_word' id='word_1_585' title='bbox 1940 2385 2172 2431; x_wconf 67' lang='lat' dir='ltr'>Evangelinm</span> <span class='ocrx_word' id='word_1_586' title='bbox 2191 2397 2241 2425; x_wconf 87' lang='lat' dir='ltr'>est</span> <span class='ocrx_word' id='word_1_587' title='bbox 2257 2391 2330 2424; x_wconf 82' lang='lat' dir='ltr'>effi-</span> 
     </span>
    </p>
   </div>
   <div class='ocr_carea' id='block_1_18' title="bbox 302 2425 2331 2485">
    <p class='ocr_par' dir='ltr' id='par_1_30' title="bbox 302 2425 2331 2485">
     <span class='ocr_line' id='line_1_91' title="bbox 302 2425 2331 2485; baseline -0.002 -8"><span class='ocrx_word' id='word_1_588' title='bbox 302 2453 371 2477; x_wconf 86' lang='lat' dir='ltr'>tam</span> <span class='ocrx_word' id='word_1_589' title='bbox 404 2442 555 2474; x_wconf 78' lang='lat' dir='ltr'>lacerum</span> <span class='ocrx_word' id='word_1_590' title='bbox 586 2443 616 2469; x_wconf 83' lang='lat' dir='ltr'>et</span> <span class='ocrx_word' id='word_1_591' title='bbox 648 2434 823 2467; x_wconf 67' lang='lat' dir='ltr'>imbecille</span> <span class='ocrx_word' id='word_1_592' title='bbox 856 2442 999 2474; x_wconf 72' lang='lat' dir='ltr'>rnrpus.</span> <span class='ocrx_word' id='word_1_593' title='bbox 1034 2428 1219 2462; x_wconf 54' lang='lat' dir='ltr'>“medum</span> <span class='ocrx_word' id='word_1_594' title='bbox 1250 2441 1289 2462; x_wconf 60' lang='grc' dir='ltr'>θ’(</span> <span class='ocrx_word' id='word_1_595' title='bbox 1319 2425 1422 2483; x_wconf 46' lang='grc' dir='ltr'>ἶωκ,</span> <span class='ocrx_word' id='word_1_596' title='bbox 1453 2441 1534 2485; x_wconf 79' lang='lat' dir='ltr'>qnia</span> <span class='ocrx_word' id='word_1_597' title='bbox 1557 2440 1661 2474; x_wconf 89' lang='lat' dir='ltr'>simul</span> <span class='ocrx_word' id='word_1_598' title='bbox 1684 2446 1733 2473; x_wconf 80' lang='lat' dir='ltr'>est</span> <span class='ocrx_word' id='word_1_599' title='bbox 1757 2451 1837 2473; x_wconf 86' lang='lat' dir='ltr'>cum</span> <span class='ocrx_word' id='word_1_600' title='bbox 1858 2436 2063 2481; x_wconf 64' lang='lat' dir='ltr'>Evangelio.</span> <span class='ocrx_word' id='word_1_601' title='bbox 2117 2440 2271 2483; x_wconf 83' lang='lat' dir='ltr'>Quando</span> <span class='ocrx_word' id='word_1_602' title='bbox 2295 2442 2331 2475; x_wconf 87' lang='lat' dir='ltr'>in</span> 
     </span>
    </p>
   </div>
   <div class='ocr_carea' id='block_1_19' title="bbox 1319 2490 2330 2531">
    <p class='ocr_par' dir='ltr' id='par_1_31' title="bbox 1319 2490 2330 2531">
     <span class='ocr_line' id='line_1_92' title="bbox 1319 2490 2330 2531; baseline 0.003 -8"><span class='ocrx_word' id='word_1_603' title='bbox 1319 2491 1321 2503; x_wconf 72' lang='lat'><strong><em>⁴</em></strong></span> <span class='ocrx_word' id='word_1_604' title='bbox 1346 2503 1426 2524; x_wconf 79' lang='lat' dir='ltr'>vcra</span> <span class='ocrx_word' id='word_1_605' title='bbox 1458 2491 1699 2524; x_wconf 79' lang='lat' dir='ltr'>consolatione</span> <span class='ocrx_word' id='word_1_606' title='bbox 1724 2490 1857 2530; x_wconf 80' lang='lat' dir='ltr'>credis,</span> <span class='ocrx_word' id='word_1_607' title='bbox 1892 2497 1974 2523; x_wconf 81' lang='lat' dir='ltr'>tnnc</span> <span class='ocrx_word' id='word_1_608' title='bbox 2002 2491 2094 2525; x_wconf 72' lang='lat' dir='ltr'>filius</span> <span class='ocrx_word' id='word_1_609' title='bbox 2119 2503 2199 2525; x_wconf 72' lang='lat' dir='ltr'>vere</span> <span class='ocrx_word' id='word_1_610' title='bbox 2223 2493 2330 2531; x_wconf 77' lang='lat' dir='ltr'>adest,</span> 
     </span>
    </p>
   </div>
   <div class='ocr_carea' id='block_1_20' title="bbox 304 2479 1094 2538">
    <p class='ocr_par' dir='ltr' id='par_1_32' title="bbox 304 2479 1094 2538">
     <span class='ocr_line' id='line_1_93' title="bbox 304 2479 1094 2538; baseline -0.019 -11"><span class='ocrx_word' id='word_1_611' title='bbox 304 2492 534 2538; x_wconf 80' lang='lat' dir='ltr'>pauperibus,</span> <span class='ocrx_word' id='word_1_612' title='bbox 565 2495 596 2521; x_wconf 85' lang='lat' dir='ltr'>et</span> <span class='ocrx_word' id='word_1_613' title='bbox 616 2486 811 2530; x_wconf 78' lang='lat' dir='ltr'>dispersum</span> <span class='ocrx_word' id='word_1_614' title='bbox 832 2483 907 2515; x_wconf 88' lang='lat' dir='ltr'>sine</span> <span class='ocrx_word' id='word_1_615' title='bbox 925 2479 1094 2524; x_wconf 77' lang='lat' dir='ltr'>imperiis.</span> 
     </span>
    </p>
   </div>
   <div class='ocr_carea' id='block_1_21' title="bbox 305 2537 1292 2688">
    <p class='ocr_par' dir='ltr' id='par_1_33' title="bbox 305 2537 1292 2688">
     <span class='ocr_line' id='line_1_94' title="bbox 405 2537 1292 2593; baseline -0.012 -10"><span class='ocrx_word' id='word_1_616' title='bbox 405 2550 526 2593; x_wconf 73' lang='lat' dir='ltr'>Cogita</span> <span class='ocrx_word' id='word_1_617' title='bbox 540 2576 547 2586; x_wconf 81' lang='grc'>,</span> <span class='ocrx_word' id='word_1_618' title='bbox 575 2558 679 2592; x_wconf 77' lang='lat' dir='ltr'>qnam</span> <span class='ocrx_word' id='word_1_619' title='bbox 697 2544 817 2588; x_wconf 84' lang='lat' dir='ltr'>pulcer</span> <span class='ocrx_word' id='word_1_620' title='bbox 833 2551 1014 2575; x_wconf 81' lang='lat' dir='ltr'>consessus</span> <span class='ocrx_word' id='word_1_621' title='bbox 1030 2538 1134 2572; x_wconf 84' lang='lat' dir='ltr'>suerit</span> <span class='ocrx_word' id='word_1_622' title='bbox 1146 2537 1292 2580; x_wconf 82' lang='lat' dir='ltr'>Romae,</span> 
     </span>
     <span class='ocr_line' id='line_1_95' title="bbox 305 2589 1290 2641; baseline -0.015 -5"><span class='ocrx_word' id='word_1_623' title='bbox 305 2607 454 2637; x_wconf 66' lang='lat' dir='ltr'>Senatus</span> <span class='ocrx_word' id='word_1_624' title='bbox 485 2598 652 2641; x_wconf 71' lang='lat' dir='ltr'>Augusti.</span> <span class='ocrx_word' id='word_1_625' title='bbox 695 2595 853 2638; x_wconf 74' lang='lat' dir='ltr'>Augusto</span> <span class='ocrx_word' id='word_1_626' title='bbox 887 2591 1119 2637; x_wconf 81' lang='lat' dir='ltr'>praesidente.</span> <span class='ocrx_word' id='word_1_627' title='bbox 1195 2589 1290 2632; x_wconf 82' lang='lat' dir='ltr'>Quid</span> 
     </span>
     <span class='ocr_line' id='line_1_96' title="bbox 306 2640 1291 2688; baseline -0.015 0"><span class='ocrx_word' id='word_1_628' title='bbox 306 2661 403 2688; x_wconf 74' lang='lat' dir='ltr'>erant</span> <span class='ocrx_word' id='word_1_629' title='bbox 429 2651 545 2686; x_wconf 85' lang='lat' dir='ltr'>collati</span> <span class='ocrx_word' id='word_1_630' title='bbox 572 2650 614 2683; x_wconf 85' lang='lat' dir='ltr'>ad</span> <span class='ocrx_word' id='word_1_631' title='bbox 641 2646 724 2686; x_wconf 69' lang='lat' dir='ltr'>lios,</span> <span class='ocrx_word' id='word_1_632' title='bbox 761 2644 878 2679; x_wconf 77' lang='lat' dir='ltr'>miseri</span> <span class='ocrx_word' id='word_1_633' title='bbox 906 2641 1067 2676; x_wconf 78' lang='lat' dir='ltr'>homines</span> <span class='ocrx_word' id='word_1_634' title='bbox 1091 2641 1125 2675; x_wconf 88' lang='lat' dir='ltr'>in</span> <span class='ocrx_word' id='word_1_635' title='bbox 1153 2640 1291 2677; x_wconf 73' lang='lat' dir='ltr'>lndaea,</span> 
     </span>
    </p>
   </div>
   <div class='ocr_carea' id='block_1_22' title="bbox 1318 2510 1323 2596">
    <p class='ocr_par' dir='ltr' id='par_1_34' title="bbox 1318 2510 1323 2596">
     <span class='ocr_line' id='line_1_97' title="bbox 1318 2510 1323 2596; baseline 0 0"><span class='ocrx_word' id='word_1_636' title='bbox 1318 2510 1323 2596; x_wconf 95' lang='lat' dir='ltr'> </span> 
     </span>
    </p>
   </div>
   <div class='ocr_carea' id='block_1_23' title="bbox 1345 2541 2334 2585">
    <p class='ocr_par' dir='ltr' id='par_1_35' title="bbox 1345 2541 2334 2585">
     <span class='ocr_line' id='line_1_98' title="bbox 1345 2541 2334 2585; baseline 0.002 -10"><span class='ocrx_word' id='word_1_637' title='bbox 1345 2549 1377 2576; x_wconf 91' lang='lat' dir='ltr'>et</span> <span class='ocrx_word' id='word_1_638' title='bbox 1397 2542 1460 2576; x_wconf 90' lang='lat' dir='ltr'>tibi</span> <span class='ocrx_word' id='word_1_639' title='bbox 1479 2541 1631 2576; x_wconf 81' lang='lat' dir='ltr'>ostendit</span> <span class='ocrx_word' id='word_1_640' title='bbox 1649 2541 1924 2574; x_wconf 78' lang='lat' dir='ltr'>misericordiam</span> <span class='ocrx_word' id='word_1_641' title='bbox 1945 2542 2064 2585; x_wconf 81' lang='lat' dir='ltr'>patris,</span> <span class='ocrx_word' id='word_1_642' title='bbox 2092 2549 2123 2576; x_wconf 84' lang='lat' dir='ltr'>et</span> <span class='ocrx_word' id='word_1_643' title='bbox 2140 2548 2188 2575; x_wconf 74' lang='lat' dir='ltr'>est</span> <span class='ocrx_word' id='word_1_644' title='bbox 2203 2543 2334 2584; x_wconf 77' lang='lat' dir='ltr'>efficax,</span> 
     </span>
    </p>
   </div>
   <div class='ocr_carea' id='block_1_24' title="bbox 1320 2591 2332 2689">
    <p class='ocr_par' dir='ltr' id='par_1_36' title="bbox 1320 2591 2332 2689">
     <span class='ocr_line' id='line_1_99' title="bbox 1320 2591 2332 2636; baseline 0.002 -10"><span class='ocrx_word' id='word_1_645' title='bbox 1320 2610 1322 2620; x_wconf 77' lang='lat'>›</span> <span class='ocrx_word' id='word_1_646' title='bbox 1346 2600 1377 2627; x_wconf 83' lang='lat' dir='ltr'>et</span> <span class='ocrx_word' id='word_1_647' title='bbox 1402 2593 1506 2626; x_wconf 83' lang='lat' dir='ltr'>simul</span> <span class='ocrx_word' id='word_1_648' title='bbox 1535 2591 1684 2626; x_wconf 75' lang='lat' dir='ltr'>effundit</span> <span class='ocrx_word' id='word_1_649' title='bbox 1701 2591 1872 2636; x_wconf 84' lang='lat' dir='ltr'>Spiritum</span> <span class='ocrx_word' id='word_1_650' title='bbox 1900 2599 2055 2626; x_wconf 79' lang='lat' dir='ltr'>sanetum</span> <span class='ocrx_word' id='word_1_651' title='bbox 2083 2593 2117 2625; x_wconf 90' lang='lat' dir='ltr'>in</span> <span class='ocrx_word' id='word_1_652' title='bbox 2137 2604 2196 2627; x_wconf 79' lang='lat' dir='ltr'>ror</span> <span class='ocrx_word' id='word_1_653' title='bbox 2216 2601 2332 2628; x_wconf 87' lang='lat' dir='ltr'>tunm:</span> 
     </span>
     <span class='ocr_line' id='line_1_100' title="bbox 1320 2640 2058 2689; baseline 0 -12"><span class='ocrx_word' id='word_1_654' title='bbox 1320 2641 1321 2658; x_wconf 72' lang='lat'><em>³</em></span> <span class='ocrx_word' id='word_1_655' title='bbox 1348 2643 1424 2689; x_wconf 84' lang='lat' dir='ltr'>lpse</span> <span class='ocrx_word' id='word_1_656' title='bbox 1441 2645 1499 2678; x_wconf 87' lang='lat' dir='ltr'>dat</span> <span class='ocrx_word' id='word_1_657' title='bbox 1517 2644 1608 2677; x_wconf 79' lang='lat' dir='ltr'>dona</span> <span class='ocrx_word' id='word_1_658' title='bbox 1627 2641 1850 2680; x_wconf 78' lang='lat' dir='ltr'>hominibus.</span> <span class='ocrx_word' id='word_1_659' title='bbox 1881 2640 2008 2687; x_wconf 66' lang='lat' dir='ltr'>Eptnes.</span> <span class='ocrx_word' id='word_1_660' title='bbox 2025 2644 2058 2677; x_wconf 77' lang='lat'>4.</span> 
     </span>
    </p>
   </div>
   <div class='ocr_carea' id='block_1_25' title="bbox 2390 2313 2409 2915">
    <p class='ocr_par' dir='ltr' id='par_1_37' title="bbox 2390 2313 2409 2915">
     <span class='ocr_line' id='line_1_101' title="bbox 2390 2313 2409 2915; baseline 0 0"><span class='ocrx_word' id='word_1_661' title='bbox 2390 2313 2409 2915; x_wconf 95' lang='lat' dir='ltr'> </span> 
     </span>
    </p>
   </div>
  </div>
 </body>
</html>
