2409 2915
79 97 176 135 1089
364 97 447 133 Xll.

77 184 146 217 dit:
182 181 267 217 haec
286 184 413 227 spiritu
436 184 543 223 fiunt,
576 193 679 215 carne
704 180 777 213 fieri
804 192 876 213 non
903 187 1060 222 possunt.
1085 177 1089 212 l

77 233 162 267 Ideo
186 235 287 268 dicit:
325 234 407 267 Veri
432 236 632 267 adoratores
656 233 849 265 adorabant
875 232 910 263 in
934 231 1061 275 spiritu
1086 213 1089 253 l

77 292 140 318 etc.
177 282 242 331 [Et
259 282 362 331 quia]
379 284 410 328 3)
427 283 510 317 haec
527 283 610 317 novi
628 283 659 325 ⁴)
677 283 792 315 cordis
811 282 880 315 vita
901 289 962 322 est,
989 293 1061 313 non
1087 260 1090 325 i

75 342 214 368 mortua
230 335 352 376 litera,
379 347 453 369 non
474 334 622 378 frigidae
637 333 859 367 inventiones
876 330 1062 372 humanae,
1087 337 1089 364 l

76 387 135 418 sed
154 397 234 419 vera
256 393 348 422 sunt.
1087 391 1090 432 f

370 469 536 517 Spiritus
567 475 616 504 est
641 468 759 504 Deus.
1088 452 1090 492 i

175 537 264 572 Nam
284 539 446 572 animalis
471 537 577 572 homo
604 551 677 572 non
704 537 849 582 percipit
875 548 933 577 ea,
974 547 1063 580 qnae
1088 550 1090 552 ·

76 596 158 623 sunt
188 590 351 634 spirituS,
391 591 414 626 i.
437 602 466 626 e.
493 591 656 634 spiritum
683 600 755 622 non
787 587 965 630 cognoscit
995 586 1061 619 nisi

75 640 230 684 spiritus.

303 713 387 750 Scio
411 713 512 763 quod
534 712 698 748 Messias
728 712 832 747 venit.

182 782 289 826 Quod
326 783 533 817 muliercula
566 782 668 821 dicit,
718 793 752 814 se
773 781 860 814 scire
882 777 1061 814 Christum

75 840 284 873 venturum,
310 846 350 867 eo
368 834 541 878 pertinet,
568 833 662 878 quod
681 839 714 865 et
730 832 894 874 gentibus
913 830 1063 873 promis-

74 895 134 918 sus
162 891 212 918 est
241 883 422 925 Christus,
478 895 679 929 quanquam
718 885 760 915 ad
795 883 887 915 solos
916 881 1061 915 ludaeos
1088 890 1090 918 ¹,

74 936 184 970 factae
199 944 281 970 sunt
297 935 559 980 promissiones.
1087 934 1090 972 ξ

215 1018 401 1054 Venerunt
426 1017 603 1066 d1'sc1'puli
627 1023 657 1052 et
682 1018 929 1053 mirabantur.
1087 1037 1090 1061 ς

178 1087 285 1131 Quod
303 1089 468 1132 discipuli
487 1088 706 1121 mirabantur
730 1100 807 1120 cum
822 1086 970 1122 muliere
989 1084 1062 1117 col-

74 1139 299 1185 loquentem,
332 1140 456 1182 figurat
482 1140 536 1179 id,
570 1140 665 1183 quod
687 1146 719 1172 et
738 1137 856 1171 ludaei
883 1137 1062 1169 miraban-

75 1197 151 1230 tur,
178 1196 296 1234 gentes
321 1190 460 1223 assumi.
512 1188 559 1223 Et
583 1190 677 1234 qnod
701 1201 772 1221 non
799 1185 1063 1231 reprehendunt
1088 1200 1090 1207 ·

75 1242 240 1285 discipuli
270 1241 528 1285 colloquentem
556 1253 634 1273 curn
665 1240 831 1278 muliere,
882 1237 1064 1280 significat,

75 1290 226 1326 Iudaeos
243 1300 380 1325 coactos
395 1292 565 1335 scriptura
583 1298 614 1324 et
630 1291 738 1333 signis
757 1290 842 1330 Dei,
867 1296 905 1322 ut
923 1288 1063 1332 praedi-

74 1350 194 1376 carent
205 1342 438 1386 Evangelium
458 1342 630 1384 gentibus.

190 1424 338 1460 Interea
366 1423 549 1472 rogabant
580 1435 659 1458 eum
682 1421 860 1470 discipuli
883 1426 964 1462 elai

178 1493 273 1537 Quia
288 1493 358 1526 iam
373 1492 616 1527 Samaritanae
639 1491 868 1532 mulierculae
883 1490 1065 1534 praedica-

76 1552 173 1578 verat
191 1543 372 1583 Christus,
401 1550 434 1576 et
459 1542 623 1584 discipuli
647 1542 890 1584 mirabantur,
918 1542 1011 1586 quod
1032 1548 1065 1574 et

76 1596 240 1639 gentibus
268 1594 502 1638 praedicaret,
535 1590 594 1625 bic
618 1594 738 1631 (locet,
772 1592 902 1625 instare
927 1599 1066 1635 tempus

76 1646 303 1691 praedicandi
323 1643 555 1687 Evangelinm
576 1643 637 1676 toti
663 1643 813 1675 mundo:
847 1643 906 1675 sed
930 1649 1066 1685 postea-

77 1710 181 1742 quam
208 1697 281 1739 ipse
307 1707 426 1739 passus
449 1695 511 1732 sit,
551 1694 631 1726 ideo
657 1696 701 1726 de
725 1693 884 1737 passione
908 1704 968 1725 sna
994 1693 1066 1735 pri-

74 1759 173 1781 mum
205 1747 373 1792 loquitur.
441 1743 516 1788 Ego
554 1745 672 1778 cib'nm
700 1745 910 1776 manducare
942 1741 1066 1780 habeo,

77 1810 181 1844 quem
207 1809 269 1830 vos
296 1797 448 1831 nescitis,
500 1794 547 1828 Et
570 1795 716 1828 deinde:
756 1793 866 1826 Cibus
889 1805 985 1826 meus
1007 1800 1066 1833 est,

75 1857 116 1883 ut
133 1849 257 1882 faciam
276 1848 494 1881 voluntatem
515 1846 605 1886 eius,
633 1846 692 1891 qui
712 1845 805 1878 misit
829 1857 904 1885 me,
929 1851 967 1877 ut
986 1855 1064 1887 per-

77 1900 190 1932 ficiam
209 1911 297 1942 opus
314 1898 402 1931 eius.
455 1897 561 1940 Quod
585 1908 647 1939 ego
672 1897 719 1929 sic
745 1895 895 1938 accipio,
922 1902 961 1928 ut
980 1894 1065 1929 Luc.

78 1949 159 1985 ΧΗ.
184 1950 332 1983 dicitur:
363 1948 545 1992 Baptismo
571 1945 684 1980 haheo
709 1946 895 1990 baptizari,
927 1952 960 1979 et
978 1958 1065 1990 qno-

78 2002 184 2034 modo
203 2007 361 2034 coarctor
384 2011 494 2044 usque
521 2000 605 2031 dum
632 1995 856 2042 perficiatur?
902 1996 1064 2030 Secundo

77 2051 238 2089 subiicit,
266 2051 395 2084 instare
417 2057 556 2093 tempus
580 2047 807 2092 praedicandi
823 2045 1007 2090 Evangelii
1030 2047 1064 2078 in
1091 2062 1093 2065 ⁴

77 2109 152 2137 toto
176 2103 331 2141 mundo,
363 2101 455 2145 quod
482 2111 577 2141 seges
603 2100 671 2132 iam
692 2100 843 2131 albescat
861 2105 894 2131 et
909 2106 1066 2131 matura-
1091 2093 1093 2132 J

77 2153 188 2192 verit,
215 2153 237 2187 i.
255 2165 283 2188 e.
300 2159 438 2195 tempus
455 2151 678 2194 praefinitum
698 2149 733 2181 in
751 2149 934 2192 scripturis
950 2149 1066 2188 instet,
1091 2153 1093 2163 ²

78 2216 158 2238 cum
181 2204 250 2236 iam
269 2203 371 2236 etiam
395 2208 514 2244 gentes
540 2201 735 2244 inciperent
761 2200 912 2233 credere.
965 2198 1063 2232 Sicut

79 2255 164 2288 alias
181 2254 283 2288 dicit:
313 2254 344 2287 A
361 2253 487 2285 diebus
504 2252 648 2285 Ioannis
671 2262 781 2296 usquc
796 2262 892 2283 nunc
917 2259 1064 2292 regnum
1091 2252 1093 2254 '

77 2306 258 2339 coelorum
277 2305 349 2337 vim
369 2303 510 2348 patitur.
1090 2300 1093 2340 3

431 2385 484 2421 Et
511 2387 576 2435 qui
599 2386 704 2421 venit.

176 2456 229 2490 De
254 2457 368 2490 officio
393 2463 426 2490 et
442 2456 601 2489 mercede
619 2454 871 2499 Apostolorum
897 2453 1065 2498 loquitur.
1090 2453 1092 2460 '

80 2508 269 2554 Apostolos
298 2519 466 2541 messores
488 2514 624 2541 tantum
651 2517 740 2547 esse,
773 2505 889 2538 cibum
915 2505 1065 2538 mantlu-
1089 2515 1092 2563 ἰ

1089 2615 1091 2627 ¹
1119 2614 1194 2646 (litu
1221 2618 1280 2643 est.

1090 2659 1091 2662 ¹
1118 2671 1167 2697 est
1185 2663 1278 2708 quod
1301 2656 1507 2693 muliercula
1526 2653 1590 2689 hoc
1610 2655 1684 2687 loco
1710 2653 1846 2687 civibus
1871 2653 1942 2688 suis
1967 2655 2107 2698 praedi-

114 2646 145 2672 3)
168 2646 205 2669 Et
224 2646 292 2675 qnia
312 2649 365 2665 non
385 2642 513 2673 leguntur
532 2642 557 2664 in
578 2642 663 2665 Tuli..
684 2644 710 2664 ct
731 2643 823 2666 recte.
844 2642 871 2662 nt
892 2639 1007 2662 videtur.

113 2690 143 2715 4)
164 2688 226 2712 Tuli,
248 2694 330 2711 nora.

81 2725 195 2755 ‚312ch
208 2738 242 2755 [κ
287 2726 388 2755 Orza*
422 2723 498 2753 Voti.
519 2719 612 2752 XIV.

506 92 901 132 ANNOTATtoNES
927 91 993 128 ET
1019 90 1297 129 CONCIONES
1326 93 1376 127 {N
1401 93 1580 130 EVANG.
1610 92 1828 131 IOANNIS.

1091 1717 1093 1736 ς
1120 1705 1288 1731 catorum.

2008 99 2104 133 1090

1116 190 1194 212 care
1223 180 1370 221 gratiae,
1411 180 1493 225 quia
1520 193 1593 214 non
1626 181 1890 226 intelligebant,
1923 181 2101 218 Christum

1115 237 1276 273 oportere
1299 231 1379 274 pati.

1366 312 1418 348 Ut
1441 314 1589 361 facium
1617 313 1849 351 volunlatem.

1216 380 1267 413 De
1286 381 1446 423 passione
1461 379 1525 413 hoc
1537 381 1757 424 potissimum
1771 384 1983 424 observabis,
2006 385 2100 429 quod

1088 436 1089 449 ³
1116 432 1203 466 sicut
1222 429 1352 465 Christi
1370 432 1484 474 passio
1502 431 1662 464 voluntas
1680 439 1711 465 et
1728 445 1814 476 opus
1829 434 1935 476 patris
1958 441 2026 475 est,
2054 435 2102 468 ita

1116 483 1298 522 omnium,
1338 481 1398 526 qni
1426 489 1508 515 sunt
1538 481 1690 520 Christi,
1735 484 1847 525 passio
1879 485 2040 518 voluntas
2069 491 2102 518 et

1116 546 1202 578 opus
1220 533 1328 577 patris
1344 538 1407 565 est.
1460 532 1518 566 Sic
1544 531 1674 565 Paulus
1698 533 1799 571 «licit,
1833 546 1869 567 se
1895 535 2038 577 implere
2054 535 2101 575 id,

1117 585 1211 630 qnod
1236 586 1354 616 deerat
1383 583 1634 616 afflictionibus
1666 581 1810 618 Christi.
1883 583 1976 627 Ergo
2013 586 2102 618 sicut

1117 633 1277 670 (hristus
1294 646 1354 677 per
1371 645 1508 666 crucem
1527 634 1738 675 glorificatus
1758 641 1824 674 est,
1858 634 1903 667 ita
1928 635 2101 674 glorifica-

1118 688 1252 720 buntur
1270 692 1300 718 et
1319 685 1363 722 ii,
1392 684 1505 728 quiin
1523 682 1663 717 Christo
1683 692 1777 718 sunt.
1795 703 1843 709 —
1871 683 2000 718 Adhuc
2016 697 2101 730 qna-

1118 745 1198 771 tuor
1214 747 1350 769 menses
1366 742 1448 768 sunt
1463 747 1481 767 a
1499 747 1597 775 vere,
1622 735 1644 766 i.
1663 747 1691 769 e.
1717 735 1838 777 procul
1861 736 1956 768 abest
1981 736 2102 769 messis

1117 787 1326 831 corporalis,
1363 786 1421 818 sed
1449 785 1568 817 messis
1593 785 1784 828 spiritualis
1807 798 1915 829 prope
1932 793 2000 826 est,
2036 784 2102 819 hoc

1117 846 1176 878 est,
1201 839 1269 870 iam
1289 837 1376 869 illud
1396 836 1509 879 ipsnm
1528 843 1665 880 tempus
1683 834 2102 878 praedicandiEvangelii

1117 896 1184 929 est,
1213 888 1292 933 qnia
1309 899 1326 920 a
1346 887 1469 919 diebus
1489 885 1633 918 loannis
1656 898 1802 927 regnum
1827 887 2004 919 coelorum
2030 887 2101 919 vim

1117 939 1258 984 patitur.
1275 958 1325 962 —
1351 936 1548 980 Regiones,
1573 937 1596 971 i.
1615 949 1642 969 e.
1662 937 1820 982 populos.
1855 935 2001 975 Oculos,
2029 937 2103 972 scil.

1117 990 1318 1035 spirituales
1335 989 1451 1021 levare
1467 987 1575 1020 iubet.

1187 1073 1273 1119 Ego
1299 1072 1386 1106 misi
1407 1084 1467 1105 cos
1490 1075 1632 1112 metere,
1669 1068 1769 1117 quod
1791 1082 1857 1104 nos
1880 1082 1952 1104 non
1978 1075 2040 1105 etc.

1218 1141 1413 1183 Distingnit
1430 1137 1619 1182 Apostolos
1643 1151 1660 1171 a
1680 1136 1883 1182 PropbetiS,
1918 1150 1995 1170 cum
2015 1138 2105 1172 Pro-

1118 1191 1238 1237 phetas
1273 1192 1502 1225 seminatores
1534 1196 1636 1223 vocat
1658 1196 1690 1222 et
1708 1189 1898 1232 Apostolos
1923 1201 2104 1230 messores,

1117 1244 1197 1288 quia
1218 1255 1279 1286 per
1296 1239 1490 1285 Prophetas
1508 1241 1660 1284 primum
1685 1241 1830 1272 verbum
1846 1247 1896 1273 est
1913 1247 2104 1284 acceptum,

1119 1294 1278 1337 Apostoli
1298 1300 1433 1326 tantum
1450 1298 1682 1335 exequuntur.
1709 1291 1826 1334 Atque
1842 1290 1888 1322 ita
1906 1302 2037 1322 novum
2054 1297 2106 1323 te-

1118 1351 1330 1376 stamentum
1362 1342 1528 1374 discernit
1559 1353 1576 1373 a
1599 1341 1726 1381 veteri,
1771 1341 1865 1385 quod
1897 1352 2028 1373 novum
2063 1341 2107 1374 sit

1119 1394 1274 1427 executio
1303 1392 1580 1437 promissionum
1613 1392 1781 1423 factarum
1808 1391 1845 1422 in
1870 1391 1977 1423 veteri
2002 1397 2107 1424 testa-

1118 1452 1248 1477 mento.
1301 1443 1406 1486 Quod
1423 1449 1538 1475 autem
1556 1442 1825 1481 laboraverunt,
1853 1438 1919 1473 hoc
1944 1447 1993 1473 est
2011 1442 2107 1485 quod

1120 1497 1160 1529 ad
1180 1495 1289 1529 Hebr.
1306 1494 1369 1528 Xl.
1395 1493 1542 1526 dicitur:
1579 1491 1627 1524 Hi
1654 1502 1774 1524 omnes
1799 1491 2000 1524 testimonio
2026 1491 2107 1524 fidei

1120 1546 1280 1591 probati,
1316 1556 1388 1577 non
1413 1550 1620 1585 acceperunt
1644 1541 1973 1584 repromissionem,
2006 1542 2107 1575 idest

1121 1596 1393 1641 promissionum
1412 1594 1494 1633 novi
1513 1593 1708 1626 testamenti
1738 1592 1894 1625 executio
1921 1592 2027 1624 dilata
2047 1599 2105 1627 est.

1121 1648 1238 1680 veteri
1263 1652 1467 1679 testamento
1494 1656 1566 1675 non
1595 1644 1661 1676 snit
1682 1643 1821 1687 pnhlica
1850 1643 2007 1675 remissio
2028 1655 2108 1686 pec-

1355 1695 1435 1728 ‘Non
1466 1695 1560 1727 enim
1594 1693 1876 1727 annunciabatnr
1900 1705 1984 1736 pax,
2020 1705 2108 1738 quae

1121 1761 1213 1781 novo
1233 1752 1438 1781 testamento
1460 1745 1712 1778 annunciatur:
1748 1744 1824 1775 ideo
1848 1744 1898 1775 illi
1926 1744 2108 1776 laborave-

1121 1806 1208 1832 rant.
1269 1797 1370 1831 Novo
1396 1803 1600 1830 testamento
1626 1795 1693 1827 iam
1721 1794 1932 1827 annunciata
1960 1806 2023 1838 pax
2049 1803 2109 1833 est,

1091 1855 1093 1858 ⁴
1121 1858 1152 1884 et
1176 1849 1255 1882 finis
1281 1849 1462 1885 laborum,
1503 1853 1543 1880 ut
1566 1844 1699 1878 XXXl.
1725 1844 1926 1877 Hieremiae
1959 1845 2106 1879 dicitur:

1120 1900 1200 1934 Erit
1217 1899 1332 1933 anima
1351 1910 1471 1931 eorum
1497 1896 1597 1940 quasi
1623 1893 1746 1929 hortus
1768 1895 1938 1937 irriguus,
1966 1902 1997 1928 et
2017 1896 2108 1928 ultra

1120 1963 1193 1984 non
1212 1950 1367 1984 esurient
1391 1955 1454 1982 etc.
1506 1947 1580 1980 Nos
1602 1953 1737 1979 tantum
1757 1946 1984 1989 demetimus‚
2013 1948 2107 1991 qnod

1120 2003 1180 2036 alii
1211 2001 1485 2034 seminaverunt.
1545 1997 1630 2032 Item
1657 1997 1720 2040 ipsi
1751 1996 1998 2040 promissiones
2028 2004 2108 2030 ante

1121 2051 1314 2087 exhibitum
1337 2048 1518 2084 Christum
1544 2054 1857 2087 conservaverunt,
1895 2059 1955 2090 per
1982 2047 2109 2080 multas

1120 2103 1327 2137 afflictiones
1366 2100 1498 2134 mortui
1539 2105 1619 2133 sunt
1665 2104 1808 2141 propter
1847 2097 2107 2141 promissiones,

1120 2167 1198 2188 cum
1244 2154 1404 2186 nondum
1443 2151 1613 2184 vidissent
1646 2147 1828 2182 Christum
1863 2148 2108 2190 glorificatum.

1119 2205 1191 2238 Nos
1211 2205 1277 2236 iam
1296 2204 1456 2236 videmus
1481 2199 1676 2234 exhibitum
1702 2206 1732 2231 et
1751 2198 1980 2241 glorificatum
2000 2196 2108 2231 Chri—

1120 2264 1232 2298 stum,
1261 2262 1299 2288 ut
1318 2252 1410 2286 nibil
1429 2252 1649 2289 dubitemuS,
1677 2250 1761 2292 quin
1783 2249 1869 2281 sicut
1895 2250 1968 2291 ipse
1992 2261 2107 2281 resus-

1121 2308 1244 2340 citatus
1263 2312 1313 2338 est
1331 2317 1347 2337 a
1365 2303 1512 2336 mortuis
1539 2308 1570 2334 et
1593 2300 1822 2343 glorificatus,
1850 2300 1895 2331 ita
1922 2307 1954 2333 et
1974 2312 2036 2332 nos
2054 2312 2107 2331 re-

1092 2359 1093 2364 ¹
1121 2358 1326 2391 suscitemur
1346 2363 1377 2388 et
1394 2352 1641 2398 glorificemur.

1383 2434 1475 2472 Cum
1505 2435 1654 2469 venissel
1679 2445 1762 2479 ergo
1785 2438 1844 2468 etc.

1223 2513 1262 2543 In
1282 2505 1526 2540 iustificatione
1554 2514 1692 2535 necessr-
1719 2508 1766 2534 est
1793 2502 1944 2543 primum
1970 2503 2108 2546 praedi-

1090 2575 1091 2587 ³
1119 2562 1189 2595 cari
1215 2561 1378 2595 verbum,
1415 2557 1508 2588 iuxta
1534 2555 1620 2586 illud
1645 2551 1749 2586 Rom.
1768 2552 1827 2585 X.:
1864 2551 1963 2585 t-‘ides
1988 2565 2026 2585 ex
2045 2565 2107 2586 an-

1333 2606 1508 2641 Miracnta
1532 2611 1612 2637 snnt
1640 2603 1733 2635 illius
1762 2603 1857 2635 verbi
1884 2609 2005 2644 testes,
2041 2602 2106 2636 hoc

1364 2709 1412 2742 69
