2409 2915
243 94 336 131 1111

244 182 358 215 locum
385 179 592 222 scripturae:
635 173 915 208 Misericordiam
944 175 1045 215 volo,
1081 186 1153 209 non
1179 186 1232 208 sa-

245 232 434 269 crificium,
461 227 590 260 scilicet
606 225 790 259 sabbatum
818 226 963 258 iuvandi
987 225 1105 259 fratris
1130 238 1232 259 causa
1255 213 1258 241 l

247 282 394 321 violare3
430 279 519 312 sicut
550 276 682 321 inquit:
724 276 918 310 Sabbatum
946 283 1092 320 propter
1117 273 1232 310 bomi-

246 345 338 370 nem,
365 343 437 364 non
456 327 637 361 hominem
657 334 800 370 propter
816 327 1001 360 sabbatum
1018 338 1102 366 esse,
1130 327 1233 361 loan-
1255 306 1258 358 i

245 384 300 416 nis
319 382 376 420 X„
400 381 480 426 quia
501 379 592 413 Deus
609 378 672 418 sit,
699 379 856 423 adeoque
873 375 999 412 babeat
1018 375 1063 422 ¹⁰)
1082 385 1232 422 potesta-

245 442 313 467 tem
331 433 510 466 faciendae
535 429 620 472 legis
644 435 677 462 et
704 428 879 461 tollendae
901 436 964 463 etc.
1015 428 1096 462 Non
1122 435 1235 473 potest
1255 471 1259 477 .

247 485 338 518 filius
356 485 467 516 facere
491 493 508 514 a
525 493 559 514 se
576 480 763 525 quicquam
789 487 852 513 etc.
906 478 975 512 Hic
1001 480 1177 523 aptissima
1203 486 1234 512 et

247 532 578 569 convenientissima
596 531 744 567 ratione,
772 531 866 574 quod
885 531 1082 564 observatio
1099 530 1232 563 sabbati

245 587 370 619 debeat
389 597 460 618 esse
477 594 548 616 non
566 582 684 621 litera,
714 582 772 614 sed
791 581 952 624 spiritus,
977 582 1142 616 ostendit.
1170 580 1234 614 Se-

246 638 398 676 cundo‚'
413 637 512 669 litera
538 639 587 666 est
603 639 742 665 externa
766 632 985 672 observatio,
1017 632 1162 676 spiritus
1186 638 1235 664 est

245 689 350 722 corde
383 685 616 721 sabbatizare,
658 681 724 716 hoc
752 690 818 723 est,
860 695 981 716 vacare
1004 684 1048 716 ab
1070 683 1236 727 operibus

245 746 391 772 naturae
425 744 457 770 et
489 735 565 768 fieri
598 746 725 767 novam
757 740 965 768 creaturam.
1041 734 1234 767 Sabbatum

246 791 340 823 enim
365 788 537 831 significat
557 786 663 818 finem
682 785 807 818 veteris
833 791 1010 817 creaturae
1034 784 1070 816 in
1090 784 1234 817 univer-

246 853 342 881 sum,
369 849 401 874 et
419 838 561 872 initium
581 847 704 869 novae.
759 834 875 880 Atque
900 833 966 867 hoc
990 835 1026 867 in
1047 833 1178 868 Genesi
1202 841 1235 867 et

244 891 337 935 Lege
357 890 590 934 significatum
608 893 657 920 est
681 886 844 926 sabbato,
879 887 1056 926 futurum,
1087 893 1127 920 ut
1150 883 1235 919 haec

244 943 316 976 vita
334 948 511 975 creaturae
525 945 557 972 et
573 937 783 971 universitas
801 948 916 969 rerum
933 936 1092 970 intereat.
1140 935 1234 979 Ergo

243 1005 383 1027 necesse
409 993 473 1025 erit
501 1000 565 1023 nos
590 988 680 1021 refici
710 987 839 1020 abolita
865 987 1078 1021 mortalitate
1111 989 1236 1021 carnis.

243 1044 368 1087 Coepit
387 1041 452 1075 boc
470 1039 632 1074 Christus
650 1045 760 1071 morte
778 1045 810 1071 et
827 1038 1082 1071 resurrectione
1101 1051 1175 1078 sua,
1203 1046 1235 1072 et

245 1094 429 1128 benedixit
456 1092 620 1130 sabbato,
662 1090 756 1134 quod
782 1095 882 1122 antea
908 1090 980 1131 lege
1010 1090 1233 1123 benedictum

244 1152 328 1179 erat.
381 1143 512 1183 Porro,
537 1142 565 1175 si
581 1141 765 1174 sabbatum
784 1140 858 1183 lege
875 1146 908 1173 et
922 1137 1056 1173 Christi
1075 1141 1234 1184 exemplo

243 1196 470 1230 benedictum
495 1200 565 1233 est,
593 1198 742 1225 mortem
765 1191 985 1224 benedictam
1013 1202 1085 1225 esse
1112 1203 1234 1225 conse-

243 1247 376 1294 quitur.
429 1245 525 1279 Haec
550 1255 631 1285 ergo
648 1242 841 1287 spiritualis
871 1242 1069 1276 observatio
1097 1243 1233 1276 sabbati

244 1305 293 1333 est
311 1296 526 1336 mortificari,
553 1293 638 1339 et¹¹)
655 1293 747 1327 refici
766 1305 892 1326 novam
910 1299 1116 1328 creaturam.
1144 1293 1233 1326 'l'er-

243 1350 311 1390 tio,
345 1349 470 1393 probat
494 1347 613 1391 itaque
636 1342 799 1378 Christus
830 1344 987 1377 evidenti
1014 1351 1234 1387 argumento,

242 1402 316 1444 lege
332 1400 420 1443 exigi
439 1397 621 1442 spirituale
638 1396 842 1435 sabbatum,
873 1406 946 1427 non
965 1395 1117 1435 literale,
1151 1394 1232 1439 quia

243 1451 373 1486 literali
400 1448 644 1483 observatione
670 1457 732 1478 nec
757 1453 831 1478 tum
859 1445 1001 1489 quidem
1021 1445 1167 1479 facimus
1185 1446 1232 1478 le-
1256 1463 1259 1471 ·

241 1515 338 1546 gem,
368 1513 447 1535 cum
471 1499 628 1532 facimus.
680 1495 774 1539 Ergo
806 1496 860 1529 lex
885 1495 1059 1539 spirituali
1087 1497 1232 1529 sabbato

241 1555 289 1588 fit.
344 1551 567 1586 Antecedens
592 1548 736 1592 probat,
765 1548 858 1591 quod
885 1547 1030 1579 sabbato
1049 1547 1231 1579 circumci-

243 1607 328 1637 dant
352 1604 520 1638 inszmtes,
550 1600 644 1633 iuxta
663 1597 748 1641 legis
764 1598 980 1630 mandatum.
1035 1596 1145 1630 Porro
1163 1597 1232 1630 cir-

243 1655 439 1688 cumcidere
457 1659 505 1685 est
522 1663 609 1696 opus
631 1649 773 1694 aliquod
791 1649 913 1682 facere.
968 1647 1062 1681 ldem
1086 1648 1121 1680 in
1139 1648 1234 1682 Mat-
1256 1663 1259 1702 Ι

242 1705 343 1740 thaeo
377 1710 556 1738 causatur:
598 1701 752 1735 sabbato
787 1699 982 1732 sacerdotes
1002 1696 1135 1732 hostias
1159 1712 1231 1732 ma-
1256 1709 1259 1738 ;

242 1764 354 1797 ctant,
380 1767 460 1799 ergo
478 1766 521 1788 ne
535 1753 696 1787 faciendo
715 1750 856 1796 quidem
877 1751 984 1793 legem
1005 1751 1040 1783 fit
1060 1750 1124 1783 lex.

345 1808 499 1851 Quarto,
533 1817 573 1838 ex
598 1801 653 1837 his
680 1802 813 1845 colligit
838 1801 873 1834 in
901 1801 1125 1842 uuiversum,
1160 1813 1232 1835 non

243 1860 315 1894 fieri
336 1859 445 1901 legem
463 1858 584 1899 litera,
611 1853 677 1887 hoc
705 1860 775 1893 est,
811 1853 1057 1885 observatione
1078 1853 1230 1887 carnali:

243 1919 276 1946 et
310 1910 446 1944 iusticia
475 1908 560 1951 legis
594 1907 771 1938 neminem
797 1903 976 1936 iustificari
1002 1916 1118 1936 coram
1146 1904 1259 1946 Deo,3

243 1964 302 1997 sed
330 1962 397 1994 fide
420 1958 558 2002 impleri
583 1957 708 1997 legem3
744 1955 831 1988 sicut
859 1954 894 1986 in
916 1953 1012 1986 Actis
1031 1953 1154 1988 Petrus
1180 1955 1231 1987 in-

243 2015 334 2059 quit:
365 2011 461 2055 Quid
481 2007 662 2052 imponitis
683 2007 819 2047 iugum,
846 2006 938 2049 quod
962 2017 1075 2050 neque
1094 2018 1154 2039 vos
1172 2018 1234 2039 ne—

243 2078 309 2111 que
339 2070 453 2108 patres
485 2058 589 2093 vestri
629 2063 766 2102 portare
806 2056 1022 2100 potuerunt?
1074 2056 1141 2090 Sed
1174 2070 1234 2102 per

242 2112 387 2161 'gratiam
404 2110 580 2147 credimus
598 2107 748 2149 salvari,
775 2108 954 2152 quomodo
971 2114 1002 2140 et
1021 2107 1088 2143 isti.

1255 175 1258 189 l

268 2197 374 2235 Alibi
395 2209 488 2246 quor
505 2196 548 2242 η)
573 2191 856 2240 indignamini?
890 2192 979 2239 quia
1007 2196 1120 2225 tolum
1150 2197 1209 2226 elc.

343 2267 436 2311 Quia
467 2261 686 2298 circumcisio
712 2272 784 2294 non
809 2259 1009 2304 pertinebat
1033 2261 1075 2292 ad
1113 2261 1234 2304 legem,
1257 2277 1259 2305 ς

242 2321 299 2355 sed
319 2320 457 2361 signum
482 2322 555 2349 erat
580 2311 826 2358 promissionis
849 2311 957 2344 sactae
974 2308 1174 2351 Abraham,
1202 2319 1233 2346 et
1257 2315 1259 2361 1

242 2372 387 2406 sabbato
405 2367 592 2409 derogabat
609 2364 662 2396 vel
681 2361 745 2396 lioc
772 2363 863 2406 ipso.
893 2363 986 2406 quod
1013 2361 1234 2403 significaret,
1257 2371 1259 2389 ’ν

243 2436 313 2457 non
343 2434 382 2455 ex
405 2419 571 2465 operibus
597 2415 680 2458 legis
705 2415 762 2447 sed
789 2426 826 2446 ex
855 2414 920 2445 fide
954 2413 1125 2447 iusticiam
1152 2426 1233 2454 esse,

242 2475 339 2509 cuius
359 2473 430 2517 ipsa
448 2471 586 2512 signum
602 2473 687 2501 erat.
739 2464 1010 2499 Circumceditis
1039 2461 1232 2509 bominem,

240 2533 341 2570 atque
360 2527 446 2558 adeo
467 2518 604 2554 violatis
620 2518 816 2551 sabbatum.
872 2515 909 2549 Si
931 2515 1230 2550 circumcisionem

841 87 965 127 PHIL.
991 87 1107 125 MEL.
1141 87 1353 125 SCRIPTA
1386 85 1685 125 EXEGETICA.

1257 1950 1259 1959 ’
1288 1958 1367 1984 cant
1384 1949 1636 1993 Evaiigclit20113
1670 1951 1711 1982 ad
1737 1950 1860 1984 'l'itum
1888 1951 2013 1994 prim0.

1285 181 1369 215 etc„
1395 185 1477 218 ergo
1494 175 1584 219 cogit
1602 175 1655 208 lex
1681 174 1897 209 sabbatizare
1924 181 1958 209 et
1977 175 2128 220 operari.
2180 175 2275 219 Quia

1285 232 1396 259 totum
1423 223 1622 268 hominem,
1658 226 1692 259 id
1720 233 1788 267 est,
1816 223 1902 267 hoc,
1931 228 2025 272 quod
2054 227 2274 260 circumcisio

1284 275 1474 319 significat,
1501 276 1585 317 feci,
1611 283 1644 310 et
1669 277 1788 321 plura,
1816 277 1839 310 i.
1856 289 1883 311 e.
1909 283 1942 311 et
1959 277 2141 311 iustificavi
2166 284 2200 312 et
2221 288 2275 311 sa—

1286 327 1368 360 navi
1388 323 1583 359 hominem.

1386 376 1468 410 Duo
1488 377 1632 421 colligit.
1685 377 1843 413 Primum
1856 406 1866 420 ‚
1891 379 1964 423 lege
1980 379 2055 422 cogi
2073 385 2106 412 et
2124 378 2274 412 vacatio-

1287 440 1367 460 nem
1399 436 1432 461 et
1463 439 1561 471 opus.
1630 426 1788 470 Deinde,
1836 442 1942 474 opere
1973 429 2118 463 salutari
2150 429 2275 462 violari

1287 490 1386 522 posse
1410 479 1615 519 sabbatum,
1641 479 1723 524 quia
1746 480 2022 515 misericordiam
2047 492 2120 514 non
2144 479 2278 513 sacrifi-

1287 530 1380 563 cium
1403 529 1479 563 vult
1501 530 1680 564 dominus,
1741 529 1790 563 Ita
1817 531 1976 565 omnium
2001 531 2117 575 legum
2144 530 2224 564 finis
2244 537 2277 564 et

1287 580 1446 624 impletio
1465 587 1547 614 sunt
1563 580 1646 614 fides
1663 586 1698 614 et
1712 577 1875 616 charitas.
1912 581 2016 615 Fides
2035 582 2160 626 implet
2176 593 2277 625 prae-

1287 638 1386 675 cepta
1404 631 1534 675 prioris
1550 631 1706 671 tabulae,
1733 628 1800 665 hoc
1815 638 1867 666 est
1883 633 2062 676 cognoscit
2077 633 2204 672 Deum,
2230 632 2276 666 ti-

1287 689 1377 723 met,
1405 682 1568 722 confidit,
1595 681 1787 715 sanctificat
1803 694 1934 715 nomen
1951 683 2044 724 eius,
2071 690 2104 717 et
2119 683 2275 717 sabbati-

1288 739 1358 773 zat,
1394 739 1548 777 expectat
1570 739 1603 766 et
1633 733 1842 774 sanctificat3
1875 730 2064 775 charitate,
2095 746 2184 779 quae
2208 734 2276 767 im-

1289 784 1380 827 pleat
1407 790 1589 828 praecepta
1619 784 1822 828 posterioris
1855 784 2011 825 tabulae,
2044 796 2157 830 neque
2183 785 2277 818 enim

1287 831 1469 868 charitatis
1499 845 1587 879 opus
1618 834 1728 875 valet,
1773 835 1841 868 nisi
1874 847 1914 868 ex
1937 836 2004 868 fide
2028 835 2279 880 proficiscatur,

1288 886 1311 920 i.
1328 897 1359 918 e.
1384 897 1424 918 ex
1448 885 1622 918 constanti
1646 885 1791 926 fiducia,
1820 887 1914 931 quod
1935 885 2008 919 Deo
2030 893 2210 930 acceptum
2233 886 2279 919 sit

1287 937 1323 968 id
1349 937 1442 981 quod
1466 936 1566 977 facit,
1600 947 1672 968 non
1698 943 1841 981 propter
1864 937 1980 982 operis
2003 943 2184 976 naturam,
2217 938 2278 970 sed

1290 994 1435 1031 propter
1469 986 1543 1020 eius
1585 987 1876 1022 misericordiam.
1949 987 2133 1029 Secundo,
2184 988 2278 1033 quod

1287 1051 1388 1071 suum
1415 1050 1503 1082 opus
1527 1038 1676 1082 praefert
1701 1039 1798 1083 operi
1825 1038 2120 1079 circumcisionis,
2146 1038 2281 1082 signifi-

1288 1095 1360 1129 cat,
1380 1100 1483 1122 suum
1501 1101 1589 1133 opus
1608 1089 1721 1122 maius
1739 1101 1812 1122 esse
1826 1089 2111 1128 circumcisione,
2147 1088 2280 1123 scilicet

1287 1138 1592 1178 iustificationem,
1620 1140 1719 1173 euius
1743 1140 1882 1184 signum
1908 1147 2045 1174 tantum
2063 1148 2111 1174 est
2128 1139 2280 1174 circum—

1288 1190 1383 1226 cisio.
1436 1189 1554 1236 Atque
1577 1191 1624 1224 ita
1641 1190 1768 1224 iterum
1796 1191 1987 1234 significat,
2016 1203 2088 1225 nou
2107 1203 2147 1225 ex
2163 1190 2280 1235 operi-

1286 1242 1352 1275 bus
1368 1242 1454 1285 legis
1472 1241 1648 1275 iusticiam
1670 1253 1762 1281 esse,
1791 1243 1849 1275 sed
1870 1254 1908 1275 ex
1927 1242 1993 1276 fide
2011 1250 2075 1278 etc.

1429 1322 1558 1360 Nolite
1583 1322 1746 1359 iudicare
1770 1322 1966 1360 secundum
1983 1324 2137 1373 fctciem,

1288 1393 1310 1426 i.
1327 1405 1355 1427 e.
1374 1405 1417 1426 ne
1437 1393 1607 1433 iudicate,
1634 1393 1874 1437 impletionem
1900 1393 1984 1436 legis
2008 1405 2079 1426 esse
2102 1399 2279 1426 externam

1289 1443 1590 1482 observationem,
1638 1445 1696 1476 sed
1731 1443 1834 1476 fidem
1862 1450 1895 1476 et
1927 1441 2145 1477 charitatem.
2208 1441 2280 1475 Vos

1289 1495 1470 1535 iudicatis,
1498 1494 1606 1538 legem
1625 1506 1686 1527 vos
1704 1494 1916 1538 praestitisse
1933 1506 2011 1527 cum
2033 1495 2133 1527 litera
2154 1492 2279 1526 sabba·

1289 1553 1362 1578 tum
1395 1545 1604 1585 observati53
1647 1556 1710 1588 ego
1738 1557 1820 1577 vero
1850 1556 1920 1577 non
1948 1544 2046 1577 litera
2072 1545 2130 1577 sed
2154 1543 2280 1588 spiritu

1287 1595 1494 1629 sabbatizari
1515 1595 1604 1628 volo.

1421 1677 1514 1712 Ecce
1534 1676 1666 1726 palam
1691 1676 1872 1726 loquitur,
1901 1684 1931 1712 el
1961 1675 2063 1712 nihil
2089 1683 2150 1714 etc.

1392 1745 1586 1780 'l'estantnr
1619 1747 1661 1779 de
1692 1743 1852 1787 Christo,
1900 1747 1997 1791 quod
2029 1746 2173 1780 refutari
2207 1744 2282 1779 eius

1287 1797 1449 1832 doctriua
1485 1810 1556 1830 nou
1590 1798 1764 1842 potuerit,
1812 1804 1983 1831 ettamen
2014 1803 2283 1842 persequuntur,

1288 1849 1370 1894 quia
1388 1862 1405 1881 a
1424 1846 1567 1881 Cbristo
1587 1848 1737 1882 convicti
1756 1849 1906 1883 fuerant.
1959 1849 2018 1883 Sic
2042 1854 2183 1893 oportet
2207 1858 2280 1881 esse

1290 1897 1636 1944 irreprebensibilem
1663 1900 1859 1933 doctrinam
1888 1912 2028 1941 eorum,
2055 1899 2116 1944 qui
2141 1898 2282 1943 praedi-

2071 1948 2115 1984 Et
2141 1956 2280 1983 contra:

1292 2002 1447 2035 indurati
1476 2009 1712 2045 persecutores
1737 2013 1939 2046 quanquam
1965 2001 2137 2039 convicti,
2162 2007 2280 2034 tamen

1289 2060 1549 2098 persequuntur
1566 2050 1760 2092 Christum,
1781 2059 1820 2086 ut
1838 2063 2110 2096 cognoscamus,
2137 2051 2201 2086 Dei
2217 2052 2283 2085 do-

1289 2116 1375 2138 num
1395 2115 1467 2137 csse
1487 2103 1594 2136 verbo
1612 2104 1699 2148 capi.

1485 2186 1561 2222 Sed
1584 2185 1680 2223 lmnc
1707 2188 1868 2223 sciamus
1899 2187 1993 2223 unde
2020 2188 2082 2224 sit.

1389 2257 1492 2293 Unde
1510 2259 1554 2292 sit
1571 2265 1646 2292 orta
1662 2258 1803 2303 opinio.
1831 2260 1989 2292 futurum
2015 2266 2052 2293 ut
2069 2271 2142 2292 non
2160 2258 2282 2293 norint

1288 2307 1484 2347 Christum.
1514 2322 1584 2342 nou
1604 2309 1706 2342 video
1730 2310 1797 2343 nisi
1824 2323 1862 2343 ex
1885 2310 1926 2343 iis
1952 2307 2165 2354 prophetiis.
2191 2320 2281 2355 qnae

1288 2361 1536 2405 praedixerunt
1567 2358 1749 2395 Christum
1783 2368 1972 2395 venturum
2012 2361 2134 2394 formis
2166 2360 2280 2394 crucis

1288 2418 1429 2449 tectum.
1458 2424 1530 2445 non
1551 2413 1587 2445 in
1606 2413 1717 2445 forma
1734 2425 1839 2457 quam
1857 2413 1978 2455 probet
1996 2412 2163 2452 mundus,
2187 2411 2282 2446 iuxta

1287 2463 1375 2496 illud
1400 2462 1540 2496 Esaiae:
1576 2463 1668 2506 Quis
1690 2463 1803 2497 credit
1824 2463 1961 2497 auditui
1993 2463 2140 2497 nostro?
2191 2461 2280 2497 Nom

1287 2511 1371 2553 hoc,
1419 2516 1513 2560 quod
1547 2516 1744 2548 adducunt:
1787 2513 2064 2548 Gener-itionem
2095 2514 2171 2548 eius
2202 2513 2282 2559 quis

1256 2558 1257 2598 J
1286 2566 1487 2600 enarrabit?
1532 2572 1616 2609 puto
1649 2565 1690 2598 ad
1724 2576 1841 2598 semen
1871 2577 1931 2599 seu
1962 2565 2004 2598 ad
2040 2565 2279 2610 posteritatem

276 2662 320 2685 to)
341 2659 458 2684 haman
478 2660 572 2681 sert-r,
594 2656 692 2681 habet.
715 2659 746 2676 ex
770 2652 865 2676 mendo

277 2697 320 2723 tt)
340 2696 364 2718 et
389 2693 479 2716 addidi
500 2698 531 2714 er
554 2691 608 2714 'rub
727 2687 771 2714 1²)
792 2692 882 2717 quor,
900 2684 915 2710 i.
938 2691 959 2708 t·v
980 2691 1040 2709 eur⁴

1254 2636 1257 2660 :
1286 2616 1470 2660 pertinere.

1253 2666 1256 2690 Ῐ
1287 2675 1368 2701 tent.

1525 2614 1568 2649 Et
1587 2616 1685 2654 vide,
1714 2617 1893 2661 quomodo
1919 2622 2041 2650 contra
2066 2627 2102 2650 se
2128 2612 2280 2661 prophe-

1432 2668 1682 2701 'l'estilicantur
1707 2665 1887 2703 Christum
1916 2674 2103 2702 venturum
2130 2667 2199 2706 ita.
2241 2674 2280 2701 ut
