2409 2915
3 1239 20 1355 ‘ff

13 1398 18 1446 i

65 104 140 142 237
611 105 688 142 ΧΠ.

61 190 245 224 vocatione
270 191 388 224 fideles
410 202 493 225 esse.

63 242 149 275 ziam
176 243 366 276 subiectam
391 253 462 274 esse
486 241 600 281 cruci,
629 248 745 274 tamen
770 252 842 273 non
868 241 951 274 sinit
971 253 1045 273 eam
1071 236 1074 260 ¹
1097 240 1353 279 necessitatem,

63 292 203 336 penitus
224 292 353 332 deleri,
380 292 438 324 sed
457 297 638 324 conservat
656 303 802 333 corpus,
829 292 887 324 dat
905 292 1045 331 victum,

63 343 124 376 dat
137 343 290 387 aliquem
306 342 448 381 nidum,
476 342 535 375 dat
551 342 793 381 oeconomias,
819 343 878 374 dat
895 342 1045 385 politias,

63 392 220 426 defendit
250 399 282 426 et
307 392 433 425 liberat
457 389 649 424 Ecclesiam
674 392 897 424 mirabilibus
919 392 1044 432 modis,

63 443 166 476 etiam
192 443 392 476 destitutam
416 439 581 475 humanis
598 443 797 486 praesidiis:
822 443 910 475 sicut
928 455 1043 475 exem-

62 493 120 537 pla
136 490 319 533 Abrahae,
347 491 458 532 Isaac,
487 491 610 532 Iacob,
638 490 763 536 Ioseph
781 495 982 528 ostendunt.

164 541 260 575 Idem
285 543 385 576 docet
411 540 557 576 historia
582 541 685 576 huius
708 549 838 583 textus,
864 555 956 600 'quae
978 554 1041 576 nos

742 101 1133 140 ANNOTATIONES
1161 103 1210 138 IN
1236 102 1535 141 EVANGELIA.

561 189 705 231 Postea,
739 191 803 224 etsi
827 190 903 223 vult
926 188 1047 223 Eccle-
1071 197 1075 231 ξ
1097 188 1247 223 Carnem
1280 201 1324 222 ne
1353 190 1480 222 curetis
1509 191 1551 223 ad
1579 189 1915 234 concupiscentiam,

2004 106 2076 140 238

1949 191 2008 222 sed
2033 191 2076 222 ad

1386 240 1421 271 id
1445 247 1513 277 est,
1542 241 1690 273 utamini
1714 242 1818 273 rebus
1840 252 1902 284 pro
1928 241 2076 273 necessi-

1097 297 1183 329 tate,
1210 301 1281 321 nou
1307 301 1369 331 pro
1396 289 1556 325 libidine.
1610 290 1694 323 Vult
1713 290 1807 324 Deus
1830 290 2003 333 comparci
2023 302 2075 324 res

1096 341 1138 373 ad
1170 346 1324 379 nostras,
1359 346 1391 372 et
1421 340 1570 372 aliorum
1603 343 1840 382 necessitates,
1869 349 1902 375 et
1926 342 2075 374 detesta-

1096 397 1153 424 tur
1180 391 1300 423 luxum
1335 401 1373 422 ac
1399 390 1638 433 profusiones..
1692 390 1789 425 Sicut
1813 399 1951 425 econtra
1975 403 2075 434 prae·

1095 441 1180 484 cipit
1203 441 1468 483 temperantiam
1494 447 1525 473 et
1548 441 1769 473 modestiam:
1802 442 2004 482 Attendite,
2030 453 2073 474 ne

1094 492 1198 524 corda
1224 498 1335 523 vestra
1361 498 1550 532 graventur
1571 491 1712 534 crapula
1732 498 1762 524 et
1783 492 1958 524 ebrietate
2009 490 2073 524 Di-

1095 542 1241 584 ligenter
1263 541 1368 583 igitur
1387 539 1451 573 hoc
1469 542 1544 574 loco
1561 548 1782 585 praeceptum
1802 543 1843 574 de
1861 541 2074 584 parsimonia

60 593 104 625 de
126 593 358 635 promissione
380 594 564 633 admonet,
592 601 639 627 et
644 594 870 626 consolatur'
862 606 897 626 in
916 594 1040 626 simili-
1066 571 1069 633 i
1094 593 1349 626 observandum
1369 598 1434 624 est:
1460 591 1625 635 colligite
1641 592 1825 636 reliquias,
1852 604 1896 624 ne
1900 591 1994 635 quid
2013 603 2073 633 pc-

59 643 125 675 bus
150 643 332 687 periculis,
360 651 398 677 ut
422 643 510 683 iam,
539 644 601 677 etsi
624 644 818 677 diabolus‘
808 656 843 676 ιιι
863 643 990 677 Turcis
1007 650 1038 677 et
1066 638 1069 659 ‘
1094 650 1176 675 reat.

1065 695 1067 721 ἱ
1092 700 1125 727 et
1143 692 1375 727 Parsimonia.

57 743 257 777 deleturum
275 756 346 777 esse
356 742 562 785 Ecclesiam,
590 751 704 777 tamen
721 745 924 777 obediamus
934 742 1039 778 Chri-
1063 727 1067 835 ἐ

978 808 1037 839 qlll

58 693 138 725 aliis
159 694 316 738 tyrannis
340 701 373 727 et
396 670 616 737 principibus
632 694 815 727 minitatur
830 706 864 726 se
881 695 1040 727 funditus

58 799 128 832 sto,
163 801 195 828 et
224 802 443 838 expectemus
473 795 712 827 defensionem
741 808 757 828 a
783 793 943 835 Christo,

58 844 220 878 mirando
252 845 371 890 aliquo
400 851 527 878 eventu
551 846 704 879 servabit
728 846 893 890 reliquias
916 843 1038 878 Eccle-

56 894 138 934 siae,
166 894 255 928 sicut
269 896 372 929 dixit:
400 894 473 929 Ero
489 896 669 929 vobiscum
688 908 796 940 usque
815 897 856 928 ad
875 907 1037 929 consum-

55 945 245 977 mationem
277 946 392 979 seculi.
447 944 491 979 Et
522 947 663 990 quidem
691 947 763 980 vult
789 944 950 979 Christus
974 957 1038 978 nos

56 1005 214 1028 exercere
243 996 346 1029 fidem
376 1003 409 1030 et
440 996 697 1030 invocationem
731 998 767 1030 in
793 995 848 1030 his
873 1008 1037 1040 corpora-

55 1044 148 1079 libus
164 1046 340 1090 periculis,

402 1145 454 1168 De
484 1145 686 1169 secundo.

155 1196 237 1230 Post
262 1197 548 1230 distributionem
574 1203 729 1240 superest
751 1208 897 1239 magnus
914 1190 1036 1229 cumn-'-
1061 1218 1063 1235 2

54 1247 108 1279 lus
126 1247 366 1290 reliquiarum.
420 1246 486 1280 Hic
505 1247 735 1289 significatum
752 1254 799 1279 est
818 1247 1034 1289 compensari

53 1297 289 1341 eleemosynas
319 1297 451 1339 magnis
477 1297 657 1339 praemiis,
692 1304 724 1329 et
749 1309 821 1329 non
848 1297 961 1329 minui
984 1298 1035 1329 fa-

52 1347 214 1386 cultates,
241 1349 298 1379 sed
319 1347 459 1380 defendi
476 1353 507 1379 et
523 1348 641 1388 augeri
661 1347 852 1383 divinitus,
881 1353 917 1379 ut
912 1359 1035 1390 saepe

51 1397 151 1429 docet
177 1396 365 1439 scriptura:
404 1396 510 1436 Date,
546 1403 578 1429 et
602 1397 743 1429 dabitur
766 1396 877 1431 vobis.
931 1387 1033 1430 ltem.

52 1445 123 1489 Qui
148 1447 208 1480 dat
233 1454 352 1490 potum
379 1459 489 1491 aquae
512 1447 675 1490 frigidae,
704 1459 775 1479 non
799 1448 921 1490 perciet
944 1459 1033 1480 mer-

50 1498 168 1530 cedem
185 1508 280 1529 suam
297 1505 358 1532 etc.
412 1496 458 1531 Et
475 1497 550 1531 vult
569 1509 632 1530 nos
644 1496 738 1530 Deus
755 1509 910 1530 exercere
929 1498 1033 1530 fidem

49 1554 83 1580 et
105 1542 380 1591 expectationem
405 1548 524 1580 auxilii
549 1548 585 1580 in
612 1545 678 1581 hoc
701 1549 814 1581 officio
840 1542 1033 1581 liberalita-

49 1598 108 1631 tis:
137 1598 224 1631 sicut
246 1599 399 1632 ostendit
425 1599 462 1630 in
488 1599 644 1641 exemplo
663 1599 790 1631 viduae
808 1599 1032 1641 Sareptanae.

48 1647 112 1681 Est
131 1654 163 1680 et
181 1646 245 1680 hoc
263 1648 398 1690 insigne
411 1673 421 1690 ,
450 1649 542 1692 quod
563 1648 740 1690 Apostolis
758 1650 946 1681 mandatur
962 1649 1032 1680 dis-

48 1697 212 1737 tributio,
254 1705 290 1730 ut
322 1700 572 1740 gubernatores
600 1699 784 1741 praecipue
817 1700 1033 1731 admonean—

48 1755 107 1781 tur
130 1749 173 1780 de
196 1760 277 1780 cura
302 1761 506 1791 pauperum.
576 1747 680 1786 ltem,
716 1755 875 1781 crescunt
901 1749 968 1780 cibi
996 1749 1030 1780 in

46 1798 211 1844 manibus
235 1799 504 1840 Apostolorum,
533 1799 613 1842 quia
642 1799 778 1840 piorum
806 1800 1031 1831 contrectatio
1056 1810 1059 1838 z

48 1854 93 1882 et·
111 1849 255 1881 societas
287 1857 333 1882 cst
361 1849 461 1889 felix,
497 1849 585 1881 sicut
610 1849 740 1881 dicitur
763 1851 804 1881 de
831 1847 1030 1883 Abrabam:
1056 1839 1058 1857 ¹

47 1897 196 1943 Propter
211 1906 243 1932 te
262 1899 438 1932 benedixit
455 1899 558 1932 nobis
574 1898 678 1932 Deus.

420 1999 472 2023 De
504 1999 654 2022 tertio.

148 2049 195 2084 [ΣΙ
219 2056 319 2083 antea
344 2051 385 2083 de
407 2050 634 2090 liberalitate,
661 2062 749 2094 quae
767 2057 815 2082 est
834 2050 888 2094 pia
908 2057 939 2082 et
958 2062 1029 2082 non

47 2100 230 2134 ambitiosa
260 2101 548 2140 communicatio,
578 2101 622 2133 ita
649 2107 765 2140 postea
791 2102 834 2132 de
859 2101 1028 2144 parsimo-

47 2151 105 2183 nia
132 2150 316 2194 praecipit,
351 2162 394 2182 ne
422 2151 505 2184 fiant
529 2151 651 2183 inanes
677 2151 910 2194 profusiones,
979 2152 1030 2183 Ae

47 2202 222 2234 discamus
257 2197 313 2232 hic
338 2212 418 2233 vere
442 2207 619 2243 peccatum
644 2213 716 2233 esse
740 2202 1029 2245 prodigalitatem,

47 2263 136 2297 quae
171 2250 332 2283 videlicet
364 2251 445 2284 facit
476 2251 618 2283 inutiles
652 2259 796 2286 sumtus.
859 2251 1029 2291 Primum,

47 2302 127 2347 quia
144 2299 238 2334 Deus
263 2301 338 2334 vult
363 2313 424 2333 nos
447 2302 518 2334 suis
536 2301 638 2333 douis
655 2308 852 2334 reverenter
869 2302 935 2342 uti,
962 2299 1028 2334 boc
1054 2333 1055 2336 ,

47 2359 114 2392 est,
140 2363 345 2395 agnoscere,
373 2354 466 2396 quod
491 2352 559 2384 sint
583 2352 753 2384 divinitus
776 2353 875 2391 data,
903 2359 934 2385 et
952 2364 1029 2383 mo-
1053 2350 1055 2367 ²

45 2404 141 2436 (leste
165 2402 324 2435 conferre
349 2403 389 2435 ad
411 2415 468 2435 eos
484 2414 584 2442 usus,
613 2403 654 2434 ad
674 2413 760 2446 quos
777 2403 918 2435 condita
936 2409 1027 2437 sunt.

45 2452 214 2487 Conferre
246 2463 300 2485 res
330 2454 371 2485 ad
399 2454 486 2487 alios
509 2465 612 2492 usus,
646 2465 706 2496 per
731 2453 943 2490 ludibrium,
977 2459 1027 2486 est

45 2503 255 2538 contumelia
286 2503 420 2536 afficere
445 2505 536 2537 dona
563 2502 639 2538 Dei.
709 2502 790 2535 ldeo
814 2501 944 2536 Paulus
971 2499 1026 2535 in-

44 2554 135 2599 quit:
165 2551 294 2587 Omnis
311 2561 465 2587 creatura
475 2553 540 2587 Dei
558 2555 664 2594 bona,
691 2560 818 2586 etcum
835 2553 1024 2596 gratiarum

45 2601 180 2638 action'e
198 2604 430 2647 percipienda.
469 2604 567 2645 ltem,
587 2602 852 2638 1.Corintb.7.:
881 2603 1026 2637 [tentes

45 2656 178 2688 mundo
194 2655 261 2695 sic,
288 2661 414 2688 utnon
433 2655 639 2689 abutamini.
693 2655 798 2696 Item,
824 2653 929 2690 Rom.
953 2650 1038 2689 1·2'›.:v

1229 641 1388 685 Suntque
1413 643 1502 675 duae
1525 643 1658 675 vicinae
1674 643 1840 683 xirtutes,
1868 641 2072 675 Liberalitas

1457 791 1508 814 De
1542 792 1707 821 quarto.

1194 851 1370 896 Allegoria
1389 859 1437 885 est
1456 853 1674 886 dulcissima:
1704 852 1874 896 significat
1890 852 1981 884 enim
2002 853 2073 885 dis-

1091 904 1319 937 tributionem
1353 903 1543 938 dortrinae.
1623 902 1717 935 Haec
1747 903 1867 935 crescit
1899 902 2073 943 agitando,

1091 955 1178 987 sicut
1197 954 1281 986 alibi
1299 954 1381 986 dicit
1399 953 1545 986 Paulus:
1574 952 1749 987 Colonum
1768 959 1903 996 oportet
1920 953 2072 995 primum

1091 1005 1132 1037 de
1155 1005 1326 1037 fructibus
1346 1005 1538 1047 percipere:
1568 1004 1612 1037 ita
1633 1004 1761 1036 docens
1776 1004 1929 1047 primum
1948 1003 2073 1045 accipit

1092 1055 1240 1097 praemia
1259 1067 1276 1086 a
1296 1054 1368 1087 Deo
1381 1082 1389 1094 ‚
1418 1055 1614 1087 illustratur
1629 1055 1702 1098 ipse
1720 1054 1843 1086 maiori
1862 1053 1947 1088 luce,
2002 1053 2071 1085 De-

1093 1106 1172 1137 iude
1204 1105 1372 1149 reliquiae
1399 1117 1499 1138 verae
1523 1105 1701 1137 doctrinae
1727 1105 1913 1147 diligenter
1936 1111 1968 1136 et
1993 1115 2070 1135 cum

1090 1156 1224 1188 delectu
1249 1157 1440 1187 servandae
1464 1163 1556 1188 sunt.
1626 1154 1744 1196 Quare
1769 1162 1802 1188 et
1827 1166 1892 1187 nos
1916 1161 2070 1186 veterum

1089 1212 1316 1238 monumenta
1329 1232 1336 1245 ,
1364 1207 1421 1238 sed
1439 1218 1516 1238 cum
1536 1206 1669 1238 delectu
1687 1217 1874 1238 servemus.
1930 1203 1981 1236 Ac
1998 1203 2070 1236 uti—

1089 1268 1169 1288 nam
1197 1256 1270 1288 eius
1294 1256 1342 1288 rei
1367 1256 1479 1288 maior
1505 1268 1586 1288 cura
1609 1256 1746 1293 fuisset,
1785 1262 1817 1288 et
1843 1261 2069 1287 monumenta

1088 1306 1214 1339 tradita
1251 1318 1312 1350 per
1347 1304 1598 1349 Apostolorum
1639 1306 1830 1349 discipulos
1868 1311 2069 1338 conservata

1088 1363 1211 1389 esseut.

1189 1403 1339 1450 Cophini
1382 1406 1579 1450 significant
1611 1406 1728 1438 literas
1756 1412 1789 1439 et
1825 1404 2071 1444 eruditionem,

1087 1457 1215 1502 quibus
1236 1457 1434 1490 conservari
1453 1463 1679 1489 monumenta
1698 1457 1839 1491 debent.

1375 1580 1592 1621 Dominica
1626 1580 1780 1621 ludica.

1341 1652 1412 1686 Eva
1408 1666 1464 1696 ιιι
1453 1654 1573 1686 elium
1599 1652 1764 1686 lobannis
1782 1654 1815 1688 8.

1136 1727 1230 1773 Oms
1246 1739 1290 1760 m
1309 1726 1406 1760 colu<
1425 1732 1552 1772 argue!
1570 1739 1621 1759 me
1640 1725 1680 1759 (le
1693 1726 1863 1774 Juccalo?
1887 1725 1932 1758 δι’
1949 1730 2067 1759 aulem

1188 1779 1369 1810 v'ae'rtlalem
1396 1776 1492 1818 dico,
1520 1789 1632 1823 quare.
1659 1790 1718 1810 «ος
1745 1790 1815 1809 non
1836 1774 1980 1809 credili&
1999 1777 2069 1809 mi-

1186 1825 1255 1860 hi?
1307 1826 1384 1873 Qui
1417 1840 1461 1861 ω·
1492 1827 1574 1860 Deo
1606 1832 1672 1864 est,
1707 1826 1812 1860 verba
1841 1826 1918 1859 Dei
1950 1825 2066 1863 amlit,

1183 1884 1372 1924 proplerea
1408 1891 1467 1911 ros
1500 1890 1572 1911 non
1602 1876 1762 1919 audilis,
1797 1877 1885 1924 quia
1913 1889 1958 1910 ex
1985 1876 2068 1910 Deo

1187 1941 1259 1961 non
1279 1929 1375 1964 estis.

1133 1985 1415 2031 Responderunt
1450 1999 1533 2031 ergo
1560 1984 1714 2025 Iudaei,
1751 1991 1781 2019 el
1815 1984 1988 2019 dixerunt
2020 1985 2067 2018 ei:

1183 2037 1317 2072 ‚Nonne
1341 2038 1424 2070 bene
1450 2036 1602 2070 dicimus
1627 2049 1712 2075 nos,
1740 2036 1828 2084 qnia
1853 2036 2067 2070 Samarila-

1185 2101 1253 2121 nus
1270 2100 1305 2121 es
1324 2092 1380 2128 Ιιι,
1408 2092 1438 2121 e!
1457 2086 1686 2121 daemonium
1705 2085 1848 2121 hahes?
1897 2085 2067 2133 Respon-

1188 2137 1240 2171 dit
1258 2137 1379 2173 Iesus:
1409 2137 1494 2183 Ego
1513 2137 1744 2171 doemonium
1761 2151 1832 2173 non
1849 2136 1976 2177 haheo,
2004 2134 2070 2169 sed

1185 2187 1325 2223 honoro
1344 2187 1491 2222 Patrem
1517 2202 1650 2229 memo,
1679 2195 1709 2223 el
1735 2202 1793 2222 tos
1813 2186 2065 2221 inhonorastis

1183 2252 1245 2273 me.
1280 2239 1367 2286 Ego
1384 2245 1502 2273 nutem
1523 2253 1594 2273 non
1612 2252 1746 2287 quaero
1759 2239 1920 2285 gloriam
1937 2250 2065 2277 meam,

1182 2290 1254 2323 Est
1271 2292 1337 2338 qui
1352 2291 1496 2339 quaerit
1516 2296 1545 2323 el
1564 2289 1715 2325 iudicat.

1130 2351 1246 2383 Amen
1277 2361 1381 2381 atum
1415 2347 1494 2381 (lico
1528 2347 1643 2387 robis,
1690 2347 1725 2380 si
1754 2347 1836 2394 quis
1868 2357 2063 2380 sermonem

1183 2411 1297 2432 meum
1329 2399 1542 2442 sermest’rt'l,
1577 2403 1723 2432 morlem
1759 2411 1830 2430 non
1865 2395 1994 2429 sidelu't
2026 2397 2063 2429 in

1182 2455 1380 2485 aeletmnum
1443 2448 1633 2482 Dizerunt
1660 2461 1743 2493 ergo
1767 2447 1918 2481 Iudaei:
1954 2445 2064 2481 Nunc

1181 2513 1314 2546 cogno(
1319 2501 1414 2533 imus
1429 2497 1529 2547 quod
1544 2498 1774 2533 daemonum]
1793 2496 1916 2538 habes,
1941 2497 2064 2531 Abru-

1180 2549 1269 2584 lmm
1288 2557 1451 2584 mortuus
1470 2555 1538 2590 e.,sl
1567 2555 1596 2584 et
1614 2546 1833 2596 Prophetae,
1861 2552 1890 2581 et
1907 2553 1944 2581 Iu
1961 2546 2064 2587 dacis,

1180 2600 1227 2636 Si
1261 2615 1343 2650 quis
1371 2613 1568 2635 sermonem
1597 2611 1712 2632 meum
1743 2598 1952 2639 serv-stasim!
1989 2610 2061 2631 non

1178 2652 1344 2698 gustabit
1370 2656 1519 2685 mortem
1550 2651 1587 2684 in
1618 2654 1813 2685 aeternum.
1876 2647 2063 2697 Nunquid
