2409 2915
54 719 55 727 t

53 742 55 752 ι

52 763 55 778 l

124 105 198 141 429
662 101 743 138 ΧΠ.

122 202 167 225 ne
189 189 433 235 desperatione
449 190 669 233 frangamur,
696 187 896 222 testimonia
914 194 1104 230 teneamus,

122 252 211 286 quae
241 243 283 274 de
306 241 535 285 perpetuitate
558 237 734 273 Ecclesiae
759 239 1032 280 concionantur,
1065 246 1105 273 ut

122 289 197 325 hic:
232 289 279 325 Et
308 298 428 336 portae
460 289 564 324 inferi
594 301 668 322 non
698 289 950 334 praevalebunt
978 291 1104 323 adver-

121 353 180 375 sus
194 353 285 375 eam.

222 400 326 435 Item:
353 397 429 443 Ego
451 399 631 433 vobiscum
654 409 731 431 sum
748 398 864 443 {usque
879 400 921 432 ad
941 411 1104 433 consum-

119 451 309 485 mationem
333 449 452 484 seculi.
505 448 612 491 Item,
637 448 729 483 Psal.
748 449 824 486 10.:
853 448 910 483 Tu
933 462 968 483 es
992 462 1104 484 sacer-

119 503 184 536 dos
199 502 235 535 in
253 507 446 534 aeternum.

218 559 342 593 Esaiae
359 557 436 593 59.:
465 558 542 593 Hoc
556 560 680 594 foedus
697 571 814 593 meum
834 572 911 593 cum
928 560 992 600 eis,
1019 560 1105 595 dicit

119 610 314 651 Dominus,
343 610 496 654 Spiritus
519 622 616 644 meus
639 611 699 656 qui
724 617 775 645 est
798 611 835 643 in
860 618 910 651 te,
943 618 975 645 et
998 611 1101 644 verba

120 673 215 703 mea,
241 672 330 706 quae
354 661 455 704 posui
478 661 514 694 in
532 673 592 694 ore
609 667 688 702 tuo,
715 673 787 694 non
806 662 968 694 recedent
984 662 1026 694 de
1043 673 1102 694 ore

117 719 199 753 tuo,
226 723 289 744 nec
311 712 356 745 ab
379 723 439 744 ore
460 711 603 745 seminis
621 711 692 751 tui,
718 711 803 744 dicit
818 710 1012 752 Dominus,
1041 713 1101 744 de-

117 762 236 806 inceps
252 761 340 795 etin
358 761 620 806 sempiternum.
672 762 780 800 Item,
809 761 982 797 lere.31.:
1010 761 1101 796 San-

117 819 212 846 ctum
236 812 406 855 templum
426 811 573 846 Domini
597 824 670 846 non
687 812 874 851 evelletur,
901 819 933 846 et
949 824 1022 846 non
1040 813 1102 846 de-

118 869 272 897 struetur
287 863 379 896 ultra
398 863 433 895 in
453 870 672 907 perpetuum.

218 920 284 955 His
320 920 422 955 dictis
451 921 697 955 confirmemus
728 932 811 961 1103,
843 929 882 955 ut
910 928 1100 956 statuamus

117 983 191 1005 non
219 971 393 1005 abiectum
426 982 498 1004 esse
523 979 634 1005 totum
660 984 769 1015 genus
794 970 1006 1013 humanum,
1040 973 1099 1005 sed

116 1019 232 1055 adhuc
252 1033 392 1055 manere
407 1020 597 1055 Ecclesiam
609 1049 617 1063 ‚
646 1034 709 1055 nos
725 1023 902 1063 exaudiri,
927 1029 959 1056 et
976 1034 1100 1067 perpe-

115 1079 177 1106 tuo
202 1083 403 1105 mansuram
428 1084 510 1106 esse.
565 1072 633 1106 Sed
655 1073 760 1106 simul
783 1074 966 1116 petendam
991 1085 1061 1106 esse
1080 1085 1098 1106 a

115 1121 190 1156 Deo
216 1123 534 1163 conservationem,
562 1129 594 1156 et
613 1123 867 1163 laborandum,
895 1130 933 1156 ut
952 1124 1097 1156 verbum

114 1171 180 1206 Dei
204 1173 426 1206 retineamus.
479 1172 567 1206 Nam
593 1174 684 1216 apud
711 1185 770 1206 eos
794 1185 867 1206 non
890 1180 1006 1207 manet
1030 1171 1097 1206 Ec-

115 1223 237 1263 clesia,
263 1223 323 1267 qui
350 1224 495 1256 verbum
514 1222 577 1255 Dei
599 1223 789 1264 abiiciunt,
815 1224 873 1255 sed
893 1224 990 1256 Deus
1012 1224 1097 1256 alibi

115 1273 181 1306 sibi
208 1273 376 1317 populum
403 1273 554 1315 colligit,
582 1284 619 1306 ut
645 1273 789 1306 abiectis
811 1272 946 1306 ludaeis
971 1285 1097 1317 propa-

114 1330 190 1366 gata
215 1330 264 1356 est
287 1323 445 1355 doctrina
467 1323 560 1355 inter
574 1330 709 1365 gentes,
735 1329 772 1355 ut
790 1322 826 1354 in
844 1321 935 1356 Osea
950 1323 1096 1356 dicitur:

113 1373 206 1416 Quia
223 1372 381 1416 repulisti
399 1372 598 1411 scientiam,
625 1373 790 1417 repellam
811 1379 855 1408 te.

214 1429 416 1474 Cogitemus
444 1430 526 1464 item
552 1430 588 1463 in
615 1431 720 1465 tantis
746 1431 912 1475 periculis
936 1442 1000 1463 nos
1023 1442 1096 1463 non

112 1482 205 1516 solos
235 1482 405 1515 sustinere
435 1479 520 1515 haec
546 1482 754 1521 certamina,
789 1482 848 1514 sed
873 1481 1003 1514 Filium
1030 1479 1096 1514 Dei

111 1533 216 1566 nobis
239 1533 376 1570 adesse,
403 1532 493 1566 sicut
512 1531 637 1565 Daniel
661 1532 775 1576 inquit
794 1533 836 1564 de
855 1529 920 1564 hoc
938 1531 1013 1575 ipso
1033 1544 1096 1575 po-

111 1590 241 1618 stremo
273 1589 441 1625 ternpore.
496 1582 560 1615 lllo
595 1589 752 1626 tempore
786 1582 892 1615 stabit
922 1594 985 1624 pro
1016 1582 1096 1614 filiis

111 1633 234 1678 populi
251 1633 305 1666 sui
324 1633 395 1665 dux
412 1644 558 1675 magnus
573 1630 746 1673 Michael,
772 1633 807 1664 id
824 1639 890 1672 est,
911 1629 1084 1667 Christus.

214 1690 434 1725 Postremum
447 1690 579 1724 dictum
590 1690 632 1722 de
643 1689 790 1723 efficacia
801 1689 970 1734 loquitur:
995 1689 1096 1723 Dabo

112 1742 176 1777 tibi
201 1742 314 1775 claves
338 1740 434 1783 regni
459 1740 647 1775 coelorum.
702 1738 749 1774 Ut
771 1740 907 1782 gladius
926 1740 1096 1782 significat

111 1792 276 1837 imperia,
299 1791 346 1824 ita
369 1791 482 1824 claves
502 1790 698 1833 significant
721 1790 945 1823 domesticam
968 1791 1094 1832 guber-

111 1843 303 1878 nationem.
358 1840 443 1874 Vult
465 1841 559 1873 enim
577 1838 738 1874 Christus
758 1838 931 1877 Ecclesiae
949 1852 1094 1883 regnum

112 1894 220 1937 magis
253 1891 495 1932 oeconomiae,
537 1902 641 1936 quam
675 1890 832 1935 imperiis
861 1890 974 1923 simile
1012 1902 1095 1926 esse.

112 1943 195 1978 Ideo
216 1944 328 1977 utitur
344 1942 578 1987 appellatione
595 1941 757 1974 clavium.
809 1939 1015 1984 Significant
1032 1953 1095 1974 au-

111 2002 181 2030 tem
204 2006 277 2027 non
297 2000 429 2038 partem
448 1991 781 2032 administrationis,
807 1992 866 2024 sed
884 1997 996 2024 totum
1014 2003 1094 2024 mu-

111 2057 200 2086 nus,
234 2045 269 2078 id
300 2051 367 2085 est,
399 2050 603 2087 potestatem
634 2054 693 2076 seu
717 2042 923 2075 mandatum
945 2041 1092 2074 docendi

111 2094 363 2139 Evangelium,
389 2093 657 2127 administrandi
682 2099 917 2135 sacramenta,
944 2092 1093 2125 vocandi

111 2146 311 2184 ministros,
343 2144 610 2178 annunciandae
631 2142 848 2176 remissionis
873 2149 1093 2186 peccatorum

110 2205 144 2232 et
169 2195 377 2230 excludendi
401 2200 622 2227 contumaces
643 2205 683 2226 ex
708 2204 815 2236 regno
840 2190 924 2230 Det,
957 2192 1031 2225 sine
1058 2191 1092 2224 vi

111 2245 297 2292 corporali.
356 2244 422 2278 His
444 2243 550 2278 tantis
571 2243 769 2276 actionibus
791 2243 889 2276 adest
910 2240 1026 2280 Deus,
1059 2248 1092 2276 et

111 2298 223 2332 salvat
243 2295 447 2330 obedientes
462 2293 676 2337 Evangelio,
701 2300 733 2326 et
751 2293 893 2326 damnat
911 2298 1092 2325 contuma-

111 2359 187 2389 ces,
220 2347 311 2382 sicut
335 2345 442 2381 Rom.
461 2346 492 2379 1.
514 2345 661 2378 dicitur:
694 2341 929 2384 Evangelium
955 2349 1006 2376 est
1029 2354 1092 2386 po-

111 2398 218 2434 tentia
236 2396 302 2432 Dei
319 2398 362 2430 ad
381 2397 527 2430 salutem
545 2394 642 2429 omni
660 2392 829 2427 credenti.

210 2454 288 2490 Etsi
310 2455 428 2499 impiis
450 2454 639 2488 ridiculum
665 2452 823 2491 videtur,
849 2462 927 2484 cum
944 2450 1092 2484 audiunt

111 2519 195 2543 voce
211 2505 396 2550 Evangelii
420 2503 580 2538 homines
603 2509 697 2537 certo
720 2503 794 2535 fieri
815 2499 981 2534 haeredes
1003 2501 1092 2535 vitae

111 2565 289 2599 aeternae,
315 2564 432 2591 tamen
454 2567 519 2588 nos
541 2552 607 2588 lioc
623 2560 759 2588 tantum
779 2552 984 2586 beneficium
1001 2552 1090 2594 grati

111 2618 336 2652 agnoscamus
352 2612 386 2640 et
402 2606 665 2650 amplectamur.
716 2603 875 2638 Sciamus
890 2601 1003 2635 Deum
1018 2613 1091 2635 non

113 2658 240 2694 frustra
262 2670 298 2693 se
317 2657 538 2704 patefecisse,
565 2667 630 2689 nec
651 2655 779 2688 frustra
798 2653 928 2687 Filium
945 2652 1092 2694 misisse,

802 99 1196 138 ANNOTATIONES
1223 100 1274 136 IN
1300 100 1600 138 EVANGELIA.

2066 106 2141 144 450

1155 199 1220 222 nec
1242 187 1368 222 frustra
1388 189 1524 222 dedisse
1543 187 1775 234 Evangelium
1793 189 1921 226 additis
1939 191 2137 227 illustribus

1156 239 1381 277 testimoniis,
1409 245 1441 272 ct
1457 240 1638 273 credamus
1653 239 1820 282 vociDei,
1850 254 1919 287 quo
1937 242 2038 276 toties
2054 255 2137 286 pro-

1156 289 1251 322 misit
1270 289 1375 322 vitam
1395 295 1571 322 aeternam
1589 291 1878 333 amplectentibus
1895 290 2138 335 Evangelium,

1155 346 1188 373 et
1211 345 1354 373 testatus
1375 345 1425 372 est
1448 350 1483 371 se
1507 339 1576 371 illis
1599 339 1790 374 affuturum
1808 353 1898 383 esse,
1925 343 2014 376 sicut
2031 342 2136 377 Chri-

1156 397 1227 424 stus
1258 389 1389 434 inquit:
1425 388 1616 424 Veniemus
1643 391 1687 423 ad
1719 402 1818 432 eum,
1852 399 1885 426 et
1915 393 2135 427 mansionem

1155 440 1246 485 apud
1267 451 1345 473 eum
1361 439 1538 473 faciemus.

1254 514 1408 559 Exposui
1425 517 1519 549 locos
1535 514 1739 560 Evangelii,
1765 515 1984 551 continentes
2002 518 2135 552 doctri-

1154 577 1235 599 nam
1258 566 1407 599 maxime
1431 567 1551 599 utilem
1577 567 1644 611 piis
1667 567 1859 606 mentibus,
1893 568 1936 600 de
1957 568 2135 611 agnitione

1155 614 1285 651 Christi
1311 623 1343 650 et
1365 617 1408 649 de
1426 616 1601 658 Ecclesia,
1628 617 1688 662 qui
1706 630 1784 651 cum
1801 619 1843 651 ad
1863 617 1943 650 fidei
1961 618 2079 651 lumen
2097 618 2134 651 in

1153 666 1330 700 mentibus
1361 667 1576 710 pertineant,
1611 674 1726 700 tamen
1751 668 1900 712 quadam
1924 679 2029 711 prava
2054 668 2135 700 imi-

1153 717 1284 750 tatione
1300 718 1455 751 detortae
1471 724 1552 751 sunt
1568 718 1609 750 ad
1626 729 1771 760 regnum
1789 718 2018 761 pontificium.
2064 716 2135 752 Ec-

1153 767 1254 800 clesia
1271 767 1416 801 fundata
1434 774 1485 801 est
1503 779 1606 811 super
1623 767 1857 801 ministerium
1870 793 1879 807 ,
1907 768 1942 800 id
1960 774 2027 808 est,
2053 780 2135 801 ver-

1153 818 1236 850 bum
1263 816 1535 861 Apostolorum,
1568 829 1640 851 non
1665 829 1769 861 super
1790 828 2002 851 successores
2026 817 2135 859 Petri,

1152 868 1389 913 relinquentes
1420 869 1565 901 verbum
1595 866 1859 912 Apostolorum.
1920 866 1992 901 Nec
2021 868 2134 901 claves

1152 918 1348 961 significant
1373 919 1520 962 imperia
1544 918 1740 959 mundana,
1769 925 1829 952 aut
1854 924 2057 962 potestatem
2082 918 2133 951 fe-

1151 969 1251 1001 rendi
1271 969 1378 1011 leges,
1406 969 1465 1001 sed
1482 968 1686 1011 simpliciter
1703 980 1831 1002 munus
1848 968 1996 1002 docendi
2013 966 2133 1001 Evan-

1151 1019 1251 1061 gelii,
1293 1025 1325 1052 et
1363 1018 1704 1052 administrationem
1739 1024 2056 1060 sacramentorum,
2093 1024 2132 1052 ut

1150 1069 1249 1113 prius
1264 1069 1358 1109 dixi,
1382 1069 1456 1103 sine
1477 1069 1509 1102 vi
1529 1068 1715 1113 corporali.

1444 1188 1510 1228 De
1541 1186 1588 1228 S.
1619 1185 1847 1240 Stephano.

1389 1267 1546 1302 Historia
1570 1267 1740 1302 Actorum
1759 1268 1792 1301 6.
1809 1274 1840 1301 et
1857 1267 1891 1303 7.

1200 1339 1410 1389 Stephanus
1436 1340 1566 1388 plenus
1587 1341 1715 1387 gratia
1738 1340 2019 1389 etsortitudine,
2045 1353 2132 1388 pro*

1251 1391 1356 1438 digia
1383 1396 1412 1425 et
1434 1392 1545 1437 signa
1567 1404 1706 1437 magna
1731 1392 1769 1424 in
1792 1390 1939 1438 populo.
1999 1390 2132 1425 Surre-

1250 1446 1383 1476 xerunt
1407 1446 1526 1475 autem
1554 1440 1707 1489 quidam
1734 1440 1775 1475 de
1797 1454 2011 1488 synagoga,
2039 1453 2132 1488 quae

1251 1491 1386 1526 dicitur
1394 1489 1669 1526 Libertinorum
1686 1496 1717 1526 et
1727 1489 1990 1538 Cyrenensium
2005 1497 2035 1525 el
2047 1490 2132 1525 Ale-

1250 1541 1542 1583 xandrinorum,
1570 1548 1601 1576 et
1623 1554 1763 1587 eorum,
1790 1543 1974 1590 quierant
1991 1555 2014 1575 a
2034 1538 2131 1577 Cili-

1251 1593 1307 1627 cia
1333 1598 1363 1627 et
1381 1592 1494 1633 Asia,
1522 1591 1751 1640 disputantes
1769 1604 1846 1625 cum
1865 1590 2070 1639 Stephano,
2098 1596 2130 1625 et

1249 1655 1322 1677 non
1342 1648 1512 1690 poterant
1539 1644 1698 1676 resistere
1716 1642 1918 1689 sapientiae
1933 1647 1964 1676 et
1980 1641 2132 1689 spiritui

1247 1705 1318 1741 quo
1338 1692 1566 1740 loquebatur.

1198 1741 1304 1777 Tum:
1332 1743 1577 1777 submiserunt
1609 1741 1705 1776 viros
1734 1741 1800 1789 qui
1821 1739 1992 1776 dicerent:
2027 1740 2129 1789 Quia

1253 1792 1464 1827 audicimus
1480 1805 1557 1827 eum
1573 1791 1773 1839 loquentem
1790 1792 1896 1826 verba
1911 1791 2128 1840 blasphema

1249 1844 1285 1878 in
1301 1842 1439 1878 Illosen
1463 1848 1493 1877 et
1508 1842 1646 1877 Deum.
1699 1839 2050 1892 Commoreruntque]
2063 1855 2129 1889 po-

1246 1893 1394 1941 pulum,
1419 1899 1450 1927 et
1465 1893 1642 1932 seniores,
1669 1897 1699 1926 et
1715 1892 1876 1934 scribas,
1903 1897 1933 1926 et
1953 1891 2130 1927 invaden-

1248 1949 1299 1978 tes
1315 1944 1550 1992 arripuerunt
1565 1955 1662 1983 eum,
1690 1947 1721 1976 et
1738 1940 1975 1978 adduxerunt
1992 1943 2030 1977 in
2046 1955 2129 1977 con-

1248 1994 1391 2037 cilium,
1417 1999 1448 2028 et
1469 1997 1675 2027 statuerunt
1691 1992 1822 2041 salsos
1841 1998 1962 2033 testes,
1989 1994 2055 2041 qui
2071 1991 2128 2026 di-

1248 2050 1381 2079 cerent.-
1412 2044 1534 2078 Homo
1565 2043 1630 2078 iste
1661 2056 1734 2078 non
1759 2048 1871 2077 cessat
1897 2043 1999 2092 loqui
2021 2042 2126 2078 verba

1246 2092 1466 2143 blasphema
1488 2092 1662 2128 adversus
1687 2093 1805 2128 Iocum
1827 2099 1993 2128 sanctum
2017 2091 2126 2133 hunc,

1246 2150 1277 2179 et
1301 2144 1424 2191 legem.
1484 2142 1702 2179 Audivimus
1725 2143 1819 2178 enim
1842 2156 1919 2178 eum
1943 2142 2126 2185 dicentem,

1247 2195 1348 2243 quod
1368 2194 1474 2230 Iesus
1498 2194 1722 2231 Nazarenus
1745 2192 1804 2228 bic
1829 2192 1982 2228 destruet
2008 2192 2125 2228 locum

1245 2247 1374 2286 istum,
1402 2252 1433 2280 et
1451 2245 1609 2281 mutabit
1626 2256 1752 2283 mores,
1780 2256 1869 2291 quos
1887 2242 2044 2278 tradidit
2060 2256 2126 2278 no-

1247 2296 1304 2331 bis
1313 2295 1455 2332 Moses.
1495 2300 1546 2332 At
1562 2309 1639 2330 cum
1656 2296 1880 2329 intuerentur
1897 2306 1974 2328 eum
1992 2306 2126 2334 omnes,

1245 2348 1310 2395 qui
1334 2346 1507 2382 sedebant
1531 2346 1570 2380 in
1594 2344 1766 2384 concilio,
1798 2343 1968 2379 videbant
1982 2345 2124 2393 faciem

1243 2398 1319 2432 eius
1338 2403 1516 2446 tanquam
1527 2396 1667 2444 faciem
1683 2394 1822 2441 angeli.

1192 2448 1310 2484 Dixit
1340 2454 1460 2483 autem
1487 2448 1653 2495 princeps
1676 2443 1921 2486 sacerdotum,
1954 2443 2012 2478 An
2033 2440 2125 2480 hacc

1244 2499 1298 2533 ita
1311 2511 1349 2533 se
1362 2497 1536 2533 haberent
1547 2497 1566 2529 Ρ
1605 2497 1653 2531 At
1670 2497 1744 2544 ipse
1759 2495 1831 2529 ait:
1864 2494 1960 2536 Viri,
1976 2495 2122 2543 fratres

1244 2554 1275 2585 et
1302 2555 1445 2597 patres,
1478 2546 1620 2589 audite,
1653 2546 1758 2581 Deus
1778 2544 1923 2591 gloriae
1947 2546 2123 2591 apparuit

1241 2601 1345 2647 patri
1364 2604 1489 2634 nostro
1505 2595 1679 2632 Abrahae
1696 2609 1773 2631 cum
1789 2599 1876 2630 esset
1894 2595 1932 2628 in
1951 2594 2124 2642 Mesopo-

1243 2651 1380 2692 tamia,
1402 2649 1621 2698 priusquam
1647 2650 1851 2682 moraretur
1874 2645 1912 2679 in
1932 2640 2125 2687 Charran,
