2409 2915
537 140 582 176 X.
640 137 943 176 EXPLICATIO
978 135 1389 176 PROVERBIORUM
1424 134 1726 173 SALOMONIS.

121 228 187 263 hos
211 240 351 274 quoque
374 226 436 262 bas
458 225 596 270 regulas
617 226 664 258 de
684 231 826 259 externa
843 226 934 264 vita,
962 226 1104 259 univer-
1128 224 1133 267 l
1157 230 1268 257 ctum:
1303 222 1519 256 Commenda
1543 221 1617 255 Deo
1647 222 1738 255 viam
1769 227 1883 262 tuam,
1918 230 1951 257 et
1980 235 2078 268 spera
2104 225 2140 257 in

120 146 166 180 21
2097 140 2146 174 22

123 281 258 314 saliter:
287 279 426 314 Atrocia
445 277 570 310 delicta
587 276 799 310 comitantur
815 283 946 310 atroces
964 287 1105 320 poenae,

125 338 182 370 ut,
210 330 354 364 Davidis
376 328 608 367 adulterium,
636 326 810 360 Manassis
831 327 978 365 scelera,
1006 338 1104 360 secu-

125 389 180 416 tae
205 387 284 414 sunt
307 378 495 412 horribiles
519 389 667 422 poenae:
704 378 771 422 piis
795 390 876 410 vero
901 379 1106 421 mitigantur

128 433 256 465 multae
280 441 432 473 poenae,
457 435 492 462 et
507 429 699 462 multorum
717 436 766 462 est
784 429 1010 473 tranquillior
1026 439 1108 462 cur-

128 494 195 516 sus.
246 479 313 513 Hic
331 480 438 524 igitur
454 491 555 523 saepe
570 479 794 512 inculcantur
809 480 1058 523 promissiones
1073 485 1107 512 et

126 539 286 565 aeternae
307 538 340 564 et
365 530 581 575 corporales,
607 536 645 562 ut
670 527 737 562 hoc
761 530 838 563 loco
857 530 1000 563 dicitur:
1026 529 1106 563 Non

125 583 216 616 sinet
236 582 368 615 esurire
389 580 565 615 Dominus
588 581 742 613 animam
766 580 861 615 iusti.
922 580 1012 615 Psal.
1030 580 1106 614 33.:

125 632 262 666 Leones
287 633 507 672 esurierunt,
543 631 749 665 timentibus
773 637 887 664 autem
912 630 1106 665 Dominum

125 694 199 716 non
217 683 328 717 deerit
346 683 459 717 ullum
479 683 625 718 bonurn.

228 741 323 775 Haec
360 742 557 775 communis
596 741 755 775 doctrina
792 743 835 775 de
871 742 1108 782 distinctione,

126 805 231 838 quam
249 793 362 826 sanxit
379 801 516 827 aeterna
535 799 568 826 et
585 792 729 826 immota
747 793 916 836 sapientia
933 792 999 826 Dei
1017 793 1109 825 inter

125 852 217 878 recta
242 851 274 877 et
298 855 370 876 non
393 850 504 883 recta,
532 850 564 876 et
588 845 631 875 de
650 844 813 886 praemiis
831 851 862 877 et
880 844 1002 887 poenis
1018 855 1108 876 sem-

125 907 188 940 per
209 895 254 928 sit
278 895 314 927 in
339 901 545 938 conspectu,
579 900 613 927 et
635 894 738 926 simul
763 895 1004 927 consideretur
1027 894 1108 926 uni-

127 957 224 978 versa
252 945 411 978 doctrina
437 945 479 977 de
503 942 676 981 Ecclesia,
711 945 754 976 de
778 945 1004 978 distinctione
1027 956 1109 988 pro-

125 995 304 1028 missionis
321 1002 479 1029 aeternae
496 1002 529 1028 et
545 994 792 1038 corporalium.
846 994 931 1029 Item
950 995 1108 1028 doctrina

125 1048 167 1080 de
186 1058 296 1079 cruce.

228 1104 320 1139 Sunt
336 1112 451 1138 autem
472 1105 677 1149 praecipuae
695 1117 814 1138 causae
832 1111 999 1150 quatuor,
1027 1116 1108 1148 pro-

127 1163 203 1199 pter
228 1168 313 1200 quas
331 1154 507 1188 Ecclesiae
530 1156 676 1189 traditae
698 1163 779 1189 sunt
800 1156 1047 1200 promissiones
1067 1156 1109 1188 de

125 1206 229 1239 bonis
248 1207 505 1250 corporalibus:

228 1263 359 1296 Prima.
420 1263 466 1298 Ut
491 1264 560 1297 sint
582 1264 781 1297 testimonia
806 1265 848 1297 de
874 1264 1110 1308 providentia,

126 1321 247 1348 contra
261 1313 454 1357 Epicureas
472 1315 676 1358 opiniones,
707 1327 751 1347 ne
769 1315 1006 1347 existimemus
1025 1312 1110 1347 haec

123 1366 216 1398 bona
237 1371 375 1397 externa
395 1375 474 1397 casu
494 1366 626 1408 spargi,
654 1378 692 1398 ac
712 1366 915 1410 praesertim
934 1366 969 1397 in
987 1363 1109 1398 Eccle-

123 1416 172 1449 sia
208 1416 339 1448 dantur
372 1415 542 1458 singulari
577 1416 726 1449 consilio
757 1415 842 1457 Dei,
875 1423 908 1449 et
937 1416 1109 1459 singulari

122 1467 240 1500 modo.
295 1464 369 1498 Imo
393 1473 425 1499 et
451 1467 512 1499 toti
538 1467 657 1509 generi
684 1464 840 1500 humano
864 1473 1022 1500 servatur
1046 1479 1109 1500 na-

121 1524 199 1552 tura
218 1528 335 1550 rerum
355 1524 496 1561 propter
512 1516 717 1551 Ecclesiam.

226 1575 400 1610 Secunda.
462 1575 508 1610 Ut
539 1583 709 1610 testentur
741 1575 854 1609 Deum
887 1576 1108 1609 servaturum

125 1639 197 1661 esse
219 1624 432 1666 Ecclesiam,
465 1627 569 1660 etiam
596 1627 631 1660 in
656 1624 720 1660 hac
743 1628 833 1666 vita,
862 1634 893 1659 et
919 1627 1110 1668 cogitemus

127 1678 164 1709 in
183 1675 248 1709 hac
267 1677 405 1709 mortali
425 1676 494 1709 vita
512 1684 672 1720 oportere
691 1677 823 1709 incoari
842 1676 1046 1710 Ecclesiam.

230 1733 363 1766 Tertia.
415 1733 460 1767 [t
484 1733 568 1767 fides
591 1741 622 1767 et
641 1735 815 1767 invocatio
834 1741 1058 1767 exerceantur
1073 1735 1110 1766 in

127 1784 332 1828 quotidiana
364 1785 584 1823 necessitate,
619 1785 656 1816 in
679 1786 836 1826 'petenda
869 1797 969 1826 pace,
1005 1785 1110 1822 victu,

126 1835 220 1866 hona
238 1832 456 1870 valetudine,
483 1845 641 1865 successu
660 1834 695 1865 in
714 1833 982 1876 gubernatione.

228 1889 362 1933 Quarta
381 1902 493 1925 causa.
549 1889 595 1924 Ut
613 1892 682 1925 sint
699 1892 1050 1925 commonefactiones
1069 1892 1110 1923 de

125 1941 361 1987 promissione
400 1948 559 1981 aeterna,
599 1942 679 1987 quia
720 1942 758 1974 in
797 1943 893 1975 omni
933 1943 1111 1986 petitione,

127 1999 265 2037 oportet
292 1992 489 2035 praelucere
514 1993 636 2032 fidem,
671 2005 758 2037 quae
784 1993 907 2036 accipit
934 1993 1111 2026 remissio-

127 2056 208 2078 nem
232 2050 453 2087 peccatorum
479 2051 620 2086 propter
642 2043 894 2083 Mediatorem‚
920 2051 952 2076 et
976 2055 1112 2087 semper
1137 2045 1139 2074 i

128 2095 320 2138 cogitemus
342 2092 533 2127 Ecclesiam
561 2094 597 2126 in
624 2091 687 2127 hac
711 2094 779 2127 vita
807 2107 945 2139 quoque
971 2101 1112 2138 propter
1138 2109 1139 2115 ¹

128 2158 208 2179 eum
233 2151 266 2178 et
288 2156 349 2188 per
368 2157 446 2177 eum
465 2145 615 2184 servari,
643 2145 730 2177 sicut
748 2145 851 2178 dicit:
882 2143 953 2188 Ego
971 2145 1111 2187 gestabo
1138 2150 1139 2170 ἓ

82 2205 87 2211 ·
128 2207 191 2229 vos
214 2195 252 2227 in
275 2195 372 2234 sinu,
399 2195 488 2229 sicut
510 2202 627 2238 pastor.-
650 2207 757 2237 agnos
779 2208 898 2229 recens
925 2197 1035 2229 editos
1055 2207 1113 2237 ge-
1138 2209 1140 2231 ε

126 2253 204 2281 stat.
257 2244 417 2279 Sciamus
442 2245 549 2288 igitur
575 2247 825 2288 promissiones
848 2248 891 2279 de
918 2247 1019 2279 bouis
1035 2258 1112 2278 cor-

126 2295 309 2342 poralibus
333 2307 406 2328 non
432 2307 504 2329 esse
531 2295 648 2328 irritas
672 2304 705 2330 et
731 2298 926 2330 confirmati
948 2295 1011 2330 bac
1030 2309 1113 2329 voce
1139 2290 1140 2299 ¹

127 2347 268 2385 diviua,
297 2353 454 2390 petamus
472 2353 504 2380 et
522 2345 742 2391 expectemus
762 2348 952 2381 necessaria
971 2347 1060 2380 vitae
1078 2347 1113 2379 in

129 2397 369 2432 invocatione.

182 2480 396 2528 Egeslalem
414 2479 526 2530 efficit
544 2495 678 2517 manus
696 2482 847 2528 ignava.

234 2550 431 2593 Coniungit
453 2550 622 2584 Salomon
648 2550 897 2594 promissiones
920 2556 953 2583 et
976 2561 1116 2593 praece-

128 2610 188 2647 pta
213 2603 257 2635 de
281 2601 421 2638 labore,
449 2603 530 2646 quia
552 2608 741 2646 utrumque
762 2601 928 2646 praecipit
948 2599 1059 2640 Deus,
1085 2607 1117 2633 et
1142 2628 1143 2631 ,

130 2660 170 2688 ut
198 2652 368 2686 faciamus
397 2664 501 2696 opera
527 2652 740 2690 vocationis,
774 2659 806 2685 et
831 2651 936 2684 simul
960 2659 1117 2694 petamus

131 2711 164 2737 et
188 2710 409 2748 expectemus
434 2703 478 2736 ab
502 2703 578 2748 ipso
604 2703 718 2736 bonos
744 2711 906 2743 eventus,
943 2702 1038 2735 iuxta
1062 2701 1118 2735 di·-

1157 286 1255 317 eum,
1281 280 1317 307 et
1339 273 1412 317 ipse
1430 273 1541 305 faciet.

1207 354 1346 390 Odium
1377 355 1530 401 suscitat
1563 355 1688 395 ria-as,
1727 357 1895 391 universa
1928 363 2047 391 autem
2081 357 2141 392 dc-

1208 431 1213 433 -
1261 407 1349 441 licta
1367 407 1480 454 operi!
1499 403 1656 442 dilectio.

1262 477 1489 520 Praeceptum
1520 483 1570 510 est
1599 476 1641 508 de
1667 472 1834 521 ἐπιεικείᾳ
1858 483 1889 509 et
1911 478 1953 509 de
1978 479 2141 517 candore,

1159 528 1338 570 pertinens
1377 529 1419 559 ad
1456 527 1620 571 quintum
1655 533 1688 559 et
1718 533 1878 559 octavum
1909 537 2142 571 praeceptum.

1132 599 1134 614 .
1160 578 1226 612 Hic
1247 579 1399 622 primum
1419 578 1505 610 scire
1523 587 1662 609 necesse
1678 583 1727 610 est
1745 588 1948 610 communes
1965 578 2142 613 definitio-

1161 641 1221 662 nes
1238 636 1271 662 et
1288 628 1530 661 distinctiones
1550 627 1716 662 iusticiae.

1262 679 1401 712 iusticia
1433 677 1654 723 particularis
1684 685 1734 712 est
1759 677 1869 711 virtus
1893 689 1994 711 suum
2019 679 2144 725 cuique

1161 731 1330 766 tribuens.

1263 781 1320 815 Sic
1344 781 1480 814 iusticia
1506 780 1632 813 iudicis
1655 786 1704 813 est
1731 779 1841 813 virtus
1865 780 2023 813 tribuens
2045 781 2145 814 iustis

1162 833 1418 870 defensionem,
1444 838 1476 864 et
1500 843 1630 875 poenas
1649 830 1799 863 iniustis.
1852 828 1944 872 Quia
1965 843 2046 863 vero
2066 843 2144 874 gra-

1162 885 1226 916 dus
1243 890 1324 916 sunt
1344 883 1564 919 delictorum,
1593 888 1630 914 ut
1648 881 1800 914 atrocius
1817 881 1929 912 scelus
1947 888 1994 914 est
2012 882 2145 914 diaboli

1162 946 1264 977 quam
1283 932 1398 972 Adae,
1426 932 1578 965 atrocior
1596 939 1645 964 est
1664 931 1764 973 culpa
1785 930 1891 964 Iudae
1910 944 2013 975 quam
2034 930 2144 965 Petri:

1134 1004 1137 1036 5
1162 984 1317 1017 distincti
1343 990 1425 1016 sunt
1450 990 1481 1015 et
1500 983 1628 1024 gradus
1650 981 1806 1014 iusticiae
1823 981 1991 1021 vindicis,
2016 983 2145 1015 severi-

1163 1042 1211 1068 tas
1230 1041 1261 1068 et
1280 1035 1452 1079 aequitas,
1480 1040 1511 1065 et
1529 1040 1677 1077 utraque
1693 1039 1741 1064 est
1758 1031 1912 1071 iusticia,
1940 1044 1978 1064 ac
1995 1039 2146 1066 extrema

1162 1093 1241 1118 sunt
1259 1087 1391 1125 eadem,
1418 1083 1606 1116 crudelitas
1622 1090 1653 1115 et
1671 1082 1901 1124 indulgentia.
1956 1082 2051 1127 Sylla
2066 1095 2145 1116 cru..

1162 1136 1249 1169 delis
1274 1136 1357 1175 fuit,
1386 1135 1446 1179 qui
1472 1134 1574 1166 etiam
1602 1140 1676 1177 post
1703 1133 1884 1165 victoriam
1910 1133 2037 1166 occidit
2063 1146 2145 1177 pro-

1163 1187 1328 1220 miscuam
1354 1185 1640 1224 multitudinem,
1669 1183 1758 1215 sicut
1782 1183 1896 1227 inquit
1921 1185 2040 1226 poe'ta:
2074 1182 2145 1217 Ex-

1163 1238 1263 1270 cessit
1279 1236 1452 1269 medicina
1472 1236 1626 1267 modum.
1680 1233 1791 1266 lulius
1808 1232 2144 1277 pepercitCiceroni‚

1164 1288 1334 1322 Marcello
1368 1294 1402 1320 et
1432 1286 1529 1326 aliis,
1565 1292 1597 1318 et
1629 1285 1664 1316 in
1693 1284 1780 1317 urbe
1806 1284 1939 1316 nullam
1966 1285 2144 1318 saevitiam

1163 1339 1327 1373 exercuit.

1261 1388 1518 1423 Discernantur
1542 1393 1655 1421 autem
1679 1386 1715 1418 in
1733 1383 1799 1419 hoc
1816 1385 1909 1419 dicto
1930 1385 2145 1419 Salomonis:

1164 1441 1335 1475 Universa
1361 1440 1486 1473 delicta
1512 1438 1624 1482 operit
1647 1437 1804 1470 dilectio:
1834 1437 1936 1469 iudex
1959 1443 1991 1469 et
2011 1437 2145 1479 privata

1165 1503 1324 1536 persona.
1386 1489 1494 1523 Iudex
1519 1489 1684 1521 mandato
1709 1488 1830 1520 divino
1857 1487 1993 1530 cogitur
2017 1487 2147 1520 severi-

1164 1549 1232 1576 tate
1252 1543 1302 1574 uti
1323 1542 1488 1574 adversus
1507 1552 1564 1572 eos
1582 1539 1640 1584 qui
1659 1539 1824 1571 atrociter
1840 1539 2084 1582 deliquerunt,
2108 1544 2146 1571 ut

1164 1595 1329 1626 adversus
1346 1589 1580 1635 blasphemos,
1609 1589 1777 1633 periuros,
1802 1586 2005 1628 homicidas,
2029 1588 2147 1632 pollu-

1163 1651 1216 1676 tos
1234 1643 1415 1675 adulteriis
1431 1648 1463 1674 et
1477 1641 1616 1674 incestis
1632 1640 1854 1672 libidinibus.
1894 1638 2056 1672 Deuter0.
2074 1638 2145 1673 19.:

1164 1694 1311 1725 Auferes
1343 1692 1471 1723 malum
1505 1692 1547 1723 de
1578 1690 1694 1721 medio
1726 1689 1794 1727 tui,
1827 1701 1899 1721 non
1926 1689 2146 1721 misereberis

1164 1743 1259 1783 eius,
1294 1743 1351 1773 sed
1377 1741 1422 1773 sit
1446 1739 1562 1771 anima
1587 1750 1650 1781 pro
1677 1738 1813 1775 anima,
1848 1739 1928 1782 quia
1953 1737 2045 1770 Deus
2071 1739 2147 1772 vult

1135 1769 1139 1858 Ι
1164 1792 1316 1834 conspici
1349 1801 1497 1833 poenas,
1535 1795 1573 1821 ut
1603 1794 1810 1830 agnoscatur
1841 1788 1913 1830 ipse
1943 1789 2145 1822 discernens

1135 1860 1139 1909 Ι
1165 1849 1253 1874 recta
1279 1848 1310 1874 et
1329 1853 1399 1873 non
1417 1846 1506 1872 recta
1521 1866 1530 1877 ‚
1557 1845 1589 1871 et
1607 1838 1765 1870 iudicans
1782 1850 1819 1870 ac
1837 1838 1987 1881 puniens
2005 1839 2146 1880 scelera,

1137 1911 1138 1914 =
1164 1893 1292 1925 deinde
1316 1898 1353 1924 ut
1378 1890 1575 1923 communis
1598 1889 1742 1922 societas
1765 1889 1983 1923 defendatur.
2048 1887 2144 1921 Idem

1165 1951 1279 1975 autem
1303 1942 1406 1973 index
1425 1941 1596 1980 intelliget
1613 1951 1769 1983 quoqne,
1797 1940 1857 1972 nbi
1878 1939 2060 1972 leniendae
2076 1940 2147 1973 sint

1166 2005 1314 2037 poenae,
1341 1993 1428 2024 sicut
1447 1991 1536 2033 leges
1554 1991 1647 2033 ipsae
1666 1992 1708 2022 de
1726 1991 1828 2022 caede
1845 2002 1885 2022 ex
1903 1990 2040 2023 insidiis
2057 1990 2145 2023 facta

1137 2075 1139 2099 l
1166 2052 1247 2077 sunt
1275 2043 1483 2079 atrociores,
1517 2053 1621 2085 quam
1651 2041 1693 2072 de
1717 2041 1819 2072 caede
1844 2041 1997 2075 fortuita.
2050 2039 2145 2073 Haec

1138 2122 1140 2146 >
1167 2095 1276 2126 virtus
1301 2093 1515 2125 moderatrix
1538 2091 1743 2124 nominatur
1767 2088 1951 2129 ἐπιείκεια,
1985 2103 2073 2135 quae
2097 2098 2147 2125 est

1167 2145 1321 2184 iusticia,
1355 2155 1414 2176 seu
1448 2143 1537 2184 leges
1568 2142 1720 2185 aliquas,
1757 2153 1816 2174 seu
1846 2153 1975 2185 poenas
2006 2148 2148 2185 propter

1138 2177 1140 2207 Ι
1167 2196 1337 2228 rationem
1371 2193 1588 2237 probabilem
1617 2192 1800 2233 mitigans,
1834 2199 1865 2224 et
1892 2192 2148 2235 sapientissime

1138 2237 1141 2282 't
1167 2247 1290 2279 tradita
1309 2251 1389 2277 sunt
1405 2245 1513 2276 multa
1532 2243 1685 2286 exempla
1703 2240 1808 2275 huius
1823 2242 2061 2284 mitigationis.
2102 2241 2147 2276 Ut

1167 2297 1279 2329 David
1299 2296 1454 2328 esuriens
1470 2306 1552 2327 usus
1568 2301 1617 2327 est
1636 2294 1785 2336 panibus
1802 2295 2032 2327 sacerdotum.

1270 2345 1515 2391 Thrasybulus
1545 2345 1657 2376 sanxit
1686 2341 1914 2387 ἀμνηστίαν,
1955 2356 2018 2376 nec
2050 2342 2148 2376 eiecit

1139 2413 1142 2428 ο
1169 2408 1381 2440 possessores
1400 2409 1439 2429 ex
1459 2395 1682 2428 facultatibus
1703 2395 1861 2435 exulum,
1888 2406 1931 2426 ne
1949 2406 2038 2426 nova
2058 2393 2149 2426 bella

1168 2450 1357 2482 orirentur.

1269 2497 1454 2531 Conraclus
1484 2497 1674 2539 imperator
1697 2496 1774 2529 fecit
1797 2506 1914 2536 pacem
1936 2506 2012 2527 cum
2038 2493 2151 2527 Guel—

1170 2547 1239 2591 pho
1262 2550 1304 2582 ad
1330 2549 1499 2592 oppidum
1524 2547 1764 2588 XVeinsberg,
1799 2557 1876 2578 cum
1904 2552 2023 2578 contra
2047 2544 2152 2577 intel-

1170 2601 1297 2632 lectum
1324 2599 1411 2643 pacti
1436 2599 1601 2631 mulieres
1625 2597 1828 2630 extulissent
1846 2596 1941 2628 viros
1958 2603 1988 2629 et
2005 2595 2094 2627 filios
2111 2607 2151 2627 ex

1142 2636 1265 2689 lame,
1314 2650 1394 2694 quia
1429 2649 1619 2693 imperator
1653 2647 1873 2689 permiserat,
1921 2653 1960 2679 ut
1991 2645 2153 2678 mulieres

1142 2691 1146 2736 l
1172 2701 1389 2734 discederent
1415 2713 1492 2733 cum
1519 2700 1560 2731 iis
1586 2698 1690 2730 rebus
1708 2709 1792 2743 quas
1810 2703 1950 2742 possent
1966 2704 2153 2741 asportare.

1628 2746 1684 2782 2.
