2409 2915
57 136 130 175 745
293 137 376 173 XII.

57 223 286 268 experiemini
315 221 383 258 hoc
415 224 521 257 modo
553 222 678 256 factam
703 220 961 255 invocationem
984 232 1045 253 ve-

57 281 184 316 stram,
223 275 397 308 esficacem
423 281 526 319 atque
549 279 678 314 ratam,
718 283 792 305 non
816 272 958 305 inanem
982 283 1046 305 nec

57 325 220 359 inutilem
238 325 354 361 fnisse.
406 324 460 359 Sit
484 324 553 357 iam
577 323 658 356 finis
680 321 786 357 huius
810 322 898 364 loci,
934 330 966 357 et
989 323 1046 355 in·-

58 378 223 410 vocemus
261 376 372 409 filium
403 373 472 409 Dei
502 373 698 408 Dominum
735 381 895 407 nostrum
930 373 1045 407 lesum

57 425 259 468 Christum,
285 433 325 460 ut
339 425 572 459 communicet
597 425 700 458 nobis
721 424 875 468 ingentia
900 436 962 458 sua
985 425 1046 458 be-

58 478 200 516 neficia,
227 483 259 510 et
277 488 341 510 nos
360 482 503 520 propter
520 476 669 519 gloriam
692 487 789 509 suam
807 475 944 519 Spiritu
967 487 1046 509 san-

58 535 114 563 cto
130 529 250 562 doceat
266 534 299 561 et
316 528 508 570 gubernet,
550 527 716 560 accendat
740 526 778 559 in
807 527 910 560 nobis
929 538 1044 559 veram

61 578 317 613 invocationem
337 584 369 611 et
388 584 540 611 caeteras
557 578 705 611 virtutes
721 577 788 622 ipsi
807 577 994 621 placentes.

157 642 299 680 Omnia
321 657 406 693 ergo
422 657 657 693 quaecunque
677 644 808 685 vullis,
838 649 875 678 ut
892 644 1047 693 saciant

60 695 160 732 vobis
177 694 362 736 homines,
388 696 441 731 sic
456 701 488 730 et
508 709 566 731 vos
577 696 699 745 facite
717 695 814 738 illis,
838 700 899 732 etc.

157 764 267 798 Initio
296 764 536 809 praecedentis
574 764 697 807 capitis
737 763 920 797 audivistis
958 760 1048 795 banc

57 816 263 850 concionem
289 816 464 860 pertinere
495 816 539 848 ad
572 815 768 848 doctrinam
801 813 1049 859 poenitentiae,

57 879 97 900 ac
122 878 195 900 esse
223 866 496 900 declarationem
525 877 585 899 seu
614 866 941 910 interpretationem
964 864 1048 906 legis

56 917 201 952 divinae
229 918 390 955 moralis,
433 918 468 950 id
493 923 561 959 est,
596 917 781 960 Decalogi‚
822 917 859 949 in
884 928 952 961 qua
975 915 1048 959 pri-

55 981 153 1002 mum
187 975 399 1002 enarrantur
439 975 621 1012 praecepta
655 967 859 1012 posterioris
897 966 1049 1005 tabulae,

56 1019 199 1058 scilicet,
227 1027 451 1064 praeceptum
467 1019 649 1064 quintum:
678 1018 759 1052 Non
779 1018 926 1052 occides.
962 1016 1047 1050 Item

57 1077 211 1104 sextum:
247 1069 327 1104 Non
351 1066 602 1103 moechaberis.
652 1068 748 1102 Haec
766 1069 860 1102 enim
885 1068 1049 1109 mandata

58 1122 232 1155 secundae
247 1122 387 1154 tabulae
402 1121 540 1154 facilius
555 1121 705 1163 intelligi
721 1128 876 1164 possunt.
912 1119 1050 1153 Deinde

56 1172 200 1207 additur
227 1172 414 1216 explicatio
438 1179 706 1219 praeceptorum
737 1171 867 1215 prioris
897 1170 1050 1210 tabulae,

57 1224 100 1256 de
122 1223 249 1257 timore
276 1222 362 1264 Dei,
405 1223 494 1264 fide,
528 1222 670 1263 fiducia,
705 1222 948 1262 invocatione,
985 1227 1047 1253 etc.

57 1273 111 1307 Ac
142 1285 205 1307 vos
232 1274 374 1319 quidem
407 1271 474 1307 hoc
504 1273 582 1306 loco
615 1273 749 1307 debetis
780 1273 855 1319 ipsa
882 1271 1048 1313 Decalogi

57 1325 222 1359 mandata
240 1324 429 1368 diligenter
451 1324 552 1357 vobis
571 1335 767 1368 proponere
781 1349 790 1363 ,
817 1334 856 1354 ac
874 1321 1049 1361 meditari,

55 1386 188 1419 vosque
204 1376 505 1408 commonefacere
519 1376 563 1407 de
578 1375 663 1417 legis
679 1373 933 1412 declaratione,
959 1383 1050 1416 quae

55 1425 94 1458 in
114 1423 335 1460 Catechismo
356 1425 506 1459 fideliter
525 1425 615 1458 tradi
633 1431 666 1456 et
683 1423 834 1456 subinde
857 1422 967 1466 repeti
992 1433 1049 1454 so-

55 1476 113 1511 let.
166 1473 218 1510 Ea
242 1477 336 1510 enim
360 1476 434 1519 ipsa
451 1475 620 1517 Decalogi
646 1473 835 1507 declaratio
860 1479 974 1505 sumta
999 1479 1049 1505 est

55 1538 96 1560 ex
122 1527 299 1574 praesenti
323 1532 438 1567 textu,
480 1526 575 1558 unde
598 1531 765 1570 tauquam
797 1536 838 1557 cx
868 1523 1048 1557 uberrimo

55 1578 154 1611 fonte
171 1577 308 1610 rivulus
326 1578 472 1620 exiguus
489 1577 691 1609 deducitur.
1011 1578 1013 1582 ’

157 1635 263 1670 Scitis
274 1635 387 1670 Deum
405 1636 605 1680 praecipere
618 1634 765 1670 Deut.6.
784 1646 874 1678 cap.,
892 1640 930 1667 nt
948 1644 1049 1677 prae-

57 1693 156 1732 cepta
180 1687 346 1730 Decalogi
370 1687 531 1732 quotidie
559 1686 792 1726 meditemur,
831 1697 870 1718 ac
899 1684 1050 1717 circum—

56 1739 210 1772 feramus
228 1738 356 1771 animis
373 1738 531 1778 assidue,
562 1737 635 1770 sive
661 1748 841 1769 versemur
864 1735 901 1767 in
927 1746 1050 1778 campo

56 1801 96 1823 ac
128 1789 335 1830 itineribus,
381 1789 455 1823 sive
486 1789 523 1821 in
558 1787 698 1835 oppidis
735 1794 838 1832 atque
871 1785 1049 1825 domibus,

57 1841 131 1874 sive
147 1852 250 1873 mane
268 1851 451 1883 surgamus
471 1851 489 1873 e
513 1840 622 1877 lecto,
656 1838 729 1871 sive
753 1837 889 1881 vesperi
914 1836 1048 1870 dormi—

59 1897 134 1925 tum
161 1903 300 1932 eamus,
340 1898 449 1936 utque
471 1891 658 1934 pingamus
680 1895 711 1922 et
734 1889 928 1922 scribamus
951 1899 989 1920 ea
1014 1887 1050 1919 in

56 1942 194 1976 foribus
211 1949 316 1987 atque
333 1942 516 1976 vestibulis
532 1941 673 1975 aedium
685 1967 694 1980 ,
729 1947 762 1973 et
780 1940 902 1973 liberis
919 1938 1050 1972 nostris

58 1993 209 2027 subinde
227 1993 372 2037 repetita
391 1993 580 2037 diligenter
597 1992 826 2024 inculcemus.
862 1989 958 2022 Haec
977 1996 1048 2022 tota

58 2044 180 2078 concio
198 2043 304 2078 Deut.
321 2045 425 2078 debet
443 2056 504 2077 vos
522 2041 676 2083 hortari,
703 2042 914 2075 exsuscitare
931 2047 965 2074 et
985 2040 1050 2072 im-

59 2095 209 2139 pellere,
236 2102 275 2129 ut
290 2093 380 2129 hanc
396 2095 461 2129 Dei
480 2095 687 2139 sapientiam
712 2093 747 2125 in
766 2092 942 2134 Decalogo
968 2103 1051 2135 pro-

59 2146 211 2190 positam
235 2145 390 2179 studiose
412 2146 574 2185 discatis,
607 2152 640 2179 et
664 2145 788 2178 crebro
813 2143 1050 2185 meditemini,

58 2203 208 2245 propter
224 2197 352 2230 multas
377 2208 508 2231 causas.
568 2195 709 2235 Primo,
744 2207 788 2227 ne
814 2194 939 2227 vivatis
961 2191 1051 2225 Eth-

59 2247 140 2281 nico
158 2259 276 2288 more,
304 2248 435 2292 absque
458 2247 568 2280 frenis
591 2246 819 2289 disciplinae,
853 2245 913 2277 sed
937 2250 976 2277 ut
998 2244 1051 2276 fa-

59 2299 298 2332 miliarissime
316 2305 440 2332 notum
463 2298 507 2331 sit
530 2297 631 2331 vobis
654 2296 843 2330 discrimen
870 2294 1050 2328 faciendo-

60 2362 140 2384 rum
158 2356 191 2384 et
207 2362 279 2384 non
300 2350 564 2389 faciendorum,
588 2359 649 2381 seu
673 2345 904 2381 honestorum
926 2352 957 2379 et
977 2351 1051 2378 tur-

60 2401 158 2444 pium
170 2426 179 2444 ,
206 2407 316 2446 utque
331 2413 450 2434 severe
464 2400 589 2444 regatis
607 2398 831 2442 disciplinam
849 2397 943 2430 iuxta
961 2393 1051 2430 hanc

59 2452 171 2497 ipsam
188 2463 349 2486 normam
364 2451 546 2486 rectricem
563 2451 653 2484 vitae
669 2449 842 2482 divinitus
857 2447 1034 2482 traditam.

163 2510 347 2551 Secundo,
374 2518 414 2545 ut
431 2510 726 2550 commonefiatis,
754 2520 859 2554 qnam
883 2504 968 2540 haec
984 2506 1052 2538 mi-

61 2575 137 2597 sera
161 2570 287 2596 natura
313 2560 486 2602 bumana,
529 2561 625 2606 lapsa
660 2573 700 2594 ex
731 2560 844 2605 prima
871 2557 1052 2601 dignitate,

61 2625 156 2648 nunc
172 2612 354 2647 dissimilis
370 2620 475 2658 atque
492 2612 686 2653 difformis,
719 2611 755 2644 iu
775 2611 898 2650 corde,
933 2609 976 2643 sit
992 2621 1051 2641 or-

63 2665 140 2697 dini
156 2671 189 2699 et
206 2665 347 2708 regulae
366 2664 520 2698 iustitiae
545 2664 582 2696 in
598 2661 694 2704 Deo,
721 2674 826 2708 quam
853 2661 954 2706 plena
981 2660 1051 2694 sint

63 2715 168 2749 corda
185 2716 409 2750 tenebrarum
429 2721 460 2749 et
477 2714 735 2755 contumaciae,
770 2725 808 2747 ac
823 2720 861 2747 ut
879 2712 962 2745 inde
985 2711 1051 2744 ali-

431 133 826 173 ANNOTATIONES
858 130 925 170 ET
959 132 1242 171 CONCIONES
1276 133 1326 168 IN
1360 132 1545 171 EVANG.
1579 132 1860 171 MATTHAEI.

2016 135 2088 170 746

1097 231 1167 265 quo
1184 220 1291 253 modo
1308 220 1514 259 aestimetis,
1541 226 1646 266 atque
1661 221 1886 265 perpendatis
1910 221 2087 265 magnitu-

1097 271 1218 305 dinem
1232 271 1305 304 irae
1322 271 1465 305 divinae
1482 271 1648 305 adversus
1668 278 1861 316 peccatum.

1200 337 1325 373 Tertio
1336 364 1345 378 ,
1371 344 1411 371 ut
1428 350 1446 371 e
1462 338 1606 381 regione
1621 340 1815 382 agnoscatis
1833 339 1979 382 gratiam
1990 366 1998 379 ‚
2026 351 2086 373 seu

1097 389 1266 424 beneficia
1293 388 1357 422 filii
1381 388 1448 422 Dei
1472 389 1622 422 Domini
1645 390 1756 423 nostri
1779 389 1857 423 Iesu
1874 387 2026 428 Christi,
2054 398 2087 423 et

1098 440 1214 475 sciatis
1230 437 1393 473 homines
1410 451 1484 473 non
1508 451 1580 472 esse
1606 439 1716 473 iustos
1734 440 1826 483 lege,
1861 442 1918 473 sed
1944 448 2088 485 propter

1099 491 1346 532 mediatorem,
1373 490 1433 536 qui
1451 491 1562 525 factus
1580 497 1631 524 est
1647 491 1788 524 victima
1806 502 1868 534 pro
1884 492 1997 525 nobis.

1202 549 1358 593 Quarto,
1399 556 1439 582 ut
1471 548 1626 582 excitetis
1653 549 1792 582 animos
1822 550 1865 582 ad
1897 551 2088 593 petendum

1100 601 1271 636 auxilium
1288 598 1441 640 Christi,
1468 606 1506 633 ut
1522 600 1594 644 ipse
1609 611 1674 633 sua
1688 599 1838 633 efficacia
1857 599 1893 632 in
1912 601 2015 633 nobis
2034 601 2089 632 in-

1100 651 1204 687 choet
1228 649 1321 685 hanc
1344 651 1533 695 puritatem
1557 650 1594 683 in
1618 651 1691 694 lege
1717 650 1948 694 descriptam,
1981 659 2090 695 utque

1101 703 1241 748 possitis
1257 702 1333 747 ipso
1353 704 1496 735 iuvante
1515 707 1547 734 et
1565 702 1800 745 gubernante,
1835 708 2010 745 praestare
2026 703 2090 735 ob-

1100 751 1375 789 edientiamDeo
1391 753 1599 796 placentem.
1635 752 1724 785 Nam
1743 752 1835 785 filius
1844 752 1909 786 Dei
1929 759 2091 800 propter-

1100 818 1138 839 ea
1154 805 1268 849 venit,
1295 811 1335 838 ut
1352 803 1514 848 impleret
1530 803 1639 847 legem
1651 830 1659 843 ‚
1685 803 1775 836 sicut
1790 803 1877 836 dicit
1894 802 2021 836 Matth.
2039 801 2090 838 5.:

1099 856 1181 890 Non
1202 855 1284 889 veni
1308 855 1444 888 solvere
1467 854 1579 897 legem
1605 855 1666 887 sed
1700 853 1858 897 implere.
1928 852 2092 897 Implevit

1099 915 1216 941 autem
1239 905 1455 949 Decalogum
1478 916 1541 939 sua
1565 905 1708 952 propria
1733 904 1934 938 obedientia
1959 910 1991 937 et
2014 916 2092 948 pas-

1100 959 1217 999 sione,
1257 969 1318 990 seu
1348 956 1556 990 sustinendo
1591 968 1741 1000 poenam
1771 967 1836 1000 pro
1867 955 1989 995 nobis,
2031 957 2090 987 sed

1100 1010 1177 1043 vult
1206 1009 1357 1042 eundem
1387 1007 1492 1041 etiam
1525 1007 1673 1051 implere
1703 1007 1862 1040 effective
1894 1006 1930 1038 in
1963 1006 2093 1040 nostris

1101 1060 1284 1100 cordibus,
1326 1059 1556 1092 instaurando
1588 1064 1622 1092 et
1654 1057 1867 1091 vivificando
1901 1054 2093 1090 humanam

1101 1118 1262 1145 naturam
1275 1137 1284 1151 ‚
1317 1122 1377 1143 seu
1392 1110 1610 1143 restituendo
1628 1109 1664 1141 in
1681 1108 1786 1141 nobis
1803 1108 1971 1141 iustitiam
1990 1115 2023 1141 et
2040 1108 2094 1140 vi-

1102 1170 1170 1196 tam
1189 1168 1366 1195 aeternam
1379 1187 1388 1202 ,
1416 1158 1483 1193 hoc
1499 1167 1566 1200 est,
1593 1160 1671 1193 vult
1687 1159 1790 1193 nobis
1807 1158 1990 1204 opitulari,
2018 1159 2094 1191 vult

1101 1225 1173 1246 esse
1190 1213 1228 1245 in
1244 1213 1348 1246 nobis
1362 1212 1481 1244 efficax
1504 1212 1586 1245 dato
1601 1209 1740 1254 Spiritu
1764 1217 1901 1250 sancto,
1937 1217 1975 1243 ut
2002 1207 2093 1242 hanc

1100 1264 1339 1297 obedientiam
1364 1259 1552 1300 inchoare,
1581 1267 1614 1294 et
1630 1261 1668 1294 iu
1685 1272 1723 1294 ea
1744 1272 1964 1304 perseverare
1981 1261 2095 1304 possi-

1102 1325 1190 1348 mus,
1245 1312 1320 1346 lmo
1340 1313 1411 1345 vita
1436 1318 1577 1345 aeterna
1600 1311 1681 1345 talis
1705 1312 1771 1345 erit
1795 1318 1927 1353 status,
1963 1311 2000 1343 in
2023 1323 2093 1356 quo

1101 1363 1222 1397 salvati
1259 1363 1327 1396 iam
1361 1363 1517 1396 fruentes
1547 1368 1686 1395 aeterna
1720 1362 1871 1402 laetitia,
1905 1361 2021 1395 Deum
2046 1362 2095 1394 sic

1101 1421 1309 1457 agnoscent,
1337 1413 1584 1453 celebrabunt,
1609 1412 1877 1455 glorificabunt,
1901 1413 1950 1445 sic
1966 1412 1997 1445 ei
2014 1424 2095 1455 gra-

1100 1465 1167 1498 tias
1200 1470 1320 1507 agent,
1358 1471 1398 1497 ut
1428 1464 1601 1507 praecipit
1626 1462 1843 1506 Decalogus‚
1887 1470 1919 1497 et
1954 1463 1990 1495 in
2023 1470 2096 1496 tota

1101 1515 1306 1549 aeternitate
1338 1515 1458 1547 vivent
1494 1513 1628 1547 iustitia
1660 1520 1874 1557 congruente
1907 1514 1950 1547 ad
1983 1514 2095 1558 ipsam

1101 1567 1213 1609 legem
1244 1573 1428 1599 sonantem
1459 1565 1496 1597 in
1530 1571 1649 1598 monte
1678 1564 1784 1602 Sina,
1836 1565 1925 1598 sicut
1966 1565 2096 1598 dicitur

1101 1616 1257 1650 Hierem.
1275 1617 1351 1649 31.2
1378 1615 1480 1649 Dabo
1497 1615 1607 1658 legem
1625 1626 1740 1648 meam
1765 1615 1803 1647 in
1829 1615 1935 1648 corda
1961 1626 2094 1648 eorum.

1102 1675 1166 1702 etc.

1204 1726 1301 1760 Haec
1320 1726 1411 1760 dicta
1429 1726 1499 1759 sint
1518 1725 1620 1759 initio
1638 1724 1987 1759 commonefactionis
2011 1737 2094 1758 cau-

1102 1791 1157 1819 sa,
1198 1785 1237 1812 ut
1261 1777 1476 1820 Decalogum
1500 1777 1656 1810 studiose
1679 1776 1821 1810 discatis
1843 1787 1881 1809 ac
1907 1776 2095 1819 diligenter

1102 1829 1335 1864 meditemini.
1404 1827 1515 1861 Porro
1538 1826 1714 1861 Dominus
1745 1827 1873 1861 adiecit
1896 1828 1962 1860 sub
1989 1827 2094 1860 finem

1103 1880 1353 1914 declarationis
1382 1878 1568 1921 Decalogi‚
1613 1878 1822 1922 particulam
1861 1878 2095 1922 pertinentem

1103 1933 1274 1966 duntaxat
1297 1932 1340 1964 ad
1366 1930 1595 1974 posteriorem
1621 1928 1796 1969 tabulam,
1831 1929 1979 1968 docens,
2006 1941 2095 1973 quo-

1101 1983 1207 2016 modo
1225 1993 1285 2014 cor
1302 1981 1427 2015 debeat
1443 1980 1606 2014 affectum
1625 1991 1698 2013 esse
1716 1991 1795 2023 erga
1812 1979 1899 2012 alios
1924 1977 2097 2017 homines,

1103 2032 1158 2067 his
1192 2032 1324 2066 verbis:
1367 2029 1500 2064 Omnia
1533 2042 1623 2075 quae
1649 2030 1757 2064 vultis
1782 2037 1820 2064 ut
1844 2030 1972 2063 faciant
1994 2031 2096 2063 vobis

1102 2083 1282 2123 homines,
1324 2083 1444 2116 eadem
1472 2094 1533 2115 vos
1559 2081 1660 2115 facite
1684 2081 1768 2116 illis.
1834 2079 1928 2113 Iluic
1956 2082 2095 2122 regulae

1102 2147 1228 2179 magna
1247 2141 1281 2168 et
1298 2145 1422 2167 arcana
1441 2133 1611 2177 sapientia
1633 2132 1790 2166 involuta
1809 2138 1879 2170 est,
1906 2144 2011 2176 quam
2032 2144 2094 2164 ne-

1102 2199 1160 2220 mo
1187 2183 1372 2219 hominum
1401 2185 1482 2218 satis
1507 2183 1692 2227 intelligit,
1727 2195 1766 2216 ac
1791 2182 1895 2216 etiam
1921 2194 2002 2215 cnm
2028 2183 2094 2215 ali-

1103 2237 1189 2283 quid
1207 2236 1436 2280 intelligitur,
1465 2241 1581 2269 tamen
1601 2234 1774 2279 explicare
1792 2233 1846 2266 vel
1865 2232 1983 2277 eloqui
2000 2233 2092 2266 disfi-

1103 2288 1276 2322 cillimum
1299 2294 1361 2323 est.

1205 2346 1380 2390 Congruit
1410 2353 1525 2379 autem
1561 2356 1640 2377 cum
1666 2343 1776 2377 altero
1803 2341 1914 2376 dicto:
1958 2341 2094 2385 Diligas

1103 2399 1301 2443 proximum
1325 2405 1424 2432 tuum
1443 2397 1531 2430 sicut
1550 2402 1581 2429 te
1600 2395 1725 2438 ipsum.
1781 2392 1911 2427 Verum
1930 2393 2011 2438 quia
2029 2391 2094 2427 hae

1103 2450 1295 2485 sententiae
1313 2454 1458 2493 propter
1474 2445 1735 2490 generalitatem
1760 2444 1861 2477 vohis
1883 2444 1919 2476 in
1947 2442 2009 2477 hac
2038 2444 2094 2477 in-

1103 2501 1267 2536 firmitate
1286 2507 1367 2534 sunt
1384 2497 1624 2537 obscuriores,
1653 2496 1731 2529 ideo
1747 2493 1841 2529 Deus
1858 2495 1931 2538 ipse
1955 2495 2094 2529 addidit

1103 2553 1381 2590 enarrationem,
1408 2549 1553 2583 scilieet:
1582 2547 1665 2581 Non
1682 2545 1831 2580 occides.
1865 2544 1944 2579 Non
1959 2545 2092 2579 furtum

1102 2604 1217 2639 facies.
1279 2602 1359 2637 Non
1377 2602 1470 2635 dices
1496 2598 1740 2636 mendacium,
1777 2603 1838 2630 etc.
1900 2595 1995 2630 Haec
2021 2604 2093 2631 tota

1102 2655 1302 2689 obedientia
1343 2648 1593 2695 comprehensa
1637 2649 1674 2682 in
1712 2648 1878 2682 omnibus
1917 2648 2093 2682 mandatis

1103 2707 1275 2741 secundae
1298 2704 1457 2743 tabulae,
1482 2701 1689 2736 nominatur
1712 2700 1750 2733 in
1774 2709 1920 2743 genere,
1948 2710 2006 2732 seu
2034 2711 2092 2743 gc-
