2409 2915
287 71 363 106 963

288 167 369 196 nes,
393 163 497 198 qnam
517 147 676 182 occidere
698 140 895 176 hominem.
948 136 1085 172 Contra
1107 134 1193 171 haec
1218 135 1281 170 de-

291 209 475 240 liramenta
493 199 579 233 dicit
596 191 782 237 Propheta.
1258 235 1267 243 .

395 253 532 287 Hoseae
553 248 604 283 6.:
633 241 919 278 Misericordiam
943 239 1046 279 volo,
1081 249 1155 272 non
1179 247 1287 270 sacri-

295 306 431 342 ficium,
466 308 499 335 et
523 297 705 333 scientiam
722 293 786 327 Dei
805 292 883 336 plus
907 301 1012 335 quam
1029 286 1287 322 holocaustum.

295 357 335 390 Id
359 361 429 395 est,
467 350 559 384 Volo
578 345 792 391 agnitionem
819 353 936 374 veram
955 340 1039 381 Dei,
1076 339 1239 373 timorem
1255 342 1290 370 et

298 408 414 440 fidem.
467 400 603 437 Deinde
634 393 937 432 misericordiam,
963 391 998 423 id
1023 397 1093 428 est,
1127 388 1290 422 dilectio—

300 469 381 490 nem
416 451 588 498 proximi,
619 447 704 481 haec
730 446 796 486 ait,
837 449 919 477 sunt
946 441 1172 475 anteferenda
1194 449 1290 472 cere-

300 507 441 541 moniis.

404 555 457 589 lta
493 551 551 585 hie
585 548 747 583 Christus
789 545 891 590 ponit
926 542 1136 577 vocabulum
1166 538 1293 575 simile.

305 608 424 651 Quare
439 606 487 639 sic
503 600 684 647 loquitur?
713 597 864 631 Videtur
887 601 978 629 certe
1003 592 1069 627 hoc
1086 591 1294 629 secundum,

306 660 410 702 longe
427 654 574 689 inferius
592 663 663 684 esse
679 649 804 693 primo.
1155 692 1163 699 .
1208 690 1216 698 .

405 704 637 750 Respondeo:
681 700 774 734 Dicit
795 703 916 731 contra
942 695 1038 728 illam
1063 691 1296 738 pharisaicam

308 759 534 803 opinionem,
559 753 652 800 quod
673 751 843 796 putabant
860 758 958 792 posse
980 744 1108 788 negligi
1133 740 1295 775 dilectio-

308 822 389 843 nem
415 805 586 853 proximi,
629 810 660 836 et
680 799 894 835 ceremonias
912 804 943 830 et
963 795 1160 829 oblationes
1185 791 1297 824 multo

309 861 462 905 potiores
496 867 577 889 esse.
639 853 713 886 lmo
745 850 846 883 multi
878 847 981 880 etiam
1015 843 1080 877 hoc
1105 842 1297 876 faciebant:

307 908 582 945 Committehant
602 902 795 939 adulteria,
822 907 854 931 et
878 904 996 941 postea
1013 895 1178 928 volebant
1202 903 1299 925 com-

310 973 457 1006 pensare
475 955 671 991 sacrificiis,
699 953 787 984 sicut
803 946 918 982 adhuc
936 954 984 979 est
1000 945 1122 989 opinio
1140 942 1298 988 Papista-

311 1025 388 1046 rum
406 1012 448 1044 de
468 1008 584 1042 Missa.
639 1004 720 1036 ldeo
741 999 893 1035 ostendit
908 995 1088 1036 Christus,
1116 993 1181 1027 hoc
1201 1005 1300 1037 prae-

312 1070 451 1109 ceptum
484 1061 526 1091 de
563 1054 751 1089 dilectione
792 1059 1014 1095 nequaqnam
1051 1045 1301 1088 negligendum

312 1126 402 1152 esse,
439 1118 471 1144 et
503 1109 588 1141 dicit
619 1104 734 1138 simile
763 1113 836 1135 esse
867 1100 1003 1143 primo,
1033 1097 1184 1134 scilicet,
1220 1094 1301 1151 quia

311 1161 482 1206 obligatio
499 1157 626 1193 similis
642 1163 691 1189 est
708 1155 773 1187 sub
788 1163 900 1196 poena
924 1155 1085 1182 aeternae
1100 1147 1302 1180 damnatio-

313 1215 386 1253 nis,
413 1220 444 1246 et
462 1207 661 1244 obedientia·
680 1205 784 1239 etiam
808 1203 844 1236 fit
866 1201 981 1235 cultus
1005 1198 1090 1240 Dei,
1115 1198 1204 1230 sicut
1227 1196 1305 1230 cul-

314 1273 368 1298 tus
387 1263 489 1308 primi
509 1257 695 1305 praecepti.

572 1351 620 1375 De
639 1346 803 1373 secunda
827 1342 1052 1375 quaestione.

419 1415 611 1457 Postquam
636 1405 821 1451 respondit
850 1402 1025 1437 Dominus
1045 1397 1240 1433 pharisaeis
1264 1398 1307 1430 de

318 1470 393 1509 lege
408 1493 416 1505 ,
441 1464 515 1497 vult
534 1463 601 1495 iam
622 1459 806 1493 ostendere
834 1465 956 1487 eorum
979 1450 1235 1494 ignorantiam,
1265 1450 1308 1481 de

318 1518 550 1552 fundamento
576 1512 762 1554 praecipuo
782 1504 977 1541 Ecclesiae,
1003 1502 1134 1534 scilicet
1151 1501 1193 1532 de
1213 1499 1307 1532 Mes-

320 1571 381 1603 sio.
436 1565 527 1597 Oui..
549 1564 582 1595 iu
602 1559 772 1595 Ecclesia,
800 1567 873 1588 uon
897 1553 980 1586 satis
997 1559 1048 1585 est
1066 1562 1166 1583 nosse
1188 1550 1310 1593 legem,

321 1633 384 1652 nec
405 1599 487 1658 legis
507 1612 635 1647 notitia
659 1608 848 1642 discrimen
873 1605 955 1638 facit
979 1603 1071 1635 inter
1086 1599 1260 1634 Etlmicos
1278 1607 1310 1633 et

323 1669 513 1703 Ecclesiam
534 1665 619 1705 Dvi,
647 1661 706 1694 sed
735 1657 862 1692 notitia
886 1652 1129 1699 promissionis
1148 1651 1310 1689 Messiam,

323 1729 353 1754 et
377 1722 458 1752 tides
478 1719 569 1749 iuxta
591 1726 665 1747 eam
686 1708 968 1758 promissionem.

429 1769 533 1803 Ihm·-
556 1764 788 1798 Mediatoreiu
817 1756 956 1801 agnosci
976 1756 1010 1788 in
1029 1752 1185 1787 Ecclesia
1205 1764 1312 1796 opor-

325 1830 390 1861 tet,
419 1822 513 1853 iuxta
535 1818 592 1850 illa
612 1815 720 1848 dicta:
756 1811 867 1844 Nemo
893 1808 989 1840 venit
1013 1806 1054 1837 ad
1079 1804 1218 1837 Patrem
1246 1802 1311 1835 nisi

327 1886 388 1917 per
406 1871 550 1905 Filium.
587 1866 689 1899 item:
719 1862 791 1904 Qui
810 1871 882 1893 non
903 1857 1055 1891 honorat
1072 1855 1214 1893 Filium,
1242 1865 1313 1886 non

331 1922 483 1957 honorat
509 1920 658 1951 Patrem.
723 1913 825 1946 Item:
872 1908 967 1941 llaec
992 1913 1040 1940 est
1067 1906 1137 1938 vita
1161 1913 1314 1946 aeterna,

327 1982 365 2007 nt
396 1978 580 2015 agnoscant
607 1974 638 2000 te
663 1965 796 2001 solum,
832 1971 952 1993 verum
978 1957 1111 1995 Deum,
1153 1963 1187 1989 et
1211 1966 1315 2000 quem

331 2024 454 2057 misisti
468 2050 475 2060 ,
507 2020 617 2053 lesum
636 2029 706 2049 esse
724 2012 916 2047 Christum.

437 2073 519 2106 item
556 2071 584 2102 l.
614 2063 778 2100 Corinth.
804 2063 854 2097 3.:
899 2060 1186 2094 Fundamentum
1222 2055 1316 2088 aliud

334 2125 417 2171 poni
439 2136 508 2156 naun
527 2126 634 2163 potest
649 2145 658 2158 ,
687 2116 753 2149 nisi
772 2113 866 2159 quod
885 2120 932 2145 est
959 2111 1130 2154 positum,
1159 2107 1253 2153 quod
1271 2113 1320 2139 est

332 2175 495 2212 Christus
517 2172 619 2206 lesus.
1277 2207 1284 2215 ι

439 2225 530 2258 llaec
548 2219 747 2254 testimonia
772 2222 804 2249 et
821 2213 948 2247 similia
973 2212 1101 2244 debent
1120 2221 1193 2243 esse
1211 2215 1321 2241 notis-

337 2279 423 2312 sima
456 2274 622 2307 omnibus
647 2267 872 2303 hominibus,
910 2270 946 2296 ut
974 2263 1126 2299 discant,
1165 2272 1254 2305 qnae
1278 2259 1323 2292 sit

339 2327 491 2363 Ecclesia
511 2336 590 2356 vcra
608 2321 672 2355 Dei
686 2348 694 2359 ,
720 2326 752 2352 et
772 2318 907 2350 discant
933 2315 1114 2355 seiungere
1131 2309 1322 2344 Ecclesiam

338 2392 453 2412 wram
477 2375 539 2410 Dei
564 2375 607 2405 ab
625 2369 796 2405 Etlinicis.
851 2365 919 2400 Sed
943 2362 1033 2397 hanc
1057 2369 1162 2395 totam
1188 2362 1324 2394 doctri—

341 2444 421 2463 nam
448 2430 489 2459 de
514 2424 640 2459 Messian
666 2420 873 2463 ignorabant
899 2413 1089 2449 Pharisaei.

343 2483 434 2524 piam
461 2486 491 2510 et
518 2478 719 2508 damnatam
759 2467 995 2513 ignorantiam
1026 2465 1180 2497 ostendit
1211 2464 1244 2495 in
1277 2463 1325 2495 ris

342 2532 425 2565 lucc
443 2526 643 2572 disputatio.

1142 2411 1240 2445 lianc
1260 2412 1325 2444 im-

450 2581 497 2612 ΑΓ,
528 2578 679 2621 primum
718 2570 942 2606 recitabimus
980 2565 1219 2611 quaestionem
1253 2563 1324 2598 Do-
1377 2576 1458 2599 eum
1476 2562 1693 2604 Dominum,
1720 2572 1750 2599 ct
1769 2566 1891 2599 adorat
1911 2563 2004 2600 hunc
2024 2566 2226 2604 Dominum,

347 2633 454 2673 mini,
480 2637 512 2663 ct
533 2636 648 2673 postea
671 2627 712 2658 de
733 2622 856 2657 officiis
877 2619 1025 2654 Messian
1045 2617 1211 2651 dicemus.

883 52 1009 88 PHIL.
1037 50 1154 88 MEL.
1179 47 1393 86 SCRIPTA
1418 47 1718 87 EXEGETICA.

2249 44 2326 81 964

1438 135 1575 171 Norant
1597 133 1800 176 Pharisaei,
1837 133 2005 169 Messiam
2028 139 2218 168 venturum
2241 143 2326 171 esse,

1341 193 1374 221 et
1391 186 1533 232 quidem
1552 199 1593 221 ex
1611 187 1759 231 posteris
1775 185 1943 226 Davidis,
1968 185 2028 218 sed
2047 183 2331 227 imaginabantur

1340 244 1478 272 tantum
1495 248 1611 281 regem
1628 239 1851 271 mundanum
1872 237 1968 277 fore,
1994 241 2028 268 et
2047 234 2247 267 divisurum
2273 232 2331 266 in-

1345 295 1398 322 ter
1416 286 1565 321 ludaeos
1591 288 1781 332 imperium
1811 286 1956 320 mundi:
1990 282 2084 319 nihil
2109 284 2266 318 sciebant
2288 284 2332 317 de

1342 338 1505 384 passione
1530 337 1703 379 Messiam,
1740 335 1833 371 nihil
1864 339 1908 371 de
1943 335 2150 370 remissione
2174 340 2334 379 peccato-

1342 400 1440 430 rum,
1466 385 1559 421 nihil
1583 389 1626 421 de
1643 387 1877 432 imputatione
1903 386 2073 421 iustitiae.
2126 384 2168 418 ln
2194 395 2332 418 summa

1342 437 1527 473 horribilis
1545 438 1656 482 caligo
1676 439 1744 472 suit
1761 439 1797 472 in
1813 437 2026 472 Pharisaeis.

1447 497 1644 541 Interrogat
1676 497 1786 540 igitur
1808 496 1998 531 Dominus:
2037 494 2149 530 Cuius
2170 495 2264 528 filius
2286 499 2339 528 est

1350 548 1521 583 Messias?
1547 548 1595 582 Hi
1618 555 1710 582 recte
1724 548 1959 592 respondent:
1987 545 2154 587 Davidis,
2179 548 2238 579 sed
2263 556 2338 578 non

1346 605 1497 644 possunt
1514 600 1653 639 dicere,
1681 599 1860 644 quomodo
1876 595 1943 631 hoc
1956 604 2125 640 congruat
2143 608 2220 630 cum
2239 594 2340 629 Psal-

1349 662 1428 691 mo,
1454 651 1492 683 in
1517 662 1587 695 quo
1605 650 1753 684 Messias
1771 649 1977 682 nominatur
1993 646 2168 682 Dominus
2183 645 2342 681 Davidis-

1456 715 1541 750 ldeo
1567 717 1718 761 opponit
1741 714 1922 750 Christus:
1958 713 2148 757 Quomodo
2170 713 2284 746 David
2303 712 2342 745 in

1353 767 1492 812 Spiritu
1509 768 1672 801 nominat
1696 779 1776 801 eum
1794 766 2010 807 Dominum,
2036 765 2064 798 si
2084 771 2135 798 est
2151 763 2269 798 filius?

1720 849 1965 880 Declaratio.

1453 910 1522 945 Hic
1550 911 1722 955 imperitis
1748 924 1836 956 opus
1861 918 1911 945 est
1933 910 2180 945 declaratione.

1352 963 1459 996 modo
1487 962 1601 996 valeat
1631 969 1875 1004 argumentum
1905 963 1960 995 vel
1996 961 2158 996 obiectio.

1355 1013 1450 1046 enim
1476 1011 1582 1045 homo
1611 1013 1710 1045 rudis
1736 1013 1905 1056 cogitare,
1947 1025 2018 1047 non
2043 1024 2115 1046 esse
2139 1010 2347 1044 inusitatum

1354 1063 1391 1096 in
1416 1075 1600 1103 sermone,
1642 1063 1754 1096 filium
1781 1063 1902 1096 rustici
1931 1064 2061 1097 factum
2088 1063 2269 1096 doctorem
2293 1058 2347 1092 vel

1360 1121 1542 1159 potentem
1562 1113 1783 1147 Canonicum
1796 1139 1805 1153 ‚
1832 1115 2004 1158 adpellari
2021 1113 2227 1147 Dominum.

1464 1173 1534 1207 Sed
1554 1172 1645 1205 dicta
1663 1172 1866 1217 Scripturae
1893 1185 1965 1206 non
1993 1174 2190 1217 loquuntur
2214 1176 2351 1204 tantum

1359 1225 1402 1258 de
1417 1223 1515 1256 inani
1535 1224 1727 1262 vocabulo,
1752 1225 1808 1256 sed
1830 1224 2026 1257 Dominum
2045 1222 2209 1266 intelligit
2225 1220 2352 1260 David,

1359 1275 1419 1320 qui
1439 1286 1559 1307 revera
1577 1274 1740 1317 superior
1758 1281 1807 1308 est
1824 1275 1911 1319 ipso.

1615 1339 1663 1374 Et
1681 1347 1731 1374 est
1749 1341 1828 1374 talis
1845 1341 2093 1387 syllogismus:

1413 1407 1542 1441 Nullus
1569 1407 1661 1440 filius
1688 1408 1724 1440 in
1748 1410 1870 1442 eodem
1895 1409 2021 1442 ordine
2048 1408 2166 1451 regni,
2200 1414 2250 1441 est
2276 1404 2354 1440 Do-

1463 1459 1580 1491 minus
1605 1459 1731 1501 patris,
1760 1466 1818 1492 aut
1841 1459 1916 1498 avi,
1945 1467 1981 1492 ut
2005 1471 2186 1503 nunquam
2203 1457 2354 1491 Carolus

1465 1517 1515 1542 est
1543 1509 1685 1551 dignior
1716 1508 1987 1552 Maximiliauo,
2046 1521 2110 1542 nec
2148 1508 2354 1542 dominatur

1468 1559 1728 1594 Maximiliano.

1414 1609 1562 1643 Blessias
1580 1617 1628 1643 est
1647 1610 1738 1643 filius
1756 1608 1922 1643 Davidis:
1968 1623 1978 1632 ·

1414 1668 1508 1711 Ergo
1532 1681 1603 1701 non
1621 1669 1746 1712 poterit
1766 1680 1838 1702 esse
1856 1667 2032 1703 Dominus
2048 1667 2213 1712 Davidis,
2240 1675 2279 1704 ut
2295 1680 2358 1703 vos

1470 1717 1654 1752 Pharisaei
1673 1719 1928 1763 imaginamini.

1337 1778 1443 1811 ΙἨοε
1478 1785 1725 1820 argumentum
1761 1790 1834 1811 non
1876 1785 1991 1822 posset
2032 1779 2146 1817 solvi,
2198 1780 2226 1813 si
2261 1779 2359 1814 Mes-

1369 1830 1435 1863 sias
1463 1837 1599 1863 tantum
1627 1836 1713 1862 esset
1740 1826 1865 1868 horno.
1907 1836 1939 1862 et
1965 1837 2101 1864 tantum
2132 1831 2360 1865 constitueret

1369 1892 1514 1923 regumn
1543 1879 1677 1913 mundi.
1740 1879 1834 1913 Tum
1862 1892 1941 1912 vere
1962 1879 2075 1913 David
2104 1889 2192 1915 esset
2216 1882 2359 1924 dignior

1340 1940 1343 1972 ι
1369 1943 1474 1975 qnam
1501 1929 1667 1971 Messias,
1711 1937 1743 1963 et
1774 1937 1860 1964 esset
1878 1928 2054 1964 Dominus
2079 1931 2247 1970 Messiae,
2281 1938 2360 1966 tan-

1342 1980 1343 2003 1
1372 1994 1476 2026 quam
1499 1980 1573 2014 liex
1591 1981 1688 2023 prior
1706 1981 1742 2013 in
1760 1982 1882 2013 eodem
1904 1993 2024 2023 regno.

1472 2038 1731 2073 Firmissimnm
1769 2039 1878 2087 igitur
1915 2048 2161 2084 argumentum
2199 2038 2363 2077 Christus

1373 2088 1570 2124 Pliarisaeis
1588 2090 1784 2134 proposuit.

1476 2148 1545 2183 Sed
1574 2149 1704 2183 solutio
1734 2147 1819 2184 baec
1843 2157 1908 2184 est:
1952 2149 2101 2196 Propter
2130 2153 2217 2186 duas
2243 2165 2363 2188 causas

1374 2200 1525 2235 Messias
1555 2207 1604 2234 est
1635 2198 1812 2235 Dominus
1849 2200 2015 2241 Davidis,
2071 2215 2276 2249 quanquam
2311 2213 2362 2240 est

1377 2252 1482 2286 filius.

1478 2301 1580 2335 Prior
1597 2313 1700 2336 causa
1715 2310 1782 2344 est,
1816 2303 1898 2348 quia
1924 2303 2072 2338 Messias
2095 2303 2199 2339 simul
2227 2313 2276 2340 est
2300 2318 2363 2341 na·-

1377 2361 1453 2387 tura
1471 2352 1563 2386 silius
1582 2351 1646 2385 Dei
1660 2378 1668 2391 ,
1696 2361 1728 2387 et
1751 2366 1888 2399 semper
1903 2355 1969 2388 snit
1985 2363 2018 2389 et
2034 2362 2082 2389 cst
2104 2355 2278 2391 Dominus
2294 2356 2362 2392 Ec—

1376 2404 1500 2442 clesia.
1536 2410 1568 2437 et
1592 2409 1641 2437 est
1675 2405 1814 2447 agnitus
1840 2417 1976 2449 semper
2002 2405 2036 2439 in
2061 2403 2235 2448 Ecclesia,
2269 2409 2364 2454 quod

1377 2455 1407 2489 ei
1426 2466 1588 2500 praesens
1604 2456 1756 2495 adesset,
1782 2457 1973 2490 custodiret
1997 2464 2027 2491 et
2044 2466 2196 2493 servaret
2213 2470 2301 2493 eam.

1482 2512 1558 2557 lpse
1575 2513 1641 2547 suit
1666 2514 1757 2558 apud
1777 2511 1976 2556 Abraham,
2005 2516 2065 2560 qni
2084 2516 2188 2550 etiam
2204 2518 2365 2553 nominat

1479 2613 1556 2660 lpse
1573 2615 1638 2649 suit
1655 2627 1734 2650 cum
1754 2615 1854 2651 Mose
1873 2617 1910 2650 in
1927 2618 2075 2653 deserto.
