2409 2915
145 136 243 174 1049
431 134 514 171 XII.

141 223 226 268 cipit
239 222 314 256 eius
331 220 521 264 imaginem
539 219 739 260 carnaliter,
766 229 871 264 quam
889 219 953 252 ubi
970 220 1128 259 tentatio,

141 274 260 319 aliqua
283 271 446 311 eluserit,
486 271 556 304 iam
587 267 679 303 nihil
713 280 785 302 esse
808 269 920 303 Deum
946 278 979 305 et
1004 271 1126 304 divina

140 324 259 359 omnia
284 322 408 364 sentit,
435 328 496 355 aut
510 320 540 366 s)
569 319 684 354 Deum
715 320 876 365 iniquum
910 327 943 354 et
978 321 1125 365 impium

139 386 222 409 esse.
271 373 368 407 Haec
389 384 468 406 cum
492 372 540 405 ita
564 369 734 412 habeant,
761 383 824 405 suo
841 371 967 416 cuique
985 371 1124 417 spiritui

138 424 371 470 relinquenda
398 429 480 457 sunt
499 420 584 456 haec
605 422 770 455 sublimia
803 423 983 467 mysteria,
1023 434 1125 467 expe-

138 476 268 510 riunda
299 474 418 519 potius
448 485 554 518 quam
585 473 747 507 dicenda.
808 472 938 506 Paulus
964 473 1029 513 ait,
1063 486 1126 518 per

137 525 346 571 sapientiam
360 523 475 558 Deum
494 523 530 556 in
546 524 717 568 sapientia
734 536 807 557 non
832 535 930 567 posse
950 524 1124 568 cognosci,

137 578 217 612 ideo
234 588 297 621 per
311 575 495 609 stultitiam
515 575 628 608 crucis
645 575 943 618 cogsnoscendum
964 586 1047 610 esse.
1077 574 1124 609 Ut

136 627 257 662 Moses
272 626 422 670 gloriam
436 624 501 658 Dei
521 637 582 669 per
607 632 722 669 petrae
746 626 904 658 foramen
927 626 1124 669 speculatus

137 685 198 720 est,
223 678 271 711 ita
289 688 353 710 nos
368 677 411 709 ad
429 676 645 719 agnitionem
663 674 728 709 Dei
743 676 811 708 nisi
828 688 888 720 per
898 674 1030 710 Christi
1048 689 1122 710 car-

135 740 216 762 nem
231 727 416 772 pervenire
436 739 509 760 non
533 738 738 770 possumus,
773 724 839 759 hoc
869 733 935 767 est,
967 727 1035 761 nisi
1061 739 1124 771 per

134 790 273 813 crucem
297 777 428 821 experti
453 777 622 811 fuerimus
646 783 786 810 nostrae
812 777 958 810 rationis
987 778 1122 811 vanita-

135 837 204 864 tem
223 836 255 862 et
278 828 495 868 caecitatem,
523 834 554 860 et
581 828 711 871 perfusi
726 826 757 873 ⁹)
786 840 878 861 novo
902 828 1056 867 lumine,
1085 829 1120 861 in

134 892 204 926 quo
242 879 373 912 relucet
410 878 523 921 gloria
554 877 639 916 Dei,
682 876 796 911 Deum
830 891 903 911 non
936 890 1120 922 cognosce-

133 942 211 964 mus
227 928 284 974 ¹⁰).
338 928 381 962 In
405 926 541 962 Christi
569 940 673 962 carne
706 929 874 962 discimus
903 937 934 963 et
966 937 1120 964 nostram

133 992 274 1015 carnem
308 975 587 1013 mortificandam
615 992 698 1013 esse.
760 977 912 1024 Oportet
937 981 1031 1013 enim
1056 993 1120 1014 nos

133 1032 331 1066 conformes
347 1029 422 1063 fieri
440 1030 602 1073 imaginis
619 1030 683 1064 filii
696 1030 772 1064 Dei.
828 1031 1008 1065 Discemus
1025 1032 1120 1072 item,

133 1094 269 1117 crucem
288 1081 474 1114 salutarem
491 1093 581 1122 esse,
608 1081 688 1126 quia
707 1081 824 1114 omnia
844 1094 932 1127 quae
949 1083 1010 1115 filii
1029 1090 1121 1122 sunt,

133 1133 298 1166 salutaria
318 1140 410 1168 sunt.
469 1131 551 1165 Ideo
574 1144 636 1176 per
659 1132 843 1166 stultitiam
870 1134 981 1166 crucis
1004 1134 1120 1167 stulti-

133 1184 230 1217 ficata
249 1183 385 1216 ratione
401 1189 539 1224 nostra,
566 1183 769 1226 pervenitur
793 1184 837 1217 ad
853 1191 981 1218 certam
1000 1184 1119 1228 cogni-

131 1234 265 1269 tionem
283 1233 359 1268 Dei.

524 1350 660 1404 Caput
695 1351 727 1392 Ι.

232 1431 420 1466 Trinitatis
442 1433 705 1477 mysterium‘et
728 1433 765 1465 in
790 1433 1028 1467 carnationem
1053 1432 1117 1467 filii

128 1482 195 1519 Dei
211 1483 382 1527 scriptura
397 1483 524 1516 veteris
543 1482 761 1517 Testamenti
781 1483 909 1527 passim
936 1484 1117 1523 indicavit,

128 1535 189 1568 sed
220 1533 380 1578 exposuit
416 1534 545 1567 clarius
576 1534 661 1567 novi
691 1533 906 1568 Testamenti
935 1535 1118 1578 scriptura,

128 1585 239 1618 immo
256 1582 341 1617 haec
357 1590 407 1617 est
424 1584 596 1617 consessio
612 1584 697 1618 novi
714 1584 931 1619 Testamenti
945 1584 1116 1619 Matthaei

128 1634 241 1669 XV1.:
270 1634 327 1668 Tu
345 1646 381 1668 es
398 1631 559 1669 Christus
575 1635 666 1668 filius
683 1636 754 1669 Dei
771 1636 852 1670 vivi.
905 1634 951 1669 Et
976 1636 1117 1669 ultimo:

127 1685 306 1730 Baptizate
324 1697 447 1719 omnes
463 1693 581 1729 gentes
604 1686 642 1718 in
659 1686 804 1719 nomine
821 1686 930 1730 patris
947 1693 980 1720 et
997 1687 1061 1719 filii
1084 1694 1117 1721 et

127 1737 273 1781 spiritus
296 1736 419 1771 sancti.
471 1736 540 1770 Sed
563 1737 738 1780 intelligas
764 1737 1018 1770 confessionem
1044 1749 1116 1770 non

127 1785 295 1821 historiae
321 1794 480 1827 tantum,
515 1787 575 1820 sed
599 1799 694 1828 eam,
722 1799 810 1832 quae
833 1785 1012 1821 Christum
1037 1788 1116 1821 ideo

131 1838 243 1872 filium
261 1836 328 1871 Dei
344 1837 548 1878 confitetur,
572 1845 611 1872 ut
630 1846 791 1881 agnoscat
808 1839 1030 1883 placatorem.
1069 1837 1115 1873 Et

127 1889 191 1934 qui
208 1888 407 1932 baptizatur
424 1888 462 1921 in
479 1889 622 1922 nomine
644 1890 753 1933 patris
776 1896 808 1923 et
832 1888 898 1923 filii
915 1896 947 1923 et
964 1889 1116 1933 Spiritus

129 1939 254 1979 sancti,
280 1939 317 1971 in
335 1938 577 1972 remissionem
594 1946 816 1984 peccatorum
835 1940 1042 1984 baptizatur.
1069 1939 1116 1974 Et

125 1989 216 2025 sicut
246 1987 330 2023 haec
353 2000 422 2022 una
446 1991 618 2023 confessio
635 1997 684 2024 est
702 1991 785 2024 novi
803 1990 1038 2032 Testamenti,
1067 1991 1114 2025 ita

125 2052 197 2075 una
221 2038 440 2085 blasphemia
464 2047 532 2080 est,
557 2053 685 2085 negare
707 2040 888 2076 Christum
913 2042 1024 2075 filium
1049 2041 1115 2076 Dei

126 2103 216 2132 esse,
241 2088 310 2124 hoc
333 2098 400 2131 est,
423 2103 497 2125 non
521 2093 661 2125 credere
687 2100 864 2135 peccatum
893 2093 957 2125 sibi
984 2094 1114 2127 remitti

125 2154 191 2191 per
213 2139 408 2176 Christum.
469 2140 569 2175 Nihil
592 2145 734 2185 prodest
760 2155 858 2187 posse
877 2143 921 2188 ¹¹)
948 2156 1112 2187 personas

126 2193 317 2227 Trinitatis
342 2203 541 2233 recensere,
575 2192 759 2227 Confessio
785 2195 945 2238 prodest,
974 2193 1041 2228 hoc
1066 2202 1113 2228 est

123 2243 230 2285 fides,
257 2255 325 2288 qua
349 2243 524 2277 credimus
539 2255 604 2277 nos
621 2245 657 2278 in
676 2245 821 2278 nomine
838 2245 964 2289 patris,
991 2252 1024 2279 et
1048 2244 1113 2278 filii

125 2293 322 2338 etSpiritus
338 2294 449 2328 sancti
467 2295 656 2338 baptizatos
674 2307 760 2328 esse:
789 2294 855 2329 hoc
870 2303 919 2329 est
937 2296 971 2329 in
989 2303 1115 2341 poten-

125 2345 209 2379 tiam
230 2351 265 2378 et
282 2345 446 2379 virtutem
472 2346 600 2389 patris,
626 2346 690 2379 filii
708 2354 739 2379 et
758 2346 912 2390 Spiritus
929 2348 1038 2380 sancti
1059 2346 1114 2392 ¹¹²),

125 2408 192 2441 qua
214 2395 615 2440 potentiavrenascimur
639 2409 700 2441 per
724 2397 937 2441 baptismum
956 2406 987 2431 et
1006 2398 1112 2431 effici-

123 2458 205 2481 mur
219 2447 282 2479 filii
300 2446 367 2480 Dei
383 2445 439 2493 ¹³).
489 2447 607 2493 Atque
622 2445 706 2481 haee
730 2455 778 2481 est
802 2449 966 2490 baptismi
992 2449 1114 2493 gloria,

123 2497 194 2532 iam
214 2509 278 2531 nos
299 2498 408 2532 factos
425 2509 498 2532 esse
514 2506 672 2544 potentes
689 2499 819 2534 virtute
836 2499 901 2533 Dei
922 2507 985 2535 etc.

156 2616 188 2643 Β)
210 2615 275 2639 Tnh.
296 2614 406 2639 onmia.
426 2614 514 2638 sentit
532 2616 638 2640 autem.

164 2651 209 2677 10)
229 2651 294 2673 Tur».
314 2651 519 2680 coquom-imus.

159 2684 205 2712 12)
225 2685 278 2708 hoc
296 2685 338 2708 est
358 2684 387 2707 in
405 2684 563 2714 potenciam
583 2686 635 2707 ete.
654 2690 707 2709 non
727 2686 809 2709 habet
828 2686 892 2709 Tub.

159 2719 204 2747 13)
223 2719 288 2742 Tul).
309 2718 396 2743 addit:
421 2724 474 2748 pet·
493 2719 670 2749 baptismum.

742 2616 773 2643 9)
791 2617 857 2640 Tuh.
875 2617 1004 2647 perfuso.

569 131 962 169 ANNOTATIONES
989 132 1054 168 ET
1081 129 1363 168 CONCIONES
1392 130 1441 166 IN
1466 129 1649 167 EVANG.
1678 129 1889 167 IOANNIS.

1146 1113 1149 1168 Ι

747 2652 792 2679 11)
810 2658 892 2681 posse
911 2652 990 2676 abest
1011 2658 1026 2675 a
1046 2652 1112 2676 Tub.
1139 2640 1141 2663 ι’

1142 2121 1143 2128 ¹
1169 2107 1306 2150 agendi.

1140 2166 1143 2189 :
1169 2158 1241 2190 rius
1257 2157 1424 2192 discernit
1442 2171 1608 2203 personas
1631 2159 1787 2192 infinitas
1810 2158 1846 2190 in
1873 2164 2036 2199 aeterno,
2062 2156 2154 2188 libro

2076 128 2170 164 1050

1280 215 1392 251 Porro
1410 229 1577 261 personas
1594 217 1710 251 verbis
1734 216 1942 250 melioribus
1968 215 2166 249 discernere

1180 279 1253 300 non
1272 278 1474 310 possumus,
1507 280 1611 314 quam
1637 268 1766 313 quibus
1790 268 1961 310 scriptura
1986 269 2086 300 docet
2105 265 2164 312 ¹⁴.):

1179 316 1321 352 Patrem
1339 325 1437 352 vocat
1454 317 1516 365 15),
1546 332 1586 352 ex
1604 331 1673 364 quo
1690 319 1839 352 emicant
1856 318 1948 351 filius
1963 325 1995 352 et
2011 317 2165 361 Spiritus

1178 374 1329 402 sanctus.
1374 368 1487 402 Filius
1505 381 1523 403 a
1538 369 1668 403 Ioanne
1686 368 1844 402 Verbum
1860 369 2000 407 dicitur,
2025 367 2164 401 aPaulo

1179 418 1296 462 Imago
1315 418 1399 459 Dei,
1426 419 1558 453 Coloss.
1585 421 1700 467 primo
1714 447 1723 460 ‚
1750 427 1782 453 et
1798 419 1906 453 Hebr.
1928 420 2042 463 primo
2062 419 2163 452 dera-

1178 470 1287 503 diatio
1317 470 1448 513 gloriae
1472 477 1504 504 et
1529 470 1707 504 character
1731 471 1942 504 substantiae
1967 470 2050 504 eius.
2109 467 2163 502 Ex

1178 521 1306 566 quibus
1335 527 1515 566 utcunque
1546 521 1664 564 colligi
1697 527 1830 564 potest,
1870 533 1931 553 cur
1958 533 1975 553 a
2004 517 2162 553 Iohanne

1178 572 1323 604 verbum
1342 571 1490 606 dicatur.
1543 570 1605 605 Est
1622 571 1714 604 enim
1735 571 1902 614 verbum,
1931 582 2000 615 quo
2022 582 2162 613 reprae-

1176 628 1335 656 sentatur
1351 622 1507 667 aliquid,
1536 629 1568 656 et
1584 629 1701 666 pater,
1728 634 1801 654 sese
1823 622 1981 662 intuens,
2009 620 2162 664 concipit

1176 673 1231 706 sui
1249 672 1436 716 imaginem
1450 700 1459 714 ,
1487 685 1574 718 quae
1598 674 1744 706 verbum
1764 672 1910 705 dicitur:
1937 679 1968 704 et
1986 671 2066 716 quia
2085 682 2163 714 per-

1176 724 1263 757 fecta
1288 723 1401 766 imago
1423 731 1490 765 est,
1516 731 1589 758 tota
1610 723 1803 757 substantia
1830 722 1937 767 patris
1960 723 1996 754 in
2014 734 2053 754 eo
2069 722 2164 755 relu-

1177 781 1247 822 cet,
1270 773 1316 807 ita
1332 781 1371 808 ut
1386 786 1459 807 non
1482 775 1607 807 minus<
1623 775 1666 808 sit
1692 781 1814 807 natura
1837 772 1932 807 Deus
1953 773 2067 815 imago
2091 772 2162 809 illa,

1176 825 1213 857 in
1239 837 1307 870 qua
1341 825 1474 859 relucet
1500 832 1616 869 pater,
1651 837 1755 870 quam
1788 825 1860 868 ipse
1892 831 1989 867 pater
2008 822 2061 867 16).
2121 821 2162 855 In

1176 876 1343 909 creaturis
1365 876 1504 909 nullum
1527 876 1640 909 simile
1665 876 1860 918 exemplum
1884 881 1950 907 est:
1978 886 2058 906 nam
2082 885 2161 906 cum

1176 926 1213 958 in
1231 926 1382 971 speculis
1399 927 1557 960 relucent
1575 926 1760 971 corp'orum
1777 925 1946 968 imagines
1964 924 2163 968 imperfecte

1176 977 1332 1011 relucent
1354 976 1408 1019 ¹⁷).
1471 977 1588 1021 Imago
1612 977 1721 1021 patris
1746 977 1893 1019 perfecta
1918 981 1985 1018 est,
2026 981 2057 1008 et
2082 974 2161 1018 quia

1175 1024 1266 1061 hanc
1283 1028 1471 1071 imaginem
1493 1028 1782 1073 consyderatione
1806 1027 1859 1060 sui
1884 1025 2036 1070 concipit
2053 1032 2161 1072 pater,

1175 1079 1323 1111 verbum
1355 1080 1494 1113 dicitur.
1562 1078 1652 1112 Nam
1675 1079 1822 1111 verbum
1849 1083 1898 1110 est
1928 1076 2081 1120 cognitio
2108 1087 2162 1108 re-

1176 1136 1398 1173 praesentans
1421 1129 1566 1174 aliquid.
1619 1129 1663 1162 Et
1687 1129 1804 1162 omnis
1831 1126 2074 1172 consyderatio
2099 1138 2161 1168 po-

1175 1180 1302 1213 tentiae
1327 1180 1435 1224 patris
1467 1177 1533 1213 hoc
1564 1180 1679 1224 ipsum
1706 1178 1750 1222 ¹⁸)
1782 1178 1939 1212 Verbum
1973 1184 2040 1218 est,
2082 1176 2161 1209 ideo

1175 1242 1237 1274 per
1256 1232 1403 1264 verbum
1421 1238 1589 1275 tanquam
1614 1242 1675 1274 per
1697 1229 1884 1263 consilium
1908 1228 2017 1272 patris
2041 1227 2162 1260 omnia

1175 1289 1357 1322 creantur,
1401 1282 1438 1314 in
1462 1282 1569 1314 verbo
1596 1281 1716 1314 omnia
1739 1280 1948 1314 consistunt.
2008 1277 2053 1312 Et
2079 1278 2161 1322 quia

1178 1331 1333 1365 Verbum
1355 1339 1405 1365 est
1431 1332 1540 1375 patris
1562 1332 1767 1371 consilium,
1794 1331 1872 1363 ideo
1899 1329 2056 1374 oportuit
2071 1327 2158 1360 Ver-

1174 1382 1256 1414 bum
1284 1382 1480 1421 incarnari,
1524 1381 1630 1424 Quod
1648 1382 1862 1424 praedicaret
1888 1379 2096 1414 sententiam
2129 1385 2162 1411 et

1175 1432 1353 1465 decretum
1377 1433 1486 1476 patris
1511 1433 1553 1464 de
1577 1432 1784 1465 remissione
1817 1438 2050 1475 peccatorum.
2104 1428 2161 1462 Si-

1173 1488 1229 1516 cut
1246 1481 1291 1526 l⁵³)
1310 1482 1459 1516 Ioannes
1483 1483 1549 1517 ait:
1587 1482 1659 1525 Qui
1689 1489 1739 1515 est
1759 1482 1797 1514 in
1821 1482 1902 1515 sinu
1926 1480 2053 1524 patris,
2088 1480 2160 1522 ipse

1172 1533 1350 1566 enarravit
1372 1534 1485 1568 nobis.
1527 1532 1573 1568 Et
1588 1532 1710 1567 Esaias
1726 1539 1826 1565 vocat
1844 1544 1923 1565 eum
1940 1531 2058 1574 magni
2076 1542 2161 1563 con-

1172 1584 1243 1616 silii
1259 1584 1433 1627 angelum.
1475 1582 1523 1618 Et
1540 1583 1607 1618 boc
1623 1585 1771 1617 verbum
1791 1590 1856 1623 est,
1883 1584 1926 1615 de
1942 1594 2012 1627 quo
2031 1581 2160 1614 dicitur

1171 1633 1409 1668 Numerorum
1454 1647 1569 1673 nono,
1619 1633 1687 1667 Per
1721 1634 1866 1667 verbum
1901 1633 2039 1666 domini
2076 1632 2159 1673 fige-

1172 1685 1256 1718 bant
1271 1684 1318 1728 ‘·’⁰)
1350 1685 1519 1725 tentoria,
1560 1685 1642 1730 quia
1668 1684 1799 1718 Paulus
1833 1683 1934 1722 dicit,
1977 1681 2158 1716 Christum

1170 1735 1296 1775 fuisse,
1323 1736 1384 1780 qui
1402 1734 1511 1769 Isra'e'l
1534 1736 1569 1768 in
1589 1736 1725 1768 deserto
1743 1735 1869 1768 secutis
1885 1734 1939 1770 sit.
1971 1734 2002 1769 1.
2019 1732 2156 1768 Cor.X.

1272 1801 1427 1846 Spiritus
1455 1810 1595 1837 sanctus
1617 1810 1666 1836 est
1692 1802 1864 1846 ipsissima
1891 1801 2053 1844 agitatio,
2089 1812 2157 1845 qua

1170 1864 1290 1886 omnes
1309 1865 1363 1886 res
1379 1860 1594 1897 vegetantur,
1623 1853 1771 1887 Genesis
1791 1853 1923 1897 primo:
1952 1852 1999 1887 Et
2016 1852 2158 1896 spiritus

1171 1904 1307 1936 domini
1326 1905 1504 1938 serebatur
1527 1916 1632 1948 super
1660 1916 1776 1949 aquas.
1830 1902 1917 1937 Item
1936 1902 2086 1937 Genesis
2104 1914 2158 1934 se-

1171 1955 1304 1988 cundo:
1333 1954 1489 1999 Spiravit
1508 1955 1544 1988 in
1571 1956 1695 1989 faciem
1720 1956 1795 1988 eius
1821 1954 2035 1998 spiraculum
2056 1953 2158 1987 vitae.

1170 2004 1250 2038 Non
1268 2013 1415 2049 possunt
1430 2006 1582 2051 separari
1601 2006 1756 2040 actiones
1771 2016 2013 2050 personarum.
2055 2003 2157 2036 Pater

1170 2062 1238 2094 est,
1266 2068 1306 2088 ex
1325 2069 1394 2101 quo
1411 2058 1526 2090 omnis
1542 2058 1630 2091 actio
1655 2057 1781 2091 oritur.
1833 2055 1946 2089 Filius
1969 2055 2155 2088 consilium

1361 2107 1515 2152 Spiritus
1531 2116 1669 2142 sanctus
1686 2107 1758 2151 ipsa
1776 2106 1930 2149 agitatio.
1982 2105 2039 2139 Sic
2055 2104 2156 2138 Hila-

1169 2209 1340 2242 secundo:
1367 2209 1509 2254 Species
1525 2210 1561 2243 in
1580 2209 1750 2252 imagine,
1776 2219 1859 2241 usus
1876 2208 1912 2239 in
1930 2218 2087 2241 munere.

1270 2275 1383 2310 Possit
1403 2275 1461 2311 hic
1477 2278 1600 2319 adiici,
1624 2277 1714 2311 utin
1731 2275 1958 2309 renovatione
1975 2281 2152 2307 creaturae

1169 2338 1230 2370 per
1259 2339 1370 2361 unum
1388 2328 1432 2374 ²¹)
1457 2328 1614 2362 Verbum
1650 2326 1916 2366 illuminamur,
1959 2332 1991 2359 et
2017 2324 2151 2369 Spiritu

1168 2385 1287 2412 sancto
1305 2379 1456 2422 agitante
1474 2387 1507 2413 et
1530 2385 1686 2413 mutante
1711 2377 2005 2411 transformamur
2021 2376 2063 2408 de
2080 2375 2152 2407 cla—

1168 2429 1270 2463 ritate
1296 2429 1334 2462 in
1358 2430 1571 2471 claritatem,
1606 2436 1646 2463 ut
1668 2429 1757 2462 sicut
1780 2425 1943 2461 Christus
1965 2433 2015 2460 est
2038 2427 2151 2468 imago

1166 2481 1295 2528 patris,
1315 2481 1360 2514 ita
1387 2487 1419 2514 et
1437 2493 1500 2514 nos
1519 2481 1640 2514 fiamus
1659 2480 1774 2522 imago
1792 2478 1885 2519 eius,
1911 2483 1950 2511 ut
1966 2478 2010 2512 ad
2026 2476 2151 2511 Colos-

1658 2615 1702 2638 15)
1723 2614 1788 2637 Tuti.
1810 2619 1926 2639 rocam.

1657 2649 1701 2673 17)
1722 2649 1863 2676 relucent]
1882 2651 1945 2673 Tub.
1966 2651 2095 2675 redeunt.

1656 2684 1700 2706 19»
1724 2683 1790 2706 Tul».
1810 2683 1860 2707 sic.

1657 2718 1705 2745 21)
1727 2718 1826 2745 unum]
1852 2720 1917 2743 Tttb.
1938 2720 2040 2744 rit-um.

1203 2617 1249 2644 1-1)
1267 2617 1360 2643 docel]
1379 2615 1442 2638 Tuli.
1463 2617 1554 2639 sonat.

1204 2651 1248 2679 16)
1266 2651 1364 2681 pater]
1385 2650 1448 2672 Tub.
1468 2650 1552 2680 facit.

1203 2685 1247 2711 18)
1268 2685 1332 2708 Tul».
1353 2685 1452 2714 ipsine.

1201 2719 1248 2748 20)
1268 2720 1332 2743 Tub.
1353 2719 1508 2749 eriyebtmt.
