2409 2915
98 125 174 163 985
356 122 439 160 XII.

98 209 289 246 tractiones
317 207 572 251 Ecclesiarum,
604 208 884 255 persecutiones,
914 207 1084 244 schisma-

99 268 154 301 ta,
180 267 215 295 et
236 261 445 295 adficiantur
469 260 610 300 dolore,
636 265 671 293 et
687 259 799 293 sciant
815 271 880 294 nos
895 272 914 293 a
929 259 1005 294 Deo
1023 272 1085 305 per

97 308 161 346 has
192 323 324 356 poenas
367 309 628 345 commonefieri
659 310 704 344 de
734 310 856 345 futuro
884 311 1016 345 iudicio
1049 318 1083 346 et

97 362 249 397 aeternis
268 362 401 407 poenis-

197 413 272 446 Atii
293 412 360 458 pii,
386 410 448 457 qui
470 411 595 445 dolent
615 417 761 456 propter
780 423 859 446 suas
875 418 909 446 et
924 411 1083 457 publicas

95 463 272 504 miserias,
311 469 512 507 proponant
548 462 616 495 sibi
654 463 930 504 consolationes,
971 462 1082 497 sciant

95 515 191 559 quod
222 514 314 548 filius
339 512 407 546 Dei
437 524 518 546 vere
543 512 634 547 adsit
656 524 738 547 suae
762 512 959 554 Ecclesiae,
993 513 1081 547 sicut

94 564 230 609 inquit:
262 563 352 597 Ecce
374 574 438 606 ego
462 563 646 597 vobiscum
668 575 746 597 sum
768 565 934 599 omnihus
957 565 1081 598 diebus

92 626 204 660 usque
218 614 261 647 ad
279 613 618 648 consummationem
636 614 756 649 seculi.

193 670 318 706 Esaiae
333 671 410 708 46.:
437 672 511 716 Ego
525 673 667 716 gestabo
682 684 744 707 vos
759 673 863 708 etiam
881 674 918 707 in
933 681 1079 709 senecta.

90 721 186 756 Haec
209 723 405 757 consolatio
430 730 482 757 est
505 723 712 768 praecipua,
739 732 832 758 certo
851 727 957 770 scire,
984 727 1079 771 quod

89 773 274 807 nobiscum
300 774 384 807 adfit
407 774 500 807 filius
516 772 602 815 Dei,
628 782 660 809 et
683 776 774 809 adsit
798 776 896 815 ideo,
923 784 962 810 ut
987 774 1079 810 hanc

88 824 274 865 miseram,
301 825 497 866 adflictam,
524 837 768 859 aerumnosam
791 834 924 871 partem
941 827 1078 870 generis

87 871 256 917 humani,
283 887 373 920 quae
392 875 508 918 ipsum
527 877 684 919 agnoscit
702 885 735 911 et
754 877 913 916 invocat,
941 884 1078 911 susten-

87 931 135 958 tet
158 931 192 958 et
214 932 340 960 servet.
394 924 491 960 Haec
507 928 702 960 consolatio
722 940 858 972 semper
876 935 908 962 et
924 928 1078 971 diligen-

87 974 222 1009 tissime
246 976 499 1010 consideranda
526 984 587 1013 est.
646 977 717 1011 Nec
741 979 947 1022 magnitudo
971 977 1077 1012 huius

85 1031 203 1059 tantae
225 1026 488 1061 misericordiae
507 1028 658 1071 intelligi
675 1036 788 1072 potest
805 1043 822 1062 a
841 1029 987 1069 securis,
1014 1030 1076 1075 qui

84 1087 158 1109 non
175 1076 390 1112 adficiuntur
406 1089 509 1112 sensu
527 1079 771 1114 communium
791 1079 1026 1114 miseriarum.

393 1194 440 1220 De
468 1195 577 1220 tertio
606 1197 764 1220 membro.

241 1253 342 1296 Quae
360 1261 442 1288 sunt
461 1254 583 1297 signa?
635 1254 727 1288 Sunt
746 1255 912 1299 triplicia.

188 1329 219 1361 1.
272 1326 444 1373 Physicae
475 1328 714 1368 turbationes,
750 1331 984 1375 nngem5n1idye
1014 1341 1072 1367 vn:

83 1380 232 1422 orbnung
250 1378 283 1412 in
303 1378 499 1424 nati'ittid)en
516 1379 642 1423 bingen.

184 1431 220 1462 2.
272 1427 441 1463 Politicae
465 1429 703 1472 turbationes,
731 1435 770 1463 ut
794 1431 920 1465 ruinae
943 1444 1071 1476 regno-

80 1490 178 1517 rum,
207 1478 390 1524 getstsstung
407 1481 461 1514 bet
478 1478 600 1524 gresten
619 1479 729 1523 steini).

180 1528 218 1562 3.
270 1527 534 1564 Ecclesiasticae
550 1531 814 1571 tribulationes,
841 1530 1070 1575 utHaereses,

79 1576 294 1620 schismata,
322 1579 496 1624 Papatus,
522 1581 556 1615 in
572 1581 788 1626 berssitcbcn,
816 1582 953 1625 &cerem
981 1584 1069 1620 stet:

81 1635 152 1672 ten.
180 1630 335 1674 neena).

178 1680 232 1716 De
263 1679 417 1726 physicis
443 1681 600 1725 exempla
625 1681 797 1716 videmus.
866 1682 1069 1718 Nascuntur

76 1731 189 1765 multa
213 1738 389 1769 monstra,
423 1731 527 1764 multi
550 1732 693 1764 suerunt
718 1731 901 1773 Cometae,
935 1741 1067 1767 terrae-

75 1789 214 1822 motus,
241 1782 382 1824 sanguis
398 1781 513 1824 erupit
529 1793 569 1814 ex
590 1789 679 1814 terra
698 1782 733 1814 in
752 1783 963 1827 quibusdam
981 1785 1066 1818 locis

76 1832 113 1865 in
139 1833 267 1866 ducatu
291 1832 399 1867 Ducis
423 1830 567 1864 Hem-ici
591 1830 882 1873 Brunsuicensis,
917 1843 1066 1879 pereunt

74 1884 203 1925 fruges.
262 1880 308 1916 Et
333 1889 446 1915 textus
469 1883 511 1914 de
533 1879 686 1927 physicis
710 1883 841 1928 inquit:
875 1884 990 1920 Erunt
1013 1887 1064 1920 sa-

74 1945 165 1974 mes,
194 1933 412 1975 pestilentiae
432 1939 464 1966 et
483 1939 722 1967 terraemotus.

176 1983 243 2018 Sed
271 1984 412 2027 politica
439 1990 519 2016 sunt
545 1984 704 2016 clariora.
760 1984 990 2019 Manifestum
1013 1994 1064 2021 est

73 2033 183 2067 multa
211 2045 315 2077 regna
340 2046 462 2075 ruere,
490 2035 551 2079 bat}
577 2034 624 2069 bie
648 2034 770 2079 grnffen
785 2036 975 2083 Rfiuigreicb
1000 2049 1061 2081 get:

73 2083 169 2127 storct
184 2087 321 2119 methea.

175 2134 420 2179 Hungaricum
440 2135 579 2179 penitus
595 2137 731 2171 cecidit.
783 2137 1007 2183 Principatus
1022 2140 1060 2174 in

72 2185 265 2220 Germania
290 2186 394 2219 etiam
420 2193 503 2220 sunt
526 2186 754 2228 infirmiores,
783 2201 886 2233 quam
903 2202 1059 2235 unquam

71 2238 226 2271 suerunt.

173 2286 295 2331 Regna
326 2293 476 2327 caetera,
519 2286 746 2328 Polonicum‚
789 2287 986 2329 Gallicum,
1025 2287 1087 2325 et'

70 2338 273 2383 Anglieum‚
296 2335 426 2372 habent
442 2338 525 2371 satis
539 2350 682 2381 magnas
697 2339 924 2375 turbationes.
962 2340 1057 2375 Tur-

71 2390 182 2424 cicum
201 2389 303 2422 etiam
322 2401 430 2433 prope
446 2388 548 2421 finem
567 2396 628 2422 est.

169 2437 215 2473 Et
246 2440 402 2473 videmas
434 2439 542 2482 magis
567 2440 746 2485 magisque
771 2452 923 2474 crescere
947 2454 1053 2476 onera

69 2490 335 2535 expilatiouum,
364 2497 396 2523 et
413 2490 485 2522 fieri
502 2489 651 2523 maiores
665 2492 888 2525 confusiones
903 2493 939 2525 in
956 2494 1055 2527 omui

67 2541 332 2584 gubernatione.
382 2538 514 2574 Omnia
539 2549 621 2575 sunt
644 2542 747 2586 plena
775 2543 1054 2587 latrociniorum,

16 2613 18 2617 ⁴
67 2593 217 2636 populus
234 2590 440 2625 exhauritur
455 2591 530 2624 sine
546 2593 662 2627 modo.

166 2641 211 2676 Et
234 2654 371 2685 semper
393 2642 533 2687 quando
558 2643 702 2677 suerunt
728 2651 908 2678 secuturae
924 2657 1052 2688 regno-

66 2704 142 2726 rum
167 2693 398 2737 mutationes,
422 2701 682 2736 praecesserunt
705 2695 825 2729 civiles
841 2695 1048 2739 discordiae,
1075 2694 1080 2739 ¹,

497 119 891 160 ANNOTATIONES
917 122 985 160 ΕΤ
1011 120 1294 161 CONClONES
1321 124 1370 161 IN
1398 123 1580 167 EVANG.
1609 127 1889 167 MATTHAEI.

2055 132 2130 167 986

1136 216 1170 244 et
1187 209 1398 254 seditiones,
1424 220 1463 247 ut
1481 221 1561 249 ante
1579 212 1729 260 Augusti
1747 216 1936 260 imperium
1954 215 2051 261 prius
2066 216 2124 249 di·-

1136 260 1311 295 micarunt
1328 261 1420 296 inter
1437 276 1472 297 se
1489 266 1532 298 de
1549 277 1685 299 summa
1702 267 1857 311 potentia
1875 267 1973 312 Sylla
1990 274 2024 302 et
2041 266 2122 301 Ma-

1135 310 1228 353 rius,
1262 318 1381 355 postea
1413 313 1524 348 lulius
1551 323 1584 350 et
1614 315 1821 362 Pompeius,
1855 318 1983 352 deinde
2005 316 2121 352 Anto-

1135 362 1234 403 nius,
1260 360 1413 405 Brutus,
1440 363 1599 408 Cassius,
1625 368 1737 402 donec
1762 368 1904 402 tandem
1932 369 2042 403 sactus
2069 376 2119 403 est

1133 410 1324 448 monarcha
1349 412 1540 458 Augustus.

1235 463 1306 499 Sed
1347 465 1598 501 ecclesiasticae
1633 469 1857 504 confusiones
1889 471 1971 505 sunt
2007 470 2118 515 magis

1133 515 1352 560 perspicuae,
1380 522 1414 550 et
1431 525 1512 552 sunt
1529 519 1626 563 signa
1643 521 1821 564 propiora.

1234 566 1333 601 Sicut
1349 574 1535 614 antequam
1554 577 1656 604 natus
1672 578 1722 605 est
1737 569 1898 604 Christus
1915 582 1954 603 ex
1971 570 2117 613 virgine,

1131 617 1275 651 suerunt
1298 617 1335 650 in
1354 619 1482 653 Iudaea
1501 619 1698 661 Pharisaei,
1727 621 1941 661 Sadducaei,
1970 628 2001 654 et
2028 621 2116 654 aliae

1132 675 1242 701 sectae
1265 667 1400 712 plures,
1429 677 1462 704 et
1479 670 1706 705 pontificatus
1728 673 1795 706 fuit
1811 672 2031 705 mundanum
2050 672 2116 704 im-

1131 719 1288 766 perium,
1321 720 1436 754 simile
1462 719 1623 762 ethnico,
1656 721 1849 763 Hircanus,
1876 721 2115 766 Aristolmliis‚

1131 768 1353 814 Antigonus,
1388 771 1482 805 inter
1509 784 1544 806 se
1578 773 1794 807 dimicabant
1826 774 1869 806 de
1893 772 2116 813 pontificatu,

1131 827 1164 854 et
1193 821 1354 855 emebant
1384 821 1632 857 Pontificatum
1664 835 1682 857 a
1708 824 1832 857 vicinis
1864 824 2006 867 regibus
2033 830 2065 857 et
2096 835 2115 856 a

1130 870 1303 906 Romanis
1319 870 1566 915 Praesidibus‚
1593 874 1653 907 alii
1677 875 1721 907 ab
1743 875 1840 908 aliis:
1867 874 1914 907 ita
1940 880 2114 917 postremo

1129 929 1287 966 tempore
1312 930 1392 957 ante
1415 924 1509 957 diem
1534 924 1656 958 iudicii
1681 925 1810 958 similia
1835 925 1926 957 mala
1952 931 2055 958 erunt
2078 924 2115 956 in

1129 972 1304 1014 Ecclesia,
1330 980 1369 1007 ut
1397 971 1456 1008 hic
1478 975 1609 1009 dicitur
1630 977 1673 1009 de
1698 976 1811 1009 sectis:
1841 974 1950 1009 Multi
1973 975 2116 1007 venient

1129 1023 1298 1057 dicentes:
1327 1022 1402 1067 Ego
1420 1037 1496 1058 sum
1515 1023 1690 1062 Christus.
1746 1025 1833 1060 Item
1851 1026 1993 1059 venient
2011 1025 2113 1058 multi

1128 1072 1462 1119 Pseudoprophetae
1479 1083 1513 1110 et
1533 1077 1708 1120 decipient
1723 1077 1871 1117 multos,
1894 1077 1982 1110 sicut
1999 1075 2115 1109 mani-

1127 1125 1253 1158 festum
1273 1132 1339 1166 est,
1366 1124 1421 1159 his
1435 1127 1565 1161 nostris
1579 1128 1680 1160 annis
1694 1128 1801 1161 fuisse
1817 1127 1946 1160 multos
1956 1126 2113 1160 Pseudo-

1129 1172 1335 1218 prophetas,
1363 1176 1627 1221 Anabaptistas,
1656 1178 1962 1212 Stenckseldianos
1979 1184 2010 1210 et
2025 1177 2113 1210 alios

1127 1226 1275 1259 multos:
1302 1227 1466 1260 audimus
1484 1228 1613 1262 multos
1630 1227 1801 1262 fanaticos
1818 1226 1980 1262 homines
1996 1225 2113 1261 adhuc

1127 1275 1165 1308 in
1182 1275 1323 1319 Belgico
1340 1278 1425 1311 etin
1443 1279 1521 1312 aliis
1536 1279 1622 1312 locis
1641 1280 1768 1323 vagari.

1225 1326 1445 1362 Nominatim
1472 1336 1586 1362 autem
1611 1328 1668 1363 hic
1687 1331 1771 1365 dicit
1787 1331 1831 1363 de
1849 1329 2113 1362 abominatione

1124 1376 1373 1417 desolationis,
1401 1379 1436 1411 id
1462 1386 1529 1419 est,
1556 1381 1599 1412 de
1627 1380 1744 1421 ldolo,
1774 1381 1867 1425 quod
1895 1380 1977 1412 facit
2000 1386 2113 1411 vasta-

1125 1421 1260 1459 tionem
1291 1428 1547 1470 universalem,
1579 1439 1653 1465 vom
1681 1430 1817 1474 Εὔὸίρθη,
1851 1432 1904 1465 bet
1930 1430 2010 1464 asse&
2033 1429 2111 1471 mstst

1123 1476 1261 1523 macbet'
1289 1478 1325 1511 id
1349 1486 1415 1520 est,
1444 1492 1513 1525 quo
1539 1489 1695 1516 vastatur
1717 1480 1873 1515 Ecclesia
1897 1486 1982 1514 tota.
2044 1479 2111 1513 Hic

1122 1527 1334 1572 intelligitur
1363 1530 1564 1564 idololatria
1597 1533 1739 1576 propria
1766 1531 1917 1576 Papatus
1942 1530 2109 1565 Romani.

1122 1577 1218 1612 Haec
1236 1579 1439 1614 idololatria
1457 1588 1506 1614 est
1523 1582 1657 1616 idolum
1676 1583 1794 1616 omnia
1812 1589 1961 1617 vastans.

1223 1627 1394 1664 Consistit
1422 1639 1538 1665 autem
1569 1633 1607 1666 in
1639 1631 1695 1666 his
1726 1640 1877 1678 quatuor
1907 1632 2043 1675 magnis
2076 1639 2108 1665 et

1121 1679 1320 1722 praecipuis
1338 1682 1529 1714 erroribus.

1224 1731 1256 1762 1.
1311 1729 1404 1773 Quia
1431 1730 1523 1775 Papa
1557 1731 1648 1766 delet
1679 1732 1876 1766 doctrinam
1906 1733 1950 1766 de
1975 1732 2107 1766 iustitia

1119 1779 1200 1812 fidei
1218 1785 1345 1821 totam,
1370 1788 1403 1815 et
1418 1782 1588 1826 praecipit
1603 1783 1874 1819 dubitationem.
1926 1783 1970 1817 Et
1988 1784 2025 1816 in
2039 1781 2106 1816 hoc

1119 1841 1238 1863 errore
1256 1832 1357 1865 multi
1378 1832 1437 1864 alii
1454 1831 1815 1877 comprehenduntur.

1219 1883 1254 1916 2.
1309 1882 1401 1924 Quia
1427 1884 1526 1917 finxit
1549 1884 1670 1917 salsam
1691 1885 1931 1918 adorationem
1949 1890 1982 1917 et
1999 1883 2106 1916 meri—

1116 1937 1190 1965 tum
1210 1932 1246 1964 in
1265 1931 1391 1973 Missa,
1418 1935 1587 1977 depravat
1604 1942 1712 1968 totam
1729 1946 1873 1969 coenam
1892 1934 2052 1968 Domini.

1219 1984 1257 2017 5.
1310 1983 1402 2026 Quia
1427 1984 1526 2019 finxit
1555 1983 1714 2019 ethnicos
1737 1986 1870 2027 cultus,
1905 1985 2103 2018 invocatio—

1115 2044 1194 2066 nem
1214 2040 1448 2069 mortuorum.

1218 2087 1251 2119 4.
1306 2084 1398 2127 Quia
1432 2085 1532 2120 finxit
1565 2084 1723 2120 ethnicos
1748 2088 1881 2128 cultus,
1915 2094 1994 2122 vota
2019 2085 2102 2119 Mo-

1114 2131 1309 2168 nachorum
1327 2143 1360 2169 et
1378 2136 1445 2169 alia
1460 2149 1565 2181 opera
1583 2138 1626 2170 ab
1643 2136 1848 2171 hominibus
1867 2137 2066 2180 excogitata.

1216 2185 1311 2219 llaec
1335 2187 1455 2220 omnia
1472 2188 1577 2221 simul
1593 2196 1675 2222 sunt
1692 2189 1779 2222 illud
1798 2189 1930 2222 idolum
1949 2194 2100 2227 vastans,

1084 2238 1087 2286 J
1112 2237 1205 2281 quod
1225 2237 1398 2271 antecedit
1416 2238 1509 2270 diem
1528 2239 1662 2274 iudicii.

1214 2285 1260 2321 Et
1290 2295 1429 2332 oportet
1456 2289 1561 2332 paulo
1585 2297 1665 2322 ante
1689 2289 1836 2323 revelari
1860 2287 1926 2323 hoc
1950 2288 2098 2328 idolum,

1112 2337 1201 2372 sicut
1218 2351 1313 2372 nunc
1331 2339 1418 2372 facta
1436 2346 1482 2371 est
1504 2340 1680 2374 revelatio.

1212 2388 1308 2422 Haec
1329 2391 1372 2422 de
1396 2390 1503 2432 signis
1530 2390 1682 2423 breviter
1706 2391 1797 2424 dicta
1821 2389 1903 2425 sint.
1955 2388 2095 2422 Deinde

1109 2451 1230 2474 rursus
1248 2447 1439 2485 sequentur
1456 2441 1713 2475 consolationes
1731 2449 1763 2475 et
1780 2440 2051 2474 admonitiones.

1281 2521 1358 2570 Qui
1373 2523 1410 2556 in
1428 2528 1515 2557 tecto
1532 2529 1600 2564 est,
1629 2537 1700 2559 non
1719 2522 1922 2559 descendat.

1208 2592 1421 2637 Quanquam
1446 2594 1541 2626 varie
1562 2594 1688 2628 mixtae
1706 2601 1785 2627 sunt
1805 2591 1861 2627 hic
1877 2593 2092 2627 admonitio-

1105 2655 1183 2682 nes,
1212 2651 1326 2678 tamen
1351 2643 1460 2676 lector
1484 2644 1673 2687 diligenter
1697 2645 1894 2678 consideret
1916 2644 2092 2678 discrimi-

1104 2707 1161 2729 na.
1216 2693 1259 2728 Et
1278 2706 1338 2737 ego
1358 2694 1511 2738 primum
1532 2697 1574 2728 de
1591 2695 1894 2730 admonitionibus
1910 2695 2033 2729 dicam.
