2409 2915
95 145 168 182 685
345 144 420 180 ΧΠ.

374 229 542 275 Sequitur
565 228 635 261 iam
660 226 805 261 concio.

172 296 289 333 Nemo
304 301 419 344 potest
437 292 567 328 servite
587 290 727 326 duobus
741 290 921 326 Dominis
940 298 1002 327 elc-

198 382 382 426 Regimina
409 379 549 424 politica
574 390 635 412 seu
660 378 785 411 mundi
809 379 955 422 imperia
978 391 1079 412 suum

99 433 230 468 habent
245 432 424 470 ordinem,
447 429 653 463 distinctum
673 429 774 462 certis
791 430 979 473 gradibus,
1006 430 1080 463 sin-

97 485 171 527 guli
188 485 279 518 cives
294 488 328 515 et
344 481 477 514 subditi
495 480 624 513 multos
642 477 775 514 habent
801 481 984 521 dominos,
1022 481 1079 513 ni-

98 536 226 568 mirum
260 532 419 565 consules
452 531 621 568 civitatis,
666 531 896 574 praefectum,
947 531 1075 574 princi-

99 597 196 630 pem,
228 589 456 615 veruntamen
473 579 510 614 hi
529 582 656 624 gradus
674 579 740 615 hoc
757 582 881 614 ordine
898 582 1079 615 constituti

97 642 194 674 sunt,
228 640 266 666 ut
281 633 524 677 unusquilibet
541 632 627 664 civis
643 632 885 676 principaliter
903 633 1028 666 serviat
1046 640 1079 666 et

96 686 308 727 obtemperet
326 695 463 717 summo
480 683 585 726 capiti
603 695 662 715 seu
687 682 935 725 gubernatori,
959 690 1078 727 postea

96 734 263 773 suostloco
298 734 441 767 caeteris
473 734 627 766 dominis
651 734 890 769 inferioribus.
957 734 1078 779 Neque

95 797 178 818 vero
194 785 385 818 servientes
402 781 469 817 hoc
487 784 611 817 ordine
629 785 876 828 potestatibus,
910 785 1078 818 dicuntur

96 836 233 870 duobus
251 835 406 868 dominis
422 835 552 868 servire
563 861 571 875 ‚
605 836 773 879 quamdiu
787 836 948 879 superior
964 836 1078 869 domi-

95 898 162 919 nus
186 893 218 919 et
249 886 469 928 magistratus
495 886 678 918 inferiores
705 886 883 919 coniuncti
913 893 994 920 sunt
1017 899 1077 919 vo-

95 937 290 970 luntatibus
315 944 347 970 et
373 937 565 970 sententiis.
618 936 688 969 Sed
714 949 792 969 cum
817 937 870 969 illi
894 937 1022 970 animis
1046 943 1079 969 et

95 988 340 1021 voluntatibus
367 987 540 1026 distracti,
582 987 676 1019 inter
700 999 735 1019 se
760 988 953 1028 dissident,
995 995 1078 1020 tunc

96 1045 188 1072 certe
212 1050 316 1071 nemo
342 1045 453 1081 potest
478 1039 618 1082 utrique
646 1037 922 1071 discordantium
950 1035 1078 1071 adhae-

95 1101 170 1122 rere
188 1089 317 1132 pariter
333 1100 371 1121 ac
387 1088 537 1126 servire,
572 1089 661 1120 sicut
679 1089 798 1120 eadem
818 1101 906 1133 aqua
925 1101 998 1122 non
1015 1101 1079 1132 po—

96 1147 159 1173 test
181 1140 284 1172 simul
305 1151 377 1171 esse
400 1138 534 1171 fervida
562 1145 594 1171 et
619 1139 763 1181 frigida,
801 1139 882 1183 quia
905 1139 1079 1173 contraria

94 1203 155 1224 seu
186 1190 377 1234 pugnantia
408 1188 500 1221 inter
525 1200 560 1221 se
586 1202 659 1221 non
687 1196 833 1232 possunt
855 1190 959 1223 simul
983 1189 1079 1233 poni,

95 1253 159 1274 nec
183 1241 219 1272 in
245 1241 367 1272 eodem
393 1239 548 1272 subiecto
572 1239 758 1282 coniungi,
807 1252 846 1272 ac
870 1247 909 1273 ut
931 1241 1080 1273 maxime

97 1292 166 1325 sint
182 1291 306 1329 simul,
330 1302 410 1322 mox
427 1296 542 1322 tamen
561 1290 709 1322 alterum
729 1290 871 1332 pellitur
889 1291 931 1323 ab
947 1291 1067 1323 altero.

198 1340 334 1374 Similis
350 1341 438 1373 ratio
456 1346 504 1372 est
523 1340 558 1371 in
574 1338 640 1372 hoc
657 1351 757 1379 casu,
793 1341 835 1372 de
852 1352 922 1384 quo
939 1341 1079 1373 concio-

95 1398 201 1425 natur
227 1391 421 1424 Dominus:
472 1388 583 1422 Nemo
610 1396 725 1435 potest
757 1391 897 1422 duobus
926 1390 1079 1423 dominis

94 1442 243 1480 servire,
286 1440 434 1479 scilicet,
487 1451 558 1471 non
593 1440 893 1473 consentientibus
927 1449 958 1473 et
994 1453 1080 1473 con-

95 1491 301 1536 gruentibus
318 1491 409 1523 inter
425 1501 478 1530 se,
512 1490 572 1522 sed
591 1491 804 1523 turbulentis
822 1497 925 1535 atque
946 1492 1078 1524 discor-

95 1544 208 1576 dibus.
278 1540 383 1581 Item‚
417 1541 559 1585 quando
584 1552 656 1573 non
678 1547 728 1573 est
752 1541 898 1585 imperio
923 1543 1079 1585 legitimo

94 1593 261 1637 gradibus
285 1598 379 1625 certo
403 1591 528 1624 ordine
555 1591 746 1632 distinctis,
773 1592 860 1625 alter
878 1593 979 1626 alteri
996 1593 1078 1626 sub-

95 1645 223 1682 iectus,
250 1649 306 1682 ut,
334 1653 436 1674 nemo
461 1648 574 1685 potest
599 1641 728 1685 pariter
753 1641 981 1675 Ferdinando
1006 1643 1076 1685 regi

97 1702 130 1729 et
147 1693 300 1727 Tui-cieo
324 1699 475 1737 tyranno
497 1691 644 1729 servire,
673 1693 755 1736 quia
782 1690 969 1726 hostilibus
989 1694 1080 1726 odiis

96 1746 188 1779 inter
211 1756 245 1776 se
268 1743 450 1776 dissident.
501 1740 577 1775 Rex
602 1743 695 1774 enim
713 1742 960 1776 Ferdinandus
986 1744 1079 1776 affir-

96 1802 168 1828 mat
184 1793 401 1836 Hungariam
421 1804 492 1825 esse
509 1804 623 1831 suam,
651 1793 799 1837 ideoque
816 1802 917 1836 negat
943 1806 977 1826 se
1001 1806 1078 1838 pas-

94 1856 235 1884 surum,
259 1851 297 1877 ut
315 1843 484 1886 eripiatur
501 1855 539 1875 ea
556 1843 633 1875 sibi.
664 1842 703 1875 In
723 1841 788 1876 hoc
806 1845 990 1877 manifesto
1007 1845 1079 1877 dis-

95 1895 208 1938 sidio,
242 1901 272 1927 et
289 1894 452 1937 gravibus
469 1893 665 1927 inimicitiis
680 1902 813 1927 constat
831 1896 967 1927 nullum
986 1896 1081 1927 mili-

95 1954 164 1981 tem
189 1956 288 1989 posse
315 1943 489 1987 stipendia
515 1955 646 1976 merere
670 1946 761 1988 apud
790 1952 996 1990 utrumque,
1026 1947 1080 1978 vel

95 1997 236 2041 utrique
261 1995 402 2029 servire.
464 1993 679 2027 Huiusmodi
705 1997 860 2039 exempla
890 2003 973 2029 sunt
998 1997 1081 2029 illu-

97 2048 199 2086 stria,
226 2046 330 2089 plana
348 2052 382 2078 et
401 2045 594 2088 perspicua.

197 2095 255 2130 Sic
272 2102 304 2128 et
326 2094 428 2128 ludas
452 2107 524 2128 non
542 2103 656 2142 potest
675 2096 867 2141 aequaliter
891 2103 994 2143 atque
1020 2109 1080 2141 pa-

98 2148 183 2181 riter
200 2145 384 2190 pecuniam
404 2153 435 2178 et
452 2144 566 2178 Deum
591 2147 771 2187 venerari,
807 2147 920 2179 colere
945 2160 982 2179 ac
1008 2161 1080 2179 ma-

96 2197 281 2242 gnifacere.
344 2194 431 2228 Nam
458 2207 523 2227 vox
547 2196 667 2229 divina
694 2197 794 2230 dicit:
834 2197 913 2230 Non
937 2198 1081 2230 adim-es

96 2247 358 2292 oppressionem
394 2245 609 2286 innocentis;
658 2254 691 2280 at
724 2247 870 2281 avaritia
908 2248 1079 2282 clamitat:

98 2298 174 2332 Imo
192 2304 335 2342 propter
355 2296 536 2340 pecuniam
558 2295 743 2330 confirmes
761 2304 792 2330 et
817 2299 960 2330 adiuves
986 2299 1078 2331 iniu-

99 2356 184 2383 stam
217 2347 410 2381 saevitiam.
478 2345 554 2379 Hoc
586 2347 781 2390 exemplum
813 2348 955 2391 plurimi
987 2361 1081 2381 nunc

98 2400 290 2432 imitantur.
316 2397 471 2440 Quidam
490 2398 582 2429 enim
601 2397 705 2431 simul
724 2405 755 2431 et
772 2398 932 2441 amplecti
949 2400 1079 2432 doctri-

99 2461 179 2483 nam
204 2447 388 2491 Evangelii
413 2455 446 2481 et
468 2446 701 2491 Episcopatus
722 2460 760 2481 ac
786 2448 986 2482 Sacerdotia
1012 2451 1078 2483 sibi

99 2500 249 2534 conferri
275 2499 399 2533 volunt
427 2511 446 2531 a
468 2497 638 2532 Pontifice
661 2497 846 2540 Romano,
883 2501 941 2533 sed
960 2499 1078 2533 Evan-

100 2551 178 2595 gelii
196 2562 262 2584 vox
280 2556 345 2582 est:
382 2549 507 2592 Fugite
523 2549 636 2589 idola,
663 2549 698 2582 id
716 2557 783 2588 est,
813 2562 876 2583 nec
895 2558 1002 2584 estote
1019 2552 1078 2585 de-

101 2601 166 2636 diti
182 2599 412 2635 idololatricis
429 2599 593 2640 cultibus,
621 2611 684 2633 nec
699 2612 758 2634 eos
775 2602 976 2645 approbate.
1006 2601 1078 2636 Re-

101 2652 224 2685 clamat
242 2657 357 2684 autem
375 2649 627 2694 Episcopatus,
655 2652 872 2695 praecipiens
897 2653 1028 2685 cultum
1046 2661 1079 2687 et

101 2702 385 2746 approbationem
403 2701 591 2740 idolorum,
613 2709 650 2736 ut
667 2700 825 2736 eveharis
840 2705 880 2737 ad
901 2704 1076 2747 fastigium

476 138 864 178 ANNOTATIONES
893 137 958 174 ET
986 135 1264 175 CONClONES
1293 136 1341 172 IN
1368 135 1551 172 EVANG.
1581 133 1856 170 MATTHAEL

2037 133 2110 168 686

1129 232 1245 260 tantae
1269 224 1467 267 dignitatis,
1509 229 1541 256 et
1565 223 1723 256 obtineas
1747 222 1905 265 pulcrum
1932 219 2109 263 principa-

1127 285 1212 311 tum.
1270 276 1451 308 Praeterea
1469 286 1573 318 quam
1594 274 1758 306 usitatum
1779 279 1826 305 est
1848 273 1883 304 in
1900 271 1988 303 aulis
2010 270 2109 314 prin-

1128 327 1263 371 cipum,
1306 333 1343 359 ut
1368 325 1434 357 viri
1458 324 1595 356 nobiles
1624 324 1734 355 videri
1759 323 1869 355 velint
1892 320 2109 363 Evangelici,

1128 386 1159 412 et
1176 377 1315 410 interim
1340 375 1445 409 simul
1468 380 1687 417 aucupentur
1707 374 1869 415 gratiam,
1903 380 1933 404 et
1951 372 2110 404 alludant

1128 431 1169 462 ad
1197 428 1340 460 affectus
1364 432 1564 469 potentum,
1596 424 1657 468 qui
1682 424 1860 455 doctrinae
1890 423 1964 466 piae
1992 421 2108 454 infesti

1128 485 1386 524 persequuntur
1404 475 1651 518 Evangelium.

1227 527 1282 562 Ex
1299 526 1354 561 his
1371 535 1403 561 et
1420 527 1596 560 similibus
1612 524 1778 568 exemplis
1795 524 1886 556 clare
1910 523 2035 566 poterit
2055 523 2109 553 in-

1127 581 1237 624 telligi
1266 579 1438 613 sententia
1468 575 1574 610 huius
1603 583 1728 610 textus.
1789 572 1921 617 Estque
1945 571 2010 605 boc
2036 573 2110 604 loco

1127 632 1292 664 discenda
1316 636 1349 663 et
1373 629 1544 662 servanda
1571 627 1706 669 regula:
1740 627 1833 670 quod
1857 622 1938 656 Deo
1954 623 2109 656 servien-

1128 683 1210 715 dum
1228 682 1273 714 sit
1288 687 1368 714 ante
1384 679 1521 718 omnia,
1555 690 1615 711 seu
1640 678 1734 722 quod
1751 674 1829 709 Dei
1852 675 1966 708 cultus
1989 681 2021 706 et
2046 671 2107 704 ho-

1127 745 1193 766 nor
1209 732 1457 776 praeferendus
1470 729 1516 763 sit
1533 728 1698 762 omnibus
1717 727 1901 766 creaturis,
1926 726 2018 758 iuxta
2038 724 2109 767 pri-

1126 796 1223 816 mum
1256 782 1421 824 Decalogi
1457 786 1695 825 praeceptum:
1748 776 1881 820 Diliges
1915 775 2109 808 Dominum

1127 832 1247 867 Deum
1265 841 1362 867 tuum
1382 845 1422 865 ex
1440 838 1512 865 toto
1536 831 1657 869 corde,
1695 841 1734 861 ex
1759 841 1828 873 quo
1854 827 2032 860 verissime
2057 836 2110 857 se-

1127 885 1266 930 quitur,
1306 882 1396 916 nihil
1430 882 1588 915 omnium
1623 891 1740 913 rerum
1774 891 1883 923 aeque
1913 877 2111 911 colendum,

1129 936 1328 980 pariterque
1354 933 1572 976 diligendum
1599 942 1671 964 esse
1695 942 1734 963 ac
1751 928 1866 963 Deum
1890 929 2022 971 ipsum,
2049 938 2111 958 nec

1128 987 1355 1019 tribuendum
1373 982 1545 1017 honorem
1561 982 1723 1015 divinum
1741 991 1941 1013 amoremve
1952 979 2032 1011 Deo
2051 979 2111 1009 de-

1128 1038 1240 1070 bitum
1261 1036 1325 1069 ulli
1344 1041 1541 1073 creaturae,
1568 1039 1705 1065 tantum
1727 1033 1843 1071 abest,
1870 1037 1907 1063 ut
1923 1029 2109 1074 quicquam

1127 1088 1287 1121 omnium
1315 1096 1432 1119 rerum
1458 1085 1534 1118 Deo
1559 1084 1603 1116 sit
1626 1082 1914 1118 anteferendum,
1960 1079 2111 1121 magisve

1128 1139 1334 1177 colendum,
1371 1143 1429 1169 aut
1452 1134 1632 1167 ardentius
1650 1133 1887 1176 diligendum,
1923 1131 1964 1163 ad
1989 1136 2113 1161 contu—

1127 1189 1266 1221 meliam
1285 1188 1393 1231 ipsius
1412 1186 1494 1225 Dei,
1523 1185 1687 1229 quodque
1712 1191 1884 1229 repugnet
1901 1190 1933 1215 et
1950 1182 2111 1214 adverse-

1127 1247 1185 1273 tur
1201 1239 1341 1271 divinae
1359 1237 1520 1270 bonitati.

1228 1289 1323 1322 Haec
1358 1294 1408 1320 est
1442 1299 1576 1320 summa
1615 1287 1779 1321 salutaris
1822 1286 1921 1320 istius
1961 1283 2113 1326 regulae,

1128 1351 1231 1383 quam
1251 1339 1287 1370 in
1311 1344 1405 1371 textu
1431 1336 1740 1382 sequuntur‘haec
1764 1337 1885 1370 verba:
1912 1335 1991 1369 Non
2016 1341 2114 1378 pote—

1127 1390 1186 1423 stis
1215 1389 1344 1422 servire
1362 1387 1437 1421 Deo
1462 1388 1592 1431 pariter
1615 1396 1647 1422 et
1666 1388 1912 1425 Mammonae,
1941 1397 2000 1418 seu
2024 1384 2116 1417 divi-

1128 1441 1205 1479 tiis,
1233 1441 1325 1484 quod
1345 1439 1488 1483 quidem
1508 1438 1712 1481 intelligetis
1730 1439 1851 1471 eodem
1873 1438 1974 1480 plane
1998 1435 2116 1473 modo,

1128 1503 1196 1535 quo
1217 1490 1416 1534 superiora,
1444 1491 1543 1535 quasi
1563 1491 1654 1523 dicat
1672 1488 1864 1522 Dominus:
1894 1487 1967 1520 Vos
1984 1497 2117 1530 nequa-

1127 1554 1231 1586 quam
1249 1541 1383 1574 debetis
1401 1553 1613 1586 quacunque
1630 1540 1765 1573 ratione
1782 1550 1948 1584 quaerere
1966 1536 2117 1575 divitias,

1128 1592 1257 1625 omisso
1283 1590 1378 1631 Deo,
1421 1604 1486 1624 nec
1511 1599 1654 1635 propter
1678 1591 1819 1624 divitias
1851 1590 1962 1622 facere
1996 1594 2115 1619 contra

1128 1643 1262 1684 Deum,
1289 1653 1362 1674 non
1388 1642 1521 1676 debetis
1544 1642 1698 1685 accipere
1723 1641 1909 1684 opulentos
1926 1638 2117 1682 Episcopa-

1129 1700 1183 1725 tus
1201 1699 1233 1725 et
1251 1693 1385 1735 opimas
1404 1693 1633 1737 praebendas,
1654 1702 1740 1736 quas
1756 1691 1953 1725 nominant,
1976 1695 2012 1721 ut
2029 1699 2114 1720 con-

1129 1743 1273 1776 firmetis
1290 1755 1328 1775 ac
1345 1743 1532 1776 stabiliatis
1550 1743 1692 1786 impiam
1710 1741 1905 1774 doctrinam
1919 1767 1927 1780 ,
1955 1751 2013 1772 seu
2030 1738 2116 1771 falsa

1130 1796 1303 1836 dogmata.
1358 1793 1463 1828 Item:
1502 1793 1581 1826 Non
1606 1792 1740 1825 debetis
1767 1798 1911 1838 propter
1935 1790 2116 1834 pecuniam

1130 1845 1262 1877 violare
1295 1851 1427 1878 caetera
1452 1845 1614 1876 mandata
1640 1843 1777 1883 divina,
1819 1841 2114 1887 quemadmodum

1129 1897 1388 1935 foeneratores,
1418 1896 1623 1938 praedones,
1649 1894 1756 1932 sures,
1783 1899 1817 1926 et
1831 1892 1890 1925 alii
1910 1894 2116 1935 impostores

1130 1947 1280 1985 faciunt,
1308 1946 1407 1979 cuius
1423 1945 1560 1988 generis
1584 1950 1718 1987 peccata
1741 1950 1832 1976 certe
1856 1942 2008 1986 plurima
2036 1948 2117 1974 sunt

1132 1997 1166 2028 in
1186 1998 1333 2029 mundo.
1389 1995 1486 2038 Quid
1509 1996 1602 2028 enim
1627 2002 1696 2027 tam
1723 1994 1890 2027 usitatum
1910 2000 1977 2031 est,
2012 2004 2116 2036 quam

1133 2048 1299 2089 pecuniae
1325 2058 1427 2078 causa
1454 2046 1586 2078 violare
1612 2044 1806 2079 iustitiam?
1866 2043 1962 2077 quta
1993 2044 2114 2076 tritum

1132 2097 1327 2130 Teutonica
1347 2097 1464 2139 lingua
1483 2096 1733 2136 proverbium,
1763 2095 1990 2139 pecuniarum
2007 2094 2116 2136 gratia

1132 2149 1205 2180 fieri
1222 2145 1383 2180 homines
1399 2159 1547 2192 nequam
1567 2155 1598 2180 et
1618 2147 1807 2190 improbos.

1234 2197 1392 2231 Viennae
1426 2205 1505 2230 aute
1539 2209 1666 2242 paucos
1691 2208 1802 2230 annos
1832 2195 1973 2240 quidam
2000 2194 2116 2228 Pistor

1131 2247 1301 2282 habuerat
1316 2249 1517 2281 ministrum
1530 2276 1537 2287 ,
1565 2249 1621 2281 cui
1638 2259 1766 2280 nomen
1785 2253 1855 2279 erat
1871 2245 2011 2279 Paulus.
2048 2245 2116 2279 Hic

1131 2312 1208 2332 cum
1236 2299 1375 2343 penitus
1398 2300 1586 2343 perspectis
1613 2311 1650 2331 ac
1675 2297 1862 2341 exploratis
1886 2297 2032 2330 aedibus
2058 2309 2116 2330 co-

1131 2350 1326 2393 gnovisset,
1353 2350 1481 2395 quibus
1501 2350 1535 2382 in
1554 2349 1680 2382 arculis
1697 2347 1844 2392 pecunia
1861 2348 1987 2381 soleret
2005 2359 2115 2380 asser-

1134 2400 1225 2438 vari,
1268 2409 1369 2435 nocte
1394 2402 1542 2446 quadam
1567 2412 1601 2432 se
1625 2400 1660 2430 in
1687 2400 1831 2431 eandem
1856 2399 2001 2431 domuzn
2026 2399 2116 2431 insi-

1132 2463 1263 2492 nuans,
1293 2464 1331 2485 ex
1350 2451 1474 2484 ordine
1500 2452 1620 2483 caedes
1645 2450 1803 2494 quinque
1826 2447 2010 2481 hominum
2032 2461 2113 2481 cru—

1131 2502 1305 2535 delissime
1338 2501 1526 2535 commisit.
1566 2513 1604 2533 ac
1632 2500 1784 2544 primum
1810 2499 1950 2544 quidem
1975 2510 2113 2532 servum

1130 2553 1363 2587 dormientem
1389 2553 1423 2584 in
1443 2563 1584 2584 scamno
1610 2551 1818 2589 trucidavit,
1855 2549 1979 2582 exinde
2003 2550 2114 2583 ancil-

1129 2603 1216 2641 lam,
1261 2611 1377 2648 postea
1404 2602 1690 2646 patremfamilias
1720 2608 1751 2634 et
1775 2601 1957 2643 coniugem
1984 2613 2112 2633 concu-

1129 2655 1250 2687 bantes
1275 2655 1311 2687 in
1337 2654 1456 2687 eodem
1485 2653 1571 2685 lecto
1599 2653 1782 2695 iugulavit.
1838 2652 1979 2695 Quibus
2003 2653 2111 2686 inter-

1131 2705 1227 2739 sectis
1249 2717 1327 2739 cum
1352 2704 1528 2737 accederet
1549 2705 1589 2737 ad
1614 2705 1721 2737 alium
1749 2704 1935 2746 lectulum,
1982 2706 2016 2738 in
2042 2717 2111 2749 quo
