2409 2915
290 105 359 141 127

393 200 465 222 non
506 182 630 231 rapias
672 176 981 217 dominationem,
1024 188 1085 210 nec
1119 182 1196 212 'stes
1234 177 1273 210 in

393 248 493 284 opere
510 232 626 270 malo,
654 227 696 264 id
709 234 779 272 est,
805 240 878 263 non
887 227 1019 277 facias
1036 240 1078 262 ea
1096 239 1188 275 quae
1204 227 1274 262 scis

391 284 580 335 prohiberi
597 281 685 328 lege.

394 364 518 397 Postea
535 365 732 404 sequuntur
747 357 839 391 dicta
854 357 897 389 de
915 356 1056 400 poenis,
1082 355 1141 389 ubi
1159 355 1196 387 in
1209 354 1276 387 fine

292 417 390 450 dicit:
418 410 508 447 Non
523 410 588 443 erit
604 406 735 443 evasio.
778 406 891 450 Supra
913 418 996 439 vero
1014 406 1145 450 inquit:
1174 401 1276 451 Quia

294 477 396 501 omne
418 459 520 511 quod
535 459 685 494 voluerit
698 487 706 498 ,
727 457 846 506 saciet
866 467 948 498 rese,
976 456 1107 490 scilicet
1123 454 1198 489 Deo
1215 456 1277 488 de-

292 519 456 552 fendente
488 512 641 556 legitima
674 509 833 553 imperia.
900 507 1077 552 Loquitur
1109 505 1203 539 enim
1235 505 1278 538 de

294 568 447 612 legitima
479 569 669 608 potestate,
709 571 769 592 seu
802 558 956 601 legitimo
990 558 1134 597 ordine,
1174 567 1277 601 quem

295 620 391 653 Deus
415 621 552 652 tuetur,
587 612 676 645 sicut
699 609 806 644 Rom.
827 609 883 643 13.
909 608 1054 642 dicitur:
1082 607 1156 650 Qui
1180 613 1278 651 pote-

295 670 373 704 stati
391 666 568 703 resistunt‚
596 672 744 706 poenam
762 657 954 694 habebunt.
1007 658 1103 692 Haec
1119 657 1278 691 doctrina

296 721 379 755 alias
396 727 496 760 saepe
512 713 657 758 repetita
675 717 735 744 est.

345 817 423 866 Qui
447 814 600 851 custodit
617 815 864 860 praeceptum,
891 822 961 843 non
982 814 1057 842 ruet
1077 809 1114 842 in
1131 820 1279 855 poenas.

396 866 555 914 Tempus
581 868 610 898 et
637 861 811 897 iudicium
839 860 1015 905 inlelligit
1041 872 1099 893 cor
1119 858 1281 905 sapiens,

398 919 486 967 quia
512 913 700 950 cuiuslibet
726 911 867 958 negocii
889 916 1027 956 tempus
1055 915 1085 943 et
1104 908 1279 943 iudicium

399 969 520 1003 veniet.
575 963 650 999 Sed
672 975 812 1009 magna
832 966 880 995 es!
899 960 1098 994 calamitas
1118 957 1280 993 hominis

400 1019 589 1054 nescientis
611 1013 810 1063 praeterita
829 1011 1020 1060 etfutura.
1075 1009 1152 1044 Nec
1171 1008 1280 1044 habet

397 1069 505 1104 homo
527 1071 738 1114 potestatem
764 1075 852 1098 suae
880 1061 992 1100 citae,
1020 1074 1080 1095 nec
1097 1059 1202 1095 habel
1215 1074 1280 1108 po-

398 1124 560 1155 testatem
587 1128 675 1150 snae
698 1114 843 1153 mortis,
879 1118 908 1146 el
935 1125 1007 1145 non
1032 1117 1081 1146 est
1105 1113 1226 1146 evasio
1242 1111 1280 1145 in

397 1169 510 1207 bello,
539 1173 568 1202 et
587 1180 657 1201 non
679 1163 851 1200 liberabit
868 1163 1037 1211 impietas
1054 1162 1219 1211 impium.

397 1248 492 1283 Haec
516 1245 685 1280 continua
708 1243 819 1276 oratio
839 1242 881 1275 de
899 1240 1023 1285 poenis
1040 1240 1281 1279 concionatur,

296 1310 329 1337 et
344 1299 436 1335 hanc
453 1296 650 1342 generalem
666 1294 823 1337 regulam
841 1292 966 1326 tradit:
994 1290 1136 1323 Atrocia
1154 1290 1281 1323 delicta

297 1352 496 1397 puniuntur
518 1346 694 1381 atrocibus
719 1344 840 1388 poenis
863 1343 966 1376 etiam
992 1341 1029 1373 in
1046 1338 1111 1374 hac
1126 1342 1216 1381 vita,
1244 1347 1282 1373 ut

299 1400 511 1439 homicidia,
551 1396 720 1442 periuria,
755 1394 946 1433 adulteria,
979 1391 1129 1424 incestae
1159 1391 1281 1424 libidi-

299 1465 380 1493 nes,
413 1450 574 1495 rapinae,
609 1453 641 1480 et
667 1445 815 1485 similia,
847 1450 886 1477 ut
913 1442 1081 1486 scriptum
1105 1449 1172 1476 est:
1209 1441 1281 1485 Qui

299 1503 455 1549 gladium
479 1498 665 1543 acceperit,
700 1495 816 1539 gladio
839 1493 980 1540 peribit.
1036 1492 1140 1526 Item:
1179 1492 1282 1526 Scor-

300 1563 429 1590 tatores
446 1559 478 1585 et
494 1550 672 1584 adulteros
688 1545 858 1580 iudicabit
868 1544 974 1578 Deus.
1029 1541 1183 1577 Econtra
1201 1555 1282 1587 pro-

298 1605 408 1639 mittit
433 1599 715 1645 tranquilliorem
741 1597 849 1630 vitam
865 1595 1048 1628 modestis:
1079 1594 1151 1637 Qui
1168 1601 1283 1627 custo-

299 1657 350 1690 dit
368 1658 588 1699 praeceptum
600 1674 609 1688 ,
637 1659 710 1681 non
727 1653 805 1680 ruet
825 1647 861 1678 in
879 1656 1018 1689 poenas.

399 1703 538 1739 Deinde
564 1698 716 1734 occurrit
739 1697 861 1731 tacitae
885 1694 1077 1729 obiectioni
1102 1693 1284 1728 Salomon.

299 1758 392 1801 Quia
424 1754 518 1788 enim
552 1750 767 1784 differuntur
799 1758 952 1791 poenae,
988 1745 1216 1778 confirmatur
1249 1745 1285 1777 in

298 1807 420 1842 multis
447 1802 606 1838 audacia.
659 1800 752 1833 Ilnic
777 1798 902 1830 stultae
922 1795 1164 1839 imaginationi
1184 1802 1286 1828 etse-

300 1856 440 1893 curitati
473 1852 622 1900 opponit
654 1849 834 1894 sequentia
862 1848 965 1880 dieta.
1029 1845 1122 1886 lmo,
1160 1847 1287 1890 inquit,

301 1907 458 1955 Sapiens
494 1900 669 1946 intelligit
704 1903 840 1944 tempus
872 1902 902 1931 el
934 1894 1129 1934 iudicium,
1164 1897 1197 1928 id
1223 1903 1286 1939 est,

302 1961 364 1994 scit
388 1967 520 2002 poenas
542 1965 604 1986 sno
623 1960 779 1994 tempore
797 1955 962 1982 venturas
978 1960 1049 1980 esse
1068 1947 1203 1980 etiamsi
1222 1947 1286 1979 ali-

302 2009 507 2057 quantisper
530 2003 761 2039 differantur,
797 2006 829 2032 et
854 1999 916 2032 scit
942 1998 1129 2031 cuiuslibet
1151 1997 1286 2039 negocii

303 2068 490 2095 venturum
515 2066 586 2088 esse
609 2053 798 2091 iudicium,
834 2051 869 2082 id
897 2056 964 2088 est,
998 2061 1069 2081 non
1097 2055 1145 2082 est
1170 2048 1284 2093 cyclo—

304 2113 418 2157 picus,
447 2120 519 2142 non
545 2103 737 2138 contemnit
763 2101 1041 2146 providentiam,
1071 2100 1129 2131 sed
1150 2099 1211 2131 seit
1230 2111 1286 2131 ve-

303 2163 475 2197 rissimam
508 2168 581 2190 esse
605 2153 914 2188 comminationem
942 2151 1098 2183 divinam
1123 2161 1211 2194 quae
1233 2162 1286 2182 re-

303 2214 429 2247 citatur
454 2209 543 2243 Psal.
567 2207 643 2240 61.:
681 2204 822 2239 Reddes
851 2202 1043 2246 unicuique
1068 2201 1160 2233 iuxta
1183 2213 1286 2244 opera

303 2277 382 2302 sua,
410 2269 441 2294 et
459 2260 548 2292 l'ssd.
563 2257 637 2291 57.:
668 2255 797 2300 Utique
815 2260 861 2285 est
879 2252 973 2286 Deus
991 2253 1148 2285 iudicans
1166 2251 1200 2283 in
1220 2258 1288 2284 ter-

305 2329 363 2354 ra,
391 2311 437 2346 Et
461 2312 512 2343 lex
539 2316 682 2341 naturae
708 2313 741 2339 et
765 2304 974 2348 experientia
995 2304 1139 2336 eandem
1159 2303 1288 2336 doctri-

306 2378 383 2399 nam
408 2363 510 2396 etiam
532 2357 693 2392 Etlmicis
716 2357 964 2397 ostenderunt,
992 2355 1085 2387 iuxta
1105 2353 1163 2385 illa
1180 2353 1287 2385 dieta:

306 2420 372 2460 ἔχει
401 2410 487 2450 θεὸς
513 2408 657 2444 ἔκδικον
683 2408 798 2451 ὕλιιιιια.
854 2407 957 2439 Item:
988 2403 1074 2443 θεὸς
1092 2401 1166 2437 oid‘e
1185 2399 1288 2437 δικά-

307 2455 392 2502 'Cb-11⁷.
448 2463 550 2496 ltern:
589 2461 671 2492 Sera
700 2467 814 2490 tamen
840 2457 951 2490 tacitis
977 2467 1087 2501 poena
1109 2454 1202 2488 venit
1230 2467 1287 2498 pe-

306 2520 420 2551 dibus.

306 2567 400 2612 plicii
422 2569 631 2607 compensat.

409 2615 544 2649 Deind·⁸
563 2613 666 2644 verba
684 2621 772 2655 quae
788 2615 1002 2653 sequuntur,
1030 2607 1209 2640 continent
1230 2608 1287 2639 de-

307 2669 522 2702 testationem
549 2664 642 2695 illius
670 2660 863 2706 cyclopicae
891 2659 1096 2692 securitatis.
1160 2657 1287 2700 Magna

479 2513 580 2546 ltern:
619 2509 835 2543 Tarditatem
860 2519 991 2551 poenae
1015 2505 1184 2550 gravitate
1206 2517 1288 2549 sup-
1314 2506 1315 2514 ¹

865 91 990 127 PHIL.
1027 90 1143 127 MEL.
1171 91 1379 128 SCRPITA
1406 90 1702 129 EXEGETICA.

1313 2639 1316 2660 t

2232 91 2304 128 128

1326 177 1504 212 calamitas
1526 185 1595 219 est,
1621 179 1755 224 inquit,
1782 176 1943 212 homines
1964 188 2030 211 nec
2044 177 2230 222 praeterita
2246 188 2307 211 cu·

1326 239 1422 268 rare,
1454 240 1518 262 nec
1549 229 1686 268 futura,
1720 229 1755 262 id
1781 236 1850 269 est,
1892 228 2059 262 omnibus
2088 229 2308 274 temporibus

1326 278 1486 312 videmus
1501 276 1678 313 horrenda
1692 280 1888 324 spectacula
1904 291 2097 323 poenarum
2109 306 2118 320 ‚
2144 285 2309 314 ettamen

1327 335 1397 362 tam
1431 330 1561 363 atrocia
1594 331 1750 374 exempla
1788 331 1907 364 rident
1938 331 2057 364 multi:
2105 330 2149 363 de
2178 329 2308 364 talibus

1327 379 1524 423 praeteritis
1538 381 1661 424 poenis
1680 381 1842 414 videlicet
1856 387 1890 414 et
1907 381 2075 425 exemplis
2090 380 2260 426 loquitur.

1430 436 1552 472 Postea
1563 439 1662 472 addit
1673 450 1867 482 expressam
1880 439 2202 473 connminationem.
2241 438 2311 472 Ve-

1327 487 1447 527 nient,
1473 489 1608 534 inquit,
1635 501 1788 533 poenae,
1816 501 1902 534 quas
1925 489 2027 523 nullo
2052 491 2156 524 modo
2181 489 2312 533 poteris

1329 539 1500 583 impedire
1522 548 1582 574 aut
1605 551 1730 573 arcere.
1785 538 1903 573 Homo
1927 552 1999 573 non
2023 538 2128 575 habet
2150 541 2186 573 in
2212 547 2312 585 pote·

1329 596 1415 623 state
1438 601 1499 623 sua
1525 591 1631 624 vitam
1657 597 1717 624 aut
1740 597 1906 630 mortem,
1939 591 1975 624 id
1999 597 2068 632 est,
2101 603 2175 625 non
2199 598 2313 635 potest

1330 640 1480 673 retinere
1498 641 1602 675 vitam
1620 648 1679 675 aut
1695 653 1812 675 arcere
1829 647 1997 682 mortem,
2024 653 2102 674 curn
2120 640 2216 675 Deus
2231 654 2311 675 eum

1329 691 1452 735 poenis
1468 691 1648 735 opprimit.
1683 691 1764 725 Non
1780 699 1830 725 est
1846 691 1974 732 evasio,
2002 691 2128 736 inquit,
2154 692 2192 724 in
2207 691 2315 732 bello,

1329 740 1376 775 Et
1400 753 1621 787 nequaquam
1645 743 1711 776 erit
1731 743 1902 787 impunita
1922 742 2094 786 impietas,
2146 741 2242 776 Haec
2259 742 2313 775 di-

1331 799 1382 826 cta
1407 804 1479 825 non
1505 792 1665 837 indigent
1688 794 1755 826 alia
1780 793 2020 837 enarratione,
2055 794 2114 827 sed
2137 793 2314 827 adsentia—

1331 855 1411 876 mur
1434 843 1510 876 voci
1534 844 1674 876 divinae
1699 845 1878 878 minitanti
1904 856 2051 887 poenam
2069 843 2236 878 omnibus
2253 843 2314 889 qui

1331 906 1402 927 non
1434 901 1542 937 agunt
1573 895 1845 938 poenitentiam,
1887 895 1976 929 sicut
2002 895 2117 939 inquit
2139 893 2314 928 Dominus

1330 944 1446 978 Lucae
1468 944 1540 979 13.:
1576 944 1651 977 Nisi
1685 946 1937 989 poenitentiam
1962 945 2087 990 agetis,
2120 957 2244 979 omnes
2267 945 2315 978 si-

1331 995 1462 1029 militer
1486 995 1655 1039 peribitis.
1708 994 1804 1029 Haec
1820 996 1969 1029 fulmina
1988 1008 2209 1041 nequaquam
2229 995 2315 1029 scia-

1333 1058 1409 1079 mus
1427 1057 1498 1078 esse
1515 1046 1655 1078 inanem
1674 1046 1828 1079 sonitum
1841 1073 1850 1086 ‚
1877 1047 1933 1079 sed
1952 1058 2033 1080 vere
2050 1057 2316 1091 expavescamus

1333 1097 1544 1140 cogitatione
1575 1103 1606 1129 et
1641 1103 1736 1129 metu
1767 1098 2002 1140 praesentium
2032 1104 2066 1131 et
2093 1104 2316 1131 aeternarum

1333 1159 1548 1190 poenarum,
1580 1153 1613 1180 et
1637 1148 1679 1180 ad
1705 1147 1819 1181 Deum
1846 1153 2114 1186 convertamur,
2140 1148 2317 1181 frenemus

1333 1198 1481 1231 iniustos
1499 1198 1668 1242 impetu5‚
1696 1205 1728 1231 et
1745 1210 1886 1232 oremus
1904 1198 1977 1242 regi
1993 1209 2012 1231 a
2028 1197 2105 1231 Deo
2121 1204 2184 1232 etc.

1383 1304 1577 1341 Interdum
1603 1304 1814 1340 dominatur
1835 1303 1944 1339 homo
1962 1305 2104 1340 homini
2120 1306 2157 1339 in
2176 1305 2318 1341 malum

1433 1370 1552 1391 suum.

1434 1433 1546 1466 Antea
1566 1432 1745 1476 perspicue
1762 1432 1872 1476 posita
1889 1438 1937 1465 est
1949 1432 2167 1466 adseveratio
2181 1433 2224 1466 de
2239 1445 2320 1477 pro-

1334 1484 1501 1523 videntia,
1526 1494 1682 1527 expresse
1699 1483 1831 1516 dietum
1846 1489 1895 1515 est
1908 1483 2028 1526 puniri
2044 1483 2180 1517 delicta.
2217 1483 2320 1519 Nunc

1335 1535 1433 1568 addit
1457 1533 1690 1573 obiectiones‚
1718 1545 1803 1578 quas
1825 1534 1951 1567 refutat
1976 1533 2140 1567 admixtis
2158 1535 2320 1579 querelis.

1334 1584 1466 1620 Contra
1494 1585 1626 1629 inquit:
1663 1583 1833 1618 Videmus
1859 1584 2045 1618 sceleratos
2068 1595 2170 1628 saepe
2196 1586 2321 1619 florere

1336 1637 1462 1679 opibus
1493 1642 1524 1668 et
1560 1634 1734 1677 potentia,
1773 1635 1883 1668 iustos
1913 1635 2068 1679 opprimi
2098 1642 2131 1668 et
2162 1635 2323 1670 interfici.

1336 1686 1429 1720 Ilaec
1449 1685 1626 1718 iniusticia
1646 1697 1717 1717 non
1737 1685 1957 1725 toleraretur,
1982 1685 2009 1718 si
2027 1692 2114 1719 esset
2131 1686 2322 1730 providen—

1337 1738 1395 1771 tia.
1449 1735 1551 1768 Hanc
1572 1735 1790 1768 notissimam
1813 1735 2046 1769 obiectionem
2066 1743 2098 1769 et
2116 1734 2173 1769 hic
2189 1737 2322 1777 recitat,

1336 1795 1367 1821 et
1402 1784 1468 1819 hoc
1498 1787 1603 1819 modo
1638 1786 1777 1820 refutat.
1820 1785 2034 1830 Quanquam
2064 1787 2323 1830 saepe-florent

1337 1837 1514 1875 scelerati,
1542 1848 1642 1880 saepe
1666 1836 1917 1879 opprimuntur
1941 1836 2044 1878 insti,
2068 1846 2184 1870 tamen
2203 1839 2323 1872 certis-

1337 1889 1464 1921 simum
1496 1893 1565 1929 est,
1603 1887 1742 1919 tandem
1768 1893 1799 1918 et
1824 1883 1888 1919 hos
1910 1887 2060 1920 iniustos
2083 1888 2229 1921 daturos
2252 1899 2324 1923 esse

1339 1950 1482 1983 poenas,
1518 1944 1547 1970 et
1574 1937 1698 1969 melius
1723 1937 1795 1969 fore
1819 1937 1928 1972 iustis.
1985 1937 2084 1972 llanc
2110 1938 2322 1974 solutionem

1338 1989 1455 2023 recitat
1475 1995 1505 2021 et
1526 1987 1639 2020 David
1662 1987 1797 2020 Psalmo
1814 1987 1890 2022 56.:
1923 1988 2003 2022 Vidi
2026 1989 2173 2033 impium
2194 1991 2324 2025 exalta—

1338 2048 1411 2074 tum
1429 2045 1467 2072 ut
1481 2039 1602 2071 cedros
1623 2038 1745 2071 Libani
1759 2066 1766 2075 ,
1795 2039 1976 2082 praeterii,
2005 2047 2034 2073 et
2055 2053 2131 2073 ecee
2150 2053 2220 2074 non
2240 2050 2323 2075 erat.

1338 2091 1440 2124 Salus
1471 2096 1584 2122 autem
1619 2090 1789 2122 iustorum
1822 2103 1838 2122 a
1872 2091 2040 2123 Domino.
2112 2090 2325 2126 Dominatur

1338 2141 1591 2186 aliquantisper
1609 2140 1711 2178 Saul,
1739 2141 1797 2186 qni
1826 2141 1920 2184 pellit
1943 2140 2136 2179 Davidem„
2163 2143 2326 2178 interficit

1339 2193 1554 2229 sacerdotes,
1592 2190 1748 2223 lierodes
1784 2191 1996 2235 Baptistam,
2038 2192 2129 2226 Nero
2162 2193 2323 2237 Paulum,

1339 2245 1396 2276 sed
1426 2243 1605 2287 aliquanto
1636 2249 1711 2286 post
1739 2241 1774 2274 hi
1801 2244 1943 2287 tyranni
1970 2243 2004 2276 in
2031 2240 2094 2277 hac
2118 2244 2186 2277 vita
2211 2245 2324 2278 mani·

1339 2295 1433 2327 festis
1452 2293 1573 2337 poenis
1590 2293 1850 2336 opprimuntur.

1442 2352 1509 2386 Sed
1542 2352 1631 2384 dieat
1665 2352 1808 2397 aliquis,
1840 2352 1924 2397 quid
1960 2349 2026 2385 hoc
2057 2353 2199 2397 prodest
2223 2355 2324 2389 lvonis

1342 2403 1555 2437 intersectis?
1609 2402 1702 2435 llaec
1718 2403 1872 2447 quaestio
1890 2405 2062 2437 excruciat
2081 2402 2258 2442 homines.
2289 2407 2323 2440 id

1340 2467 1480 2501 quoque
1497 2454 1665 2487 Salomon
1691 2452 1746 2486 hic
1765 2453 1936 2497 deplorat:
1966 2455 2047 2499 qnia
2065 2453 2218 2490 humana
2235 2458 2324 2491 ratio

1341 2518 1459 2539 causas
1478 2506 1623 2547 ignorat.
1652 2516 1759 2549 quare
1775 2504 2138 2540 universalitertantis
2148 2509 2325 2542 aemmnis

1342 2564 1464 2590 natura
1489 2556 1642 2589 subiecta
1667 2555 1728 2590 sit.
1758 2556 1815 2587 sed
1842 2557 2001 2590 dot-trina
2022 2555 2196 2593 Ecclesiae
2221 2571 2324 2592 mon-

1341 2615 1423 2641 strat
1450 2618 1606 2645 causam,
1636 2606 1765 2639 scilieet
1784 2615 1960 2650 peccatum
1982 2608 2016 2641 in
2034 2609 2210 2644 omnihus.
2267 2609 2324 2644 ln-

1341 2666 1430 2691 terea
1458 2666 1571 2692 tamen
1599 2668 1680 2689 snus
1707 2658 1802 2689 loros
1829 2665 1876 2691 est
1903 2657 2064 2702 politicae
2088 2660 2264 2702 iustitiae,
2293 2669 2325 2696 et
