2409 2915
106 132 178 171 669
353 129 433 166 ΧΠ.
494 124 884 164 ANNOTATIONES
911 127 977 163 ET
1004 123 1285 163 CONCIONES
1314 126 1362 162 IN
1391 124 1572 167 EVANG.
1601 128 1880 167 MATTHAEI.
2048 131 2121 165 670

104 218 224 252 recitat
241 214 395 251 Etbnico
418 226 514 248 more
530 225 627 247 suam
643 212 892 257 precationem.
945 211 992 246 At
1009 214 1083 257 pias
1108 215 1112 231 ¹
1237 211 1306 245 Nec
1329 213 1452 247 sinatis
1470 215 1596 248 abduci
1615 227 1675 248 vos
1693 222 1724 249 et
1741 216 1915 249 dimoveri
1935 216 2120 250 diabolicis

105 275 238 302 mentes
262 277 294 300 et
316 277 498 300 conversas
517 265 560 296 ad
575 262 687 296 Deum
706 274 843 295 necesse
859 269 907 296 est
925 263 970 297 ita
988 264 1081 306 cogi·
1108 253 1110 296 ,Ι
1135 262 1328 306 praestigiis
1353 264 1395 295 ab
1422 262 1485 297 hac
1509 265 1649 298 salutari
1676 273 1706 299 et
1733 260 1912 299 verissiina
1932 264 2116 309 Evangelii

102 326 192 352 tare:
220 318 443 352 Severissima
461 322 492 348 et
508 313 738 347 immutabilis
755 313 824 346 Dei
842 313 1003 347 voluntas
1020 322 1080 352 est,
1106 322 1109 349 i
1134 312 1291 345 doctriua
1303 339 1311 352 ,
1339 314 1396 345 sed
1418 315 1617 347 assensione
1636 316 1831 349 firmissima
1849 317 2006 350 statuatis
2023 325 2116 352 certo

103 376 143 403 ut
173 369 375 401 invocemus
405 366 536 408 ipsum,
570 370 602 396 et
633 370 725 396 certo
754 363 828 396 vult
852 375 915 397 nos
937 371 1080 407 propter
1106 368 1109 389 ¹
1134 374 1195 396 vos
1230 363 1383 406 accipere
1405 371 1439 397 et
1463 362 1590 397 habere
1618 366 1857 399 remissionem
1883 375 2116 410 peccatorum,

102 419 213 452 filium
248 417 358 450 Iesum
387 413 588 451 Christum,
635 414 816 454 exaudire,
865 415 949 459 quin
990 413 1079 449 hauc
1106 413 1107 420 ¹
1133 421 1165 447 et
1183 414 1347 457 imputari
1369 415 1467 446 vobis
1484 415 1653 448 iustitiam
1672 423 1812 458 propter
1830 418 1994 450 meritum
2007 416 2114 451 Chri-

103 470 212 513 ipsam
234 468 279 501 ob
301 477 436 499 causam
461 464 607 497 tradidit
626 464 873 507 promissiones
893 476 989 507 suas,
1017 467 1078 498 ad-
1104 474 1106 511 j
1131 465 1194 504 sti,
1227 465 1315 497 sicut
1348 465 1496 498 affirmat
1520 463 1710 507 Propheta:
1746 465 1874 499 Livore
1906 468 1978 500 eius
2003 469 2113 501 sanati

102 520 176 553 dito
207 514 367 550 mandato
398 514 630 554 immutabili,
672 521 711 548 ut
742 516 942 555 credamus,
985 518 1077 561 quod
1131 526 1262 550 sumus,
1314 513 1385 547 Nec
1409 515 1591 559 patiamini
1618 516 1717 548 vobis
1741 516 1778 548 in
1803 513 1866 549 hac
1884 517 2042 550 doctrina
2063 525 2113 551 te—

99 575 183 602 ‘vere
199 567 281 600 velit
298 577 361 598 nos
378 565 553 599 exaudire.
588 563 778 611 Propterea
795 566 992 600 firmissime
1011 575 1079 600 sta-
1132 565 1256 598 nebras
1273 565 1421 598 offundi.

101 627 179 659 ΝΟ,
207 628 260 650 me
276 622 418 660 ΡῙὌΡῙΘΓ
433 612 614 648 Ch¹¹⁵t¹¹m
631 614 736 649 flDeO
755 617 929 657 exaudiri,
957 625 988 650 θῖ
1005 630 1078 650 cer-
1233 623 1303 656 lam
1330 621 1397 657 hoc
1418 636 1558 669 quoque
1582 625 1813 659 certissimum
1841 634 1872 660 et
1892 625 2114 669 irrefragabi-

99 668 228 702 tissime
266 678 339 699 non
377 666 520 703 inanes»
554 677 626 699 ¹101]
665 667 827 704 inutiles,
859 679 922 700 nec
959 667 1078 701 irritos
1132 674 1213 706 liter
1238 686 1358 706 verum
1384 681 1451 712 est,
1479 677 1571 719 quod
1599 677 1882 720 quandocunque
1904 677 1971 710 fide
1997 678 2115 710 conci-

98 729 170 751 esse
200 716 347 760 gemitus
376 724 408 750 et
436 717 605 749 Clamor&
627 728 732 751 meos·
794 714 872 750 0¹⁸0
895 718 996 750 eliam
1023 730 1078 750 ³¹·-
1131 725 1225 768 pitur
1241 731 1273 757 et
1291 721 1478 758 inchoatur
1495 725 1530 757 in
1544 726 1707 759 cordibus
1719 724 1802 759 haec
1817 727 2015 760 dulcissima
2030 739 2114 759 con-

97 768 262 802 delstibsss
293 767 402 808 votis,
435 774 473 800 ὓῑ
505 763 590 799 haec
617 767 716 800 initi-”¹
742 767 822 800 fidel
845 766 939 801 Deus
963 769 998 800 5¹¹
1023 780 1078 800 me
1103 786 1105 806 j
1130 774 1274 814 solatio,
1309 781 1400 807 certo
1424 774 1518 808 Deus
1549 777 1713 809 accendat
1743 783 1775 810 et
1800 778 1925 810 efficiat
1948 778 1985 809 in
2012 778 2115 810 nobis

97 819 294 857 confirmet,
318 817 614 862 quemadmodum
629 817 787 864 trepidus
805 817 863 849 ille
879 818 993 860 agnfffl
1010 819 1077 850 im·
1132 825 1237 857 vitam
1265 831 1297 857 et
1323 825 1489 858 laetitiam
1514 826 1787 870 acquiescentem
1814 828 1850 859 in
1874 827 2113 860 misericordia

95 868 283 902 becllllfflle
307 867 386 900 fidei
413 867 498 911 Ρθῐῖῑ
520 878 555 899 ⁵0
577 867 791 900 confirmffl'lss
821 866 935 901 Cl‘ssdo
952 867 1077 901 Domi-
1130 873 1214 913 Dei,
1248 882 1285 908 ut
1319 887 1440 908 omnes
1472 887 1551 908 vere
1576 874 1769 909 Christiani
1801 889 1860 910 seu
1887 878 2046 910 conversi
2069 880 2113 910 ad

97 932 160 957 lle,
188 920 245 952 sed
263 929 365 962 Opem
383 919 436 951 sel·
453 917 668 951 diffidentiae
687 929 794 951 meae·
1130 924 1243 957 Deum
1268 925 1423 959 sentiunt
1441 933 1472 959 et
1489 926 1734 969 experiuntur,
1761 927 1854 960 iuxta
1872 927 2023 961 dictum:
2055 927 2113 961 Iu-

296 1001 302 1008 .
330 1001 336 1008 .
439 1000 445 1007 .
626 1001 631 1008 .
656 1001 661 1008 .
754 1001 760 1008 .
982 1002 987 1008 .
1102 1003 1105 1009 ,
1130 975 1265 1008 stificati
1285 975 1350 1007 fide
1367 987 1485 1018 pacem
1502 974 1671 1010 habemus
1687 989 1765 1019 erga
1782 977 1908 1013 Deum.

106 999 268 1049 Quando
288 1006 481 1040 zeumalts,
506 1014 578 1035 non
595 1007 698 1043 Silis,
724 1006 816 1035 Sicut
833 999 1056 1049 hypocrcstze,
1102 1014 1105 1054 i

515 1056 635 1085 tristes
1233 1032 1475 1067 Veruntamen
1500 1034 1537 1067 in
1562 1032 1625 1068 hac
1642 1036 1713 1078 ipsa
1733 1036 1966 1070 vivificatione
1983 1048 2041 1070 seu
2058 1049 2113 1070 re-

457 1119 465 1126 ·
734 1119 740 1126 ⁸
951 1120 958 1126 .
1102 1105 1103 1129 3
1130 1084 1355 1125 generatione
1371 1091 1506 1126 oportet
1524 1085 1685 1117 fiduciam
1704 1086 1754 1118 tui
1769 1087 1883 1119 cordis
1895 1088 2114 1132 acquiescere

196 1120 352 1164 P⁰P¹¹¹¹¹⁵
368 1119 529 1152 ¹¹¹d³¹c¹¹⁵
546 1132 617 1152 ⁰⁰¹¹
635 1117 758 1152 h³b¹¹¹¹
774 1125 885 1152 “¹¹0⁵
900 1126 932 1152 εἴ
950 1131 984 1151 ¹¹¹
1003 1120 1075 1161 lege
1100 1142 1103 1154 ⁴
1131 1134 1165 1165 in
1189 1134 1260 1166 filio
1279 1132 1365 1177 Dei,
1393 1133 1547 1168 Domino
1575 1142 1693 1168 nostro
1710 1136 1786 1169 Iesu
1801 1135 1962 1176 Christo,
1990 1145 2022 1172 et
2040 1150 2112 1171 non

94 1171 214 1204 divina
250 1170 450 1214 praefinitos
482 1171 555 1202 dies
587 1170 732 1209 ieiunii,
767 1177 902 1212 praeter
930 1169 1075 1202 unicum
1101 1191 1103 1201 ι
1128 1195 1189 1217 sua
1208 1184 1383 1218 munditie
1400 1185 1452 1217 vel
1471 1185 1625 1219 novitate
1643 1186 1719 1219 nm·

94 1222 187 1254 diem
210 1221 384 1254 decimum
408 1220 545 1263 septimi
569 1219 717 1259 mensis,
745 1220 805 1263 qui
828 1220 1008 1253 dicebatur
1024 1221 1075 1252 se-

96 1278 186 1304 stum
219 1270 438 1314 expiationis.
504 1269 575 1312 Ipsi
610 1281 692 1302 vero
725 1270 956 1302 nominarunt
987 1270 1075 1301 ieiu-

93 1322 193 1354 nium
224 1319 471 1353 abstinentiam
503 1321 548 1352 ab
580 1319 677 1352 omni
703 1319 800 1358 cibo,
835 1330 894 1351 scu
920 1319 1073 1351 inediam

94 1371 249 1413 integrae
270 1370 358 1409 diei,
386 1369 419 1401 id
445 1376 514 1409 est,
541 1380 619 1401 cum
643 1379 786 1412 prorsus
809 1365 900 1400 nihil
922 1369 1075 1401 edebant

92 1428 190 1454 tanto
215 1420 380 1462 temporis
407 1419 612 1458 intervallo,
639 1424 810 1462 quantum
830 1425 880 1451 est
897 1430 915 1451 a
933 1430 1073 1461 vespere

92 1471 160 1504 diei
193 1469 430 1513 praecedentis
462 1480 571 1513 usque
600 1469 643 1501 ad
677 1479 852 1511 vesperam
886 1469 1073 1512 sequentis.

93 1521 161 1555 Sed
190 1518 367 1552 Pharisaei
399 1519 624 1552 cumularunt
655 1515 825 1551 humanas
857 1519 1074 1558 traditiones,

93 1579 124 1604 et
151 1571 270 1604 crebra
302 1569 431 1602 ieiunia
462 1575 708 1607 servaverunt,
743 1569 871 1613 quibus
899 1569 1072 1602 exercitiis

93 1621 339 1665 praedicabant
360 1631 394 1652 se
420 1620 611 1662 promereri
632 1619 784 1661 ingentia
806 1619 989 1656 beneficia,
1018 1631 1071 1652 re-

1229 1241 1325 1274 Haec
1349 1242 1423 1285 ipsa
1448 1243 1607 1276 doctrina
1633 1244 1811 1278 verissime
1834 1258 1898 1279 vox
1924 1254 1973 1281 est
1997 1258 2111 1279 sacro-

1129 1291 1239 1324 sancti
1262 1290 1462 1335 Evangelii,
1499 1304 1538 1325 ac
1567 1300 1706 1327 aeterna
1742 1302 1772 1328 et
1806 1296 1946 1330 immota
1975 1299 2112 1337 veritas,

1128 1353 1191 1374 nec
1214 1347 1264 1374 est
1287 1341 1474 1385 quicquam
1500 1343 1554 1375 vel
1579 1344 1802 1378 obscuritatis
1825 1347 1879 1378 vel
1902 1348 2111 1390 ambignita-

1127 1391 1192 1430 tis,
1226 1391 1280 1423 vel
1307 1390 1535 1431 insidiarum,
1571 1394 1626 1426 vel
1651 1392 1857 1437 sophistices
1883 1397 1918 1429 in
1942 1395 2005 1429 hac
2031 1409 2111 1429 sen-

1128 1441 1256 1481 tentia,
1289 1453 1394 1485 quam
1425 1443 1597 1477 recensui.
1659 1443 1780 1489 ltaque
1813 1454 2012 1480 constanter
2036 1459 2110 1480 earn

1127 1491 1380 1535 amplectimini
1412 1499 1446 1525 et
1471 1494 1634 1532 retinete,
1668 1507 1732 1528 nec
1755 1495 1859 1529 siuite
1884 1508 1944 1530 vos
1973 1504 2110 1541 pertur-

1127 1542 1201 1574 bari
1223 1554 1261 1574 ac
1277 1542 1524 1576 circumveniri
1541 1544 1661 1578 offusis
1677 1546 1815 1579 nebulis
1832 1559 1870 1580 ac
1889 1547 2109 1591 corrupteli5‚

1127 1592 1179 1623 vel
1211 1604 1228 1624 a
1254 1591 1366 1635 Papa,
1400 1593 1452 1625 vel
1476 1606 1495 1626 a
1520 1592 1723 1633 Monachis,
1759 1597 1812 1628 vel
1836 1598 1879 1629 ab
1906 1597 2110 1640 Augustana

130 1672 136 1678 ,
177 1671 184 1678 ,
690 1669 696 1675 .
774 1669 780 1675 .
985 1669 992 1675 .
1098 1676 1099 1681 ,
1126 1639 1311 1686 Sphynge,
1338 1642 1393 1674 cui
1417 1655 1546 1676 nomen
1572 1651 1621 1678 est
1640 1642 1814 1684 Interim,
1843 1647 1896 1679 vel
1919 1658 1936 1679 a
1963 1648 2108 1691 quibus-

91 1682 293 1728 missronem
326 1677 564 1712 peccatorum,
603 1675 635 1702 et
663 1675 798 1712 pietatis
823 1680 861 1701 ac
883 1676 1072 1702 sanctimo-
1126 1693 1205 1724 dam
1235 1692 1574 1735 praestigiatoribus'
1608 1695 1667 1739 qui
1700 1707 1792 1729 nunc
1822 1696 1919 1730 velut
1943 1709 1983 1729 ex
2007 1705 2108 1731 amm

90 1734 168 1754 '¹¹⁰²
184 1726 408 1753 'mmmmm'
449 1769 456 1775 .
477 1768 485 1774 .
744 1769 752 1775 .
943 1768 950 1775 .
977 1769 984 1775 .
1041 1768 1049 1775 .
1096 1735 1099 1777 ἑ
1126 1738 1335 1784 Trophonio
1353 1743 1563 1786 prodeuntes
1580 1744 1735 1778 iactitant
1753 1757 1788 1779 se
1805 1758 1894 1780 nova
1916 1748 2017 1781 nobis
2033 1760 2110 1785 mv-

193 1770 302 1802 Porro
326 1780 388 1801 vos
411 1776 504 1800 scitis
527 1780 566 1800 ex
583 1766 795 1811 Evangelio,
820 1768 916 1801 nulla
942 1781 1070 1801 ieiunia
2069 1787 2078 1793 -

88 1822 162 1854 sive
187 1820 357 1852 divinitus
383 1819 562 1856 mandata,
590 1819 663 1850 sive
683 1819 725 1850 ab
744 1816 948 1851 hominibus
966 1819 1070 1851 electa
1096 1822 1098 1838 '¹
1124 1798 1227 1824 εἴπω
1244 1792 1474 1835 patefdcturos
1491 1805 1572 1827 (ἔθεθ’

89 1880 122 1904 et
154 1870 383 1914 praescripta,
419 1868 543 1900 mereri
571 1869 809 1901 remissionem
839 1875 1069 1911 peccatorum.

91 1920 165 1954 Imo
195 1927 281 1954 tetra
313 1927 345 1952 et
373 1916 556 1951 horribilis
579 1916 793 1961 blasphemia
816 1926 882 1959 est,
914 1919 1070 1951 tribuere

88 1970 181 2004 hunc
200 1982 374 2004 summum
391 1966 580 2008 honorem,
609 1975 640 2001 et
658 1968 722 2001 soli
741 1966 881 2002 Christo
900 1969 1070 2009 debitum,

88 2021 216 2054 nostris
240 2020 425 2063 operibus,
453 2018 577 2051 ritibus
599 2030 637 2052 ac
663 2018 850 2058 exercitiis,
878 2020 972 2063 quod
999 2019 1068 2052 sint

88 2072 209 2104 merita
234 2069 448 2103 remissionis
472 2076 708 2111 peccatorum,
735 2076 793 2102 aut
816 2070 908 2114 quod
926 2069 994 2101 sint
1014 2069 1067 2101 iu-

87 2121 179 2154 stitia
203 2132 319 2153 coram
344 2118 436 2161 Deo,
464 2130 584 2150 verum
612 2116 668 2151 hic
695 2116 807 2151 honos
831 2120 993 2162 proprius
1017 2126 1066 2152 est

87 2170 149 2204 filii
174 2171 237 2205 Dei
260 2168 403 2203 Domini
429 2168 537 2200 nostri
565 2167 639 2200 lesu
662 2166 814 2209 Christi,
840 2170 938 2202 cuius
962 2170 1067 2202 unius
1224 2165 1382 2201 Primum
1404 2168 1586 2202 sciendum
1610 2178 1675 2211 est,
1703 2183 1774 2205 non
1792 2174 1980 2216 praescribi
1999 2177 2105 2209 ullam

87 2221 285 2254 obedientia
311 2218 436 2251 meruit
460 2218 560 2249 nobis
579 2219 817 2250 remissionem
836 2227 1068 2261 peccatorum,
1092 2225 1095 2258 ζ
1121 2216 1334 2250 ieiuniorum
1358 2219 1526 2260 formam,
1553 2227 1613 2254 aut
1635 2223 1777 2255 modum
1801 2224 2043 2259 exercitiorum
2066 2227 2104 2260 in

86 2272 272 2307 iustitiam„
305 2269 530 2301 donationem
554 2266 707 2309 Spiritus
730 2268 860 2308 sancti,
888 2275 918 2301 et
946 2267 1066 2301 haere-
1092 2266 1093 2275 ¹
1119 2266 1332 2310 Evangelio,
1375 2270 1433 2302 sed
1462 2270 1613 2304 liberum
1639 2283 1710 2304 esse
1737 2273 1881 2307 cuilibet
1905 2282 1937 2309 ct
1963 2287 2103 2311 conces„

85 2322 228 2358 (litatem
254 2321 344 2353 vitae
366 2326 536 2352 aeternae.
590 2317 633 2350 151
658 2316 747 2350 hanc
772 2320 881 2361 ipsam
898 2319 1066 2361 amplitu-
1119 2329 1194 2349 sum
1229 2330 1306 2350 cum
1340 2321 1530 2363 prandere,
1565 2327 1637 2353 tum
1669 2334 1833 2361 coenare,
1868 2336 1906 2357 ac
1932 2327 2021 2359 vesci
2047 2328 2103 2360 vel

85 2372 202 2406 dinem
235 2371 365 2413 gratiae
393 2380 450 2401 seu
483 2368 741 2400 misericordiae
766 2369 906 2400 dixiuae
929 2381 1065 2402 necesse
1091 2387 1092 2390 =
1119 2368 1300 2409 carnibus,
1337 2370 1390 2402 vel
1420 2371 1593 2413 piscibus,
1629 2371 1681 2403 vel
1708 2372 1884 2414 oleribus,
1921 2377 1974 2408 vel
1998 2378 2103 2420 rapis,

32 2446 37 2450 .
85 2432 133 2458 est
156 2437 173 2457 a
197 2422 298 2455 nobis
320 2417 536 2462 apprehendi
552 2425 585 2451 et
601 2418 708 2461 accipi
727 2419 797 2451 sola
812 2419 896 2458 fiae,
925 2420 1064 2463 acquie-
1118 2418 1171 2450 vel
1194 2419 1462 2464 quibuscunque
1486 2420 1573 2453 cibis
1590 2421 1677 2460 frui,
1703 2422 1875 2457 divinitus
1893 2426 2018 2470 cuique
2038 2429 2101 2460 da-

85 2481 197 2508 scente
223 2473 258 2505 iu
283 2470 474 2503 mediatore
501 2466 654 2501 Domino
680 2477 798 2501 nostro
818 2468 891 2501 lesu
911 2467 1063 2504 Christo.
1087 2469 1092 2504 Ι
1116 2468 1160 2501 tis
1176 2475 1207 2502 et
1223 2469 1360 2503 oblatis.
1397 2469 1528 2503 Verum
1545 2471 1579 2502 in
1596 2482 1720 2513 genere
1737 2476 1965 2517 temperantia
1982 2479 2100 2510 omni-

85 2521 199 2558 Huius
231 2519 420 2555 firmissimi
448 2519 668 2552 fundamenti
695 2519 790 2551 nulla
816 2531 879 2552 uos
907 2532 1060 2564 unquam
1118 2519 1180 2551 bus
1206 2517 1409 2553 hominibus
1433 2528 1481 2554 est
1506 2529 1706 2565 praecepta,
1733 2535 1874 2556 servans
1893 2526 1989 2558 omni
2010 2533 2099 2561 tem-

84 2575 192 2618 tapiat
212 2572 361 2610 oblivio,
390 2570 447 2602 sed
475 2569 548 2601 eius
573 2570 775 2602 memoriam
802 2576 968 2613 perpetuo
993 2571 1060 2602 cir-
1117 2581 1198 2611 pore
1223 2572 1366 2603 modum
1392 2570 1427 2603 in
1453 2571 1531 2604 cibo
1554 2578 1585 2604 et
1614 2579 1714 2614 potu,
1742 2575 2007 2609 convenientem
2034 2591 2098 2611 na-

83 2624 311 2658 cumferamus
335 2619 482 2657 animis,
509 2630 576 2664 qua
599 2621 641 2652 de
663 2631 699 2653 re
724 2632 783 2653 vos
803 2620 1059 2653 commonelieri
1115 2626 1212 2653 turae
1246 2632 1447 2664 corporum.
1514 2621 1572 2655 Sic
1613 2622 1686 2665 ipse
1717 2623 1896 2658 Dominus
1926 2629 2099 2672 praecipit

81 2683 324 2719 saepenumero
342 2669 481 2706 auditis,
1115 2669 1227 2704 Lucae
1241 2672 1320 2706 21.:
1348 2671 1548 2713 Attendite,
1577 2684 1618 2705 ne
1641 2682 1830 2716 graventur
1852 2678 1956 2711 corda
1982 2686 2097 2713 vestra

1225 1848 1375 1883 Occurri
1393 1858 1508 1884 autem
1525 1852 1629 1885 nobis
1641 1860 1672 1887 et
1688 1855 1806 1897 quaeri
1820 1852 1974 1889 hocloco
1988 1863 2110 1900 potest,

1124 1911 1231 1943 quare
1254 1900 1384 1933 ieiunia
1410 1913 1481 1933 non
1509 1914 1650 1945 prorsus
1668 1904 1913 1947 improbentur
1931 1903 1988 1939 hic
2006 1914 2039 1941 et
2054 1919 2110 1940 re-

1123 1950 1306 1989 iiciantur,
1334 1959 1365 1984 et
1381 1963 1442 1983 cur
1459 1952 1549 1986 dicat
1561 1951 1745 1986 Christus:'
1765 1953 1853 1987 Cum
1871 1955 2028 1990 ieiunare
2044 1969 2109 1991 vo-

1123 2000 1191 2040 les,
1219 1997 1429 2034 bilaritatem
1451 2002 1567 2035 vultus
1585 2010 1616 2036 et
1634 2004 1816 2037 oculorum
1836 2017 1918 2052 prae
1937 2014 1968 2040 te
1984 2008 2084 2043 seras,

1503 2109 1719 2140 Respondeo.
