2409 2915
189 76 283 111 2111

303 157 355 194 Ut
379 168 462 203 ergo
488 153 603 189 dixit:
637 150 725 198 Ego
746 162 847 195 sum,
881 147 1064 183 abierunt.

292 234 339 268 Et
361 233 430 265 vim
454 229 647 264 humanam
670 225 763 261 nihil
782 237 899 271 posse,
925 224 1041 259 statim
1060 222 1177 256 decla-

192 294 261 327 rat,
295 296 374 318 cum
400 283 508 315 verbo
532 279 656 314 sternit
679 278 878 312 universam
903 273 1104 314 cohortem,
1130 274 1178 306 sic

192 345 224 371 et
250 335 358 369 verbo
384 332 586 367 confirmari
612 341 750 363 necesse
775 334 826 361 est
844 334 1044 360 sanctorum
1060 325 1179 365 corda,

192 395 229 422 ut
249 386 422 424 sentiant,
449 396 483 417 se
501 382 576 416 Deo
595 387 753 425 acceptos
773 390 863 419 esse,
891 384 924 411 et
942 377 1021 410 illos
1039 386 1179 408 casuros

192 450 264 472 esse
286 435 420 470 tametsi
439 430 657 477 triumphare
677 431 873 463 videantur.
925 427 1107 461 Praeterea
1122 423 1179 459 hic

192 500 332 535 quoque
358 486 518 520 sublevat
538 482 750 522 imbecilles,
777 492 855 514 cum
874 487 969 513 cavet
987 477 1180 522 Apostolis,

192 547 231 573 ut
246 538 488 574 dimittantur,
517 541 555 568 ut
571 533 739 573 sciamus,
766 543 838 564 non
854 542 925 564 esse
943 540 1047 574 penes
1066 526 1181 561 hostes

193 590 263 623 vim
290 589 432 625 afferre,
461 587 519 620 sed
545 596 650 630 penes
675 590 807 628 patrem
832 593 922 622 esse,
949 580 1009 626 qui
1036 591 1098 623 pro
1120 590 1181 611 sua

192 638 434 674 misericordia
465 644 539 671 tum
573 637 714 668 demum
747 632 867 666 obiicit
897 643 977 665 suos
1011 628 1182 670 hostibus,

194 704 272 724 cum
291 690 430 723 videtur
447 689 524 732 ipsi.

397 794 509 831 JlIille
529 791 703 840 gladium
727 793 766 826 in
790 790 978 837 saginam.

296 874 420 918 Quid?

195 928 282 960 iusta
323 925 565 958 inserebatur?

195 977 286 1011 tueri
310 974 484 1009 alterum?
535 973 766 1016 Respondeo:
795 969 927 1003 Gladio
943 969 993 1002 1111
1013 980 1085 1001 non
1104 968 1184 1000 licet

472 874 607 906 Annon
630 870 729 904 licuit
753 868 842 902 tueri
861 879 960 906 eum,
988 867 1042 899 cui
1061 866 1112 898 vis
1130 865 1182 899 in-

627 921 758 955 Nonne
792 930 880 961 opus
910 916 1090 951 charitatis
1122 924 1183 960 est,

195 1181 242 1213 cix
255 1180 356 1213 itatis.
394 1178 518 1218 Porro,
540 1183 677 1220 praeter
693 1173 783 1208 hanc
802 1173 1066 1207 ordinationem
1082 1183 1186 1204 usur-

195 1242 278 1273 pare
311 1230 467 1273 gladium
503 1235 551 1261 est
576 1228 708 1260 violare
730 1225 888 1259 divinam
912 1223 1186 1257 ordinationem.

196 1281 273 1315 Hoc
313 1288 383 1321 est,
424 1292 488 1312 cur
523 1277 581 1312 hic
611 1278 736 1311 Petrus
765 1272 1040 1320 reprehenditur
1069 1273 1186 1317 gladio

196 1339 376 1375 usurpato.
429 1328 490 1364 Est
515 1330 608 1362 enim
629 1325 757 1362 Mnuh.
773 1325 907 1360 XXVI.
927 1323 1086 1359 adhibita
1102 1322 1188 1357 haec

197 1383 301 1416 ratio:
331 1380 467 1415 Omnes
484 1381 543 1426 qui
561 1380 716 1421 gladium
733 1383 955 1419 acceperunt,
977 1376 1095 1418 gladio
1110 1386 1186 1417 per·-

198 1434 319 1472 ibunt,
355 1433 388 1465 id
424 1438 493 1469 est,
531 1431 590 1475 qui
618 1430 682 1472 ipsi
708 1433 881 1470 usurpant
906 1433 1042 1470 praeter
1068 1425 1187 1467 legiti-

197 1496 288 1516 mam
313 1482 596 1518 ordinationem,
625 1492 696 1512 non
718 1478 828 1511 vocati
850 1490 867 1509 a
887 1476 981 1515 Deo,
1009 1483 1189 1508 merentur

197 1534 313 1577 gladio
346 1533 477 1573 occidi,
510 1530 737 1576 quantumvis
765 1528 853 1560 iusta
883 1539 982 1559 causa
1008 1527 1070 1564 sit,
1106 1538 1188 1570 pro-

197 1583 311 1629 phana
337 1586 410 1617 sive
434 1594 549 1620 sacra,
577 1594 650 1614 non
678 1587 725 1613 est
753 1579 953 1613 discrimen.
1009 1577 1088 1611 Non
1109 1577 1187 1609 licet

198 1636 352 1677 gladium
394 1645 565 1678 usurpare
597 1639 733 1677 praeter
766 1630 956 1671 legitimam
994 1628 1190 1661 ordinatio-

199 1699 289 1720 nem.
346 1686 404 1720 Sic
429 1682 624 1728 Prophetae
653 1682 781 1715 mortui
808 1688 906 1719 sunt,
945 1692 1007 1713 nec
1033 1679 1188 1723 gladium

199 1738 436 1780 usurpabant,
465 1746 667 1781 quanquam
689 1734 741 1765 vis
759 1732 933 1765 afferetur.

225 1852 407 1896 Calicem,
434 1865 536 1901 quem
559 1848 653 1885 mihi
673 1848 771 1884 dedit
789 1854 912 1897 pater,
941 1861 1012 1882 non
1036 1847 1087 1881 vis
1106 1852 1166 1884 etc,

303 1931 405 1965 Fides
430 1931 555 1967 efficit,
584 1936 622 1961 nt
646 1927 838 1960 vindictam
860 1927 936 1959 Deo
963 1925 1190 1966 resignemus.

203 1982 293 2023 Quia
312 1983 404 2015 enim
423 1981 582 2014 sentiunt
601 1978 711 2011 sanc-ti
725 2003 733 2015 ‚
763 1989 797 2009 se
817 1977 909 2009 bona
927 1976 1110 2009 voluntate
1128 1976 1190 2009 Dei

202 2033 293 2076 pati,
318 2040 349 2066 et
373 2032 408 2065 in
433 2029 500 2065 hoc
527 2030 659 2074 positos
680 2039 751 2061 csse
772 2034 809 2060 111
828 2027 1026 2071 patiantur,
1054 2039 1125 2059 nou
1144 2033 1191 2060 est

203 2084 250 2116 eis
267 2083 488 2116 commissum
508 2089 543 2114 ut
562 2080 741 2113 vindicent
758 2091 811 2118 se,
840 2079 918 2110 ideo
937 2078 1108 2110 voluntati
1128 2076 1191 2111 Dei

203 2136 466 2177 obtemperant,
494 2133 545 2165 illi
565 2132 696 2166 cedunt
713 2130 904 2163 vindictam
923 2135 953 2162 et
974 2129 1194 2162 fortitudinis

203 2185 367 2226 gloriam.
403 2185 490 2217 sicut
515 2183 606 2217 Psal.
635 2180 780 2215 LVUL:
817 2179 893 2221 Ego
918 2181 1066 2213 cantabo
1093 2180 1194 2214 sorti-

204 2236 363 2268 tudiuem
391 2243 482 2268 tuam
503 2243 566 2269 etc.
624 2232 672 2267 lta
699 2233 783 2266 fides
806 2231 929 2274 efficit,
955 2238 992 2264 111
1011 2244 1093 2264 crux
1114 2232 1192 2264 dul-

204 2294 330 2324 cescat.
359 2287 594 2331 <internusque
619 2286 785 2317 adversus
808 2295 949 2315 omnem
970 2282 1039 2314 vim
1059 2290 1194 2316 creatu-

326 2337 362 2369 Si
383 2337 467 2369 desit
490 2338 589 2375 sides,
618 2337 689 2368 sieri
709 2347 780 2368 non
800 2340 912 2379 potest
930 2333 1016 2379 quin
1035 2345 1194 2366 sussum-

331 2389 388 2421 Sic
416 2400 496 2428 ergo
525 2389 570 2420 ait
595 2385 775 2419 Christus:
806 2385 977 2421 Calicem,
1006 2397 1108 2429 quein
1135 2385 1194 2416 111--

206 2441 255 2472 «tit
283 2437 368 2471 1111111
398 2446 512 2482 pati-r,
547 2452 616 2471 111111
642 2439 693 2470 vis
721 2444 754 2469 nt
781 2437 920 2475 bibam,
958 2436 990 2469 id
1017 2443 1084 2472 est.
1113 2436 1193 2481 qnia

205 2351 272 2370 rae.

205 2391 276 2422 lias.

206 2498 298 2523 «erto
324 2490 392 2522 scio
419 2503 472 2521 1111·
493 2503 508 2520 a
529 2488 601 2520 1)1-11
622 2496 781 2521 voratum
803 2500 874 2519 esse
892 2488 932 2519 ad
952 2485 1013 2520 lias
1034 2487 1194 2520 afflictiu-

1082 2537 1195 2574 pt'lt‘t·,
1221 2531 1223 2584 i

209 2592 378 2623 uoluntati
403 2592 462 2623 Ι)1·1
489 2591 637 2629 resistis,
663 2603 740 2622 cuni
765 2601 904 2630 arrogas
923 2590 983 2622 11111
1006 2590 1056 2622 iiis
1077 2589 1193 2621 1111111-
1222 2592 1223 2599 ’

206 2650 298 2679 ctae,
330 2645 422 2687 qnod
443 2643 539 2674 atis—ri
559 2642 716 2675 debu—tor.

208 2554 285 2578 nes,
326 2542 506 2573 sustin-duo
540 2540 753 2572 voluntatem
792 2539 875 2575 nvi.
919 2546 946 2569 1-1
984 2547 1039 2573 tu.

785 65 910 101 PHlL.
938 62 1054 98 MEL.
1078 60 1287 97 SCRtPTA
1314 59 1613 96 EXEGET1CA.

195 1028 261 1061 nisi
282 1027 438 1069 legitimo
458 1024 636 1069 potestati,
664 1022 746 1067 quia
763 1021 829 1054 soli
848 1021 1070 1062 magistratus
1087 1018 1185 1052 ordi·

195 1079 339 1111 natione
366 1077 485 1110 divina
511 1081 637 1119 gerunt
662 1073 836 1116 gladium,
862 1070 968 1106 Rom.
985 1069 1085 1103 Xlll.
1138 1067 1186 1103 Et

198 1130 231 1161 iu
261 1129 335 1171 lege
363 1139 499 1171 semper
522 1126 670 1165 dicitur,
705 1125 832 1157 ducere
857 1134 936 1154 eum
963 1123 1004 1154 ad
1032 1121 1185 1154 seniores

2115 67 2211 102 1212

1383 144 1470 192 Ego
1491 144 1622 193 palam
1645 145 1786 181 locutus
1810 159 1891 182 sum
1911 147 2060 185 mundo.

1331 221 1410 256 Hoc
1442 222 1508 255 sibi
1539 222 1647 256 sumit
1672 224 1849 265 mundus,
1883 231 1923 258 ut
1949 225 1993 259 de
2017 226 2124 260 verbo
2148 225 2215 261 Dei

1232 273 1378 315 iudicet,
1422 285 1500 307 cum
1531 280 1648 306 tamen
1681 275 1826 308 verbum
1856 274 1923 309 Dei
1953 276 2124 310 rationem
2159 277 2216 311 iu-

1232 325 1334 366 dicet,
1363 331 1394 358 et
1410 323 1562 357 vicissim
1581 336 1598 356 a
1618 323 1753 358 ratione
1769 325 1916 360 iudicari
1932 337 2004 361 non
2025 328 2145 371 possit.
2164 346 2216 354 —-

1232 375 1306 417 Ego
1339 375 1377 408 in
1409 374 1579 408 iudicium
1613 374 1712 415 veni,
1761 375 1796 409 id
1830 384 1897 418 est,
1946 384 1985 411 ut
2016 378 2090 422 ipse
2122 379 2217 413 iudi-

1234 438 1326 467 cem,
1361 437 1433 459 non
1464 432 1503 459 ut
1532 425 1679 459 iudicer.
1746 424 1876 469 Porro,
1911 428 1992 473 quia
2016 440 2088 462 non
2117 430 2216 464 adse-

1234 477 1356 523 quitur
1379 477 1527 510 νει-1111111
1551 476 1662 515 ratio,
1688 475 1768 510 ideo
1793 478 1947 514 damnat.
1999 477 2045 513 Et
2068 477 2126 514 hic
2142 480 2219 514 An-

1235 540 1297 561 nas
1330 527 1428 572 prius
1457 528 1621 569 damnat,
1663 538 1766 572 quam
1800 527 1974 562 invenerit
2003 530 2086 577 quid
2118 543 2220 565 accu-

1235 586 1305 618 set,
1339 590 1444 623 quam
1478 575 1603 612 babeat
1635 578 1694 623 qui
1726 578 1956 612 testificentur
1984 580 2026 613 de
2049 582 2222 620 doctrina,

1236 630 1294 664 Sic
1314 629 1428 663 solent
1447 629 1567 674 impii,
1591 636 1630 663 ut
1648 630 1816 663 damnent
1833 641 1922 675 quae
1938 641 2010 663 non
2027 633 2222 674 cognorint,

1236 692 1301 713 nec
1318 680 1440 714 audire
1457 691 1532 721 eos,
1559 681 1618 725 qui
1637 681 1679 713 de
1697 680 1858 714 doctrina
1877 680 2114 717 testificentur.
2167 683 2224 717 Si-

1237 737 1294 765 cut
1321 738 1354 765 et
1370 730 1455 766 Saul
1474 731 1650 765 interemit
1668 728 1876 764 Abimelech
1894 743 1965 764 non
1986 731 2164 773 auditum,
2191 741 2224 768 et

1240 780 1395 814 loachim
1421 779 1633 826 Proplietam
1658 782 1802 819 Uriam,
1837 782 1948 815 silium
1975 781 2111 822 semei,
2137 782 2224 817 Hic-

1239 844 1325 865 rem.
1348 831 1481 865 XXVI.
1547 831 1605 866 Sic
1638 831 1734 867 Hier.
1758 831 1895 866 letl.
1925 833 2057 877 inquit:
2101 832 2226 868 Venite

1239 883 1473 926 percutiamus
1497 895 1576 916 eum
1598 883 1738 927 lingua,
1766 890 1797 916 et
1824 895 1896 915 non
1922 883 2144 917 attendamus
2165 891 2226 921 etc.

1238 933 1297 968 Sic
1320 934 1523 977 praecipitat
1543 933 1650 967 Satan
1674 933 1864 978 impiorum
1884 934 1988 967 corda
2007 933 2132 978 spiritu
2150 947 2228 969 ver-

1239 984 1368 1027 tiginis.
1421 983 1500 1018 Huc
1518 985 1667 1029 pertinet
1683 986 1776 1030 quod
1799 982 1854 1017 bic
1866 983 2028 1018 Christus
2044 985 2106 1019 ait:
2136 984 2228 1029 Quia

1241 1036 1354 1079 palam
1382 1035 1520 1070 locutus
1543 1048 1641 1077 sum,
1669 1036 1747 1069 ideo
1772 1036 1956 1079 oportebat
1982 1041 2014 1068 te
2039 1037 2162 1070 audire
2179 1044 2231 1070 te—

1240 1086 1430 1120 stificantes
1455 1087 1498 1119 de
1525 1087 1653 1127 verbo,
1681 1095 1711 1120 et
1740 1095 1857 1130 postea
1875 1087 2041 1122 indicare.
2096 1087 2230 1120 Verum

1240 1137 1448 1186 prinsquam
1483 1139 1535 1178 vel
1563 1138 1648 1170 scias
1676 1138 1759 1182 quid
1789 1140 1950 1176 damnes,
1985 1137 2039 1170 vel
2067 1138 2232 1177 audieris,

1241 1189 1300 1233 qui
1328 1200 1408 1221 vere
1430 1189 1473 1221 de
1499 1189 1607 1221 verbo
1628 1189 1801 1222 testificari
1820 1189 1951 1232 possint
1966 1215 1974 1229 ‚
2001 1189 2160 1222 occidere
2177 1200 2232 1221 me

1242 1239 1438 1274 decrevisti.
1492 1237 1735 1283 Reprcliendit
1760 1240 1877 1284 itaque
1900 1241 1992 1284 quod
2017 1241 2160 1273 damnet
2177 1240 2231 1272 in·

1242 1297 1440 1333 comperta,
1476 1297 1508 1323 et
1539 1291 1614 1323 sine
1637 1291 1801 1330 testibus,
1836 1291 1869 1323 id
1897 1292 1990 1336 quod
2018 1302 2156 1324 necesse
2181 1298 2231 1325 est

1242 1341 1399 1373 accidere
1415 1341 1598 1381 omnibus,
1627 1342 1686 1386 qui
1705 1348 1936 1375 contemnunt
1953 1340 2197 1385 Evangelium.

1329 1439 1374 1474 Si
1398 1439 1494 1473 male
1519 1439 1660 1474 locutus
1686 1453 1786 1481 sum,
1823 1440 2071 1475 testimoninm
2094 1447 2155 1477 etc.

1346 1507 1424 1541 lloc
1446 1508 1521 1540 loco
1542 1515 1642 1547 sunt,
1671 1508 1730 1552 qui
1750 1508 2013 1542 calumniantur
2031 1505 2235 1550 liostoriam,

1244 1559 1338 1604 quod
1372 1556 1536 1592 Christus
1576 1558 1824 1592 inclementius
1865 1566 1985 1592 tractet
2024 1559 2235 1593 ministrum.

1244 1609 1479 1654 Respondeo,
1529 1622 1711 1655 nunquam
1750 1610 1898 1654 probare
1930 1610 2030 1645 debet
2070 1611 2235 1645 iniustam

1245 1674 1382 1694 causam
1409 1661 1569 1705 quisquis
1589 1661 1739 1705 patitur,
1768 1661 1825 1693 sed
1849 1661 2050 1695 instandum
2068 1669 2135 1702 est,
2173 1675 2235 1706 op-

1248 1720 1399 1757 portune
1419 1712 1621 1756 importune
1642 1712 1846 1755 increpandi
1865 1720 1957 1752 sunt,
1984 1713 2043 1758 qui
2065 1713 2134 1746 vim
2154 1713 2237 1746 alle-

1246 1771 1340 1797 runt.
1396 1761 1541 1796 Interim
1570 1771 1686 1796 antem
1713 1771 1847 1806 oportet
1870 1771 2030 1807 paratum
2048 1771 2238 1807 expectare,

1247 1814 1415 1860 quicquid
1438 1815 1569 1848 illaturi
1589 1815 1656 1847 siut
1679 1812 1811 1850 hostes,
1841 1815 1927 1848 sicut
1948 1823 1978 1849 et
2003 1812 2059 1848 liic
2077 1812 2239 1849 Christus

1247 1873 1339 1900 certe
1365 1866 1517 1899 obvertit
1543 1866 1686 1899 alteram
1713 1865 1910 1906 maxillam,
1945 1874 1975 1900 et
2001 1874 2117 1899 tamen
2146 1866 2236 1899 iniu-

1246 1924 1333 1951 stam
1353 1929 1490 1949 causam
1510 1929 1580 1949 nou
1604 1917 1740 1961 probat.

1333 2009 1386 2043 Et
1412 2009 1486 2055 ipsi
1511 2021 1582 2041 non
1610 2009 1830 2042 introierunt
1857 2009 1893 2042 in
1918 2009 2155 2056 praetorium.

1352 2077 1589 2111 Sanctifiratio
1616 2089 1695 2110 vera
1716 2084 1782 2114 est.
1811 2078 1911 2111 cuius
1929 2090 2032 2120 supra
2054 2078 2187 2112 mentio
2205 2079 2238 2112 111

1251 2129 1408 2174 proxime
1438 2129 1569 2172 capite,
1616 2141 1695 2161 cum
1733 2129 1860 2162 seilicet
1898 2137 1996 2177 pater
2028 2131 2132 2162 corda
2169 2130 2241 2173 ipse

1251 2188 1413 2225 usurpat,
1443 2187 1479 2213 111
1505 2187 1648 2212 renovet
1674 2187 1706 2212 et
1726 2179 1902 2213 illuminet
1921 2180 2121 2223 cognitione
2137 2178 2241 2214 Chri-

1249 2232 1304 2266 sti.
1361 2230 1460 2264 llanc
1483 2231 1794 2264 s;.nctificaiimmn
1819 2244 1888 2265 111111
1907 2231 2060 2273 agnoscit
2082 2244 2182 2268 caro.
2211 2240 2241 2265 et

1251 2283 1562 2316 sanctificationem
1581 2283 1758 2327 quandam
1780 2283 1954 2315 carnalem
1972 2283 2146 2326 concipit.
2175 2296 2241 2328 qna

1251 2348 1266 2366 a
1293 2335 1380 2366 ciliis
1405 2334 1642 2377 quibusdum,
1670 2345 1856 2374 congressu
1883 2335 2106 2379 quorundam
2129 2332 2242 2366 homi-

1252 2397 1337 2418 num
1354 2386 1516 2423 abstinet,
1543 2391 1571 2416 et
1593 2386 1891 2429 quemadmodum
1910 2393 1940 2418 ct
1961 2384 2014 2418 liic
2029 2383 2146 2417 ludaei
2163 2386 2240 2418 abs-

1253 2437 1363 2470 tinent
1394 2447 1581 2477 congressu
1609 2436 1786 2477 gentium,
1815 2437 1898 2468 dum
1920 2443 2043 2478 parant
2062 2444 2091 2468 ct
2114 2437 2241 2469 sancti·

1253 2489 1352 2521 sumni
1378 2501 1411 2519 s«-
1437 2489 1477 2519 ad
1504 2488 1680 2520 edendum
1709 2483 1855 2530 pasclin.
1885 2494 1912 2519 ct
1941 2487 1999 2531 qui
2026 2484 2086 2519 tuac
2114 2487 2240 2520 sancti-

1252 2539 1411 2570 tua-iinm-
1436 2539 1566 2573 sidunt.
1597 2551 1666 2570 non
1692 2545 1832 2580 possunt
1865 2551 1935 2570 111111
1962 2536 2240 2583 pers-*quiCliri-

1253 2598 1355 2623 stilio.
1414 2587 1542 2634 Estque·
1569 2587 1623 2621 1111·
1646 2590 1884 2633 propositum,
1914 2590 2112 2622 cuiusmodi
2132 2602 2240 2633 popu-

1253 2641 1303 2672 lus
1332 2648 1559 2685 persequatur
1586 2638 1785 2673 Christian.
1824 2653 1948 2684 nempe
1976 2641 2019 2677 is.
2055 2641 2114 2685 qui
2140 2641 2241 2673 iusti-
