2409 2915
60 120 133 158 225
595 117 676 153 ΧΠ.

173 205 313 239 Primus
332 205 428 238 locus
443 209 498 237 est
511 204 554 236 de
573 202 736 236 coecitate
751 199 903 235 humana
916 228 924 240 ,
959 212 1046 244 quae

66 256 156 300 sugit
189 268 346 296 crucem,
379 262 413 289 et
434 255 477 287 de
491 251 634 287 Christo
663 259 697 286 et
720 253 763 285 de
785 250 939 284 Ecclesia
964 263 1046 294 pro-

66 314 143 351 pter
162 318 298 339 crucem
323 317 419 338 secus
444 304 586 339 iudicat.
639 303 737 337 Sicut
754 302 915 346 Apostoli
938 309 968 335 et
989 301 1071 334 lu-

66 357 144 390 daei
162 357 386 400 expectabant
403 354 589 394 Messiaw,
624 354 684 398 qui
708 354 757 385 eis
783 354 879 386 daret
907 364 988 397 opes
1012 359 1044 385 et

67 407 230 451 imperi-n,
273 417 343 438 non
369 405 428 449 qui
457 411 595 447 augeret
623 404 811 437 miseriam.
877 403 934 436 Sic
964 415 1043 446 ρι’-ο

67 455 174 501 phaui
195 468 265 489 non
282 455 437 488 iudicant
454 452 548 487 hunc
568 466 815 487 aerumnosum
826 461 960 486 coetum
974 465 1044 486 esse
1067 477 1070 509 Ι

66 507 277 546 Ecclesiam,
302 517 404 549 quem
423 517 517 548 reges
536 512 567 537 et
584 505 758 548 principes
779 511 1043 548 persequuntur.
1068 513 1069 531 l

69 557 150 591 Ideo
178 533 407 598 Exaiigelinm
439 556 540 589 toties
572 567 636 587 nos
661 556 844 594 admonet,
883 562 1043 598 oportere
1068 564 1070 594 ξ

65 606 256 641 Ecclesiam
281 606 430 639 similem
457 617 528 638 esse
546 605 636 638 Filio
654 604 730 638 Dei.
784 604 881 638 Sicut
907 605 949 637 ab
974 605 1042 636 ini-
1068 600 1069 615 ³

65 657 115 691 tio
138 656 289 690 subiecta
314 656 380 689 fnit
405 656 672 695 afflictionibus,
705 663 742 689 ut
766 656 920 698 exempla
941 654 1069 697 thel,
1067 684 1070 722 Σ

66 707 98 740 Is
101 720 177 747 iac
213 706 334 746 Iacob,
371 704 514 750 loseph,
546 704 688 743 Esaiae,
724 705 910 745 leremiae,
943 713 974 739 et
996 706 1041 737 si-

65 758 204 791 milium
223 763 406 791 testantui.
450 756 492 789 'l
485 757 548 789 ‚lis
564 768 700 797 semper
716 763 765 789 est
782 754 937 789 Ecclesia
955 756 1041 788 sicut

66 807 279 841 inParadiso
299 808 514 850 praedictum
531 814 597 840 est:
625 805 672 840 Et
691 818 831 850 serpens
842 808 1041 839 calcaneum
1068 818 1069 821 ¹

66 859 142 892 eius
157 857 342 892 mordebit.
659 884 661 886 .
1068 882 1069 894 ,

165 908 359 942 Secundus.
406 907 512 950 Quod
531 907 683 941 Ecclesia
704 906 829 941 habeat
853 918 988 940 errores
1011 913 1041 939 et
1068 904 1069 937 Ξ

66 958 323 999 infirmitatem,
349 965 494 991 testatur
510 956 594 991 baec
612 959 833 991 imbecillitas
854 957 1041 1001 Apostolo-

67 1021 161 1049 rum,
177 1009 237 1054 qui
256 1016 328 1042 tum
346 1010 506 1041 nondum
525 1009 723 1051 persuaderi
743 1015 921 1052 poterant,
938 1005 1040 1041 Clu-i-
1068 1024 1069 1027 ¹

65 1067 154 1092 stum
173 1067 242 1093 tarn
263 1060 393 1093 atrocia
418 1067 450 1092 et
477 1059 620 1101 indigna
647 1071 826 1101 passurum
851 1070 939 1091 esse:
973 1064 1041 1090 est-

67 1122 134 1154 que
159 1110 368 1149 consolatio,
403 1111 496 1154 quod
518 1109 614 1142 Deus
636 1110 739 1142 etiam
766 1109 941 1147 infirmos,
981 1108 1039 1152 qui

68 1167 184 1194 tamen
201 1168 282 1194 sunt
299 1161 450 1200 dociles,
484 1171 555 1192 non
583 1167 808 1203 aspernatur,
843 1159 932 1192 sicut
949 1158 1040 1191 Pau-

67 1211 120 1244 lus
140 1211 255 1254 inquit
274 1212 316 1243 de
334 1210 498 1243 infirmis:
526 1208 621 1242 Deus
639 1222 696 1242 eos
711 1210 851 1252 reecpit.

166 1260 319 1295 Tertius.
367 1260 654 1293 Accotnmodatio
683 1261 740 1293 fiat
768 1261 812 1292 ad
841 1270 904 1291 nos
938 1259 1041 1301 ipsos.

66 1311 160 1345 Ilaec
181 1311 305 1343 misera
332 1317 454 1343 natura
478 1318 527 1344 est
552 1310 617 1342 snb
644 1317 800 1352 peccato,
830 1310 908 1341 ideo
935 1308 1039 1341 morti
1067 1347 1069 1351 Ι

66 1370 99 1394 et
116 1361 235 1394 multis
253 1361 451 1404 ingentibus
468 1359 723 1393 calamitatibus
744 1359 889 1393 subiecti
912 1370 1042 1397 sumus,
1067 1370 1069 1393 1

66 1420 97 1444 et
114 1411 283 1444 iudicium
302 1423 319 1443 a
343 1412 447 1443 domo
466 1408 532 1443 Dei
554 1410 689 1456 incipit.
742 1410 853 1443 Porro
881 1421 958 1442 cnm
984 1421 1042 1441 su-

65 1472 142 1494 mus
167 1461 203 1493 in
224 1461 493 1500 afflictionibus,
532 1461 724 1503 cogitamus
747 1473 811 1494 nos
833 1460 985 1493 abiectos
1011 1466 1045 1492 et

68 1514 223 1545 desertos
247 1523 330 1545 esse.
385 1510 452 1543 Hic
477 1511 650 1544 discamus
674 1523 713 1543 ex
730 1510 923 1553 Evangelio
950 1510 1043 1542 iudi-

68 1574 146 1595 care
164 1563 206 1594 de
223 1559 278 1594 his
296 1561 485 1604 aerumnis,
503 1561 677 1594 discamus
694 1559 784 1594 lianc
802 1568 962 1605 oportere
973 1572 1044 1593 esse
1070 1595 1072 1599 ,

68 1613 215 1645 sormam
241 1610 436 1651 Ecclesiae,
478 1612 612 1655 imponi
639 1623 842 1651 aerumnas,
876 1618 914 1645 ut
937 1622 1045 1653 agno·

69 1674 204 1696 scamus
215 1669 402 1705 peccatum,
418 1669 449 1695 et
459 1662 909 1706 quaeramusliberatorem.
949 1661 1048 1695 Sicut
1072 1692 1074 1694 ,

72 1713 345 1757 inquitPaulus:
381 1711 562 1745 Conclusit
579 1712 673 1745 Deus
696 1723 818 1745 omnes
839 1713 905 1745 snb
929 1712 1048 1754 pecca·v
1072 1697 1075 1743 l

71 1770 164 1802 tum,
199 1769 236 1795 ut
260 1762 418 1796 omnium
444 1762 658 1796 misereatur.
718 1761 821 1795 Item:
858 1761 983 1794 Venite
1006 1762 1048 1793 ad
1074 1762 1075 1793 j

73 1825 127 1845 me
146 1824 285 1852 ornnes,
312 1813 371 1857 qui
392 1812 569 1845 laboratis.
627 1811 728 1845 ltem:
758 1811 848 1844 Vivo
865 1824 947 1854 ego,
965 1812 1048 1844 nolo
1075 1841 1076 1851 ,

73 1870 221 1896 mortem
239 1863 447 1907 peccatoris,
474 1863 531 1894 sed
550 1869 587 1895 nt
606 1869 829 1896 convertatur
846 1870 878 1896 et
896 1863 1000 1896 vivat.

1074 1854 1077 1891 ἴ

393 1943 731 1973 secundapars.
1075 1892 1079 1974 l

463 1995 522 2028 De
552 2006 668 2028 coeco.
1076 1976 1080 2061 ῑ

177 2061 311 2096 Coecus
330 2061 396 2094 fide
413 2061 577 2105 impetrat
596 2062 729 2102 visum,
763 2069 796 2095 et
820 2062 1051 2095 constantiam
1078 2064 1081 2098 ξ

77 2113 157 2146 fidei
183 2119 314 2145 tantam
343 2118 510 2155 praestat,
549 2118 586 2144 ut
616 2124 687 2144 non
724 2113 860 2146 desinat
895 2113 1082 2160 clamare,'

79 2163 181 2197 etiam
207 2162 285 2194 aliis
310 2173 389 2195 eum
411 2163 693 2204 obiurgantibus.
746 2162 822 2196 Hoc
847 2163 1055 2206 exemplum,

77 2221 116 2248 ut
133 2214 298 2257 pleraque
315 2212 401 2251 alia,
425 2213 583 2246 videlicet
600 2212 846 2253 Centurionis‚
871 2212 1056 2246 Cananeae
1080 2223 1082 2237 ¹

79 2271 111 2298 et
126 2264 294 2302 aliorum,
322 2263 473 2305 pertinet
495 2264 538 2295 ad
564 2260 659 2295 hunc
682 2264 907 2307 praecipuum
930 2264 1057 2301 locum

79 2317 181 2349 docet
197 2313 310 2358 qualis
329 2313 496 2346 liberator
520 2313 564 2346 sit
579 2311 758 2353 Christus,
791 2316 890 2347 docet
908 2314 988 2347 itern
1015 2315 1057 2346 de
1081 2319 1084 2334 ·

80 2366 164 2399 fide:
192 2376 272 2396 nam
301 2361 394 2396 bunc
419 2364 550 2397 cultum
577 2363 666 2396 ratio
691 2371 723 2397 et
746 2364 799 2396 lex
822 2376 893 2396 non
921 2366 1058 2401 docent,
1081 2338 1084 2393 l

81 2416 141 2450 sed
160 2421 208 2448 est
233 2414 395 2458 proprius
412 2412 607 2456 Evangelii.
661 2413 742 2446 Ideo
765 2415 866 2447 toties
890 2414 1085 2458 ρ1οροηί-
1082 2398 1085 2443 l

82 2473 158 2505 tur,
195 2472 233 2498 ut
258 2476 322 2497 nos
345 2477 484 2509 quoqne
512 2477 589 2498 eum
616 2476 773 2498 exercere
795 2465 988 2503 discamus,
1027 2471 1060 2498 et
1082 2460 1086 2499 l

83 2513 226 2550 Christo
244 2521 428 2559 praestare.

183 2566 280 2600 Sicut
295 2563 354 2598 bic
372 2576 512 2604 coecnS‚
538 2565 625 2598 sicut
643 2563 824 2599 Cananaea
851 2572 972 2610 petunt
994 2566 1060 2599 fide
1082 2542 1087 2596 l

86 2617 304 2650 sanationem
331 2622 473 2660 propter
497 2613 590 2649 bunc
615 2616 823 2656 Dominum,
860 2629 922 2649 nec
946 2618 1061 2651 deter-
1085 2636 1087 2658 ἢ

86 2675 209 2701 rentur
232 2667 275 2700 ab
300 2678 339 2699 eo
364 2672 550 2710 conspectu
574 2677 654 2699 suae
677 2667 915 2710 indignitatis,

139 2720 312 2750 Μῑιηιῑτκ.
344 2719 443 2750 Omra.
473 2719 540 2747 Voc
584 2718 672 2749 XlV.

736 111 1130 151 ANNOTA'I'IONES
1167 112 1216 146 ΙΝ
1248 109 1545 147 EVANGELIA.

1068 845 1069 848 ,
1095 818 1153 862 qui
1172 818 1211 849 sit
1233 817 1444 849 liberaturus
1461 825 1545 854 nos,

955 2668 1001 2701 ita
1030 2675 1062 2701 et
1085 2664 1089 2712 ὶ

2006 112 2080 146 226

1103 209 1168 230 nos
1185 198 1371 240 confugere
1385 198 1427 229 ad
1454 194 1549 229 hunc
1564 194 1780 236 Dominum,
1814 195 1881 228 fide
1907 201 2020 238 petere
2047 203 2079 228 et

1103 254 1283 292 expectare
1306 247 1498 279 necessaria
1521 246 1687 279 beneficia
1712 247 1889 279 debemus.
1940 242 2007 278 Hie
2029 253 2079 278 est

1068 298 1311 348 praecipuus
1329 296 1461 335 cultus,
1488 302 1520 328 et
1538 297 1700 339 proprius
1715 303 1912 330 sanctorum
1934 307 1993 327 seu
2010 293 2078 328 Ec-

1099 349 1192 381 elesii
1195 362 1241 386 ie,
1278 354 1309 380 et
1329 343 1398 379 hnc
1422 357 1543 378 omnes
1570 347 1653 379 tales
1675 347 1867 379 sententiae
1884 346 2076 389 pertinent:

1098 398 1226 431 Invoca
1262 409 1316 430 me
1349 397 1383 429 in
1417 397 1473 429 ‹lie
1504 396 1759 435 tribulationis,
1803 404 1836 429 et
1861 397 2006 440 eripiam
2033 403 2076 429 te.

1097 447 1310 493 Quicunque
1344 447 1560 479 invocaverit
1595 458 1724 479 nomen
1754 444 1917 486 Domini,
1960 447 2076 479 salvus

1095 500 1172 534 e1it.
1227 498 1328 532 Item:
1360 497 1399 530 ln
1416 498 1491 541 ipso
1507 504 1625 540 gentes
1643 496 1847 540 sperabunt.

1197 564 1276 598 Huc
1301 570 1538 606 congerantur
1563 563 1680 595 omnia
1704 561 1859 604 exempla
1896 561 1931 593 in
1956 560 2075 594 Evan-

1095 616 1207 660 gelio,
1233 616 1295 648 ubi
1312 612 1474 647 Christus
1497 625 1559 646 suo
1585 612 1784 646 testimonio
1807 612 1910 644 fidem
1937 613 2074 655 praedi-

1095 673 1159 700 cat.
1211 664 1314 698 Fides
1332 671 1388 697 tua
1405 665 1537 696 salvum
1555 671 1586 696 te
1604 663 1695 698 fecit.
1750 661 1795 695 Et
1814 659 1896 695 haec
1919 663 1992 706 ipsa
2017 674 2074 695 ex-

1067 707 1207 760 empla
1227 722 1411 752 testantur,
1429 712 1607 747 Christum
1628 726 1699 746 esse
1717 713 1819 746 talem
1840 713 2073 751 liberatorem,

1095 768 1151 800 cui
1170 764 1252 799 llaec
1266 773 1410 804 natura,
1444 775 1538 796 mors
1554 770 1585 796 et
1610 771 1786 806 peccatum
1812 764 1964 795 subiecta
1991 763 2072 802 sint,

1581 826 1598 846 a
1624 814 1714 845 veris
1735 819 1767 846 et
1789 813 1936 845 aeternis
1962 814 2073 853 malis,

1095 882 1112 901 a
1130 868 1258 912 quibus
1274 879 1376 899 nemo
1393 865 1481 898 alius
1499 864 1659 908 princeps
1677 865 1825 896 liberare
1850 863 1975 905 potuit.
2028 863 2072 896 lit

1068 943 1069 957 2
1096 919 1142 951 sic
1160 918 1265 950 sentit
1280 928 1401 949 coecus
1420 917 1462 947 ‹le
1482 913 1548 947 hoc
1566 914 1720 946 Domino
1733 939 1741 951 ‚
1769 925 1846 945 cnm
1872 920 1970 945 vocat
1994 925 2072 945 eum

1095 969 1205 1001 filium
1232 966 1368 1009 David,
1411 966 1446 997 id
1472 972 1540 1004 est,
1578 964 1742 997 Messiam
1770 963 1978 1007 promissum
2003 962 2073 995 Da-

1096 1019 1187 1058 vidi,
1216 1025 1248 1051 et
1266 1017 1351 1061 petit
1368 1016 1465 1050 reddi
1483 1016 1616 1054 visum,
1650 1016 1744 1060 quod
1772 1025 1875 1046 nemo
1900 1020 2072 1056 praestare

1097 1075 1246 1113 poterat,
1273 1067 1339 1100 nisi
1357 1067 1434 1100 talis
1451 1065 1644 1102 Dominus,
1679 1065 1734 1097 cui
1760 1063 1845 1098 haec
1869 1070 1993 1097 natura
2019 1075 2073 1096 re-

1066 1152 1069 1158 *
1095 1132 1171 1153 rum
1191 1119 1344 1152 subiecta
1361 1117 1415 1150 sit.

1340 1240 1557 1280 Dominica
1596 1237 1824 1281 Invocavit.

1362 1319 1594 1360 Evangelinrn
1615 1315 1742 1352 Matth.
1761 1317 1795 1352 4.

1147 1387 1251 1422 Tunc
1269 1385 1373 1420 Iesus
1401 1383 1528 1419 ductus
1553 1389 1601 1417 est
1629 1384 1666 1417 in
1691 1381 1866 1417 desertum
1891 1397 1914 1417 a
1923 1385 2076 1442 spir-ila,

1197 1441 1452 1472 attentaretur
1468 1448 1491 1468 a
1515 1433 1677 1470 dmbolo.
1731 1433 1783 1467 Et
1812 1447 1888 1467 cum
1915 1434 2077 1469 ieiunas-

1200 1493 1250 1522 se!
1268 1485 1522 1535 quadraginta
1542 1483 1668 1519 diebus
1687 1490 1716 1518 el
1733 1483 1987 1532 quadraginta
2014 1498 2078 1519 no—

1202 1539 1336 1579 ctibus,
1361 1542 1486 1584 postea
1503 1536 1639 1571 es11r1'.1!
1682 1535 1733 1569 Et
1749 1534 1918 1569 accedens
1935 1534 1989 1569 ad
2001 1549 2078 1569 eum

1201 1594 1375 1629 tentator,
1408 1587 1526 1621 divit:
1567 1585 1612 1620 Si
1627 1584 1739 1630 filius
1765 1585 1842 1619 Dei
1871 1599 1924 1627 es,
1961 1584 2018 1620 dic
2043 1592 2079 1620 ut

1203 1638 1346 1686 lapides
1371 1638 1437 1672 isti
1455 1649 1568 1683 panes
1581 1635 1699 1681 fiant.
1759 1635 1838 1683 Qui
1863 1635 2080 1683 respondens

1204 1689 1318 1723 (ἰὴ-ἰιι
1347 1687 1530 1744 Scriptum
1549 1691 1618 1728 est,
1643 1684 1731 1722 Non
1750 1699 1787 1719 ιη
1809 1685 1888 1720 solo
1910 1698 2006 1733 pane
2030 1687 2082 1719 oi-

1205 1740 1251 1773 cil
1268 1737 1392 1779 homo,
1418 1735 1512 1772 sed
1499 1750 1536 1770 ln
1557 1737 1658 1771 omni
1679 1736 1781 1771 aerbo
1805 1734 1904 1784 qttod
1921 1735 2081 1783 procedit

1205 1788 1246 1824 de
1263 1801 1320 1823 ore
1334 1789 1422 1824 Dei.

1154 1846 1277 1884 Tunc*
1295 1847 1470 1882 assumsit
1510 1858 1587 1881 eum
1629 1844 1801 1879 diabolus
1837 1846 1873 1879 in
1915 1852 2082 1880 sanctam

1207 1900 1385 1934 civilatem
1398 1926 1407 1939 ,
1424 1902 1454 1931 et
1471 1897 1601 1931 statuit
1619 1908 1696 1930 eum
1714 1909 1827 1943 supra
1842 1896 2084 1943 pinnaculum

1208 1949 1349 1996 templi,
1385 1953 1415 1981 el
1440 1946 1538 1981 dixit
1563 1947 1609 1981 ei:
1644 1944 1813 1991 Sifilius
1836 1946 1912 1980 Dei
1936 1960 1989 1986 es,
2026 1946 2085 1981 de-

1206 2001 1304 2034 mitte
1320 2005 1350 2032 le
1367 1997 1552 2039 deorsum,
1579 1998 1752 2044 scriplum
1769 2002 1818 2031 est
1843 1998 1935 2030 enim
1947 2024 1956 2037 ‚
1985 1996 2085 2043 Quia

1208 2049 1353 2095 angelis
1369 2050 1447 2083 suis
1465 2047 1659 2082 mandabit
1677 2046 1718 2081 de
1734 2053 1783 2089 te,
1811 2054 1841 2081 et
1860 2049 1896 2081 in
1914 2048 2086 2082 manibus

1210 2100 1337 2135 tollent
1357 2105 1407 2139 le,
1426 2111 1467 2132 ne
1485 2099 1578 2144 forle
1595 2096 1764 2147 offendas
1782 2097 1836 2131 ad
1850 2097 2009 2144 lapidem
2026 2111 2087 2145 pe-

1210 2150 1286 2185 dem
1299 2156 1413 2184 tuum.
1443 2149 1505 2183 Ait
1524 2149 1719 2183 1'llilesus:
1738 2147 1904 2182 Rursum
1913 2150 2087 2195 scriplum

1210 2207 1259 2236 est
1272 2229 1279 2243 ,
1306 2199 1394 2236 Non
1412 2200 1570 2235 tentabis
1587 2199 1792 2233 Dominum
1810 2198 1930 2232 Deum
1952 2205 2064 2235 tuum.

1160 2260 1298 2295 Iterum
1336 2260 1511 2294 assumsit
1545 2271 1622 2292 eum
1661 2257 1832 2291 diabolus
1868 2259 1906 2290 in
1936 2263 2090 2291 montem

1212 2310 1390 2346 ωσείςιιιη
1420 2308 1542 2351 valde,
1584 2314 1613 2342 et
1643 2307 1797 2342 ostenda
1826 2309 1859 2341 ei
1885 2320 2008 2342 omnm
2038 2321 2091 2341 re-

1209 2375 1286 2408 gna
1309 2360 1441 2394 mundi
1462 2366 1491 2394 et
1511 2359 1674 2406 gloriam
1701 2371 1838 2397 eorum
1866 2364 1895 2391 et
1921 2357 2018 2392 dicit
2041 2371 2088 2391 el:

1214 2413 1315 2447 Haec
1331 2412 1455 2445 omnia
1473 2411 1541 2445 azbi
1558 2408 1673 2451 dabo,
1709 2410 1745 2443 si
1759 2407 1890 2442 cadens
1914 2407 2091 2441 adorave-

1420 2461 1526 2496 Tunc
1551 2459 1639 2494 dacii
1665 2460 1699 2493 ei
1719 2459 1841 2493 Iesus:
1889 2457 1995 2493 Vnde.
2019 2458 2092 2492 Sa-

1216 2476 1267 2497 rts
1297 2474 1360 2497 me.

1214 2519 1330 2554 tona,
1354 2513 1527 2560 scriplum
1546 2515 1596 2545 est
1614 2510 1727 2551 enim,
1754 2508 2092 2542 I)ommumDeum

1216 2570 1315 2598 Ouum
1336 2561 1531 2603 adorabis,
1568 2566 1597 2594 et
1618 2560 1679 2594 alli
1699 2559 1773 2593 soli
1795 2558 1936 2595 semies.
1988 2558 2093 2593 Tunc

1219 2614 1364 2662 reliquit
1399 2626 1476 2647 eum
1509 2610 1691 2646 diabolus.
1760 2608 1813 2642 Et
1845 2621 1933 2650 ecce,
1967 2609 2095 2655 angeli

1216 2670 1455 2703 accesserunt,
1484 2668 1513 2697 el
1529 2659 1792 2695 ministrabant
1808 2672 1851 2694 ει.

1575 2711 1618 2747 15
