2409 2915
145 104 214 139 621
395 101 477 139 XII.

145 195 178 223 et
209 189 430 223 memorabili
459 188 616 233 exemplo
642 186 745 231 punit
767 184 910 228 Achab,
944 195 1127 234 propterea

144 241 239 285 quod
265 240 357 274 iusto
379 239 469 281 civi,
503 238 646 283 expulso
669 249 708 270 ex
733 237 952 282 possessione
975 239 1125 272 fundum

142 290 328 335 eripuerat.

246 349 357 383 Porro
381 350 424 382 de
446 345 656 381 liberalitate
681 353 713 381 et
742 347 974 393 eleemosynis
987 349 1124 393 pulcer-

143 400 230 433 rime
248 400 332 434 dicit
348 399 534 433 Salomon:
564 397 694 431 Fontes
716 397 768 431 tui
786 398 880 431 foras
906 400 1122 437 deriventur,

143 458 177 484 et
201 451 268 483 rivi
291 450 436 482 effluant
467 448 503 481 in
530 449 679 492 plateas,
715 448 751 481 id
776 455 844 486 est,
878 450 921 482 de
949 451 1122 483 fructibus

140 501 243 535 fundi
270 499 319 533 tui
348 499 499 542 henigne
533 499 693 542 largiaris
719 511 805 532 vere
824 500 1026 542 egentibus:
1060 501 1119 533 sed

139 551 186 585 ita
208 558 343 590 tamen,
368 556 407 583 ut
429 561 572 583 maneas
597 549 649 583 tui
675 550 802 590 fontis,
829 547 896 583 hoc
921 557 988 592 est,
1014 551 1117 584 fundi

137 608 170 634 et
188 599 390 644 patrimonii
408 601 586 636 dominus.
640 599 743 634 Iubet
760 600 869 643 igitur
886 597 1117 635 haereditates

135 657 167 684 et
192 649 350 683 dominia
374 651 594 692 conservari,
633 657 725 685 vetat
749 651 871 684 inanes
894 652 1116 698 profusiones

133 700 227 741 fieri,
253 701 314 734 sed
332 698 398 734 hoc
417 701 484 734 fine
497 728 505 741 ,
531 708 569 735 ut
589 713 651 745 pro
670 702 775 735 modo
791 701 996 736 facultatum
1017 703 1113 735 iuves

132 762 260 794 egenos
278 757 310 784 et
325 751 564 793 calamitosos,
591 758 764 797 quantum
787 752 863 786 sine
886 753 1034 786 notabili
1054 754 1112 785 de-

130 801 298 836 trimento
315 808 420 845 potes.
477 802 599 848 Itaque
616 803 704 835 scias
723 799 813 836 hanc
838 803 947 845 ipsam
965 805 1010 836 ob
1029 816 1109 836 cau-

536 98 929 138 ANNOTATIONES
956 99 1023 136 ET
1050 98 1328 137 CONCIONES
1358 101 1407 137 lN
1435 101 1614 141 EVANG.
1645 104 1927 144 MATTHAEI.

2096 111 2171 147 622

1180 187 1266 229 gari.
1335 187 1477 223 Parvuli
1521 191 1622 225 liberi
1664 193 1732 234 tui,
1781 195 1937 229 misellae
1970 202 2095 230 matres
2131 199 2165 231 in

1180 238 1318 271 edendo
1343 248 1461 282 partu,
1495 244 1690 277 nutritione
1726 257 1764 278 ac
1788 247 1995 280 educatione
2021 248 2165 288 sobolis,

1179 287 1338 331 indigent
1357 290 1482 322 casulis
1501 303 1539 323 ac
1559 294 1745 335 tuguriolis
1759 323 1767 334 ,
1795 297 1941 340 perinde
1956 305 1991 331 ut
2012 300 2164 342 propriis

1177 338 1311 371 nidulis
1350 340 1575 374 foetificantes
1614 344 1783 378 miculae:
1839 347 1959 380 iisdem
1995 361 2082 391 opus
2113 357 2161 383 est

1177 389 1275 429 cibo,
1308 397 1411 432 potu,
1445 397 1476 423 et
1508 392 1587 424 aliis
1612 393 1702 426 vitae
1734 397 1970 433 adminiculis.
2025 398 2159 433 Omnia

1175 435 1260 472 haec
1286 448 1319 474 et
1342 439 1415 473 Deo
1441 453 1542 474 curae
1569 450 1667 481 sunt,
1713 453 1746 479 et
1776 448 1935 481 ordinata
1974 450 2158 486 dix-initus,

1173 488 1225 522 Ac
1243 490 1319 524 vult
1335 492 1514 532 conditor,
1542 505 1606 526 nos
1628 495 1733 528 rebus
1753 508 1771 528 a
1798 508 1833 529 se
1858 499 2030 532 ordinatis
2054 513 2156 533 reve—

1172 546 1290 573 renter
1307 552 1345 574 ac
1364 541 1518 576 libenter
1534 545 1604 583 uti,
1630 557 1694 578 nec
1718 553 1755 580 ut
1780 547 1869 580 feras
1894 551 2010 591 vagari
2035 551 2155 593 singu-

1169 590 1242 631 los,
1267 597 1300 624 et
1322 602 1358 624 se
1383 592 1420 625 in
1436 593 1592 627 diversos
1617 606 1738 638 specus
1763 598 1911 637 abdere,
1940 601 1998 632 sed
2025 602 2155 634 multos

1167 653 1238 674 una
1262 642 1414 681 versari,
1458 655 1531 676 non
1562 646 1706 692 quidem
1739 655 1778 681 ut
1804 660 1896 682 unus
1919 650 2066 684 alterum
2093 653 2155 683 dc—

1167 692 1305 726 fraudet
1322 699 1382 726 aut
1397 693 1582 737 impediat,
1609 708 1729 730 verum
1748 699 1884 741 potius,
1912 707 1949 734 ut
1966 713 2155 735 aerumno-

1165 742 1232 782 sis,
1259 749 1363 788 atque
1385 745 1619 788 pauperibus,
1648 747 1824 791 impeditis
1850 751 2069 787 valetudine.
2100 753 2153 785 xel

1165 792 1244 826 aliis
1263 794 1354 826 veris
1371 794 1658 838 difficultatibus,
1687 810 1751 842 pro
1771 801 1941 842 praesenti
1961 803 2153 844 occasione,

129 862 202 885 sam
219 853 371 899 praecipi
395 853 616 896 diligentiam
635 853 757 886 tuendi
783 853 977 886 mediocres
1001 854 1110 886 sacul-
1135 864 1139 880 ¹
1166 854 1299 888 proque
1328 846 1436 878 ¹¹¹0d0
1460 845 1688 890 fflffllfflfflffl:
1729 850 1879 893 benigne
1904 852 2152 887 subveniamus

131 908 235 943 tates,
262 904 468 936 moderandi
493 911 647 941 sumtus,
676 915 778 945 parce
803 904 925 937 utendi
950 905 1111 945 fortunis,

127 959 166 986 ut
183 953 328 987 facultas
346 954 497 988 sitrecte
515 961 618 999 atque
638 954 771 987 utiliter
789 954 880 987 bona
900 955 1108 993 collocandi,
1133 971 1137 1012 i1

127 1010 161 1037 et
186 1011 362 1048 suppetat,
397 1005 491 1037 unde
515 1004 710 1038 necessitati
737 1010 840 1049 atque
863 1005 1003 1048 inopiae
1028 1018 1106 1038 cum
1134 1024 1136 1037 ι

125 1054 427 1099 propinquorum,
474 1062 549 1089 tum
589 1055 808 1094 alienorum,
857 1056 1039 1089 consulere
1069 1068 1107 1089 ac
1131 1064 1135 1094 .“

1132 1095 1135 1129 Ι

125 1105 312 1139 subvenire
330 1105 452 1149 possis.

227 1163 324 1196 Idem
347 1169 569 1208 praeceptum
594 1164 701 1199 tradit
724 1161 791 1197 hoc
812 1164 889 1197 loco
913 1164 1104 1198 Dominus:
1130 1134 1134 1197 l

121 1213 176 1248 Da
194 1214 393 1257 petentibus
410 1221 462 1254 te,
490 1221 522 1247 et
539 1214 738 1248 volentibus
752 1227 770 1247 a
789 1221 820 1247 te
836 1222 997 1248 mutuum
1016 1216 1105 1248 acci-
1130 1201 1133 1253 l

123 1277 224 1309 pere,
247 1271 309 1299 etc.
373 1264 551 1307 Intellige:
587 1277 660 1298 non
684 1265 881 1303 furacibus,
909 1265 1104 1309 rapacibus,
1129 1266 1132 1295 t

122 1315 342 1353 crudelibus,
369 1315 404 1348 id
427 1322 495 1355 est,
522 1315 647 1347 validis
670 1314 973 1354 mendicantibus,
1002 1315 1102 1357 igna-

121 1366 173 1398 vis
204 1372 236 1399 et
264 1365 384 1398 otiosis
413 1362 660 1404 helluonibus,
702 1364 882 1408 petacibus
915 1366 1102 1399 erronibus

119 1415 247 1460 passim
262 1414 482 1458 vagantibus,
509 1414 572 1459 qui
593 1414 772 1448 stelliones
789 1415 959 1458 appellari
978 1416 1100 1450 solent.
1125 1439 1128 1476 Ι

117 1465 285 1501 Salomon
309 1466 402 1498 enim
429 1464 599 1509 expressis
621 1465 737 1498 verbis
764 1465 899 1511 inquit:
934 1465 1013 1500 Non
1039 1469 1100 1500 des
1125 1477 1127 1502 1
1155 1498 1162 1505 ,

117 1517 298 1551 facultates
322 1523 399 1549 tuas
419 1513 642 1553 crudelibus,
669 1513 735 1549 boc
753 1523 818 1556 est,
846 1516 1099 1564 impostoribus
1123 1541 1127 1586 Ι

104 1567 188 1601 -itlis
211 1573 244 1600 et
268 1564 428 1611 harpyis,
456 1578 515 1601 seu
538 1564 786 1607 hirudinibus,
818 1567 878 1612 qui
904 1569 1099 1602 abutuntur
1123 1589 1126 1613 1

114 1618 185 1652 tuis
201 1617 443 1657 facultatibus,
469 1625 501 1650 et
519 1617 615 1650 velut
632 1617 756 1660 striges
782 1617 847 1650 tibi
872 1619 1043 1652 medullas
1059 1632 1098 1652 ac
1122 1617 1125 1656 J

113 1668 318 1711 sanguinem
335 1667 455 1701 furtim
474 1675 641 1709 exugnnt.

213 1726 272 1760 Sic
290 1725 362 1768 ipse
376 1724 550 1758 Dominus
568 1725 604 1757 in
623 1725 716 1758 Luca
737 1725 864 1758 diserte
881 1725 981 1758 dicit:
1008 1726 1096 1760 Date

112 1789 175 1821 pro
196 1776 438 1813 facultatibus,
463 1787 502 1807 ex
520 1787 559 1807 eo
584 1777 677 1819 quod
703 1773 838 1808 habetis
857 1788 895 1808 ac
922 1777 1005 1809 dare
1030 1789 1093 1820 po-

112 1828 220 1862 testis.
277 1826 362 1859 ltem
391 1827 427 1859 2.
445 1823 605 1860 Corinth.
628 1826 662 1858 8.
702 1826 827 1858 modus
853 1827 1094 1860 communica-

110 1877 218 1911 tionis
233 1876 461 1914 describitur,
488 1883 526 1909 ut
553 1875 598 1909 ita
621 1875 829 1918 largiamur,
859 1888 901 1909 ne
925 1877 1029 1910 nobis
1046 1879 1092 1912 sit

107 1928 271 1968 afflictio,
296 1926 374 1959 aliis
392 1926 557 1969 ignavum
574 1926 697 1959 otium.

211 1994 320 2027 Vides
346 1991 430 2026 baec
453 1993 545 2026 dicta
579 1993 692 2037 palam
719 1993 1002 2037 interpretationi
1026 2007 1091 2027 no-

106 2055 197 2081 strae
221 2044 425 2086 suffrag-nri,
453 2056 515 2076 nec
539 2041 667 2076 habere
689 2044 968 2086 dubitationem,
1002 2045 1089 2090 quin

109 2109 208 2137 vera,
234 2095 400 2138 simplex,
434 2095 550 2127 nativa
576 2101 608 2127 et
629 2095 774 2142 propria
796 2096 966 2128 sententia
984 2093 1088 2128 buius

107 2147 195 2186 loci,
226 2157 285 2178 seu
310 2152 420 2178 textus
444 2144 479 2176 in
506 2142 684 2177 Mattliaeo
717 2145 759 2178 sit
785 2156 823 2177 ea
856 2145 946 2189 ipsa,
983 2159 1086 2190 quam

107 2194 401 2232 commemoravi,
457 2194 637 2232 videlicet,
690 2195 863 2227 divinitus
899 2197 1086 2239 approbari

107 2247 373 2294 proprietatem,
415 2245 591 2289 simulque
624 2246 804 2285 mandari,
845 2253 883 2278 ut
908 2258 946 2278 ex
973 2247 1087 2287 l‘a-nis,

105 2311 254 2346 quorum
278 2308 356 2329 vere
383 2306 502 2328 sumus
524 2294 690 2331 Domini,
722 2303 910 2337 erogentur
934 2297 1085 2333 eleemo-

105 2362 228 2396 synae:
264 2353 493 2380 veruntamen
510 2345 675 2378 cunstitui
693 2347 835 2378 modum
856 2354 958 2390 atque
976 2354 1085 2380 metas

103 2399 322 2438 liberalitati,
359 2409 402 2429 ne
424 2397 574 2429 aliorum
593 2393 781 2437 *ignaviam
808 2397 936 2429 nostris
963 2399 1082 2440 profu-

103 2451 260 2486 sionibus
275 2449 530 2487 confirmemus‚
547 2448 608 2481 sed
628 2454 665 2480 ut
684 2447 786 2480 fundi
805 2458 863 2480 seu
879 2449 1082 2491 patrimonii

101 2501 297 2536 dominium
321 2499 545 2532 retineamus.

201 2559 293 2603 Quia
318 2557 414 2591 Deus
444 2556 480 2589 in
513 2553 577 2589 hac
609 2556 677 2590 vita
701 2556 876 2600 corporali
903 2557 1081 2592 verissime

104 2611 178 2645 vult
208 2608 430 2643 oeconomias
462 2614 494 2640 et
524 2606 664 2650 politias
695 2607 912 2648 conservari,
955 2606 1079 2653 hisque

103 2662 195 2695 velut
209 2659 357 2695 aeternis
377 2658 525 2692 xinculis
544 2655 729 2691 bominum
753 2658 954 2693 societatem
976 2660 1078 2693 colli-

1162 894 1446 939 aclopitulemur.

1264 944 1316 978 De
1343 943 1398 979 his
1432 946 1500 991 piis
1533 953 1565 981 et
1596 950 1798 983 necessariis
1833 951 1956 986 officiis
1993 954 2151 998 loquitur

1161 993 1337 1028 Psalmus:
1377 996 1506 1030 Beatus
1533 999 1595 1043 qui
1629 1000 1792 1043 intelligit
1817 1013 1921 1045 super
1943 1015 2089 1046 egenum
2117 1013 2150 1039 et

1161 1057 1367 1089 pauperem:
1411 1047 1447 1080 in
1474 1048 1531 1081 die
1554 1050 1643 1083 mala
1667 1051 1832 1086 liberabit
1853 1064 1931 1085 eum
1958 1053 2146 1090 Dominus.

1160 1096 1323 1130 Affirmat
1342 1097 1474 1131 divinis
1493 1101 1657 1142 praemiis
1682 1113 1719 1134 ac
1742 1103 1844 1135 donis
1861 1115 1939 1136 eum
1960 1107 2147 1149 cumulari,

1158 1146 1219 1190 qui
1237 1147 1388 1181 afficitur
1405 1149 1644 1184 misericordia
1664 1163 1742 1194 erga
1762 1165 1948 1197 pauperem
1965 1156 2020 1189 vel
2042 1169 2146 1200 egen-

1157 1203 1248 1238 tem,
1281 1197 1316 1230 id
1340 1205 1408 1238 est,
1435 1211 1507 1232 non
1534 1212 1613 1244 erga
1643 1203 1862 1244 stellionem,
1904 1206 2077 1240 valentem
2113 1215 2146 1241 et

1157 1247 1309 1280 otiosum
1341 1250 1562 1291 mendicum,
1605 1251 1770 1295 ignavum
1807 1251 2030 1295 helluonem,
2083 1261 2144 1292 sed

1128 1297 1132 1325 l
1156 1309 1236 1330 vere
1253 1298 1512 1338 calamitosum,
1540 1307 1573 1334 et
1592 1314 1671 1335 vera
1689 1316 1789 1337 causa
1811 1312 1996 1347 petentem.

1257 1346 1472 1383 Huiusmodi
1512 1350 1750 1399 eleemosynas
1790 1353 1864 1388 Deo
1903 1357 2058 1400 placere,
2111 1365 2143 1392 et

1153 1409 1402 1433 aerumnarum
1448 1403 1685 1444 praesentium
1724 1404 1976 1447 mitigationem
2016 1409 2143 1441 mereri

1153 1448 1252 1483 scias.
1304 1448 1358 1483 Ac
1382 1452 1585 1486 memineris
1607 1454 1844 1488 dulcissimam
1871 1458 2141 1500 promissionem

1153 1511 1191 1531 m
1215 1496 1282 1532 hoc
1309 1513 1411 1535 versu
1428 1500 1578 1537 Psalmi:
1621 1503 1663 1537 In
1686 1506 1742 1538 die
1759 1507 1850 1540 mala
1873 1507 2037 1543 liberabit
2062 1522 2143 1543 cum

1152 1547 1338 1584 Dominus.
1393 1551 1479 1586 Vult
1511 1552 1607 1588 Deus
1644 1556 1709 1588 tibi
1741 1557 1891 1591 vicissim
1926 1560 2141 1598 benefacere,

1151 1600 1262 1633 lenire
1280 1601 1512 1642 calamitates,
1538 1605 1712 1647 depellere
1732 1608 1885 1650 pericula
1900 1636 1909 1649 ,
1938 1621 2000 1653 pro
2030 1611 2139 1644 bene—

1149 1650 1286 1683 ficentia
1321 1652 1405 1693 ista,
1457 1666 1525 1698 qua
1563 1655 1641 1689 aliis
1681 1657 1841 1696 afflictis,
1890 1659 2135 1694 laborantibus

1149 1700 1280 1744 inopia,
1296 1708 1356 1735 aut
1372 1703 1497 1736 morbo
1515 1706 1688 1748 oppressis
1704 1719 1806 1751 opem
1825 1709 1948 1745 tulisti.
1986 1710 2135 1754 Propte-

1149 1762 1206 1783 rea
1223 1751 1357 1785 debetis
1377 1764 1450 1786 esse
1474 1754 1700 1798 benigniores
1726 1769 1804 1800 erga
1829 1759 1993 1801 miseros,
2021 1768 2059 1795 ut
2084 1760 2138 1795 bis

1147 1799 1231 1844 ipsis
1249 1801 1375 1836 officiis
1391 1805 1602 1846 ostendatis,
1631 1819 1691 1840 vos
1709 1808 1870 1842 assentiri
1890 1812 2136 1854 promissioni-

1148 1851 1214 1884 bus
1230 1851 1379 1894 divinis,
1406 1866 1492 1899 quas
1509 1856 1743 1890 certissimum
1762 1866 1811 1892 est
1830 1871 1901 1893 non
1917 1873 1989 1894 esse
2006 1862 2135 1898 irritas.

1145 1899 1290 1936 Debetis
1316 1903 1422 1937 etiam
1454 1914 1636 1950 praecepta
1668 1908 1770 1941 toties
1798 1911 1963 1953 repetita,
2006 1913 2136 1957 quibus

1144 1951 1276 1994 flagitat
1287 1952 1381 1987 Deus
1397 1960 1436 1988 ut
1451 1955 1644 1990 liberaliter
1657 1958 1823 1993 inventur
1832 1968 1980 2004 egentes,
1996 1963 2136 1998 assidue

1144 2003 1327 2044 meditari,
1355 2011 1386 2038 et
1404 2005 1522 2039 animo
1541 2007 1774 2043 circumferre.

1542 2098 1725 2127 Quaestio.

1246 2150 1315 2185 Sed
1336 2165 1444 2198 quare
1459 2154 1544 2190 dicit
1560 2155 1714 2194 Domni:
1743 2156 1862 2196 Omni
1873 2165 2032 2209 pelenti?
2057 2166 2130 2201 Re-

1146 2203 1320 2245 spondeo:
1348 2203 1428 2238 Non
1445 2203 1512 2239 hoc
1529 2208 1621 2248 vult,
1648 2217 1686 2244 ut
1704 2212 1763 2244 des
1780 2214 1906 2247 validis
1924 2218 2129 2251 mendican-

1139 2252 1246 2291 tibus,
1261 2260 1322 2288 aut
1339 2255 1499 2290 effundas
1516 2260 1647 2300 omnia,
1671 2262 1729 2294 sed
1748 2262 1847 2296 dicit:
1871 2266 1968 2299 omni
1986 2269 2130 2310 petenti,

1139 2303 1174 2335 id
1195 2310 1256 2345 est,
1279 2316 1350 2337 non
1368 2307 1545 2341 discernas
1556 2310 1686 2344 amicos
1704 2318 1735 2344 et
1752 2312 1924 2356 inimicos,
1952 2317 1995 2350 da
2011 2319 2128 2351 omni-

1138 2353 1204 2386 bus
1222 2360 1290 2387 tam
1309 2355 1461 2391 inimicis
1479 2371 1583 2403 quam
1602 2361 1739 2403 amicis,
1766 2373 1922 2409 respectu
1941 2379 2042 2401 verae
2064 2381 2128 2401 ne-

1137 2404 1306 2439 cessitatis
1330 2413 1361 2440 et
1386 2420 1449 2452 pro
1473 2409 1717 2453 facultatibus,
1752 2426 1824 2448 non
1847 2417 1968 2451 omitte
1985 2419 2125 2463 cupidi-

1137 2461 1205 2489 tate
1222 2456 1398 2491 vindictae
1414 2459 1468 2491 vel
1495 2458 1626 2493 iniusto
1643 2463 1738 2498 odio.

1235 2504 1331 2540 Ilaec
1346 2508 1416 2542 sint
1434 2509 1524 2543 dicta
1543 2511 1586 2543 de
1604 2512 1823 2560 eleemosyna
1836 2544 1845 2557 ‚
1870 2514 1936 2551 boc
1953 2524 2020 2557 est,
2041 2531 2121 2553 cum

1134 2555 1372 2591 misericordia
1398 2559 1501 2600 moti,
1536 2561 1729 2597 liberaliter
1750 2566 1966 2612 opitulamur
1988 2576 2021 2603 et
2044 2581 2122 2614 gra-

1131 2607 1222 2641 tuito
1248 2609 1420 2642 donamus
1445 2610 1580 2655 aliquid
1604 2615 1737 2656 egenti,
1765 2627 1828 2650 nec
1852 2630 1930 2651 eum
1957 2620 2121 2656 volumus

1130 2658 1323 2702 obligatum
1350 2661 1392 2693 ad
1410 2661 1587 2706 aequalem
1604 2675 1664 2697 seu
1682 2672 1839 2700 mutuam
1858 2672 2118 2715 compensatio-
