2409 2915
56 147 131 183 989
307 147 390 185 ΧΠ.

443 144 837 183 ANNO'I'ATIONES
862 145 929 182 ET
956 145 1236 184 CONCIONES
1264 148 1314 184 ΙΝ
1343 148 1525 185 EVANG.
1554 148 1833 189 ΜΑΤΤΗΑΕῙ.

2005 152 2084 188 990

160 231 230 268 Sed
254 234 354 268 addit
375 232 549 268 Diabolus
573 233 696 267 odium
719 231 804 275 Dei,
831 239 863 267 et
881 232 1047 277 indigna·
1099 232 1411 271 venietDominus.
1438 232 1532 279 Ergo
1547 248 1619 270 non
1635 237 1763 271 frustra
1776 237 1991 280 invocamus,
2011 250 2084 272 non

59 282 210 326 tionem,
238 291 271 319 et
294 292 478 330 propterea
495 285 653 318 furenter
669 283 778 318 saevit
795 285 962 318 adversus
980 282 1045 318 bo-

57 335 190 376 mines,
217 342 250 368 et
265 348 334 380 quo
354 343 489 380 tempus
507 346 639 379 poenae
655 334 799 369 maioris
817 335 963 380 propius
982 341 1044 377 est,

59 395 100 418 eo
118 386 226 429 magis
241 386 361 420 saevit.

159 435 244 470 ldeo
261 437 296 469 in
313 437 382 469 fine
398 435 522 469 mundi
542 448 639 470 nunc
661 437 958 480 crescunt-mala,
985 435 1043 470 sed

57 492 174 519 tamen
207 494 284 531 post
319 487 488 521 iudicium
519 494 712 521 extremum
743 499 876 532 poenae
899 487 1045 522 Diaboli

57 537 207 571 maiores
224 545 347 579 erunt,
374 549 478 583 quam
500 549 594 571 nunc
611 545 703 574 sunt.

109 635 155 671 Si
173 637 454 686 paterfamilias
477 638 601 681 sciret,
626 651 701 687 qua
720 637 852 685 vigilia
869 639 943 688 fur
962 651 1044 674 ven-

157 693 262 722 turus·
283 694 392 734 esset,
420 694 480 725 etc.

159 763 200 798 In
223 765 291 798 fine
315 763 422 799 buius
446 765 568 810 capitis
589 766 679 800 redit
703 767 747 800 ad
772 766 1042 801 admonitiones.

57 812 144 849 Vult
168 827 232 849 nos
258 817 357 849 omni
380 824 537 861 tempore
569 824 708 860 paratos
740 829 831 858 esse,
872 825 903 851 et
929 830 1042 864 quan-

56 877 161 910 quam
185 877 290 910 supra
314 868 446 900 dictum
471 875 540 908 est,
577 868 729 902 voluisse
757 867 870 902 Deum
899 869 979 902 sciri
1006 869 1042 900 in

55 926 200 959 genere,
227 929 299 950 non
318 918 440 962 procul
465 930 537 951 esse
554 918 659 951 finem
677 919 822 960 mundi,
852 926 929 963 post
944 931 1043 964 prae-

54 966 267 1001 dicationem
291 967 496 1011 Evangelii,
536 969 679 1014 quaudo
711 969 779 1002 iam
814 977 936 1014 quarta
967 982 1043 1002 mo-

54 1015 220 1060 narchia,
246 1018 283 1052 id
306 1026 376 1060 est,
400 1018 581 1058 Romana,
609 1019 821 1058 destruitur,
848 1027 964 1053 tamen
981 1032 1044 1052 an-

52 1079 139 1111 num
164 1076 197 1103 et
218 1069 312 1103 diem
335 1082 410 1103 non
435 1070 547 1103 voluit
571 1082 636 1103 nos
662 1071 760 1105 scire.
823 1069 907 1104 Vult
929 1078 1044 1104 autem

55 1129 120 1153 nos
134 1127 276 1164 paratos
293 1132 366 1154 esse
387 1121 483 1153 omni
507 1128 675 1165 tempore.
728 1120 809 1154 ldco
830 1121 930 1155 dicit:
966 1121 1042 1164 Qua

55 1167 142 1204 bora
158 1183 229 1203 non
251 1172 399 1215 putatis,
430 1173 557 1206 veniet.

157 1227 202 1263 Et
219 1229 351 1263 Paulus
376 1231 508 1274 iuquit:
545 1230 633 1264 Cum
653 1231 789 1268 dicent,
815 1243 879 1274 pax
899 1237 928 1263 et
947 1243 1045 1264 seru-

54 1278 160 1321 ritas,
189 1288 272 1314 tunc
298 1293 374 1314 ecce
397 1282 510 1321 venit,
543 1281 605 1313 ubi
631 1281 799 1323 significat
825 1282 1043 1314 securitatem

55 1330 160 1364 nimis
179 1343 339 1374 magnam
367 1332 442 1364 sore
468 1331 659 1364 novissimo
686 1338 854 1374 tempore.
906 1332 962 1364 De
981 1329 1046 1364 hac

55 1381 312 1414 concionantur
335 1388 367 1415 et
382 1379 447 1414 hae
461 1381 713 1414 similitudines
730 1379 786 1414 hic
803 1382 978 1416 recitatae.

154 1439 374 1473 Nominatim
405 1446 521 1473 autem
547 1445 732 1484 ponuntur
756 1437 813 1473 hic
842 1440 913 1473 duo
943 1439 1046 1473 servi,

53 1489 168 1525 fidelis
185 1497 218 1523 et
232 1490 346 1524 malus
363 1502 493 1524 servus.

158 1540 292 1574 Fidelis
315 1551 435 1574 servus
459 1541 648 1584 significat,
674 1541 769 1585 quod
789 1540 825 1572 in
843 1540 911 1573 fine
928 1547 1044 1574 tamen

52 1592 153 1626 Deus
180 1598 381 1625 servaturus
405 1592 449 1625 sit
474 1591 641 1636 reliquias
663 1590 858 1629 Ecclesiae,
894 1597 926 1624 et
948 1592 1045 1636 quod

52 1642 162 1688 aliqui
181 1641 251 1675 sint
269 1642 380 1675 futuri
396 1642 513 1674 fideles
531 1642 690 1674 doctores
710 1649 742 1675 et
760 1641 927 1675 ministri.

155 1691 364 1727 SicutNoha
381 1692 449 1725 suit
465 1692 577 1726 fidelis
593 1699 672 1725 ante
688 1692 879 1732 diluvium,
906 1698 940 1725 et
951 1689 1045 1725 Loth

50 1743 118 1778 fuit
134 1743 245 1777 fidelis
264 1743 300 1776 in
317 1742 492 1778 Sodomis.

153 1800 201 1837 Et
216 1800 337 1836 Esaias
355 1802 456 1835 dicit:
488 1799 564 1844 Ego
590 1801 734 1844 gestabo
760 1812 820 1833 vos
846 1799 883 1832 in
908 1808 1044 1834 senecta

57 1854 173 1889 etiam.
225 1852 306 1887 Non
332 1853 422 1886 sinet
439 1851 540 1886 Deus
565 1863 706 1895 prorsus
729 1851 903 1893 exstingui
922 1850 1046 1885 Eccle-

53 1906 153 1940 siam.
206 1901 253 1937 Et
278 1915 381 1948 supra
405 1903 538 1937 dictum
567 1909 633 1935 est:
663 1901 812 1945 Propter
835 1902 962 1935 electos
981 1903 1045 1935 ab-

52 1955 311 1990 breviabuntur
334 1955 390 1988 isti
409 1954 493 1987 dies.
546 1953 636 1987 Sunt
663 1953 769 1996 igitur
791 1952 901 1997 aliqui
932 1953 1046 1996 pauci,

53 2007 115 2051 qui
143 2013 260 2040 tamen
286 2006 439 2048 cogitant
465 2006 507 2038 de
532 2011 681 2038 venturo
712 2003 862 2042 iudicio,
897 2010 930 2037 et
963 2011 1044 2037 suut

53 2057 172 2091 fideles
189 2057 227 2089 in
249 2057 419 2090 docendo.

155 2106 257 2141 Hanc
289 2106 566 2141 consolationem
593 2116 697 2149 supra
724 2116 865 2149 quoque
888 2104 1044 2146 recitavi,

54 2170 144 2205 quae
169 2165 260 2192 certe
284 2158 351 2202 piis
376 2157 555 2191 mentibus
587 2162 683 2198 grata
710 2161 743 2188 et
765 2155 958 2189 necessaria
984 2163 1044 2197 est,

54 2222 98 2244 ne
123 2208 294 2252 cogitent:
328 2206 417 2242 Ecce
433 2206 530 2241 Deus
554 2207 679 2239 abiecit
702 2212 813 2239 totum
840 2217 949 2248 genus
974 2203 1043 2239 hu·

53 2272 211 2295 manum.
264 2258 348 2293 Ideo
373 2259 501 2292 frustra
525 2257 687 2296 invocas,
713 2257 841 2289 frustra
858 2258 971 2289 credis
988 2269 1042 2289 re-

52 2311 275 2351 missionem,
307 2310 436 2344 frustra
458 2314 632 2352 exspectas
656 2306 825 2340 auxilium
851 2305 917 2339 Dei
941 2313 973 2340 et
989 2307 1043 2340 vi-

54 2366 124 2397 tam
150 2370 337 2396 aeternam.
388 2359 519 2394 Contra
545 2356 607 2391 bas
632 2357 841 2391 tentationes
866 2369 1043 2391 armemus

54 2424 118 2446 nos
133 2410 189 2446 his
205 2411 408 2447 certissimis
425 2409 727 2445 consolationibus
744 2414 778 2441 et
796 2408 1042 2451 promissioni-

54 2463 139 2504 bus,
163 2475 252 2508 quae
269 2464 472 2502 adfirmant,
499 2459 690 2494 Ecclesiam
707 2458 771 2493 Dei
789 2469 926 2502 semper
943 2471 1041 2492 man-

58 2525 174 2549 suram
192 2526 264 2548 esse
282 2514 383 2547 etiam
406 2514 441 2546 in
459 2510 525 2545 hac
548 2511 630 2546 vita.
683 2509 788 2553 Quod
814 2509 1043 2544 confirmatur

55 2576 117 2610 per
134 2565 244 2608 ipsam
269 2576 413 2598 coenam
431 2561 600 2601 Domini,
626 2558 693 2595 hoc
719 2560 819 2594 facite
844 2561 956 2594 donec
982 2573 1044 2609 ve7

54 2616 161 2650 niam.

155 2663 246 2699 Ecce
262 2664 399 2712 quoties
414 2664 452 2698 fit
475 2674 581 2697 coena
599 2661 766 2703 Domini,
799 2658 890 2695 hanc
913 2673 1040 2696 conso-

16 2716 18 2767 ζ
57 2716 223 2751 lationem
247 2717 410 2761 cogitate:
450 2713 604 2751 Ecclesia
629 2724 792 2747 mansura
815 2719 885 2758 est,
929 2713 1041 2748 donec

1066 2288 1074 2752 l

1102 292 1184 319 sunt
1201 285 1320 319 irritae
1337 286 1595 330 promissiones.

1199 335 1278 369 Huc
1303 337 1454 380 pertinet
1476 344 1508 371 et
1534 336 1599 371 hoc
1628 338 1778 372 dictum:
1818 336 1909 373 Ecce
1935 351 1996 383 ego
2023 351 2085 374 vo-

1097 387 1233 421 biscum
1250 399 1325 419 sum
1344 399 1455 432 usque
1471 388 1514 420 ad
1532 391 1870 424 consummationem
1889 390 2009 425 seculi.

1200 437 1256 472 Sis
1275 437 1382 480 igitur
1397 438 1628 477 certissimus,
1657 441 1751 484 quod
1768 441 1867 474 Deus
1890 448 2002 474 servet
2028 453 2083 474 re-

1097 488 1226 534 liquias
1243 489 1279 521 in
1299 487 1364 521 hoc
1389 491 1541 529 mundo,
1574 496 1606 523 et
1632 501 1767 533 semper
1790 498 1884 525 ratae
1909 492 1979 525 sint
2002 503 2083 535 pro-

1096 539 1279 573 missiones
1313 540 1413 573 datae
1445 537 1633 574 Ecclesiae.
1704 540 1851 581 Invoca‚
1892 543 2011 582 crede,
2051 550 2085 576 et

1096 597 1189 624 certo
1217 591 1302 624 scias
1328 597 1361 624 te
1391 590 1560 626 exaudiri,
1627 589 1722 624 Haec
1744 592 1923 624 verissima
1946 599 2028 626 sunt
2052 600 2085 626 et

1097 641 1297 676 certissima.
1357 638 1403 674 Et
1426 641 1590 675 laudatur
1611 639 1670 675 hic
1703 653 1824 676 servus
1853 642 1987 684 fidelis,
2024 644 2083 688 qui

1096 690 1187 726 hanc
1202 692 1306 725 fidem
1323 691 1462 727 retinet.

1147 755 1223 794 Sed
1245 756 1347 792 alius
1371 762 1421 792 est
1442 769 1564 792 servus
1591 756 1769 804 infidelis,
1803 759 1869 807 qui
1891 764 1941 794 est
1967 759 2084 793 ebrio-

1198 822 1283 851 sus,
1310 808 1421 849 bibit,
1449 807 1618 852 comedit,
1646 815 1676 844 el
1700 810 1860 844 verberat
1887 822 2085 845 consertos.

1200 875 1305 909 Tales
1322 882 1403 908 sunt
1426 872 1522 909 haud
1540 876 1648 909 dubie
1661 875 1775 920 Papa,
1804 874 1991 920 Episcopi,
2017 875 2085 910 Ca—

1097 927 1235 967 nonici,
1263 933 1296 960 et
1313 926 1362 959 eis
1381 923 1621 960 adhaerentes.
1673 925 1722 960 Hi
1748 927 1931 971 negligunt
1956 928 2086 960 doctri-

1098 990 1200 1018 nam,
1226 974 1452 1017 helluantur,
1479 984 1655 1021 quaerunt
1677 989 1761 1021 opes
1784 985 1817 1012 et
1843 978 2035 1021 potentiam
2054 985 2087 1011 et

1098 1029 1305 1072 voluptates.
1357 1026 1403 1060 Et
1421 1028 1608 1061 verberant
1623 1040 1830 1067 conservos,
1857 1029 1893 1061 id
1913 1035 1979 1069 est,
2006 1040 2086 1073 per-

1098 1086 1268 1124 sequutur
1291 1075 1504 1119 Ecclesiam,
1537 1079 1753 1112 interficiunt
1777 1078 1999 1119 Sacerdotes,
2025 1079 2086 1123 qui

1097 1129 1248 1163 fideliter
1263 1129 1407 1169 docent,
1435 1136 1467 1162 et
1484 1129 1572 1161 alios
1589 1126 1749 1162 homines
1767 1129 1862 1173 pios,
1890 1130 1949 1174 qui
1967 1127 2086 1164 Evan-

1098 1181 1227 1224 gelium
1252 1180 1514 1222 amplectuntur
1537 1186 1570 1212 et
1597 1180 1827 1213 confidentur.
1890 1179 1990 1213 Sicut
2018 1181 2086 1212 iam

1098 1230 1201 1264 multi
1220 1230 1346 1274 passim
1366 1236 1424 1263 aut
1448 1230 1632 1274 pelluntur
1654 1230 1692 1263 in
1715 1231 1835 1272 exilia,
1868 1238 1929 1265 aut
1952 1231 2086 1264 interfi-

1101 1282 1254 1315 ciuntur.

1202 1330 1411 1364 verberavit
1435 1330 1528 1374 Papa
1551 1337 1586 1364 et
1609 1337 1708 1364 antea
1732 1342 1917 1364 conservos
1942 1332 1978 1364 in
2004 1344 2087 1364 cou-

1099 1381 1274 1419 scientiis,
1319 1393 1381 1425 per
1411 1393 1491 1414 suas
1521 1382 1729 1415 traditiones
1752 1382 1795 1414 de
1820 1383 2012 1421 coelibatu,
2054 1389 2087 1415 et

1099 1433 1185 1466 alias
1204 1432 1325 1465 stultas
1347 1432 1565 1464 traditiones.
1619 1430 1722 1464 Nunc
1746 1432 1905 1466 verberat
1929 1444 2089 1476 corpora,

1100 1482 1265 1517 interficit
1279 1482 1484 1515 confitentes
1501 1494 1617 1514 veram
1637 1482 1846 1517 doctrinam.

1203 1532 1272 1567 Sed
1291 1545 1369 1566 curn
1385 1533 1500 1566 veniet
1519 1533 1611 1566 filius
1626 1531 1713 1573 Dei,
1735 1533 1919 1567 dissecabit
1936 1545 2028 1571 eum,
2057 1540 2089 1566 et

1101 1590 1209 1628 ponet
1233 1590 1369 1627 partem
1393 1584 1468 1616 eius
1493 1595 1571 1616 cum
1597 1580 1812 1627 hypocritis,
1846 1585 1985 1617 abiiciet
2009 1596 2089 1617 eum

1101 1635 1138 1667 in
1156 1641 1314 1667 aeternas
1338 1645 1483 1676 poenas,
1509 1634 1571 1666 ubi
1589 1634 1654 1666 erit
1674 1633 1848 1676 ploratus,
1875 1635 1910 1667 id
1930 1641 1998 1674 est,
2027 1635 2089 1667 ubi

1101 1692 1205 1717 erunt
1225 1682 1395 1716 horrendi
1418 1683 1580 1723 dolores,
1608 1694 1758 1726 quorum
1784 1685 1990 1727 magnitudo
2016 1697 2089 1717 non

1101 1741 1213 1778 potest
1230 1733 1345 1766 verbis
1364 1733 1532 1773 describi,
1559 1734 1618 1766 sed
1636 1733 1673 1765 in
1701 1734 1876 1767 damnatis
1898 1735 2090 1775 morituris,

1100 1790 1140 1818 ut
1159 1785 1194 1817 in
1211 1781 1400 1816 homicidis
1418 1791 1449 1817 ct
1468 1784 1616 1824 talibus,
1644 1784 1757 1826 imago
1777 1785 1899 1818 talium
1924 1785 2089 1818 dolorum

1100 1835 1326 1879 conspicitur,
1354 1832 1411 1867 hic
1427 1834 1676 1867 describuntur
1693 1846 1755 1878 per
1772 1832 1856 1868 haec
1874 1836 1983 1879 signa,
2011 1836 2089 1880 plo-

1099 1893 1215 1920 ratum
1239 1892 1273 1918 et
1293 1885 1481 1918 stridorem
1506 1885 1687 1925 dentium,
1716 1886 1772 1917 sed
1799 1886 1948 1919 sciamus
1975 1893 2091 1920 tantos

1099 1937 1239 1970 dolores
1263 1947 1334 1968 non
1363 1947 1463 1979 posse
1488 1935 1605 1968 verbis
1627 1935 1709 1969 satis
1732 1936 1894 1970 describi.
1948 1937 1993 1971 Et
2011 1949 2090 1970 vere

1099 1998 1366 2031 expavescamus
1391 1986 1601 2028 cogitatione
1625 1986 1748 2019 iudicii
1773 1987 1907 2029 divini,
1932 1994 1964 2021 et
1984 2000 2091 2033 quae-

1098 2049 1216 2071 ramus
1233 2037 1525 2081 consolationem,
1552 2037 1642 2070 sicut
1659 2036 1783 2070 Petrus
1799 2037 1897 2079 dicit,
1924 2036 2026 2072 Acto.
2038 2039 2088 2071 5.:

1098 2086 1202 2131 Agite
1225 2088 1498 2132 poenitentiam,
1535 2094 1567 2121 et
1590 2087 1860 2129 convertimini,
1891 2095 1929 2122 ut
1947 2089 2092 2121 delean-

1097 2146 1154 2173 tur
1170 2145 1306 2183 peccata
1324 2145 1454 2179 vestra,
1480 2150 1559 2171 cum
1577 2138 1718 2171 venient
1741 2144 1898 2183 tempora
1918 2139 2089 2181 refrigerii

1097 2202 1114 2223 a
1130 2189 1215 2223 facie
1234 2187 1400 2230 Domini,
1429 2190 1465 2222 id
1491 2196 1560 2229 est,
1586 2195 1625 2221 nt
1649 2189 1812 2222 veniente
1834 2189 1990 2222 Domino
2016 2202 2088 2222 non

1100 2241 1247 2284 pereatis
1272 2252 1422 2283 pavore,
1463 2241 1522 2273 sed
1553 2236 1710 2272 habeatis
1744 2239 2017 2280 recreationem,
2055 2248 2089 2274 ct

1098 2291 1279 2325 laetemini
1297 2298 1485 2336 conspectu
1500 2290 1562 2323 filii
1579 2288 1666 2328 Dei,
1693 2289 1821 2323 Amen.

1437 2408 1573 2460 Caput
1601 2407 1745 2449 XXV.

1096 2491 1228 2527 Sim1'le
1238 2495 1291 2526 est
1303 2503 1453 2539 regnum
1464 2488 1641 2524 coelorum
1653 2487 1768 2524 decem
1783 2488 2016 2536 Virginibus,
2031 2495 2092 2524 ele·

1197 2561 1404 2596 Similitudo
1426 2561 1469 2593 de
1486 2557 1696 2601 Virginibus
1714 2558 1829 2601 imago
1844 2565 1895 2592 est
1910 2556 2091 2593 Ecclesiae

1094 2624 1310 2658 quocunque
1337 2618 1513 2655 tempore,
1547 2610 1606 2642 sed
1632 2609 1783 2642 maxime
1802 2616 1979 2652 postremo
2000 2616 2089 2643 tem-

1095 2676 1200 2708 pore,
1236 2671 1268 2697 et
1298 2662 1454 2695 continet
1478 2661 1696 2701 doctrinam,
1722 2660 2026 2704 obiurgationem‚
2051 2668 2084 2694 et

1094 2713 1383 2748 consolationem.
