2409 2915
59 122 130 158 541
309 120 390 157 XII.

60 206 311 247 excusabilem,
354 218 474 239 verum
505 204 608 238 etiam
641 204 746 237 laude
776 203 920 245 dignam
957 215 1039 239 esse.

5 259 10 290 l
60 257 286 290 praedicantur
303 256 438 300 aliquot
455 256 489 287 in
508 255 592 287 locis
607 255 650 287 ab
668 252 901 297 Evangelistis
917 254 1039 287 inobe-

60 308 191 340 dientia
210 315 241 340 et
263 307 399 349 linguae
417 305 671 338 incontinentia
688 317 826 344 eornm,
851 304 912 349 qui
927 316 944 336 a
962 316 1040 347 gra-

61 359 164 391 vibus
187 357 319 390 morbis
334 356 452 388 divina
471 355 602 388 virtute
619 362 651 388 et
676 354 891 398 benignitate
907 352 1038 388 Christi

61 409 218 445 liberati,
245 406 398 450 iussique
412 405 448 437 id
473 406 678 439 beneficium
697 406 837 439 silentio
856 405 1040 446 occultare,

60 459 205 491 minime
239 457 482 500 obsequuntur
523 457 739 490 benefactori
781 468 843 489 suo
879 453 1040 496 Christo,

61 509 141 542 victi
172 506 413 549 magnitudine
437 506 575 549 gaudii,
607 508 667 539 sed
696 514 733 540 ut
759 506 900 540 Marcus
924 506 1039 551 inquit

60 571 131 602 cap.
151 556 203 590 7.:
236 556 379 599 Quanto
397 557 505 600 magis
519 557 684 591 iubentur
702 564 830 597 tacere,
856 563 953 591 tanto
973 557 1038 601 ipsi

59 607 243 641 clamosius
271 607 489 641 sanationem
517 607 615 642 illam
644 608 843 644 mirandam
875 607 1039 642 omuibus

59 657 171 692 obviis
191 656 406 704 praedicant·

444 116 836 155 ANNOTATIONES
861 114 929 152 ET
957 116 1238 154 CONCIONES
1267 117 1316 153 IN
1342 117 1524 157 EVANG.
1551 119 1830 156 ΜΑΤΤΗΑΕΙ.

2003 121 2077 157 542

1194 202 1390 237 Clementer
1407 205 1513 247 igitur
1534 205 1724 249 accipiatur
1747 213 1782 241 et
1804 204 1870 240 hoc
1886 219 2002 241 meum
2021 209 2073 241 fa—

1093 259 1204 293 ctum,
1237 255 1332 298 quod
1355 262 1475 288 contra
1501 257 1633 288 autoris
1657 257 1873 292 voluntatem
1897 256 1963 291 hoc
1987 259 2074 291 scri-

1093 309 1210 348 ptum,
1244 303 1342 336 cuius
1366 305 1513 338 lectione
1536 317 1598 348 ego
1621 318 1676 339 me
1696 308 1889 351 plurimum
1912 308 2073 342 adiutum

1093 354 1274 398 profiteor,
1298 360 1331 387 et
1347 354 1433 387 alios
1453 366 1592 395 omnes,
1618 357 1746 400 quibus
1764 359 1838 392 eius
1861 358 2073 402 inspiciendi

1092 411 1294 448 potestatem
1311 404 1396 445 feei,
1424 405 1516 438 idem
1534 405 1704 439 iudicasse
1721 408 1880 450 cognovi,
1905 409 2000 442 solus
2016 420 2073 442 as-

1092 466 1228 488 servare
1244 454 1363 496 nolui,
1389 456 1449 489 sed
1466 468 1545 490 cum
1563 456 1724 500 pluribus
1739 459 2072 492 communicandum

1092 505 1196 546 duxi,
1223 505 1331 549 idque
1347 507 1412 539 feci
1429 507 1531 541 toties
1554 513 1694 550 rogatus
1709 507 1753 540 ab
1769 508 1909 546 amicis,
1936 509 2071 552 flagita-

1091 563 1147 590 tus
1161 567 1179 589 a
1196 555 1389 590 maioribus
1406 557 1504 596 meis,
1531 557 1644 592 iussus
1659 564 1764 603 atque
1779 558 1866 592 adeo
1883 569 2072 602 propemo-

1092 608 1175 640 dum
1199 612 1337 639 coactus
1360 607 1404 640 ab
1429 607 1491 653 iis,
1518 620 1669 655 quorum
1689 609 1910 656 autoritatem
1926 620 1988 654 ego
2010 610 2072 653 de:

1091 657 1210 702 fugere
1225 668 1300 692 non
1317 658 1437 696 debui.
