2409 2915
233 105 330 142 1179

407 188 497 226 Non
524 189 732 238 relinquam
756 201 818 224 vos
841 186 1040 236 orphanos,

331 251 588 285 Promissiones
604 251 648 283 de
663 261 770 294 regno
791 261 853 283 suo
871 249 976 282 latius
991 246 1154 291 exponit,
1179 253 1220 280 ut.

229 303 338 347 erigat
360 302 555 336 imbecilles
585 301 836 341 conscientias,
879 306 912 333 et
935 298 1087 331 inculcet
1113 297 1162 328 eis
1184 308 1219 328 sr-

228 359 444 398 praesentem
463 353 602 393 adesse,
629 351 759 386 necubi
781 352 977 395 desperent.
1029 347 1120 382 Nam
1136 345 1218 391 quia

226 417 299 438 non
325 405 548 447 cognoscitur
569 410 667 444 pater
691 403 726 431 in
753 412 859 442 opere
889 398 1092 437 creationis,
1126 396 1217 429 filius

224 457 327 487 datus
345 461 412 491 est,
439 462 501 495 per
525 461 629 495 quem
656 449 821 482 voluntas
842 448 952 493 patris
979 454 1219 491 cognoscatur,

225 504 287 550 qui
305 503 470 536 certiores
488 512 552 534 nos
577 500 700 543 faciat,
734 500 838 543 plane
864 497 932 533 hoc
957 499 1046 532 velle
1069 505 1218 556 patrem,

224 561 263 588 ut
289 553 484 593 salvemur,
512 551 602 585 velle
625 563 728 595 opem
753 551 863 592 serm,
890 551 997 584 modo
1021 561 1056 583 se
1073 549 1218 582 invoce-

225 616 314 638 mus.
368 603 466 638 Haec
488 602 675 646 Evangelii
702 613 838 635 summa
863 608 924 637 est.
984 599 1058 634 Iam
1088 599 1149 633 ubi
1179 599 1216 631 in

225 657 330 690 corde
346 667 419 688 non
437 661 485 688 est
501 651 707 687 huiusmodi
725 653 872 692 fiducia,
899 663 1036 686 necesse
1052 658 1103 684 est
1116 677 1125 691 ,
1152 647 1218 696 hy-

223 706 379 750 pocrisin
397 717 469 739 esse
488 716 629 738 omnem
655 704 788 738 cultum
806 701 872 737 Dei
894 709 929 737 et
951 702 1070 736 omnia
1101 712 1217 744 opera.

223 757 305 791 Non
322 757 521 802 relinquam
546 766 608 789 vos
624 752 822 800 orphanos,
848 754 980 788 scilicet
996 753 1131 796 alioqui
1155 752 1218 784 de-

223 808 364 842 stitutos
381 807 478 841 omni
496 806 673 851 praesidio
690 806 733 839 ab
750 805 918 838 omnibus
935 803 1117 836 creaturis.
1158 801 1218 834 sic

225 866 257 892 et
275 865 374 903 pater
392 859 465 902 ipse
488 864 589 891 vocat
612 869 693 890 cum
715 855 807 889 Psal.
833 851 966 887 LXXV
974 851 1033 885 ll.:
1076 851 1216 885 Patrem

225 908 468 954 orphanorum
487 915 520 941 et
539 907 715 939 vindicem
734 905 933 937 viduarum.

481 980 560 1017 Vos
585 983 705 1013 autem
731 976 858 1012 videtis
884 989 949 1013 me.

323 1051 396 1085 lam
426 1062 522 1084 nunc
550 1047 779 1092 cognoscitis,
822 1058 878 1079 me
908 1046 1016 1080 vitam
1043 1056 1133 1087 esse,
1165 1051 1216 1087 ut,

220 1114 425 1150 quanquam
443 1101 643 1144 crucifiget,
670 1099 786 1131 vivam
804 1105 934 1132 tamen.

556 1170 659 1220 Quia
688 1183 752 1218 ego
781 1170 870 1214 vivo,

218 1246 368 1283 scilicet,
397 1253 601 1290 quanquam
619 1241 690 1274 vita
709 1240 947 1273 abscondatur
965 1244 1090 1272 morte.
1139 1236 1217 1271 Hoc

220 1305 271 1331 est
295 1297 389 1342 quod
412 1293 608 1339 Apostolus
634 1292 697 1325 ait:
731 1288 908 1324 Thesauri
934 1290 1039 1322 vestri
1067 1290 1213 1322 abscon-

221 1349 296 1382 diti.
315 1370 361 1374 —
405 1345 451 1380 Et
481 1356 542 1377 vos
567 1356 624 1376 vix
629 1350 710 1382 etis,
746 1342 828 1386 quia
861 1341 983 1374 eodem
1010 1340 1137 1384 spiritu
1162 1340 1215 1372 vi-

221 1408 305 1433 vant
324 1405 356 1431 et
373 1395 536 1430 Christus
554 1393 664 1438 etqui
681 1399 763 1425 sunt
780 1393 818 1424 iu
837 1389 990 1425 Christo.

423 1477 473 1513 In
502 1477 560 1511 die
588 1475 658 1510 illo
687 1488 746 1509 ros
775 1474 1007 1521 cognoscetis.

323 1549 418 1582 Ilaec
444 1546 619 1581 sententia
645 1545 754 1578 relata
779 1550 829 1577 est
846 1545 888 1576 ad
909 1550 1101 1576 extremum
1121 1542 1214 1574 iudi-

220 1601 338 1636 cium?
375 1597 468 1633 Mihi
492 1603 700 1641 argumento
724 1603 822 1635 suut,
866 1595 960 1651 quod
990 1595 1032 1626 ad
1059 1605 1215 1626 resurre-

220 1654 372 1687 ctionem
396 1651 594 1695 pertineant
622 1645 723 1687 haec,

221 1705 323 1737 lictos
347 1703 382 1735 in
403 1710 514 1742 terra„
542 1700 672 1745 quibus
697 1699 814 1730 serbis
838 1697 970 1730 indicit
993 1697 1086 1736 sore,
1118 1702 1157 1729 ut
1175 1708 1214 1729 ex

221 1754 476 1789 resurrectione
504 1757 693 1795 agnoscant
713 1749 775 1782 Dei
798 1748 990 1793 potentiam
1009 1747 1044 1779 in
1063 1744 1216 1787 (bristo,

220 1814 252 1840 et
271 1806 353 1853 quia
372 1811 490 1862 postea
514 1804 765 1845 iuterpretatur
782 1813 802 1831 ι.
809 1813 827 1831 ι·
822 1799 999 1832 mifcstari
1026 1810 1060 1831 se
1078 1798 1112 1830 id
1131 1809 1215 1836 csse,

220 1859 314 1902 quod
339 1856 458 1889 venire
484 1863 514 1887 «t
544 1854 763 1886 mansionem
790 1852 901 1884 facere
927 1851 1019 1894 apud
1042 1861 1120 1890 eos,
1154 1849 1214 1895 qui

629 1904 734 1945 (luorl
762 1914 824 1945 ego
851 1903 887 1934 in
911 1909 1012 1958 ‘putre
1033 1901 1119 1939 sim,
1149 1901 1171 1935 i.
1189 1912 1215 1934 c.

735 1965 823 1996 qu¹=c
849 1959 881 1985 rt
910 1953 944 1983 in
973 1953 1072 1984 xoluis
1097 1952 1215 1984 efficax

220 1920 296 1942 serv
302 1914 357 1940 ent
393 1907 566 1939 mandata

221 1960 316 2005 quorl
343 1959 406 1990 siin
433 1956 588 1999 putentia
610 1953 691 1991 Dei

222 2017 282 2044 est.
339 2007 377 2041 ln
399 2007 552 2041 Die.illo
572 2004 804 2046 cognoscetis,
831 2003 907 2035 scil.
925 2003 972 2035 sic
990 2004 1141 2045 rogabo,

223 2061 469 2095 testificaturus
495 2057 559 2089 sim
580 2055 678 2087 vohis
695 2056 736 2087 «le
754 2066 862 2095 regno
888 2067 984 2093 rnen,
1018 2061 1056 2086 nt
1083 2065 1215 2097 cogno-

221 2112 342 2151 scatis,
376 2109 441 2141 Dei
461 2107 654 2152 potentiam
680 2118 734 2138 mc
758 2117 841 2138 esse.
898 2105 1130 2138 'l'vstiticalior
1153 2118 1214 2137 au-

222 2171 310 2202 tem,
345 2173 423 2193 curn
451 2166 600 2192 tentatus
629 2157 841 2196 sublevabo,
870 2156 1081 2189 consolabor
1105 2163 1134 2189 vt
1163 2157 1214 2188 vi-

221 2213 379 2246 vificnbo.

443 2259 521 2307 (lui
547 2257 656 2292 habel
685 2255 868 2291 mandata
897 2269 989 2295 mea,

223 2323 354 2357 scilicet
373 2334 452 2353 vcra
472 2322 554 2358 fula-3
584 2321 641 2352 sed
665 2319 745 2364 quia
764 2331 843 2351 carn
862 2331 933 2351 non
954 2315 1055 2351 habet
1069 2345 1077 2357 ,
1103 2330 1215 2362 quan-

223 2386 326 2420 quam
352 2372 489 2405 simulo-t
516 2383 549 2403 sc
572 2369 717 2410 hain-rm
748 2370 846 2402 lite-ra
872 2377 919 2402 est
948 2369 1043 2403 enim
1069 2370 1215 2401 verbum

224 2425 288 2457 nei
310 2425 425 2463 carni,
454 2435 524 2455 non
544 2422 699 2466 spiritns.

278 2509 355 2554 Qui
383 2506 509 2553 diligit
539 2519 610 2544 mr.
639 2504 813 2552 diligitur
840 2511 870 2540 el
894 2519 917 2539 a
939 2511 1044 2554 patre
1072 2516 1160 2541 meo.

330 2577 422 2618 Quia
445 2576 478 2607 in
498 2573 640 2607 Christo
666 2587 789 2607 ‹irunt-s
815 2575 1025 2616 diliguntur.

226 2629 398 2661 nist-stabo
418 2639 471 2658 mc·
491 2627 540 2662 vi.
570 2626 602 2658 id
622 2632 690 2665 cst,
717 2626 867 2658 subinde
886 2626 1014 2659 clarius
1029 2626 1113 2659 «lum
1134 2637 1216 2670 prn-

226 2681 329 2713 lntur
349 2679 444 2711 fades.

801 105 947 141 ‘1²H1L.
975 101 1091 138 MEL.
1117 100 1326 138 SCRIPTA
1353 98 1656 136 EXEGETICA.

765 1654 795 1679 et
822 1646 904 1691 quia
931 1645 1134 1678 consolatur
1157 1656 1214 1678 ιε·
1242 1659 1243 1684 ;

1179 2010 1214 2035 ut
1242 2022 1244 2031 ν

1084 2574 1123 2607 lit
1143 2586 1216 2607 ma·
1244 2607 1245 2613 ,

2161 100 2259 137 1180

1373 182 1472 226 Quid
1495 190 1565 223 est,
1600 195 1674 217 non
1698 183 1781 228 quid
1803 183 1936 216 factum
1961 189 2033 224 est,
2058 183 2260 228 legendum.

1271 233 1366 268 Dicit
1381 234 1413 267 ei
1430 233 1547 276 ludas,
1571 235 1730 268 nondum
1749 233 1949 276 intelligens
1965 236 2260 270 resurrectionem

1271 292 1331 318 aut
1351 285 1587 328 crgnirionem
1604 282 1700 327 regni
1714 282 1848 319 Christi
1860 283 1916 327 ¹⁰).

1332 368 1380 402 Si
1399 368 1482 415 quis
1506 365 1632 412 diligit
1654 378 1726 405 me,
1752 377 1951 400 sermonem
1973 377 2091 399 meum
2115 371 2190 412 etc„

1270 433 1337 470 hoc
1359 442 1426 476 est,
1461 434 1510 467 sic
1535 440 1740 467 ostensurus
1762 443 1839 465 sum
1864 445 1920 467 me
1945 433 2069 467 verbo.
2122 433 2161 468 Si
2180 435 2260 480 quis

1272 486 1389 530 diligit
1406 497 1482 526 me,
1504 495 1702 517 sermonem
1721 489 1784 518 etc.
1797 507 1806 521 ‚
1830 484 1930 529 quasi
1947 485 2094 518 diceret:
2122 485 2262 519 Abdita

1271 538 1350 570 illas
1374 536 1532 570 carnales
1556 534 1826 578 imaginationes
1853 535 1897 568 de
1925 547 2045 579 regno,
2113 535 2183 570 Sed
2217 537 2262 570 de

1271 589 1380 621 verbo
1396 587 1518 621 saltem
1536 586 1601 620 tibi
1622 585 1848 628 cogitandum
1860 612 1868 626 ‚
1894 587 1991 630 quod
2012 593 2063 621 est
2080 587 2262 621 verissima

1271 639 1380 684 patris
1397 637 1571 681 cognitio,
1597 636 1804 680 glorificatio
1821 642 1853 669 et
1871 647 2017 679 regnum
2033 644 2096 673 etc.
2149 637 2264 672 Filius

1271 690 1376 723 nobis
1395 690 1515 730 datus,
1548 694 1587 721 ut
1604 699 1665 732 per
1685 687 1798 730 ipsum
1817 687 1921 720 nobis
1938 694 2069 731 pateret
2087 689 2203 722 aditus
2220 689 2263 722 ad

1273 752 1439 784 regnum,
1473 746 1507 773 et
1523 739 1810 772 condonarentur
1826 738 1931 771 nobis
1957 745 2103 782 peccata.
2157 739 2264 773 Man-

1271 791 1409 824 sionem
1435 791 1528 834 apud
1555 791 1671 834 ipsum
1696 788 1861 830 facimus„
1895 800 2016 822 sumus
2037 789 2131 823 enim
2147 802 2264 824 exem-

1271 841 1370 885 plum
1395 841 1472 875 Dei.
1538 839 1619 873 Non
1652 839 1824 880 servabit,
1873 851 2077 885 quanquam
2112 841 2265 877 simulet.

1270 891 1352 925 Non
1371 898 1420 925 est
1435 903 1534 925 meus
1546 918 1555 932 ‚
1583 891 1607 925 i.
1624 898 1750 932 e.{non
1768 898 1819 924 est
1834 891 1985 924 carnalis
2003 889 2060 936 ¹¹).

1512 973 1614 1009 Haec
1641 973 1781 1009 loculus
1802 987 1882 1009 sum
1908 973 2020 1015 vohis,

1271 1044 1306 1078 id
1333 1051 1400 1085 est,
1433 1045 1581 1077 verbum
1605 1044 1748 1089 quidem
1775 1055 1837 1087 ego
1862 1044 2096 1086 annunciavi‚
2130 1045 2212 1090 quia
2230 1044 2268 1078 in

1270 1093 1339 1128 hoc
1363 1095 1462 1136 veni,
1497 1101 1536 1128 ut
1559 1095 1815 1128 annunciarem
1843 1095 2011 1134 verbum,
2045 1096 2103 1129 sed
2127 1096 2164 1129 id
2188 1108 2268 1129 ver-

1272 1147 1357 1180 bum
1382 1158 1456 1179 non
1484 1146 1688 1189 intelligetis
1711 1146 1779 1178 nisi
1804 1147 1951 1180 docente
1972 1145 2109 1190 Spiritu
2133 1154 2267 1190 sancto,

1270 1204 1375 1242 atque
1401 1198 1430 1230 is
1454 1209 1595 1242 quoque
1625 1197 1770 1231 dabitur
1802 1209 1880 1230 cum
1913 1198 2128 1241 glorificatus
2157 1199 2268 1232 suero.

1663 1247 1757 1291 Quia
1779 1248 1874 1281 enim
1895 1249 2043 1282 verbum
2067 1261 2184 1283 meum
2202 1261 2268 1294 po-

1271 1299 1379 1334 tentia
1397 1298 1464 1333 Dei
1483 1306 1550 1339 est,
1580 1274 1658 1332 ideo
1678 1311 1751 1332 non
1771 1299 1916 1334 auditur
1933 1300 2132 1336 carnaliter.

1242 1319 1245 1356 l

1241 1361 1245 1448 l
1581 1381 1696 1430 Apud
1715 1396 1775 1417 ros
1795 1396 1960 1418 manens.

1373 1450 1518 1484 Interim
1537 1452 1620 1484 «lum
1645 1463 1721 1484 sum
1740 1453 1942 1492 vobiscum,
1978 1453 2010 1485 id
2035 1460 2102 1492 est,
2129 1450 2194 1486 hoc
2217 1460 2268 1487 est

1272 1502 1440 1539 verbum,
1469 1503 1562 1546 quod
1590 1503 1658 1534 iam
1682 1503 1830 1534 audistis
1845 1509 1876 1534 et
1895 1504 2095 1546 accepistis,
2123 1515 2187 1536 nec
2205 1511 2268 1544 est,

1272 1553 1366 1596 quod
1404 1553 1592 1596 quicquam
1624 1553 1810 1594 expectetis
1843 1553 1954 1593 ultra,
1998 1553 2066 1585 nisi
2093 1553 2265 1598 Spiritum

1241 1624 1244 1640 ,
1270 1609 1428 1636 sanctum
1442 1629 1450 1643 ,
1475 1604 1535 1647 qui
1562 1600 1627 1635 lioc
1647 1602 1762 1645 ipsum
1782 1603 1927 1636 verbum
1948 1605 2048 1637 vobis
2064 1605 2269 1644 declarabit,

1270 1666 1351 1686 narn
1372 1654 1483 1687 virtus
1501 1661 1532 1687 et
1555 1653 1708 1698 potentia
1727 1654 1795 1687 Dei
1816 1661 1877 1689 cst.

1242 1710 1244 1724 Ι

1241 1726 1244 1791 ᾗ
1446 1737 1562 1785 Quem
1589 1739 1703 1772 millet
1726 1743 1833 1787 paler
1853 1745 1998 1787 propter
2024 1752 2092 1782 me,

1271 1808 1306 1841 id
1327 1814 1374 1840 est
1390 1832 1399 1845 ‚
1429 1808 1465 1839 in
1485 1808 1629 1841 nomine
1653 1820 1742 1842 meo.
1797 1809 1894 1843 Sicut
1920 1821 2023 1853 supra
2047 1810 2150 1843 dicit:
2189 1810 2265 1845 Ro-

1241 1880 1244 1926 *
1270 1859 1358 1901 gabo
1384 1866 1537 1903 putrem,
1574 1867 1606 1893 ct
1633 1861 1729 1893 (labit
1755 1861 1937 1904 spiritum,
1965 1862 2010 1894 ita
2034 1859 2089 1895 liic
2109 1861 2266 1905 intellige

1242 1933 1244 1939 ι
1270 1910 1433 1954 spiritum
1458 1911 1532 1943 dari
1560 1918 1705 1958 propter
1721 1909 1922 1951 (Itu-istum,
1949 1913 2029 1957 quia
2058 1913 2094 1945 in
2119 1911 2264 1947 Christo

1242 1954 1244 1988 Τ
1269 1962 1479 2004 diliguntur.
1538 1961 1743 2005 Accipimus
1778 1970 1809 1995 ct
1841 1975 1902 2006 prr
1926 1963 2038 2006 ipsum
2063 1971 2093 1996 et
2119 1970 2265 2008 propter

1271 2013 1384 2056 ipsum
1403 2012 1576 2055 Spiritum
1597 2021 1772 2051 sanctuni,
1803 2015 1861 2057 qni
1882 2025 1945 2045 uos
1965 2013 2154 2056 adoptione
2174 2015 2264 2048 filios

1271 2064 1373 2101 facit,
1418 2064 1504 2095 sicut
1535 2063 1605 2105 ipse
1638 2064 1762 2095 nnuma
1788 2064 1880 2095 filius
1903 2070 1965 2097 est.
2028 2063 2116 2097 Nam
2142 2065 2177 2097 in
2198 2063 2264 2099 hoc

1269 2113 1466 2157 accepimus
1477 2113 1649 2156 Spiritum
1663 2121 1835 2152 sanctum,
1852 2121 1887 2146 ut
1903 2114 1963 2146 tilii
1983 2115 2114 2148 siamus.
2142 2115 2265 2157 Porro,

1270 2171 1413 2209 propter
1436 2161 1617 2197 Christum
1641 2165 1701 2196 filii
1730 2165 1918 2203 clticimur,
1953 2166 2103 2209 proinde
2125 2174 2156 2201 et
2181 2179 2264 2212 pro-

1270 2223 1347 2260 pter
1365 2213 1548 2249 Christum
1569 2216 1732 2260 spiritum
1753 2217 1954 2260 accipimus.

1242 2333 1245 2356 Ι
1528 2298 1603 2334 Ille
1628 2297 1764 2334 docebit
1791 2314 1851 2335 ros
1877 2302 2014 2340 otnnia.

1270 2368 1400 2401 scilicet
1426 2368 1655 2411 spiritualiter
1676 2367 1738 2411 ¹²),
1765 2381 1855 2413 qnae
1881 2370 1980 2402 vobis
2003 2370 2093 2406 dixi.
2131 2377 2163 2404 et
2189 2383 2261 2405 non

1271 2420 1350 2453 alia.
1385 2419 1518 2456 Primo,
1546 2431 1638 2452 novo
1656 2426 1862 2453 testamento
1879 2420 1974 2453 nulla
1992 2432 2082 2454 nova
2099 2422 2261 2457 doctrina

1244 2580 1246 2598 ι
1310 2591 1355 2616 10)
1375 2588 1483 2611 Verisa:
1504 2587 1579 2618 Ouid
1596 2588 1654 2615 nt,
1672 2594 1728 2611 non
1748 2589 1817 2617 qum
1835 2590 1877 2610 etr
1899 2606 1905 2614 ,
1925 2589 1990 2612 Tuli.
2010 2595 2064 2613 non
2083 2590 2173 2613 hahet.

1310 2625 1354 2651 11)
1378 2624 1486 2647 Porrus:
1513 2623 1554 2646 nt
1573 2623 1712 2645 carnum.
1732 2634 1763 2639 -
1809 2623 1913 2646 Vri-tm:
1943 2623 2121 2649 Mamm-iem
2140 2636 2171 2642 »-
2191 2631 2260 2649 car-

1342 2659 1436 2685 ησιΙὸι,
1462 2658 1527 2680 Tun.
1548 2663 1599 2680 nnn
1620 2657 1705 2680 nanc«,

1242 2686 1246 2714 l
1308 2693 1352 2718 η)
1372 2694 1439 2716 rut».
1459 2691 1548 2715 mut:
1568 2691 1728 2720 nunno-am
1749 2693 1862 2721 σει-ιιι,
1880 2693 2000 2718 triceno.
