2409 2915
237 105 310 143 635

239 200 343 226 tunae
373 184 579 221 muneribus
611 186 775 220 ornatus,
807 179 938 212 eminet
970 183 1005 211 et
1033 175 1224 216 antecellit,

243 243 392 284 ideoque
418 236 513 269 velut
538 232 656 266 ebrius
678 237 709 264 et
726 231 916 264 infatuatus
934 227 1148 261 successibus
1165 237 1225 259 su-

244 292 348 335 perbe
379 298 440 320 sua
475 283 619 318 consilia
653 289 686 316 et
711 292 782 314 sese
807 278 1027 323 magnifacit,
1058 289 1135 311 eum
1161 274 1226 309 hac

827 93 951 128 PHlL.
979 90 1095 127 MEL.
1123 88 1332 126 SCRIPTA
1358 88 1658 127 EXEGETICA.

247 343 316 384 ipsa
349 337 402 372 sui
427 335 552 369 fiducia
575 332 641 366 sibi
664 332 810 375 tragicas
831 340 960 374 poenas
985 339 1177 367 accersere,
1207 337 1225 358 a
1252 331 1254 358 ἱ

246 391 388 435 Deoque
414 396 535 420 rursus
560 396 599 417 ex
627 383 697 416 alto
721 381 855 424 fastigio
881 379 1051 413 deiectum
1073 376 1227 411 horribi-

245 443 325 475 liter
346 439 488 475 cadere,
512 435 602 469 sicut
625 431 793 466 admonui
818 430 994 474 proxime,
1017 428 1154 472 signum
1174 437 1228 459 se·-

246 499 388 525 cuturae
414 487 536 521 ruinae
559 483 787 518 certissimum
813 492 903 521 esse,
935 479 1107 521 insignem
1132 478 1229 510 inso-

247 541 400 575 lentiam.
461 536 605 579 Semper
629 533 722 566 enim
746 543 846 564 verae
871 536 1014 563 manent
1039 526 1104 562 hae
1128 538 1229 570 regu-

249 594 318 625 lae:
348 589 441 623 Deus
466 585 626 630 superbis
647 582 794 622 resistit,
820 579 1015 615 humilibus
1038 585 1151 612 autem
1171 578 1230 610 dat

249 641 407 685 gratiam.
468 635 574 676 Item,
608 632 824 667 abominatio
849 630 1004 665 Domino
1035 635 1084 662 est
1115 627 1230 661 omnis

250 691 419 735 superbus
438 687 561 726 corde,
588 683 756 718 Proverb.
779 682 835 715 16.

352 738 496 773 Discant
520 741 634 769 autem
653 733 833 773 homines,
861 732 1013 777 primum
1033 739 1232 773 agnoscere,

250 791 435 825 emendare
457 793 491 821 et
513 797 638 820 exuere
655 795 822 821 crassam,
851 782 1037 821 insulsam,
1063 785 1231 823 agrestem

252 849 354 887 atque
382 837 637 872 Thrasonicam
669 834 882 878 superbiam.
958 830 1057 873 Quae
1088 829 1234 874 quidem

252 890 416 936 superbia
440 887 566 922 rustica
589 893 622 919 et
639 883 856 918 Thrasonica
882 889 949 922 est,
977 880 1163 926 Cyclopico
1182 880 1234 911 fa-

253 951 308 977 stu
336 940 450 985 palam
483 937 659 981 despicere
691 942 795 979 atque
819 940 1044 966 contemnere
1068 930 1235 974 reliquos,

253 1003 382 1036 eosque
405 986 601 1022 maledictis
622 992 655 1019 et
679 984 820 1028 probris
844 993 988 1022 vexare,
1012 987 1044 1014 et
1061 981 1234 1014 obtrecta-

252 1045 349 1077 tione
374 1040 523 1073 aliorum
546 1037 601 1069 vel
624 1035 771 1078 gloriam
795 1045 980 1078 quaerere,
1006 1031 1062 1064 vel
1084 1030 1151 1063 sibi
1171 1042 1236 1074 po-

253 1093 399 1128 tentiam
431 1098 556 1131 augere
579 1085 679 1119 velle.
735 1083 841 1123 ltem,
875 1082 1001 1115 stolida
1027 1081 1181 1114 vanitate
1203 1087 1236 1114 et

253 1139 451 1185 arrogantia
477 1137 627 1181 gloriose
650 1135 760 1168 multa
773 1161 782 1175 ,
809 1134 866 1167 sed
883 1133 971 1165 falso
989 1133 1032 1165 de
1048 1143 1120 1164 sese
1136 1143 1236 1175 prae-

254 1195 388 1231 dicare,
415 1196 447 1223 et
469 1188 691 1232 impudenter
713 1197 751 1218 ea
774 1184 842 1218 sibi
861 1184 1033 1222 tribuere,
1058 1193 1146 1227 quae
1163 1193 1235 1214 non

254 1245 393 1278 adsunt.
455 1238 559 1272 Item:
596 1237 753 1280 ingerere
778 1246 814 1267 se
836 1234 961 1267 alienis
985 1232 1239 1272 vocationibus,

255 1306 318 1328 nec
348 1292 502 1326 tribuere
532 1287 680 1331 singulis
709 1286 875 1330 gradum,
909 1285 946 1316 in
978 1294 1083 1328 quem
1113 1282 1238 1316 ordine

255 1342 416 1379 collocati
441 1345 542 1378 sunt,
569 1338 627 1371 sed
650 1337 816 1370 invadere
835 1335 871 1367 in
891 1345 1010 1367 eorum
1029 1332 1240 1372 functiones,

256 1403 289 1429 et
311 1393 398 1426 velle
413 1400 555 1436 quoquo
571 1388 676 1421 modo
693 1385 898 1420 antecellere
914 1383 1003 1417 aliis.
1052 1381 1155 1415 ltem:
1184 1382 1240 1414 in-

257 1448 383 1478 iustam
400 1439 578 1475 licentiam
597 1437 663 1471 sibi
684 1447 820 1470 sumere
837 1433 1017 1479 premendi
1036 1439 1069 1466 et
1085 1431 1242 1466 afficien-

259 1497 296 1529 di
319 1493 405 1527 alios
423 1490 552 1524 iniuria
564 1515 572 1528 ,
599 1494 632 1521 et
646 1487 773 1521 offerre
789 1485 937 1529 speciem
955 1483 1117 1522 terroris,
1144 1494 1241 1527 aspe-

260 1554 409 1588 rumque
438 1540 512 1574 fieri
542 1550 615 1571 non
641 1537 836 1571 colentibus
859 1542 891 1568 et
914 1533 1242 1576 magnifacientibus

261 1607 343 1631 nos,
369 1599 407 1626 ut
433 1596 574 1635 propter
590 1586 681 1621 hanc
698 1587 807 1630 ipsam
826 1584 1047 1617 insolentiam
1062 1609 1072 1621 ,
1099 1595 1163 1615 nos
1181 1595 1243 1626 po-

260 1644 446 1680 tentiores,
480 1639 661 1677 fortiores,
694 1643 727 1670 et
757 1635 1024 1679 praestantiores
1049 1643 1121 1666 esse
1145 1640 1244 1676 pute-

261 1707 340 1729 mur
358 1704 461 1738 quam
481 1700 619 1728 sumus,
646 1687 707 1721 alii
724 1698 806 1719 vero
823 1686 1009 1718 videantur
1025 1683 1220 1716 inferiores.

363 1742 458 1776 Haec
490 1738 666 1779 enormia,
693 1748 824 1776 crassa,
851 1743 887 1769 et
911 1734 1108 1779 petulanter
1130 1745 1245 1767 accer-

263 1797 325 1830 sita
359 1793 461 1832 vitia,
493 1788 805 1833 multipliciterque
829 1787 936 1819 vitam
961 1781 1148 1817 hominum
1170 1792 1246 1817 tur-

262 1845 381 1882 bantia
407 1842 693 1879 considerentur,
720 1845 752 1871 et
772 1836 887 1879 agnita
905 1835 1078 1873 vitentur,
1105 1834 1247 1868 frenen-

264 1906 338 1935 tur,
367 1906 403 1927 ac
422 1894 662 1935 deponantur,
689 1887 899 1921 adsciscatur
916 1892 1030 1918 autem
1046 1891 1078 1917 et
1096 1892 1247 1928 praeste-

265 1956 321 1980 tur
345 1943 524 1977 humilitas
547 1939 733 1973 coniuncta
751 1948 829 1970 cum
849 1935 1017 1980 patientia
1035 1932 1248 1969 Christiana.

267 1996 400 2030 Verum
419 1994 461 2025 de
480 1989 535 2024 his
551 1989 631 2023 satis
649 1988 770 2021 multa.

369 2044 472 2078 Nunc
487 2043 530 2074 de
546 2039 745 2084 precatione
762 2048 821 2070 seu
837 2035 1052 2068 adoratione.

369 2094 488 2127 Prima
514 2090 632 2133 regula
657 2089 716 2122 sit:
746 2086 796 2121 Ne
823 2087 1008 2119 abutamur
1030 2083 1189 2118 oratioue
1207 2084 1248 2116 ad

269 2144 472 2190 hvpocrisin
494 2149 526 2176 et
545 2139 770 2174 exercendam
788 2136 1007 2180 superbiam,
1033 2147 1120 2167 neve
1137 2142 1250 2167 trans-

268 2186 399 2231 feratur
424 2191 600 2227 invocatio
624 2191 676 2223 vel
694 2189 734 2221 ad
755 2186 1035 2231 superstitionem
1056 2197 1250 2230 vanamque

270 2247 430 2280 fiduciam
455 2241 616 2288 propriae
640 2239 810 2277 iustitiae,
838 2237 891 2269 vel
915 2237 956 2269 ad
978 2236 1116 2267 inanem
1136 2243 1251 2269 osteu-

273 2298 439 2332 tationem
465 2301 567 2338 atque
590 2302 771 2335 pompam,
799 2289 881 2320 dum
905 2286 1077 2319 simulatis
1099 2298 1250 2318 ceremo-

274 2349 341 2380 niis
365 2354 395 2379 et
419 2343 607 2385 tragoediis
625 2339 778 2374 externis
794 2336 1059 2371 sanctimoniam
1079 2337 1250 2369 mentien-

274 2408 322 2430 tes
340 2398 558 2435 affectamus,
587 2400 622 2425 ut
641 2390 799 2424 homiues
818 2388 1016 2432 praedicent
1033 2398 1094 2419 uos
1114 2387 1147 2418 iu
1167 2395 1252 2420 tem-

276 2450 332 2493 plo
357 2454 505 2484 stantes,
543 2443 692 2487 plurima
719 2441 890 2481 legentes,
926 2437 1149 2481 incurvisque
1175 2450 1253 2471 cor-

275 2499 418 2542 poribus
444 2497 478 2528 in
502 2506 614 2537 genua
637 2492 875 2526 considentes,
904 2494 998 2523 tanta
1017 2487 1156 2532 quidem
1176 2501 1252 2531 spe-

276 2552 324 2581 rio*
349 2550 444 2581 fictae
467 2543 682 2582 (levationis,
710 2549 745 2574 ut
770 2540 884 2586 (quod
903 2538 1089 2572 Germanis
1115 2538 1149 2569 in
1175 2552 1253 2582 pro-

275 2600 394 2631 verbio
413 2604 476 2634 est)
499 2594 670 2629 Divorum
698 2592 799 2636 pedes
824 2590 999 2623 mordicus
1016 2589 1150 2622 auferre
1169 2591 1255 2623 velle

276 2651 465 2681 uideamur.

2180 93 2255 129 636

1378 173 1540 210 Secunda
1563 175 1698 220 regula:
1734 174 1894 210 Precatio
1917 186 1990 209 non
2012 183 2064 211 est
2086 177 2200 212 inanis
2223 185 2256 213 et

1277 225 1388 259 otiosa
1416 233 1450 261 et
1476 227 1603 271 frigida
1628 223 1872 274 βαττολογία,
1912 237 1972 259 seu
1996 224 2135 261 ethnico
2159 241 2257 263 more

1277 282 1422 320 propter
1438 278 1726 311 consuetudinem
1742 277 1841 311 inani
1858 276 2033 310 labiorum
2053 283 2169 318 motu,
2193 291 2257 313 vo-

1278 337 1428 371 cumque
1458 327 1624 371 strepitu,
1656 335 1690 362 et
1719 328 1860 372 linguae
1891 326 2111 360 volubilitate
2144 327 2258 370 legere

1279 376 1432 421 prolixas
1454 388 1591 422 preces,
1621 384 1656 412 et
1675 379 1812 412 easdem
1837 377 2076 421 superstitiose
2097 377 2172 410 sine
2193 377 2262 411 fine

1280 427 1421 461 iterare:
1448 428 1743 473 quemadmodum
1753 425 1922 462 Monachi
1941 435 1972 462 et
1985 427 2168 461 sacrificuli
2182 434 2262 462 ante

1280 475 1367 511 haee
1398 484 1555 522 tempora
1584 479 1798 520 cogebantur
1818 478 1963 512 recitare
1987 475 2091 510 horas
2115 477 2263 511 canoni-

1282 538 1355 568 ca5‚
1382 539 1460 562 cum
1478 527 1665 562 immodice
1681 528 1850 572 prolixas,
1874 535 1949 562 tum
1964 540 2008 562 ne
2025 528 2069 561 ab
2083 528 2168 572 ipsis
2183 528 2264 573 qui-

1282 578 1361 611 dem
1398 578 1608 612 intellectas:
1653 585 1712 612 aut
1741 579 1831 612 sicut
1857 579 2016 612 aniculae
2047 578 2263 612 rosariorum

1282 628 1427 662 naenias
1440 629 1753 663 demurmurabant
1763 629 1838 662 sine
1848 629 2046 663 animorum
2060 629 2266 663 intentione.

1386 694 1506 730 Tertia
1526 696 1660 740 regula:
1690 695 1869 731 Invocatio
1885 707 1945 730 seu
1962 696 2121 730 adoratio
2136 703 2185 730 est
2202 707 2265 728 ne-

1285 745 1452 780 cessarius
1474 753 1507 780 et
1528 747 1735 791 praecipuus
1750 746 1864 780 cultus
1880 745 1965 787 Dei,
1988 758 2027 780 ac
2042 758 2176 780 summa
2193 747 2266 778 vir-

1284 805 1358 837 tus,
1390 803 1423 830 et
1449 797 1591 842 propria
1615 797 1722 831 solius
1746 795 1938 837 Ecclesiae,
1971 807 2030 830 seu
2054 809 2134 830 vere
2159 794 2266 830 Chri-

1286 848 1495 887 stianorum3
1525 855 1642 893 estque
1666 859 1746 881 vera
1770 847 1836 880 fide
1859 846 1992 892 aliquid
2014 853 2129 891 petere
2153 859 2171 880 a
2191 845 2266 880 Deo

1286 904 1428 942 propter
1466 898 1694 931 mediatorem
1729 896 1923 931 Dominum
1962 903 2121 930 nostrum
2153 896 2267 930 lesum

1287 946 1487 987 Christum,
1521 955 1553 981 et
1575 954 1693 991 postea
1714 948 1841 991 gratias
1864 958 1963 991 agere
1986 946 2061 980 Deo
2083 954 2114 981 et
2136 947 2267 981 media-

1287 999 1355 1032 tori
1371 1010 1435 1042 pro
1451 998 1598 1041 acceptis
1616 997 1804 1033 beneficiis.

1391 1056 1512 1102 Itaque
1525 1057 1643 1101 priore
1658 1057 1735 1090 loco
1750 1056 1904 1090 dicemus
1919 1057 1963 1089 de
1980 1056 2159 1100 petitione,
2182 1067 2271 1101 quae

1288 1114 1338 1142 est
1353 1115 1470 1141 motus
1484 1107 1522 1140 in
1540 1107 1662 1145 corde,
1690 1106 1812 1140 volens
1828 1106 1961 1151 aliquid
1978 1107 2134 1151 accipere
2150 1118 2168 1140 a
2186 1105 2272 1147 Deo,

1289 1165 1322 1192 et
1339 1165 1479 1203 petens,
1505 1165 1545 1191 ut
1561 1157 1663 1191 nobis
1681 1158 1810 1191 dentur
1827 1157 1918 1190 bona
1936 1158 2138 1191 necessaria.

1393 1222 1451 1257 Ad
1474 1223 1680 1267 petitionem
1703 1234 1786 1256 vero
1811 1222 2002 1256 necessaria
2021 1229 2070 1257 est
2089 1222 2274 1267 praecipue

1291 1274 1448 1320 quinque
1466 1284 1584 1306 rerum
1600 1273 1845 1307 consideratio.

1392 1331 1513 1365 Primo
1538 1332 1763 1374 cogitandum
1790 1338 1856 1371 est,
1889 1343 1993 1376 quem
2019 1331 2179 1372 invoces,
2212 1331 2275 1377 qui

1293 1382 1337 1416 sit
1366 1393 1469 1415 verus
1492 1382 1604 1421 Deus,
1637 1382 1700 1416 ubi
1724 1392 1759 1414 se
1785 1382 2002 1425 patefecerit,
2035 1388 2073 1415 ut
2098 1382 2275 1416 discernas

1293 1439 1388 1466 tuam
1412 1432 1670 1466 invocationem
1693 1432 1737 1465 ab
1754 1429 1905 1465 Ethnica
1929 1439 1963 1465 et
1988 1432 2146 1465 omnium
2166 1439 2274 1466 secta-

1295 1495 1374 1516 rum
1397 1483 1571 1516 damnatis
1595 1481 1891 1517 invocationibus.
1945 1481 2157 1526 Quanquam
2180 1483 2274 1516 enim

1295 1530 1438 1566 Ethnici
1454 1545 1593 1577 quoque
1613 1538 1791 1576 precantes
1806 1539 1977 1576 usurpant
1995 1539 2027 1565 et
2043 1532 2194 1566 retinent
2210 1545 2276 1566 no-

1296 1594 1376 1615 rnen
1408 1583 1498 1622 Dei,
1536 1589 1652 1615 tamen
1686 1588 1856 1624 vagantur
1882 1581 2028 1619 animis,
2066 1582 2278 1624 ignorantes,

1298 1633 1381 1677 quid
1416 1632 1460 1666 sit
1492 1631 1606 1671 Deus,
1647 1638 1706 1665 aut
1740 1633 1833 1676 quod
1866 1631 2004 1665 Numen
2035 1632 2277 1677 alloquantur:

1298 1683 1389 1716 alius
1419 1683 1554 1716 coelum
1586 1682 1745 1715 nominat
1768 1681 1898 1722 Deum,
1931 1683 2021 1716 alius
2047 1683 2199 1726 appellat
2222 1695 2279 1717 so-

1299 1733 1379 1768 lem.
1432 1732 1489 1766 Tu
1515 1745 1597 1766 vero
1620 1733 1725 1766 debes
1750 1733 1784 1764 in
1804 1733 2003 1776 precatione
2018 1739 2147 1767 attente
2164 1733 2280 1767 consi-

1300 1785 1443 1823 derare,
1467 1790 1499 1817 et
1523 1790 1634 1816 tecum
1661 1782 1733 1826 ipse
1755 1794 1940 1826 quaerere,
1968 1783 2052 1827 quid
2070 1794 2170 1828 agas,
2193 1784 2278 1829 quid

1302 1835 1458 1873 invoces,
1484 1834 1545 1872 ubi
1563 1845 1597 1866 se
1612 1833 1708 1866 Deus
1725 1833 1936 1876 patefecerit,
1963 1840 1996 1867 et
2012 1833 2162 1876 dirigere
2179 1845 2280 1867 men-

1301 1892 1368 1918 tem
1394 1895 1432 1916 ae
1457 1883 1713 1917 invocationem
1736 1883 1777 1915 ad
1806 1880 1899 1916 hunc
1922 1895 2042 1916 verum
2058 1881 2192 1921 Deum,
2218 1883 2279 1929 qui

1301 1946 1336 1967 se
1356 1934 1515 1977 patefecit
1535 1934 1637 1966 misso
1658 1933 1748 1971 filio,
1774 1933 1928 1967 Domino
1945 1939 2064 1967 nostro
2082 1932 2158 1967 Iesu
2174 1930 2280 1968 Chri-

1302 1992 1354 2018 sto
1380 1984 1542 2017 cruciflxo
1566 1991 1596 2017 et
1620 1983 1834 2018 resuscitato.
1889 1983 1972 2017 ldeo
1994 1995 2094 2027 saepe
2118 1984 2210 2018 inter
2226 1984 2281 2018 in-

1303 2035 1499 2067 vocandum
1536 2034 1663 2077 cogites
1693 2040 1726 2066 et
1761 2045 1936 2077 proponas
1967 2034 2031 2068 tibi
2067 2034 2281 2078 baptismum

1302 2081 1452 2124 Christi,
1480 2085 1515 2117 in
1538 2096 1608 2128 quo
1633 2083 1822 2117 clarissime
1845 2085 2035 2127 patefactae
2058 2092 2091 2119 et
2110 2085 2282 2119 revelatae

1303 2141 1385 2168 sunt
1409 2141 1478 2168 tres
1502 2146 1684 2178 personae:
1720 2132 1815 2167 Deus
1841 2133 1960 2173 Pater,
1995 2133 2091 2168 Deus
2115 2134 2226 2169 Filius
2248 2141 2283 2169 et

1303 2184 1397 2219 Deus
1412 2184 1564 2229 Spiritus
1581 2191 1728 2218 sanctus.
1785 2185 1834 2218 Ac
1853 2185 1988 2230 quoties
2007 2183 2150 2219 inchoas
2165 2196 2283 2230 preca-

1304 2236 1454 2275 tionem,
1481 2236 1611 2272 oculis.
1639 2242 1772 2275 mente,
1798 2247 1948 2281 veraque
1971 2237 2036 2269 lide
2059 2236 2226 2269 intuearis
2247 2235 2283 2269 in

1305 2286 1498 2320 Dominum
1525 2294 1683 2320 nostrum
1709 2285 1820 2319 lesum
1842 2283 2040 2322 Christum.
2068 2293 2099 2320 et
2123 2287 2284 2320 conside-

1306 2349 1359 2370 res
1374 2344 1579 2382 utrumque,
1608 2349 1670 2370 nec
1686 2337 1781 2370 aliud
1799 2348 1929 2369 numen
1946 2337 2181 2370 invocandum
2199 2348 2284 2376 esse,

1306 2388 1374 2421 nisi
1402 2385 1495 2420 huuc
1519 2399 1639 2421 verum
1658 2385 1789 2425 Deum,
1817 2386 1876 2430 qui
1897 2398 1931 2419 se
1949 2387 2108 2431 patefecit
2126 2387 2161 2420 in
2178 2385 2283 2422 Chri-

1306 2446 1379 2476 sto,
1414 2438 1575 2472 videlicet
1601 2437 1758 2475 Patrem,
1794 2435 1923 2469 Filium
1953 2445 1985 2471 et
2009 2437 2180 2482 Spiritum
2202 2449 2283 2471 san-

1306 2497 1416 2522 ctum:
1445 2496 1477 2523 et
1503 2486 1596 2522 hunc
1616 2494 1795 2522 aeternum
1823 2485 1934 2521 Deum
1960 2499 2096 2532 semper
2116 2488 2151 2522 in
2176 2487 2283 2521 eccle-

1307 2540 1355 2572 sia
1389 2539 1611 2583 patefactum,
1644 2538 1732 2571 velle
1762 2544 1855 2571 certo
1885 2545 1917 2571 te
1947 2539 2129 2582 exaudire,
2162 2549 2285 2572 curare

1308 2597 1385 2623 tuos
1404 2589 1570 2632 gemitus,
1599 2588 1749 2632 recipere
1769 2595 1844 2621 tuas
1863 2601 1979 2633 preces
1995 2595 2137 2635 propter
2154 2587 2283 2622 Filium

1309 2647 1340 2674 et
1358 2641 1582 2674 mediatorem
1599 2636 1790 2674 Christum.

2374 759 2382 1057 -—-.————.„..-.-<..-
2378 685 2383 751 0½⁴
