<?xml version="1.0" encoding="UTF-8"?>
<!DOCTYPE html PUBLIC "-//W3C//DTD XHTML 1.0 Transitional//EN"
    "http://www.w3.org/TR/xhtml1/DTD/xhtml1-transitional.dtd">
<html xmlns="http://www.w3.org/1999/xhtml" xml:lang="en" lang="en">
 <head>
  <title>
</title>
<meta http-equiv="Content-Type" content="text/html;charset=utf-8" />
  <meta name='ocr-system' content='tesseract 3.04.00' />
  <meta name='ocr-capabilities' content='ocr_page ocr_carea ocr_par ocr_line ocrx_word'/>
</head>
<body>
  <div class='ocr_page' id='page_1' title='image "./operaquaesupersu14melauoft/operaquaesupersu14melauoft_0407.png"; bbox 0 0 2409 2915; ppageno 0'>
   <div class='ocr_carea' id='block_1_1' title="bbox 56 119 393 157">
    <p class='ocr_par' dir='ltr' id='par_1_1' title="bbox 56 119 393 157">
     <span class='ocr_line' id='line_1_1' title="bbox 56 119 393 157; baseline -0.003 0"><span class='ocrx_word' id='word_1_1' title='bbox 56 121 131 157; x_wconf 86' lang='lat'>797</span> <span class='ocrx_word' id='word_1_2' title='bbox 313 119 393 157; x_wconf 86' lang='lat' dir='ltr'><strong>XII.</strong></span> 
     </span>
    </p>
   </div>
   <div class='ocr_carea' id='block_1_2' title="bbox 447 114 1839 155">
    <p class='ocr_par' dir='ltr' id='par_1_2' title="bbox 447 114 1839 155">
     <span class='ocr_line' id='line_1_2' title="bbox 447 114 1839 155; baseline -0.001 0"><span class='ocrx_word' id='word_1_3' title='bbox 447 117 844 155; x_wconf 87' lang='lat' dir='ltr'>ANNOTATIONES</span> <span class='ocrx_word' id='word_1_4' title='bbox 869 117 935 154; x_wconf 89' lang='lat' dir='ltr'>ET</span> <span class='ocrx_word' id='word_1_5' title='bbox 962 114 1242 154; x_wconf 88' lang='lat' dir='ltr'>CONClONES</span> <span class='ocrx_word' id='word_1_6' title='bbox 1270 116 1320 152; x_wconf 87' lang='lat' dir='ltr'>IN</span> <span class='ocrx_word' id='word_1_7' title='bbox 1346 116 1529 153; x_wconf 85' lang='lat' dir='ltr'>EVANG.</span> <span class='ocrx_word' id='word_1_8' title='bbox 1560 116 1839 153; x_wconf 88' lang='grc' dir='ltr'>ΜΑΤΤΗΑΕΙ.</span> 
     </span>
    </p>
   </div>
   <div class='ocr_carea' id='block_1_3' title="bbox 2010 118 2084 152">
    <p class='ocr_par' dir='ltr' id='par_1_3' title="bbox 2010 118 2084 152">
     <span class='ocr_line' id='line_1_3' title="bbox 2010 118 2084 152; baseline 0 -1"><span class='ocrx_word' id='word_1_9' title='bbox 2010 118 2084 152; x_wconf 86' lang='grc'>798</span> 
     </span>
    </p>
   </div>
   <div class='ocr_carea' id='block_1_4' title="bbox 55 200 2085 253">
    <p class='ocr_par' dir='ltr' id='par_1_4' title="bbox 55 200 2085 253">
     <span class='ocr_line' id='line_1_4' title="bbox 55 200 2085 253; baseline -0.002 -13"><span class='ocrx_word' id='word_1_10' title='bbox 55 207 230 246; x_wconf 75' lang='lat' dir='ltr'>recitabo,</span> <span class='ocrx_word' id='word_1_11' title='bbox 258 213 401 251; x_wconf 88' lang='lat' dir='ltr'>propter</span> <span class='ocrx_word' id='word_1_12' title='bbox 416 203 672 253; x_wconf 86' lang='lat' dir='ltr'>quasChristus</span> <span class='ocrx_word' id='word_1_13' title='bbox 689 206 732 239; x_wconf 92' lang='lat' dir='ltr'>ad</span> <span class='ocrx_word' id='word_1_14' title='bbox 749 206 946 239; x_wconf 78' lang='lat' dir='ltr'>sacerdotes</span> <span class='ocrx_word' id='word_1_15' title='bbox 961 205 1046 238; x_wconf 89' lang='lat' dir='ltr'>istos</span> <span class='ocrx_word' id='word_1_16' title='bbox 1071 202 1075 252; x_wconf 64' lang='lat' dir='ltr'>l</span> <span class='ocrx_word' id='word_1_17' title='bbox 1099 200 1166 236; x_wconf 93' lang='lat' dir='ltr'>hoc</span> <span class='ocrx_word' id='word_1_18' title='bbox 1190 203 1357 236; x_wconf 88' lang='lat' dir='ltr'>miraculo</span> <span class='ocrx_word' id='word_1_19' title='bbox 1382 211 1414 238; x_wconf 88' lang='lat' dir='ltr'>et</span> <span class='ocrx_word' id='word_1_20' title='bbox 1442 204 1520 237; x_wconf 85' lang='lat' dir='ltr'>aliis</span> <span class='ocrx_word' id='word_1_21' title='bbox 1542 217 1600 237; x_wconf 83' lang='lat' dir='ltr'>eos</span> <span class='ocrx_word' id='word_1_22' title='bbox 1625 205 1852 245; x_wconf 81' lang='lat' dir='ltr'>convincere,</span> <span class='ocrx_word' id='word_1_23' title='bbox 1879 210 1918 238; x_wconf 92' lang='lat' dir='ltr'>nt</span> <span class='ocrx_word' id='word_1_24' title='bbox 1940 205 2085 237; x_wconf 80' lang='lat' dir='ltr'>credant</span> 
     </span>
    </p>
   </div>
   <div class='ocr_carea' id='block_1_5' title="bbox 55 258 1044 556">
    <p class='ocr_par' dir='ltr' id='par_1_5' title="bbox 55 258 361 301">
     <span class='ocr_line' id='line_1_5' title="bbox 55 258 361 301; baseline 0 -9"><span class='ocrx_word' id='word_1_25' title='bbox 55 264 195 292; x_wconf 83' lang='lat' dir='ltr'>sanatos</span> <span class='ocrx_word' id='word_1_26' title='bbox 213 258 361 301; x_wconf 84' lang='lat' dir='ltr'>ablegat.</span> 
     </span>
    </p>

    <p class='ocr_par' dir='ltr' id='par_1_6' title="bbox 55 307 1044 556">
     <span class='ocr_line' id='line_1_6' title="bbox 158 307 1044 352; baseline 0 -12"><span class='ocrx_word' id='word_1_27' title='bbox 158 307 277 342; x_wconf 91' lang='lat' dir='ltr'>Prima</span> <span class='ocrx_word' id='word_1_28' title='bbox 294 321 394 343; x_wconf 89' lang='lat' dir='ltr'>causa</span> <span class='ocrx_word' id='word_1_29' title='bbox 412 314 480 348; x_wconf 87' lang='lat' dir='ltr'>est,</span> <span class='ocrx_word' id='word_1_30' title='bbox 506 308 583 342; x_wconf 84' lang='lat' dir='ltr'>vult</span> <span class='ocrx_word' id='word_1_31' title='bbox 600 307 696 352; x_wconf 89' lang='lat' dir='ltr'>ipsos</span> <span class='ocrx_word' id='word_1_32' title='bbox 713 314 746 341; x_wconf 91' lang='lat' dir='ltr'>et</span> <span class='ocrx_word' id='word_1_33' title='bbox 763 308 969 341; x_wconf 90' lang='lat' dir='ltr'>universum</span> <span class='ocrx_word' id='word_1_34' title='bbox 986 319 1044 350; x_wconf 85' lang='lat' dir='ltr'>ge-</span> 
     </span>
     <span class='ocr_line' id='line_1_7' title="bbox 55 356 1043 400; baseline -0.001 -7"><span class='ocrx_word' id='word_1_35' title='bbox 55 371 123 393; x_wconf 90' lang='lat' dir='ltr'>nus</span> <span class='ocrx_word' id='word_1_36' title='bbox 146 357 343 393; x_wconf 87' lang='lat' dir='ltr'>humanum</span> <span class='ocrx_word' id='word_1_37' title='bbox 370 358 667 393; x_wconf 83' lang='lat' dir='ltr'>commonefacere</span> <span class='ocrx_word' id='word_1_38' title='bbox 691 356 758 392; x_wconf 91' lang='lat' dir='ltr'>hoc</span> <span class='ocrx_word' id='word_1_39' title='bbox 781 360 969 400; x_wconf 87' lang='lat' dir='ltr'>mandato,</span> <span class='ocrx_word' id='word_1_40' title='bbox 1005 365 1043 392; x_wconf 89' lang='lat' dir='ltr'>ut</span> 
     </span>
     <span class='ocr_line' id='line_1_8' title="bbox 55 409 1042 455; baseline -0.003 -11"><span class='ocrx_word' id='word_1_41' title='bbox 55 417 92 445; x_wconf 85' lang='lat' dir='ltr'>et</span> <span class='ocrx_word' id='word_1_42' title='bbox 116 410 183 455; x_wconf 90' lang='lat' dir='ltr'>ipsi</span> <span class='ocrx_word' id='word_1_43' title='bbox 209 417 243 444; x_wconf 89' lang='lat' dir='ltr'>et</span> <span class='ocrx_word' id='word_1_44' title='bbox 266 421 330 444; x_wconf 89' lang='lat' dir='ltr'>nos</span> <span class='ocrx_word' id='word_1_45' title='bbox 355 421 478 443; x_wconf 88' lang='lat' dir='ltr'>omnes</span> <span class='ocrx_word' id='word_1_46' title='bbox 494 409 693 443; x_wconf 86' lang='lat' dir='ltr'>ministerio</span> <span class='ocrx_word' id='word_1_47' title='bbox 710 409 939 444; x_wconf 78' lang='lat' dir='ltr'>Sacerdotum</span> <span class='ocrx_word' id='word_1_48' title='bbox 956 409 1042 452; x_wconf 84' lang='lat' dir='ltr'>legi-</span> 
     </span>
     <span class='ocr_line' id='line_1_9' title="bbox 55 460 1044 505; baseline -0.002 -10"><span class='ocrx_word' id='word_1_49' title='bbox 55 461 163 502; x_wconf 85' lang='lat' dir='ltr'>timo,</span> <span class='ocrx_word' id='word_1_50' title='bbox 189 467 223 495; x_wconf 89' lang='lat' dir='ltr'>et</span> <span class='ocrx_word' id='word_1_51' title='bbox 245 473 265 494; x_wconf 89' lang='lat' dir='ltr'>a</span> <span class='ocrx_word' id='word_1_52' title='bbox 286 473 322 494; x_wconf 93' lang='lat' dir='ltr'>se</span> <span class='ocrx_word' id='word_1_53' title='bbox 339 460 550 505; x_wconf 87' lang='lat' dir='ltr'>constituto,</span> <span class='ocrx_word' id='word_1_54' title='bbox 578 467 779 494; x_wconf 79' lang='lat' dir='ltr'>reverenter</span> <span class='ocrx_word' id='word_1_55' title='bbox 796 467 829 495; x_wconf 91' lang='lat' dir='ltr'>et</span> <span class='ocrx_word' id='word_1_56' title='bbox 845 462 889 494; x_wconf 89' lang='lat' dir='ltr'>ad</span> <span class='ocrx_word' id='word_1_57' title='bbox 906 460 960 493; x_wconf 90' lang='lat' dir='ltr'>sui</span> <span class='ocrx_word' id='word_1_58' title='bbox 977 473 1044 493; x_wconf 93' lang='lat' dir='ltr'>no—</span> 
     </span>
     <span class='ocr_line' id='line_1_10' title="bbox 55 510 1044 556; baseline -0.002 -11"><span class='ocrx_word' id='word_1_59' title='bbox 55 512 163 546; x_wconf 88' lang='lat' dir='ltr'>minis</span> <span class='ocrx_word' id='word_1_60' title='bbox 186 511 331 556; x_wconf 87' lang='lat' dir='ltr'>gloriam</span> <span class='ocrx_word' id='word_1_61' title='bbox 356 518 515 547; x_wconf 89' lang='lat' dir='ltr'>utantur.</span> <span class='ocrx_word' id='word_1_62' title='bbox 569 510 621 545; x_wconf 92' lang='lat' dir='ltr'>Ac</span> <span class='ocrx_word' id='word_1_63' title='bbox 641 512 744 546; x_wconf 88' lang='lat' dir='ltr'>sicuti</span> <span class='ocrx_word' id='word_1_64' title='bbox 761 510 825 545; x_wconf 88' lang='lat' dir='ltr'>hos</span> <span class='ocrx_word' id='word_1_65' title='bbox 842 519 981 546; x_wconf 90' lang='lat' dir='ltr'>sanatos</span> <span class='ocrx_word' id='word_1_66' title='bbox 1000 512 1044 544; x_wconf 88' lang='lat' dir='ltr'>ad</span> 
     </span>
    </p>
   </div>
   <div class='ocr_carea' id='block_1_6' title="bbox 55 562 1071 607">
    <p class='ocr_par' dir='ltr' id='par_1_7' title="bbox 55 562 1071 607">
     <span class='ocr_line' id='line_1_11' title="bbox 55 562 1071 607; baseline -0.001 -11"><span class='ocrx_word' id='word_1_67' title='bbox 55 562 259 597; x_wconf 84' lang='lat' dir='ltr'>Sacerdotes</span> <span class='ocrx_word' id='word_1_68' title='bbox 280 562 447 601; x_wconf 81' lang='lat' dir='ltr'>remittit,</span> <span class='ocrx_word' id='word_1_69' title='bbox 476 562 524 596; x_wconf 89' lang='lat' dir='ltr'>ita</span> <span class='ocrx_word' id='word_1_70' title='bbox 550 563 726 607; x_wconf 80' lang='lat' dir='ltr'>intelligas</span> <span class='ocrx_word' id='word_1_71' title='bbox 752 574 816 596; x_wconf 93' lang='lat' dir='ltr'>nos</span> <span class='ocrx_word' id='word_1_72' title='bbox 841 575 983 606; x_wconf 87' lang='lat' dir='ltr'>omnes,</span> <span class='ocrx_word' id='word_1_73' title='bbox 1011 569 1043 596; x_wconf 90' lang='lat' dir='ltr'>et</span> <span class='ocrx_word' id='word_1_74' title='bbox 1069 593 1071 604; x_wconf 68' lang='lat'>,</span> 
     </span>
    </p>
   </div>
   <div class='ocr_carea' id='block_1_7' title="bbox 43 613 1044 2181">
    <p class='ocr_par' dir='ltr' id='par_1_8' title="bbox 49 613 1044 1268">
     <span class='ocr_line' id='line_1_12' title="bbox 55 613 1043 657; baseline 0 -11"><span class='ocrx_word' id='word_1_75' title='bbox 55 613 211 657; x_wconf 86' lang='lat' dir='ltr'>singulos</span> <span class='ocrx_word' id='word_1_76' title='bbox 239 613 406 646; x_wconf 90' lang='lat' dir='ltr'>omnibus</span> <span class='ocrx_word' id='word_1_77' title='bbox 431 614 649 657; x_wconf 85' lang='lat' dir='ltr'>temporibus</span> <span class='ocrx_word' id='word_1_78' title='bbox 673 615 717 647; x_wconf 89' lang='lat' dir='ltr'>ad</span> <span class='ocrx_word' id='word_1_79' title='bbox 743 614 979 647; x_wconf 88' lang='lat' dir='ltr'>ministerium</span> <span class='ocrx_word' id='word_1_80' title='bbox 1005 613 1043 646; x_wconf 90' lang='lat' dir='ltr'>in</span> 
     </span>
     <span class='ocr_line' id='line_1_13' title="bbox 54 662 1044 709; baseline 0 -11"><span class='ocrx_word' id='word_1_81' title='bbox 54 662 211 698; x_wconf 81' lang='lat' dir='ltr'>Ecclesia</span> <span class='ocrx_word' id='word_1_82' title='bbox 234 664 381 698; x_wconf 87' lang='lat' dir='ltr'>deduci:</span> <span class='ocrx_word' id='word_1_83' title='bbox 417 664 467 697; x_wconf 91' lang='lat' dir='ltr'>ibi</span> <span class='ocrx_word' id='word_1_84' title='bbox 490 677 609 698; x_wconf 88' lang='lat' dir='ltr'>vocem</span> <span class='ocrx_word' id='word_1_85' title='bbox 634 663 818 709; x_wconf 82' lang='lat' dir='ltr'>Evangelii</span> <span class='ocrx_word' id='word_1_86' title='bbox 843 665 982 704; x_wconf 77' lang='lat' dir='ltr'>audias,</span> <span class='ocrx_word' id='word_1_87' title='bbox 1010 671 1044 698; x_wconf 88' lang='lat' dir='ltr'>et</span> 
     </span>
     <span class='ocr_line' id='line_1_14' title="bbox 52 713 1041 756; baseline -0.001 -9"><span class='ocrx_word' id='word_1_88' title='bbox 52 725 119 747; x_wconf 92' lang='lat' dir='ltr'>usu</span> <span class='ocrx_word' id='word_1_89' title='bbox 142 713 451 749; x_wconf 87' lang='lat' dir='ltr'>Sacramentorum</span> <span class='ocrx_word' id='word_1_90' title='bbox 477 716 582 749; x_wconf 87' lang='lat' dir='ltr'>fidem</span> <span class='ocrx_word' id='word_1_91' title='bbox 609 716 813 756; x_wconf 88' lang='lat' dir='ltr'>confirmes,</span> <span class='ocrx_word' id='word_1_92' title='bbox 843 713 909 749; x_wconf 90' lang='lat' dir='ltr'>hoc</span> <span class='ocrx_word' id='word_1_93' title='bbox 935 715 1041 747; x_wconf 88' lang='lat' dir='ltr'>mini-</span> 
     </span>
     <span class='ocr_line' id='line_1_15' title="bbox 52 764 1041 807; baseline 0 -9"><span class='ocrx_word' id='word_1_94' title='bbox 52 765 157 799; x_wconf 90' lang='lat' dir='ltr'>sterio</span> <span class='ocrx_word' id='word_1_95' title='bbox 188 765 276 798; x_wconf 90' lang='lat' dir='ltr'>scias</span> <span class='ocrx_word' id='word_1_96' title='bbox 301 766 392 799; x_wconf 85' lang='lat' dir='ltr'>velle</span> <span class='ocrx_word' id='word_1_97' title='bbox 416 765 529 800; x_wconf 81' lang='lat' dir='ltr'>Deum</span> <span class='ocrx_word' id='word_1_98' title='bbox 556 764 750 800; x_wconf 83' lang='lat' dir='ltr'>Ecclesiam</span> <span class='ocrx_word' id='word_1_99' title='bbox 774 773 950 807; x_wconf 86' lang='lat' dir='ltr'>aeternam</span> <span class='ocrx_word' id='word_1_100' title='bbox 975 766 1041 799; x_wconf 86' lang='lat' dir='ltr'>sibi</span> 
     </span>
     <span class='ocr_line' id='line_1_16' title="bbox 52 815 1040 860; baseline 0 -11"><span class='ocrx_word' id='word_1_101' title='bbox 52 816 237 860; x_wconf 84' lang='lat' dir='ltr'>colligere,</span> <span class='ocrx_word' id='word_1_102' title='bbox 265 823 299 851; x_wconf 88' lang='lat' dir='ltr'>et</span> <span class='ocrx_word' id='word_1_103' title='bbox 317 829 394 850; x_wconf 91' lang='lat' dir='ltr'>cum</span> <span class='ocrx_word' id='word_1_104' title='bbox 413 830 497 851; x_wconf 89' lang='lat' dir='ltr'>voce</span> <span class='ocrx_word' id='word_1_105' title='bbox 517 815 623 851; x_wconf 90' lang='lat' dir='ltr'>huius</span> <span class='ocrx_word' id='word_1_106' title='bbox 642 818 830 851; x_wconf 90' lang='lat' dir='ltr'>ministerii</span> <span class='ocrx_word' id='word_1_107' title='bbox 846 825 879 851; x_wconf 88' lang='lat' dir='ltr'>et</span> <span class='ocrx_word' id='word_1_108' title='bbox 895 829 960 850; x_wconf 90' lang='lat' dir='ltr'>usu</span> <span class='ocrx_word' id='word_1_109' title='bbox 977 816 1040 851; x_wconf 86' lang='lat' dir='ltr'>Sa-</span> 
     </span>
     <span class='ocr_line' id='line_1_17' title="bbox 52 866 1040 908; baseline 0 -8"><span class='ocrx_word' id='word_1_110' title='bbox 52 874 310 901; x_wconf 90' lang='lat' dir='ltr'>cramentorum</span> <span class='ocrx_word' id='word_1_111' title='bbox 341 868 431 901; x_wconf 88' lang='lat' dir='ltr'>velle</span> <span class='ocrx_word' id='word_1_112' title='bbox 462 868 635 902; x_wconf 83' lang='lat' dir='ltr'>efficacem</span> <span class='ocrx_word' id='word_1_113' title='bbox 665 881 754 908; x_wconf 89' lang='lat' dir='ltr'>esse,</span> <span class='ocrx_word' id='word_1_114' title='bbox 786 876 819 902; x_wconf 81' lang='lat' dir='ltr'>et</span> <span class='ocrx_word' id='word_1_115' title='bbox 844 866 910 901; x_wconf 86' lang='lat' dir='ltr'>hoc</span> <span class='ocrx_word' id='word_1_116' title='bbox 935 869 1040 901; x_wconf 92' lang='lat' dir='ltr'>modo</span> 
     </span>
     <span class='ocr_line' id='line_1_18' title="bbox 51 916 1041 957; baseline 0 -6"><span class='ocrx_word' id='word_1_117' title='bbox 51 924 87 952; x_wconf 87' lang='lat' dir='ltr'>et</span> <span class='ocrx_word' id='word_1_118' title='bbox 107 930 180 951; x_wconf 90' lang='lat' dir='ltr'>non</span> <span class='ocrx_word' id='word_1_119' title='bbox 206 918 309 952; x_wconf 82' lang='lat' dir='ltr'>aliter</span> <span class='ocrx_word' id='word_1_120' title='bbox 332 916 495 953; x_wconf 87' lang='lat' dir='ltr'>homines</span> <span class='ocrx_word' id='word_1_121' title='bbox 520 926 725 953; x_wconf 89' lang='lat' dir='ltr'>convertere</span> <span class='ocrx_word' id='word_1_122' title='bbox 749 927 781 953; x_wconf 92' lang='lat' dir='ltr'>et</span> <span class='ocrx_word' id='word_1_123' title='bbox 805 920 957 957; x_wconf 85' lang='lat' dir='ltr'>salvare,</span> <span class='ocrx_word' id='word_1_124' title='bbox 985 931 1041 952; x_wconf 90' lang='lat' dir='ltr'>re-</span> 
     </span>
     <span class='ocr_line' id='line_1_19' title="bbox 49 969 1041 1013; baseline -0.001 -11"><span class='ocrx_word' id='word_1_125' title='bbox 49 969 188 1003; x_wconf 84' lang='lat' dir='ltr'>mittere</span> <span class='ocrx_word' id='word_1_126' title='bbox 213 977 370 1013; x_wconf 84' lang='lat' dir='ltr'>peccata,</span> <span class='ocrx_word' id='word_1_127' title='bbox 399 977 432 1004; x_wconf 89' lang='lat' dir='ltr'>et</span> <span class='ocrx_word' id='word_1_128' title='bbox 456 970 558 1004; x_wconf 88' lang='lat' dir='ltr'>initia</span> <span class='ocrx_word' id='word_1_129' title='bbox 580 971 672 1004; x_wconf 87' lang='lat' dir='ltr'>vitae</span> <span class='ocrx_word' id='word_1_130' title='bbox 698 977 858 1004; x_wconf 75' lang='lat' dir='ltr'>aeternae</span> <span class='ocrx_word' id='word_1_131' title='bbox 882 971 919 1003; x_wconf 92' lang='lat' dir='ltr'>in</span> <span class='ocrx_word' id='word_1_132' title='bbox 939 969 1041 1003; x_wconf 89' lang='lat' dir='ltr'>nobis</span> 
     </span>
     <span class='ocr_line' id='line_1_20' title="bbox 51 1019 1041 1062; baseline 0 -9"><span class='ocrx_word' id='word_1_133' title='bbox 51 1021 251 1054; x_wconf 86' lang='lat' dir='ltr'>accendere.</span> <span class='ocrx_word' id='word_1_134' title='bbox 310 1019 406 1055; x_wconf 89' lang='lat' dir='ltr'>Haec</span> <span class='ocrx_word' id='word_1_135' title='bbox 432 1033 504 1055; x_wconf 90' lang='lat' dir='ltr'>esse</span> <span class='ocrx_word' id='word_1_136' title='bbox 527 1034 606 1055; x_wconf 89' lang='lat' dir='ltr'>vera</span> <span class='ocrx_word' id='word_1_137' title='bbox 630 1022 862 1056; x_wconf 88' lang='lat' dir='ltr'>certissimum</span> <span class='ocrx_word' id='word_1_138' title='bbox 889 1028 957 1062; x_wconf 81' lang='lat' dir='ltr'>est,</span> <span class='ocrx_word' id='word_1_139' title='bbox 993 1021 1041 1053; x_wconf 89' lang='lat' dir='ltr'>ita</span> 
     </span>
     <span class='ocr_line' id='line_1_21' title="bbox 51 1070 1041 1117; baseline 0.001 -14"><span class='ocrx_word' id='word_1_140' title='bbox 51 1071 145 1104; x_wconf 86' lang='lat' dir='ltr'>enim</span> <span class='ocrx_word' id='word_1_141' title='bbox 170 1071 242 1115; x_wconf 87' lang='lat' dir='ltr'>ipse</span> <span class='ocrx_word' id='word_1_142' title='bbox 258 1070 435 1106; x_wconf 90' lang='lat' dir='ltr'>Dominus</span> <span class='ocrx_word' id='word_1_143' title='bbox 458 1073 591 1117; x_wconf 90' lang='lat' dir='ltr'>inquit:</span> <span class='ocrx_word' id='word_1_144' title='bbox 621 1072 718 1107; x_wconf 90' lang='lat' dir='ltr'>Sicut</span> <span class='ocrx_word' id='word_1_145' title='bbox 744 1073 838 1106; x_wconf 87' lang='lat' dir='ltr'>misit</span> <span class='ocrx_word' id='word_1_146' title='bbox 855 1084 909 1105; x_wconf 91' lang='lat' dir='ltr'>me</span> <span class='ocrx_word' id='word_1_147' title='bbox 925 1072 1041 1111; x_wconf 87' lang='lat' dir='ltr'>Pater,</span> 
     </span>
     <span class='ocr_line' id='line_1_22' title="bbox 49 1121 1040 1166; baseline 0.001 -12"><span class='ocrx_word' id='word_1_148' title='bbox 49 1121 98 1156; x_wconf 86' lang='lat' dir='ltr'>ita</span> <span class='ocrx_word' id='word_1_149' title='bbox 113 1134 175 1165; x_wconf 87' lang='lat' dir='ltr'>ego</span> <span class='ocrx_word' id='word_1_150' title='bbox 191 1122 290 1156; x_wconf 88' lang='lat' dir='ltr'>mitto</span> <span class='ocrx_word' id='word_1_151' title='bbox 303 1135 376 1156; x_wconf 85' lang='lat' dir='ltr'>vos.</span> <span class='ocrx_word' id='word_1_152' title='bbox 401 1123 447 1158; x_wconf 88' lang='lat' dir='ltr'>Et</span> <span class='ocrx_word' id='word_1_153' title='bbox 459 1124 560 1157; x_wconf 87' lang='lat' dir='ltr'>alibi:</span> <span class='ocrx_word' id='word_1_154' title='bbox 578 1122 650 1166; x_wconf 88' lang='lat' dir='ltr'>Qui</span> <span class='ocrx_word' id='word_1_155' title='bbox 664 1136 725 1156; x_wconf 90' lang='lat' dir='ltr'>vos</span> <span class='ocrx_word' id='word_1_156' title='bbox 737 1124 846 1164; x_wconf 88' lang='lat' dir='ltr'>audit,</span> <span class='ocrx_word' id='word_1_157' title='bbox 865 1123 1040 1162; x_wconf 76' lang='lat' dir='ltr'>nieandit,</span> 
     </span>
     <span class='ocr_line' id='line_1_23' title="bbox 50 1172 1039 1219; baseline 0 -14"><span class='ocrx_word' id='word_1_158' title='bbox 50 1173 112 1218; x_wconf 91' lang='lat' dir='ltr'>qui</span> <span class='ocrx_word' id='word_1_159' title='bbox 136 1183 197 1206; x_wconf 92' lang='lat' dir='ltr'>vos</span> <span class='ocrx_word' id='word_1_160' title='bbox 220 1174 372 1217; x_wconf 90' lang='lat' dir='ltr'>spernit,</span> <span class='ocrx_word' id='word_1_161' title='bbox 398 1186 454 1207; x_wconf 86' lang='lat' dir='ltr'>me</span> <span class='ocrx_word' id='word_1_162' title='bbox 469 1174 617 1219; x_wconf 89' lang='lat' dir='ltr'>spernit.</span> <span class='ocrx_word' id='word_1_163' title='bbox 669 1173 775 1209; x_wconf 84' lang='lat' dir='ltr'>Rom.</span> <span class='ocrx_word' id='word_1_164' title='bbox 796 1176 848 1208; x_wconf 90' lang='lat'>1.:</span> <span class='ocrx_word' id='word_1_165' title='bbox 878 1172 1039 1217; x_wconf 89' lang='lat' dir='ltr'>Evange-</span> 
     </span>
     <span class='ocr_line' id='line_1_24' title="bbox 49 1224 991 1268; baseline 0.004 -12"><span class='ocrx_word' id='word_1_166' title='bbox 49 1224 137 1258; x_wconf 90' lang='lat' dir='ltr'>lium</span> <span class='ocrx_word' id='word_1_167' title='bbox 154 1230 204 1258; x_wconf 91' lang='lat' dir='ltr'>est</span> <span class='ocrx_word' id='word_1_168' title='bbox 221 1225 377 1268; x_wconf 88' lang='lat' dir='ltr'>potentia</span> <span class='ocrx_word' id='word_1_169' title='bbox 397 1224 463 1258; x_wconf 91' lang='lat' dir='ltr'>Dei</span> <span class='ocrx_word' id='word_1_170' title='bbox 483 1226 526 1258; x_wconf 92' lang='lat' dir='ltr'>ad</span> <span class='ocrx_word' id='word_1_171' title='bbox 544 1225 692 1259; x_wconf 87' lang='lat' dir='ltr'>salutem</span> <span class='ocrx_word' id='word_1_172' title='bbox 708 1225 804 1258; x_wconf 92' lang='lat' dir='ltr'>omni</span> <span class='ocrx_word' id='word_1_173' title='bbox 823 1225 991 1260; x_wconf 85' lang='lat' dir='ltr'>credenti.</span> 
     </span>
    </p>

    <p class='ocr_par' dir='ltr' id='par_1_9' title="bbox 43 1273 1040 2131">
     <span class='ocr_line' id='line_1_25' title="bbox 152 1273 1040 1319; baseline 0.001 -12"><span class='ocrx_word' id='word_1_174' title='bbox 152 1273 259 1308; x_wconf 91' lang='lat' dir='ltr'>Hunc</span> <span class='ocrx_word' id='word_1_175' title='bbox 282 1276 444 1309; x_wconf 86' lang='lat' dir='ltr'>ordinem</span> <span class='ocrx_word' id='word_1_176' title='bbox 469 1275 563 1310; x_wconf 90' lang='lat' dir='ltr'>Deus</span> <span class='ocrx_word' id='word_1_177' title='bbox 588 1276 662 1319; x_wconf 86' lang='lat' dir='ltr'>ipse</span> <span class='ocrx_word' id='word_1_178' title='bbox 686 1276 855 1308; x_wconf 88' lang='lat' dir='ltr'>immensa</span> <span class='ocrx_word' id='word_1_179' title='bbox 882 1277 1040 1308; x_wconf 82' lang='lat' dir='ltr'>bonitate</span> 
     </span>
     <span class='ocr_line' id='line_1_26' title="bbox 48 1325 1039 1366; baseline 0.001 -9"><span class='ocrx_word' id='word_1_180' title='bbox 48 1325 95 1358; x_wconf 88' lang='lat' dir='ltr'>ita</span> <span class='ocrx_word' id='word_1_181' title='bbox 128 1325 298 1366; x_wconf 90' lang='lat' dir='ltr'>sancivit,</span> <span class='ocrx_word' id='word_1_182' title='bbox 333 1326 382 1359; x_wconf 87' lang='lat' dir='ltr'>sic</span> <span class='ocrx_word' id='word_1_183' title='bbox 410 1326 488 1360; x_wconf 89' lang='lat' dir='ltr'>vult</span> <span class='ocrx_word' id='word_1_184' title='bbox 519 1338 591 1359; x_wconf 92' lang='lat' dir='ltr'>esse</span> <span class='ocrx_word' id='word_1_185' title='bbox 616 1327 753 1365; x_wconf 86' lang='lat' dir='ltr'>efficax,</span> <span class='ocrx_word' id='word_1_186' title='bbox 787 1333 821 1359; x_wconf 89' lang='lat' dir='ltr'>et</span> <span class='ocrx_word' id='word_1_187' title='bbox 845 1325 1039 1359; x_wconf 80' lang='lat' dir='ltr'>Ecclesiam</span> 
     </span>
     <span class='ocr_line' id='line_1_27' title="bbox 47 1374 1038 1420; baseline 0 -12"><span class='ocrx_word' id='word_1_188' title='bbox 47 1383 224 1409; x_wconf 83' lang='lat' dir='ltr'>aeternam</span> <span class='ocrx_word' id='word_1_189' title='bbox 254 1376 437 1420; x_wconf 83' lang='lat' dir='ltr'>colligere,</span> <span class='ocrx_word' id='word_1_190' title='bbox 473 1382 507 1410; x_wconf 90' lang='lat' dir='ltr'>et</span> <span class='ocrx_word' id='word_1_191' title='bbox 539 1377 582 1409; x_wconf 93' lang='lat' dir='ltr'>ad</span> <span class='ocrx_word' id='word_1_192' title='bbox 610 1374 677 1409; x_wconf 88' lang='lat' dir='ltr'>hoc</span> <span class='ocrx_word' id='word_1_193' title='bbox 699 1376 934 1410; x_wconf 87' lang='lat' dir='ltr'>ministerium</span> <span class='ocrx_word' id='word_1_194' title='bbox 960 1388 978 1409; x_wconf 92' lang='lat' dir='ltr'>a</span> <span class='ocrx_word' id='word_1_195' title='bbox 1003 1388 1038 1408; x_wconf 92' lang='lat' dir='ltr'>se</span> 
     </span>
     <span class='ocr_line' id='line_1_28' title="bbox 47 1426 1039 1472; baseline 0.001 -14"><span class='ocrx_word' id='word_1_196' title='bbox 47 1426 222 1459; x_wconf 89' lang='lat' dir='ltr'>sancitum</span> <span class='ocrx_word' id='word_1_197' title='bbox 269 1439 392 1460; x_wconf 90' lang='lat' dir='ltr'>omnes</span> <span class='ocrx_word' id='word_1_198' title='bbox 439 1426 601 1465; x_wconf 84' lang='lat' dir='ltr'>deducit,</span> <span class='ocrx_word' id='word_1_199' title='bbox 651 1427 797 1472; x_wconf 91' lang='lat' dir='ltr'>vultque</span> <span class='ocrx_word' id='word_1_200' title='bbox 842 1427 1039 1470; x_wconf 87' lang='lat' dir='ltr'>intelligere</span> 
     </span>
     <span class='ocr_line' id='line_1_29' title="bbox 46 1477 1040 1521; baseline 0.002 -12"><span class='ocrx_word' id='word_1_201' title='bbox 46 1488 188 1518; x_wconf 88' lang='lat' dir='ltr'>omnes,</span> <span class='ocrx_word' id='word_1_202' title='bbox 213 1477 260 1511; x_wconf 91' lang='lat' dir='ltr'>ita</span> <span class='ocrx_word' id='word_1_203' title='bbox 277 1489 332 1517; x_wconf 89' lang='lat' dir='ltr'>se,</span> <span class='ocrx_word' id='word_1_204' title='bbox 359 1485 393 1512; x_wconf 91' lang='lat' dir='ltr'>et</span> <span class='ocrx_word' id='word_1_205' title='bbox 412 1490 486 1511; x_wconf 91' lang='lat' dir='ltr'>non</span> <span class='ocrx_word' id='word_1_206' title='bbox 503 1477 624 1517; x_wconf 84' lang='lat' dir='ltr'>aliter,</span> <span class='ocrx_word' id='word_1_207' title='bbox 650 1478 825 1511; x_wconf 83' lang='lat' dir='ltr'>efficacem</span> <span class='ocrx_word' id='word_1_208' title='bbox 842 1478 936 1521; x_wconf 84' lang='lat' dir='ltr'>fore,</span> <span class='ocrx_word' id='word_1_209' title='bbox 964 1479 1040 1511; x_wconf 88' lang='lat' dir='ltr'>vult</span> 
     </span>
     <span class='ocr_line' id='line_1_30' title="bbox 45 1527 1037 1572; baseline 0 -11"><span class='ocrx_word' id='word_1_210' title='bbox 45 1527 154 1571; x_wconf 87' lang='lat' dir='ltr'>igitur</span> <span class='ocrx_word' id='word_1_211' title='bbox 181 1540 301 1562; x_wconf 91' lang='lat' dir='ltr'>vocem</span> <span class='ocrx_word' id='word_1_212' title='bbox 326 1527 512 1572; x_wconf 86' lang='lat' dir='ltr'>Evangelii</span> <span class='ocrx_word' id='word_1_213' title='bbox 542 1535 574 1563; x_wconf 91' lang='lat' dir='ltr'>et</span> <span class='ocrx_word' id='word_1_214' title='bbox 598 1540 701 1563; x_wconf 93' lang='lat' dir='ltr'>usum</span> <span class='ocrx_word' id='word_1_215' title='bbox 727 1528 1037 1563; x_wconf 86' lang='lat' dir='ltr'>Sacramentorum</span> 
     </span>
     <span class='ocr_line' id='line_1_31' title="bbox 47 1578 1038 1623; baseline 0.002 -12"><span class='ocrx_word' id='word_1_216' title='bbox 47 1579 252 1622; x_wconf 87' lang='lat' dir='ltr'>magnifieri.</span> <span class='ocrx_word' id='word_1_217' title='bbox 312 1580 366 1613; x_wconf 92' lang='lat' dir='ltr'>Ac</span> <span class='ocrx_word' id='word_1_218' title='bbox 394 1580 524 1614; x_wconf 89' lang='lat' dir='ltr'>diserte</span> <span class='ocrx_word' id='word_1_219' title='bbox 552 1592 592 1614; x_wconf 91' lang='lat' dir='ltr'>ac</span> <span class='ocrx_word' id='word_1_220' title='bbox 620 1592 739 1613; x_wconf 87' lang='lat' dir='ltr'>severe</span> <span class='ocrx_word' id='word_1_221' title='bbox 771 1578 957 1623; x_wconf 85' lang='lat' dir='ltr'>prohibet,</span> <span class='ocrx_word' id='word_1_222' title='bbox 993 1592 1038 1613; x_wconf 89' lang='lat' dir='ltr'>ne</span> 
     </span>
     <span class='ocr_line' id='line_1_32' title="bbox 45 1629 1039 1675; baseline 0.002 -13"><span class='ocrx_word' id='word_1_223' title='bbox 45 1630 125 1675; x_wconf 90' lang='lat' dir='ltr'>quis</span> <span class='ocrx_word' id='word_1_224' title='bbox 148 1641 183 1662; x_wconf 92' lang='lat' dir='ltr'>se</span> <span class='ocrx_word' id='word_1_225' title='bbox 207 1629 322 1674; x_wconf 86' lang='lat' dir='ltr'>ipsum</span> <span class='ocrx_word' id='word_1_226' title='bbox 344 1638 405 1665; x_wconf 90' lang='lat' dir='ltr'>aut</span> <span class='ocrx_word' id='word_1_227' title='bbox 426 1642 489 1664; x_wconf 89' lang='lat' dir='ltr'>suo</span> <span class='ocrx_word' id='word_1_228' title='bbox 513 1631 673 1675; x_wconf 88' lang='lat' dir='ltr'>exemplo</span> <span class='ocrx_word' id='word_1_229' title='bbox 698 1631 786 1663; x_wconf 89' lang='lat' dir='ltr'>alios</span> <span class='ocrx_word' id='word_1_230' title='bbox 809 1632 853 1664; x_wconf 90' lang='lat' dir='ltr'>ab</span> <span class='ocrx_word' id='word_1_231' title='bbox 879 1629 946 1664; x_wconf 88' lang='lat' dir='ltr'>hoc</span> <span class='ocrx_word' id='word_1_232' title='bbox 971 1631 1039 1663; x_wconf 92' lang='lat' dir='ltr'>mi-</span> 
     </span>
     <span class='ocr_line' id='line_1_33' title="bbox 45 1679 1038 1725; baseline 0 -11"><span class='ocrx_word' id='word_1_233' title='bbox 45 1681 194 1714; x_wconf 87' lang='lat' dir='ltr'>nisterio</span> <span class='ocrx_word' id='word_1_234' title='bbox 222 1682 383 1716; x_wconf 90' lang='lat' dir='ltr'>abducat.</span> <span class='ocrx_word' id='word_1_235' title='bbox 442 1681 556 1716; x_wconf 90' lang='lat' dir='ltr'>Sicuti</span> <span class='ocrx_word' id='word_1_236' title='bbox 587 1679 678 1725; x_wconf 91' lang='lat' dir='ltr'>proh</span> <span class='ocrx_word' id='word_1_237' title='bbox 710 1682 814 1715; x_wconf 89' lang='lat' dir='ltr'>dolor</span> <span class='ocrx_word' id='word_1_238' title='bbox 841 1689 1038 1715; x_wconf 89' lang='lat' dir='ltr'>contemtus</span> 
     </span>
     <span class='ocr_line' id='line_1_34' title="bbox 43 1729 1038 1775; baseline 0.002 -12"><span class='ocrx_word' id='word_1_239' title='bbox 43 1729 231 1774; x_wconf 87' lang='lat' dir='ltr'>Evangelii</span> <span class='ocrx_word' id='word_1_240' title='bbox 255 1739 286 1765; x_wconf 79' lang='lat' dir='ltr'>et</span> <span class='ocrx_word' id='word_1_241' title='bbox 310 1731 622 1766; x_wconf 76' lang='lat' dir='ltr'>Sacramentorum</span> <span class='ocrx_word' id='word_1_242' title='bbox 653 1732 778 1775; x_wconf 82' lang='lat' dir='ltr'>ingens</span> <span class='ocrx_word' id='word_1_243' title='bbox 808 1732 846 1765; x_wconf 90' lang='lat' dir='ltr'>in</span> <span class='ocrx_word' id='word_1_244' title='bbox 875 1732 1038 1766; x_wconf 83' lang='lat' dir='ltr'>multitu-</span> 
     </span>
     <span class='ocr_line' id='line_1_35' title="bbox 44 1782 1038 1825; baseline 0.002 -11"><span class='ocrx_word' id='word_1_245' title='bbox 44 1782 129 1815; x_wconf 89' lang='lat' dir='ltr'>dine</span> <span class='ocrx_word' id='word_1_246' title='bbox 156 1782 354 1825; x_wconf 78' lang='lat' dir='ltr'>prnmiscua</span> <span class='ocrx_word' id='word_1_247' title='bbox 375 1783 548 1824; x_wconf 86' lang='lat' dir='ltr'>cernitur,</span> <span class='ocrx_word' id='word_1_248' title='bbox 576 1790 607 1816; x_wconf 88' lang='lat' dir='ltr'>et</span> <span class='ocrx_word' id='word_1_249' title='bbox 626 1783 749 1816; x_wconf 85' lang='lat' dir='ltr'>crescit</span> <span class='ocrx_word' id='word_1_250' title='bbox 768 1783 804 1815; x_wconf 93' lang='lat' dir='ltr'>in</span> <span class='ocrx_word' id='word_1_251' title='bbox 822 1783 896 1816; x_wconf 80' lang='lat' dir='ltr'>dics</span> <span class='ocrx_word' id='word_1_252' title='bbox 913 1784 1038 1816; x_wconf 90' lang='lat' dir='ltr'>barba-</span> 
     </span>
     <span class='ocr_line' id='line_1_36' title="bbox 44 1832 1037 1873; baseline 0.002 -8"><span class='ocrx_word' id='word_1_253' title='bbox 44 1833 134 1873; x_wconf 87' lang='lat' dir='ltr'>ries,</span> <span class='ocrx_word' id='word_1_254' title='bbox 161 1845 200 1866; x_wconf 93' lang='lat' dir='ltr'>ac</span> <span class='ocrx_word' id='word_1_255' title='bbox 224 1834 344 1867; x_wconf 87' lang='lat' dir='ltr'>multis</span> <span class='ocrx_word' id='word_1_256' title='bbox 369 1835 468 1867; x_wconf 86' lang='lat' dir='ltr'>tetris</span> <span class='ocrx_word' id='word_1_257' title='bbox 493 1834 675 1867; x_wconf 82' lang='lat' dir='ltr'>furoribus</span> <span class='ocrx_word' id='word_1_258' title='bbox 697 1841 894 1868; x_wconf 89' lang='lat' dir='ltr'>contemtus</span> <span class='ocrx_word' id='word_1_259' title='bbox 916 1832 1037 1867; x_wconf 84' lang='lat' dir='ltr'>Evan-</span> 
     </span>
     <span class='ocr_line' id='line_1_37' title="bbox 44 1880 1037 1927; baseline 0.003 -11"><span class='ocrx_word' id='word_1_260' title='bbox 44 1883 126 1927; x_wconf 86' lang='lat' dir='ltr'>gelii</span> <span class='ocrx_word' id='word_1_261' title='bbox 154 1883 191 1916; x_wconf 88' lang='lat' dir='ltr'>in</span> <span class='ocrx_word' id='word_1_262' title='bbox 218 1883 345 1916; x_wconf 88' lang='lat' dir='ltr'>animis</span> <span class='ocrx_word' id='word_1_263' title='bbox 372 1880 556 1918; x_wconf 79' lang='lat' dir='ltr'>hominurn</span> <span class='ocrx_word' id='word_1_264' title='bbox 584 1885 822 1918; x_wconf 84' lang='lat' dir='ltr'>confirmatur.</span> <span class='ocrx_word' id='word_1_265' title='bbox 875 1884 946 1918; x_wconf 83' lang='lat' dir='ltr'>Nec</span> <span class='ocrx_word' id='word_1_266' title='bbox 970 1886 1037 1919; x_wconf 88' lang='lat' dir='ltr'>du-</span> 
     </span>
     <span class='ocr_line' id='line_1_38' title="bbox 44 1934 1037 1979; baseline 0.001 -11"><span class='ocrx_word' id='word_1_267' title='bbox 44 1934 143 1968; x_wconf 84' lang='lat' dir='ltr'>bium</span> <span class='ocrx_word' id='word_1_268' title='bbox 169 1941 237 1975; x_wconf 87' lang='lat' dir='ltr'>est,</span> <span class='ocrx_word' id='word_1_269' title='bbox 266 1935 453 1967; x_wconf 72' lang='lat' dir='ltr'>maxi-nam</span> <span class='ocrx_word' id='word_1_270' title='bbox 479 1942 613 1979; x_wconf 83' lang='lat' dir='ltr'>partem</span> <span class='ocrx_word' id='word_1_271' title='bbox 639 1935 918 1968; x_wconf 81' lang='lat' dir='ltr'>tristissirnarum</span> <span class='ocrx_word' id='word_1_272' title='bbox 943 1937 1037 1969; x_wconf 84' lang='lat' dir='ltr'>cala-</span> 
     </span>
     <span class='ocr_line' id='line_1_39' title="bbox 43 1985 1036 2027; baseline 0.002 -9"><span class='ocrx_word' id='word_1_273' title='bbox 43 1985 227 2021; x_wconf 76' lang='lat' dir='ltr'>mitatum.</span> <span class='ocrx_word' id='word_1_274' title='bbox 264 1986 460 2027; x_wconf 83' lang='lat' dir='ltr'>bellorum,</span> <span class='ocrx_word' id='word_1_275' title='bbox 497 1987 620 2026; x_wconf 82' lang='lat' dir='ltr'>famis,</span> <span class='ocrx_word' id='word_1_276' title='bbox 655 1987 875 2020; x_wconf 82' lang='lat' dir='ltr'>crudelitatis</span> <span class='ocrx_word' id='word_1_277' title='bbox 907 1986 1036 2020; x_wconf 87' lang='lat' dir='ltr'>Turci-</span> 
     </span>
     <span class='ocr_line' id='line_1_40' title="bbox 44 2035 1036 2079; baseline 0.002 -9"><span class='ocrx_word' id='word_1_278' title='bbox 44 2048 120 2074; x_wconf 89' lang='lat' dir='ltr'>cae,</span> <span class='ocrx_word' id='word_1_279' title='bbox 161 2045 193 2070; x_wconf 89' lang='lat' dir='ltr'>et</span> <span class='ocrx_word' id='word_1_280' title='bbox 230 2036 379 2069; x_wconf 87' lang='lat' dir='ltr'>aliarum</span> <span class='ocrx_word' id='word_1_281' title='bbox 418 2037 660 2079; x_wconf 85' lang='lat' dir='ltr'>miseriarum,</span> <span class='ocrx_word' id='word_1_282' title='bbox 701 2035 807 2071; x_wconf 85' lang='lat' dir='ltr'>huius</span> <span class='ocrx_word' id='word_1_283' title='bbox 839 2045 1036 2072; x_wconf 88' lang='lat' dir='ltr'>contemtus</span> 
     </span>
     <span class='ocr_line' id='line_1_41' title="bbox 43 2098 277 2131; baseline 0.004 -11"><span class='ocrx_word' id='word_1_284' title='bbox 43 2098 173 2131; x_wconf 87' lang='lat' dir='ltr'>poenas</span> <span class='ocrx_word' id='word_1_285' title='bbox 194 2099 277 2122; x_wconf 86' lang='lat' dir='ltr'>esse.</span> 
     </span>
    </p>

    <p class='ocr_par' dir='ltr' id='par_1_10' title="bbox 147 2136 1034 2181">
     <span class='ocr_line' id='line_1_42' title="bbox 147 2136 1034 2181; baseline 0.005 -11"><span class='ocrx_word' id='word_1_286' title='bbox 147 2136 198 2172; x_wconf 90' lang='lat' dir='ltr'>Ita</span> <span class='ocrx_word' id='word_1_287' title='bbox 222 2137 374 2181; x_wconf 87' lang='lat' dir='ltr'>primum</span> <span class='ocrx_word' id='word_1_288' title='bbox 400 2140 620 2174; x_wconf 89' lang='lat' dir='ltr'>considerate</span> <span class='ocrx_word' id='word_1_289' title='bbox 637 2139 833 2173; x_wconf 86' lang='lat' dir='ltr'>Dominum</span> <span class='ocrx_word' id='word_1_290' title='bbox 861 2142 1034 2175; x_wconf 87' lang='lat' dir='ltr'>deducere</span> 
     </span>
    </p>
   </div>
   <div class='ocr_carea' id='block_1_8' title="bbox 43 2183 2077 2284">
    <p class='ocr_par' dir='ltr' id='par_1_11' title="bbox 43 2183 2077 2284">
     <span class='ocr_line' id='line_1_43' title="bbox 43 2183 1062 2231; baseline 0.004 -10"><span class='ocrx_word' id='word_1_291' title='bbox 43 2200 109 2222; x_wconf 93' lang='lat' dir='ltr'>nos</span> <span class='ocrx_word' id='word_1_292' title='bbox 132 2189 174 2221; x_wconf 89' lang='lat' dir='ltr'>ad</span> <span class='ocrx_word' id='word_1_293' title='bbox 199 2189 432 2222; x_wconf 88' lang='lat' dir='ltr'>ministerium</span> <span class='ocrx_word' id='word_1_294' title='bbox 452 2189 700 2231; x_wconf 88' lang='lat' dir='ltr'>Sacerdotum‚</span> <span class='ocrx_word' id='word_1_295' title='bbox 727 2189 795 2225; x_wconf 90' lang='lat' dir='ltr'>hoc</span> <span class='ocrx_word' id='word_1_296' title='bbox 813 2198 883 2231; x_wconf 89' lang='lat' dir='ltr'>est,</span> <span class='ocrx_word' id='word_1_297' title='bbox 911 2193 955 2225; x_wconf 85' lang='lat' dir='ltr'>ad</span> <span class='ocrx_word' id='word_1_298' title='bbox 973 2205 1036 2225; x_wconf 87' lang='lat' dir='ltr'>vo-</span> <span class='ocrx_word' id='word_1_299' title='bbox 1060 2183 1062 2222; x_wconf 72' lang='lat' dir='ltr'>l</span> 
     </span>
     <span class='ocr_line' id='line_1_44' title="bbox 1059 2236 2077 2284; baseline 0.005 -16"><span class='ocrx_word' id='word_1_300' title='bbox 1059 2251 1061 2268; x_wconf 76' lang='lat'>÷</span> <span class='ocrx_word' id='word_1_301' title='bbox 1087 2236 1254 2270; x_wconf 82' lang='lat' dir='ltr'>sacrificia</span> <span class='ocrx_word' id='word_1_302' title='bbox 1287 2250 1349 2272; x_wconf 92' lang='lat' dir='ltr'>sua</span> <span class='ocrx_word' id='word_1_303' title='bbox 1379 2251 1452 2272; x_wconf 92' lang='lat' dir='ltr'>non</span> <span class='ocrx_word' id='word_1_304' title='bbox 1486 2250 1559 2272; x_wconf 86' lang='lat' dir='ltr'>esse</span> <span class='ocrx_word' id='word_1_305' title='bbox 1591 2239 1713 2272; x_wconf 80' lang='lat' dir='ltr'>merita</span> <span class='ocrx_word' id='word_1_306' title='bbox 1748 2239 1965 2272; x_wconf 88' lang='lat' dir='ltr'>remissionis</span> <span class='ocrx_word' id='word_1_307' title='bbox 1995 2253 2077 2284; x_wconf 84' lang='lat' dir='ltr'>pec-</span> 
     </span>
    </p>
   </div>
   <div class='ocr_carea' id='block_1_9' title="bbox 42 2237 1035 2387">
    <p class='ocr_par' dir='ltr' id='par_1_12' title="bbox 42 2237 1035 2387">
     <span class='ocr_line' id='line_1_45' title="bbox 42 2237 1033 2283; baseline 0.001 -9"><span class='ocrx_word' id='word_1_308' title='bbox 42 2252 115 2274; x_wconf 88' lang='lat' dir='ltr'>cem</span> <span class='ocrx_word' id='word_1_309' title='bbox 140 2237 327 2283; x_wconf 86' lang='lat' dir='ltr'>Evangelii</span> <span class='ocrx_word' id='word_1_310' title='bbox 351 2247 382 2273; x_wconf 87' lang='lat' dir='ltr'>et</span> <span class='ocrx_word' id='word_1_311' title='bbox 409 2242 451 2274; x_wconf 92' lang='lat' dir='ltr'>ad</span> <span class='ocrx_word' id='word_1_312' title='bbox 478 2252 579 2274; x_wconf 89' lang='lat' dir='ltr'>usum</span> <span class='ocrx_word' id='word_1_313' title='bbox 607 2240 927 2277; x_wconf 85' lang='lat' dir='ltr'>Sacramentorum.</span> <span class='ocrx_word' id='word_1_314' title='bbox 981 2241 1033 2276; x_wconf 76' lang='lat' dir='ltr'>Ex</span> 
     </span>
     <span class='ocr_line' id='line_1_46' title="bbox 42 2287 1035 2336; baseline 0.002 -12"><span class='ocrx_word' id='word_1_315' title='bbox 42 2287 97 2324; x_wconf 86' lang='lat' dir='ltr'>his</span> <span class='ocrx_word' id='word_1_316' title='bbox 128 2303 272 2336; x_wconf 89' lang='lat' dir='ltr'>prorsus</span> <span class='ocrx_word' id='word_1_317' title='bbox 292 2303 365 2324; x_wconf 91' lang='lat' dir='ltr'>non</span> <span class='ocrx_word' id='word_1_318' title='bbox 388 2292 568 2336; x_wconf 80' lang='lat' dir='ltr'>sequitur,</span> <span class='ocrx_word' id='word_1_319' title='bbox 601 2292 855 2325; x_wconf 81' lang='lat' dir='ltr'>confessionem</span> <span class='ocrx_word' id='word_1_320' title='bbox 882 2292 1035 2336; x_wconf 89' lang='lat' dir='ltr'>Papisti-</span> 
     </span>
     <span class='ocr_line' id='line_1_47' title="bbox 44 2341 1035 2387; baseline 0.002 -12"><span class='ocrx_word' id='word_1_321' title='bbox 44 2353 118 2375; x_wconf 90' lang='lat' dir='ltr'>cam</span> <span class='ocrx_word' id='word_1_322' title='bbox 143 2354 160 2374; x_wconf 92' lang='lat' dir='ltr'>a</span> <span class='ocrx_word' id='word_1_323' title='bbox 177 2341 334 2375; x_wconf 89' lang='lat' dir='ltr'>Domino</span> <span class='ocrx_word' id='word_1_324' title='bbox 359 2343 527 2376; x_wconf 89' lang='lat' dir='ltr'>sancitam</span> <span class='ocrx_word' id='word_1_325' title='bbox 553 2354 642 2383; x_wconf 86' lang='lat' dir='ltr'>esse,</span> <span class='ocrx_word' id='word_1_326' title='bbox 669 2355 758 2387; x_wconf 89' lang='lat' dir='ltr'>quae</span> <span class='ocrx_word' id='word_1_327' title='bbox 781 2344 923 2387; x_wconf 87' lang='lat' dir='ltr'>quidem</span> <span class='ocrx_word' id='word_1_328' title='bbox 942 2345 1035 2377; x_wconf 88' lang='lat' dir='ltr'>mul-</span> 
     </span>
    </p>
   </div>
   <div class='ocr_carea' id='block_1_10' title="bbox 42 2393 1059 2437">
    <p class='ocr_par' dir='ltr' id='par_1_13' title="bbox 42 2393 1059 2437">
     <span class='ocr_line' id='line_1_48' title="bbox 42 2393 1059 2437; baseline 0.002 -11"><span class='ocrx_word' id='word_1_329' title='bbox 42 2399 95 2426; x_wconf 91' lang='lat' dir='ltr'>tos</span> <span class='ocrx_word' id='word_1_330' title='bbox 127 2399 232 2426; x_wconf 90' lang='lat' dir='ltr'>tetros</span> <span class='ocrx_word' id='word_1_331' title='bbox 257 2394 392 2427; x_wconf 88' lang='lat' dir='ltr'>furores</span> <span class='ocrx_word' id='word_1_332' title='bbox 416 2400 612 2437; x_wconf 86' lang='lat' dir='ltr'>pugnantas</span> <span class='ocrx_word' id='word_1_333' title='bbox 637 2405 716 2426; x_wconf 88' lang='lat' dir='ltr'>cum</span> <span class='ocrx_word' id='word_1_334' title='bbox 740 2407 823 2427; x_wconf 88' lang='lat' dir='ltr'>voce</span> <span class='ocrx_word' id='word_1_335' title='bbox 846 2393 1032 2437; x_wconf 78' lang='lat' dir='ltr'>Evangelii</span> <span class='ocrx_word' id='word_1_336' title='bbox 1058 2429 1059 2433; x_wconf 61' lang='grc'>,</span> 
     </span>
    </p>
   </div>
   <div class='ocr_carea' id='block_1_11' title="bbox 266 2441 2073 2537">
    <p class='ocr_par' dir='ltr' id='par_1_14' title="bbox 266 2441 2073 2537">
     <span class='ocr_line' id='line_1_49' title="bbox 266 2441 1060 2480; baseline 0.003 -3"><span class='ocrx_word' id='word_1_337' title='bbox 266 2443 333 2478; x_wconf 88' lang='lat' dir='ltr'>Sed</span> <span class='ocrx_word' id='word_1_338' title='bbox 363 2457 434 2478; x_wconf 88' lang='lat' dir='ltr'>non</span> <span class='ocrx_word' id='word_1_339' title='bbox 459 2458 518 2478; x_wconf 88' lang='lat' dir='ltr'>ero</span> <span class='ocrx_word' id='word_1_340' title='bbox 546 2445 581 2477; x_wconf 93' lang='lat' dir='ltr'>in</span> <span class='ocrx_word' id='word_1_341' title='bbox 607 2441 671 2477; x_wconf 88' lang='lat' dir='ltr'>hac</span> <span class='ocrx_word' id='word_1_342' title='bbox 695 2446 1034 2480; x_wconf 84' lang='lat' dir='ltr'>commemoratione</span> <span class='ocrx_word' id='word_1_343' title='bbox 1058 2452 1060 2466; x_wconf 68' lang='lat'><em>&#39;</em></span> 
     </span>
     <span class='ocr_line' id='line_1_50' title="bbox 1058 2491 2073 2537; baseline 0.003 -12"><span class='ocrx_word' id='word_1_344' title='bbox 1058 2503 1059 2508; x_wconf 62' lang='lat'>¹</span> <span class='ocrx_word' id='word_1_345' title='bbox 1085 2493 1183 2531; x_wconf 90' lang='lat' dir='ltr'>licet,</span> <span class='ocrx_word' id='word_1_346' title='bbox 1221 2491 1316 2528; x_wconf 84' lang='lat' dir='ltr'>hunc</span> <span class='ocrx_word' id='word_1_347' title='bbox 1342 2501 1463 2528; x_wconf 89' lang='lat' dir='ltr'>natum</span> <span class='ocrx_word' id='word_1_348' title='bbox 1490 2506 1529 2526; x_wconf 91' lang='lat' dir='ltr'>ex</span> <span class='ocrx_word' id='word_1_349' title='bbox 1557 2492 1673 2527; x_wconf 80' lang='lat' dir='ltr'>Maria</span> <span class='ocrx_word' id='word_1_350' title='bbox 1699 2494 1855 2537; x_wconf 86' lang='lat' dir='ltr'>virgine,</span> <span class='ocrx_word' id='word_1_351' title='bbox 1889 2500 1939 2527; x_wconf 91' lang='lat' dir='ltr'>tot</span> <span class='ocrx_word' id='word_1_352' title='bbox 1964 2495 2073 2528; x_wconf 86' lang='lat' dir='ltr'>mira—</span> 
     </span>
    </p>
   </div>
   <div class='ocr_carea' id='block_1_12' title="bbox 41 2444 1033 2542">
    <p class='ocr_par' dir='ltr' id='par_1_15' title="bbox 41 2444 1033 2542">
     <span class='ocr_line' id='line_1_51' title="bbox 43 2444 209 2478; baseline -0.006 0"><span class='ocrx_word' id='word_1_353' title='bbox 43 2444 209 2478; x_wconf 86' lang='lat' dir='ltr'>continet.</span> 
     </span>
     <span class='ocr_line' id='line_1_52' title="bbox 41 2495 1033 2542; baseline 0.002 -14"><span class='ocrx_word' id='word_1_354' title='bbox 41 2495 228 2540; x_wconf 81' lang='lat' dir='ltr'>prolixior,</span> <span class='ocrx_word' id='word_1_355' title='bbox 264 2507 327 2527; x_wconf 88' lang='lat' dir='ltr'>nos</span> <span class='ocrx_word' id='word_1_356' title='bbox 352 2496 549 2539; x_wconf 84' lang='lat' dir='ltr'>exemplum</span> <span class='ocrx_word' id='word_1_357' title='bbox 575 2496 795 2537; x_wconf 89' lang='lat' dir='ltr'>intueamur,</span> <span class='ocrx_word' id='word_1_358' title='bbox 831 2498 925 2542; x_wconf 88' lang='lat' dir='ltr'>quod</span> <span class='ocrx_word' id='word_1_359' title='bbox 950 2510 1033 2541; x_wconf 85' lang='lat' dir='ltr'>pro-</span> 
     </span>
    </p>
   </div>
   <div class='ocr_carea' id='block_1_13' title="bbox 41 2545 2072 2636">
    <p class='ocr_par' dir='ltr' id='par_1_16' title="bbox 41 2545 2072 2636">
     <span class='ocr_line' id='line_1_53' title="bbox 41 2545 1058 2590; baseline 0.002 -11"><span class='ocrx_word' id='word_1_360' title='bbox 41 2545 194 2590; x_wconf 83' lang='lat' dir='ltr'>positum</span> <span class='ocrx_word' id='word_1_361' title='bbox 225 2553 274 2579; x_wconf 91' lang='lat' dir='ltr'>est</span> <span class='ocrx_word' id='word_1_362' title='bbox 309 2546 403 2584; x_wconf 87' lang='lat' dir='ltr'>ideo,</span> <span class='ocrx_word' id='word_1_363' title='bbox 437 2554 474 2580; x_wconf 87' lang='lat' dir='ltr'>ut</span> <span class='ocrx_word' id='word_1_364' title='bbox 502 2548 672 2587; x_wconf 86' lang='lat' dir='ltr'>revereri,</span> <span class='ocrx_word' id='word_1_365' title='bbox 706 2559 821 2581; x_wconf 84' lang='lat' dir='ltr'>amare</span> <span class='ocrx_word' id='word_1_366' title='bbox 848 2556 881 2582; x_wconf 81' lang='lat' dir='ltr'>et</span> <span class='ocrx_word' id='word_1_367' title='bbox 905 2560 1032 2582; x_wconf 87' lang='lat' dir='ltr'>ornare</span> <span class='ocrx_word' id='word_1_368' title='bbox 1057 2564 1058 2567; x_wconf 46' lang='lat'>¹</span> 
     </span>
     <span class='ocr_line' id='line_1_54' title="bbox 1056 2586 2072 2636; baseline 0.003 -9"><span class='ocrx_word' id='word_1_369' title='bbox 1056 2586 1060 2633; x_wconf 67' lang='lat' dir='ltr'>J</span> <span class='ocrx_word' id='word_1_370' title='bbox 1084 2596 1256 2630; x_wconf 80' lang='lat' dir='ltr'>deducere</span> <span class='ocrx_word' id='word_1_371' title='bbox 1281 2598 1476 2636; x_wconf 84' lang='lat' dir='ltr'>auditores,</span> <span class='ocrx_word' id='word_1_372' title='bbox 1504 2603 1536 2629; x_wconf 92' lang='lat' dir='ltr'>et</span> <span class='ocrx_word' id='word_1_373' title='bbox 1560 2597 1602 2629; x_wconf 83' lang='lat' dir='ltr'>de</span> <span class='ocrx_word' id='word_1_374' title='bbox 1626 2608 1666 2629; x_wconf 78' lang='lat' dir='ltr'>eo</span> <span class='ocrx_word' id='word_1_375' title='bbox 1690 2596 1865 2629; x_wconf 85' lang='lat' dir='ltr'>testificari</span> <span class='ocrx_word' id='word_1_376' title='bbox 1885 2597 2072 2633; x_wconf 81' lang='lat' dir='ltr'>debebant.</span> 
     </span>
    </p>
   </div>
   <div class='ocr_carea' id='block_1_14' title="bbox 41 2595 708 2640">
    <p class='ocr_par' dir='ltr' id='par_1_17' title="bbox 41 2595 708 2640">
     <span class='ocr_line' id='line_1_55' title="bbox 41 2595 708 2640; baseline 0.003 -11"><span class='ocrx_word' id='word_1_377' title='bbox 41 2596 274 2630; x_wconf 88' lang='lat' dir='ltr'>ministerium</span> <span class='ocrx_word' id='word_1_378' title='bbox 294 2595 478 2640; x_wconf 85' lang='lat' dir='ltr'>Evangelii</span> <span class='ocrx_word' id='word_1_379' title='bbox 496 2600 708 2634; x_wconf 84' lang='lat' dir='ltr'>studeamus.</span> 
     </span>
    </p>
   </div>
   <div class='ocr_carea' id='block_1_15' title="bbox 143 2647 1058 2694">
    <p class='ocr_par' dir='ltr' id='par_1_18' title="bbox 143 2647 1058 2694">
     <span class='ocr_line' id='line_1_56' title="bbox 143 2647 1058 2694; baseline 0.002 -13"><span class='ocrx_word' id='word_1_380' title='bbox 143 2647 305 2682; x_wconf 88' lang='lat' dir='ltr'>Secunda</span> <span class='ocrx_word' id='word_1_381' title='bbox 334 2660 454 2690; x_wconf 86' lang='lat' dir='ltr'>causa,</span> <span class='ocrx_word' id='word_1_382' title='bbox 481 2650 574 2694; x_wconf 85' lang='lat' dir='ltr'>quod</span> <span class='ocrx_word' id='word_1_383' title='bbox 599 2649 682 2683; x_wconf 85' lang='lat' dir='ltr'>istos</span> <span class='ocrx_word' id='word_1_384' title='bbox 707 2656 847 2683; x_wconf 82' lang='lat' dir='ltr'>sanatos</span> <span class='ocrx_word' id='word_1_385' title='bbox 864 2652 905 2683; x_wconf 87' lang='lat' dir='ltr'>ad</span> <span class='ocrx_word' id='word_1_386' title='bbox 925 2649 1030 2683; x_wconf 67' lang='lat' dir='ltr'>Levi·</span> <span class='ocrx_word' id='word_1_387' title='bbox 1056 2651 1058 2674; x_wconf 73' lang='grc' dir='ltr'><strong>ἱ</strong></span> 
     </span>
    </p>
   </div>
   <div class='ocr_carea' id='block_1_16' title="bbox 43 2697 1030 2740">
    <p class='ocr_par' dir='ltr' id='par_1_19' title="bbox 43 2697 1030 2740">
     <span class='ocr_line' id='line_1_57' title="bbox 43 2697 1030 2740; baseline 0.002 -8"><span class='ocrx_word' id='word_1_388' title='bbox 43 2697 535 2733; x_wconf 80' lang='lat' dir='ltr'>ticosSacerdotesDominus</span> <span class='ocrx_word' id='word_1_389' title='bbox 559 2700 724 2740; x_wconf 78' lang='lat' dir='ltr'>remittit,</span> <span class='ocrx_word' id='word_1_390' title='bbox 750 2699 833 2734; x_wconf 87' lang='lat' dir='ltr'>haec</span> <span class='ocrx_word' id='word_1_391' title='bbox 849 2709 913 2735; x_wconf 75' lang='lat' dir='ltr'>est:</span> <span class='ocrx_word' id='word_1_392' title='bbox 944 2700 1030 2734; x_wconf 67' lang='lat' dir='ltr'>Vult</span> 
     </span>
    </p>
   </div>
   <div class='ocr_carea' id='block_1_17' title="bbox 1063 269 1073 1625">
    <p class='ocr_par' dir='ltr' id='par_1_20' title="bbox 1063 269 1073 1625">
     <span class='ocr_line' id='line_1_58' title="bbox 1063 269 1073 1625; baseline 0 0"><span class='ocrx_word' id='word_1_393' title='bbox 1063 269 1073 1625; x_wconf 95' lang='lat' dir='ltr'> </span> 
     </span>
    </p>
   </div>
   <div class='ocr_carea' id='block_1_18' title="bbox 1070 252 2085 299">
    <p class='ocr_par' dir='ltr' id='par_1_21' title="bbox 1070 252 2085 299">
     <span class='ocr_line' id='line_1_59' title="bbox 1070 252 2085 299; baseline 0 -12"><span class='ocrx_word' id='word_1_394' title='bbox 1070 254 1073 263; x_wconf 71' lang='lat'><strong>⁴</strong></span> <span class='ocrx_word' id='word_1_395' title='bbox 1098 266 1133 287; x_wconf 89' lang='lat' dir='ltr'>se</span> <span class='ocrx_word' id='word_1_396' title='bbox 1157 265 1228 286; x_wconf 83' lang='lat' dir='ltr'>esse</span> <span class='ocrx_word' id='word_1_397' title='bbox 1246 252 1431 294; x_wconf 76' lang='lat' dir='ltr'>Messinm,</span> <span class='ocrx_word' id='word_1_398' title='bbox 1459 263 1491 289; x_wconf 84' lang='lat' dir='ltr'>et</span> <span class='ocrx_word' id='word_1_399' title='bbox 1517 256 1553 287; x_wconf 91' lang='lat' dir='ltr'>in</span> <span class='ocrx_word' id='word_1_400' title='bbox 1578 253 1642 288; x_wconf 86' lang='lat' dir='ltr'>hac</span> <span class='ocrx_word' id='word_1_401' title='bbox 1661 256 1834 299; x_wconf 74' lang='lat' dir='ltr'>legatione</span> <span class='ocrx_word' id='word_1_402' title='bbox 1848 255 2085 289; x_wconf 86' lang='lat' dir='ltr'>commonefa—</span> 
     </span>
    </p>
   </div>
   <div class='ocr_carea' id='block_1_19' title="bbox 1096 305 2085 654">
    <p class='ocr_par' dir='ltr' id='par_1_22' title="bbox 1096 305 2085 654">
     <span class='ocr_line' id='line_1_60' title="bbox 1098 305 2085 350; baseline -0.001 -12"><span class='ocrx_word' id='word_1_403' title='bbox 1098 305 1145 338; x_wconf 86' lang='lat' dir='ltr'>cit</span> <span class='ocrx_word' id='word_1_404' title='bbox 1175 315 1253 344; x_wconf 88' lang='lat' dir='ltr'>eos,</span> <span class='ocrx_word' id='word_1_405' title='bbox 1288 311 1328 338; x_wconf 88' lang='lat' dir='ltr'>ut</span> <span class='ocrx_word' id='word_1_406' title='bbox 1358 305 1471 347; x_wconf 88' lang='lat' dir='ltr'>ipsum</span> <span class='ocrx_word' id='word_1_407' title='bbox 1503 315 1693 349; x_wconf 86' lang='lat' dir='ltr'>agnoscant</span> <span class='ocrx_word' id='word_1_408' title='bbox 1723 314 1755 340; x_wconf 85' lang='lat' dir='ltr'>et</span> <span class='ocrx_word' id='word_1_409' title='bbox 1786 307 1975 350; x_wconf 88' lang='lat' dir='ltr'>recipiant,</span> <span class='ocrx_word' id='word_1_410' title='bbox 2010 306 2085 338; x_wconf 87' lang='lat' dir='ltr'>vult</span> 
     </span>
     <span class='ocr_line' id='line_1_61' title="bbox 1097 356 2085 401; baseline 0.001 -14"><span class='ocrx_word' id='word_1_411' title='bbox 1097 356 1191 400; x_wconf 88' lang='lat' dir='ltr'>ipsos</span> <span class='ocrx_word' id='word_1_412' title='bbox 1215 362 1248 388; x_wconf 93' lang='lat' dir='ltr'>et</span> <span class='ocrx_word' id='word_1_413' title='bbox 1271 356 1416 388; x_wconf 86' lang='lat' dir='ltr'>nuntios</span> <span class='ocrx_word' id='word_1_414' title='bbox 1441 363 1473 388; x_wconf 82' lang='lat' dir='ltr'>et</span> <span class='ocrx_word' id='word_1_415' title='bbox 1498 363 1602 389; x_wconf 81' lang='lat' dir='ltr'>testes</span> <span class='ocrx_word' id='word_1_416' title='bbox 1626 369 1697 390; x_wconf 86' lang='lat' dir='ltr'>esse</span> <span class='ocrx_word' id='word_1_417' title='bbox 1725 359 1914 401; x_wconf 83' lang='lat' dir='ltr'>praesentis</span> <span class='ocrx_word' id='word_1_418' title='bbox 1934 356 2085 390; x_wconf 82' lang='lat' dir='ltr'>Messiae</span> 
     </span>
     <span class='ocr_line' id='line_1_62' title="bbox 1097 405 2084 441; baseline 0 -2"><span class='ocrx_word' id='word_1_419' title='bbox 1097 419 1135 439; x_wconf 90' lang='lat' dir='ltr'>ac</span> <span class='ocrx_word' id='word_1_420' title='bbox 1156 405 1395 440; x_wconf 82' lang='lat' dir='ltr'>RedemtoriS.</span> <span class='ocrx_word' id='word_1_421' title='bbox 1457 406 1540 440; x_wconf 82' lang='lat' dir='ltr'>Fuit</span> <span class='ocrx_word' id='word_1_422' title='bbox 1568 407 1661 440; x_wconf 93' lang='lat' dir='ltr'>enim</span> <span class='ocrx_word' id='word_1_423' title='bbox 1688 407 1931 441; x_wconf 81' lang='lat' dir='ltr'>Sacerdotium</span> <span class='ocrx_word' id='word_1_424' title='bbox 1958 407 2084 440; x_wconf 86' lang='lat' dir='ltr'>veteris</span> 
     </span>
     <span class='ocr_line' id='line_1_63' title="bbox 1097 455 2083 501; baseline 0 -11"><span class='ocrx_word' id='word_1_425' title='bbox 1097 457 1314 490; x_wconf 77' lang='lat' dir='ltr'>Testamenti</span> <span class='ocrx_word' id='word_1_426' title='bbox 1346 464 1489 501; x_wconf 86' lang='lat' dir='ltr'>propter</span> <span class='ocrx_word' id='word_1_427' title='bbox 1521 455 1616 491; x_wconf 88' lang='lat' dir='ltr'>hunc</span> <span class='ocrx_word' id='word_1_428' title='bbox 1648 458 1813 491; x_wconf 84' lang='lat' dir='ltr'>ultimum</span> <span class='ocrx_word' id='word_1_429' title='bbox 1846 472 1884 491; x_wconf 90' lang='lat' dir='ltr'>ae</span> <span class='ocrx_word' id='word_1_430' title='bbox 1906 470 2083 492; x_wconf 85' lang='lat' dir='ltr'>summum</span> 
     </span>
     <span class='ocr_line' id='line_1_64' title="bbox 1096 508 2084 551; baseline 0 -10"><span class='ocrx_word' id='word_1_431' title='bbox 1096 509 1199 541; x_wconf 87' lang='lat' dir='ltr'>finem</span> <span class='ocrx_word' id='word_1_432' title='bbox 1227 508 1401 540; x_wconf 82' lang='lat' dir='ltr'>sancitum</span> <span class='ocrx_word' id='word_1_433' title='bbox 1425 521 1464 541; x_wconf 79' lang='lat' dir='ltr'>ac</span> <span class='ocrx_word' id='word_1_434' title='bbox 1487 510 1737 551; x_wconf 83' lang='lat' dir='ltr'>constitutum,</span> <span class='ocrx_word' id='word_1_435' title='bbox 1773 516 1808 541; x_wconf 88' lang='lat' dir='ltr'>ut</span> <span class='ocrx_word' id='word_1_436' title='bbox 1836 511 1975 542; x_wconf 86' lang='lat' dir='ltr'>doceret</span> <span class='ocrx_word' id='word_1_437' title='bbox 1999 520 2084 541; x_wconf 81' lang='lat' dir='ltr'>ven-</span> 
     </span>
     <span class='ocr_line' id='line_1_65' title="bbox 1097 558 2083 604; baseline -0.002 -11"><span class='ocrx_word' id='word_1_438' title='bbox 1097 567 1215 593; x_wconf 86' lang='lat' dir='ltr'>turum</span> <span class='ocrx_word' id='word_1_439' title='bbox 1240 570 1312 591; x_wconf 83' lang='lat' dir='ltr'>esse</span> <span class='ocrx_word' id='word_1_440' title='bbox 1330 558 1515 597; x_wconf 89' lang='lat' dir='ltr'>Messiam,</span> <span class='ocrx_word' id='word_1_441' title='bbox 1545 561 1605 604; x_wconf 91' lang='lat' dir='ltr'>qui</span> <span class='ocrx_word' id='word_1_442' title='bbox 1632 560 1704 603; x_wconf 88' lang='lat' dir='ltr'>ipse</span> <span class='ocrx_word' id='word_1_443' title='bbox 1725 561 1866 593; x_wconf 79' lang='lat' dir='ltr'>futurus</span> <span class='ocrx_word' id='word_1_444' title='bbox 1883 560 1926 592; x_wconf 88' lang='lat' dir='ltr'>sit</span> <span class='ocrx_word' id='word_1_445' title='bbox 1942 560 2083 592; x_wconf 80' lang='lat' dir='ltr'>victima</span> 
     </span>
     <span class='ocr_line' id='line_1_66' title="bbox 1097 608 2085 654; baseline -0.003 -10"><span class='ocrx_word' id='word_1_446' title='bbox 1097 617 1129 644; x_wconf 82' lang='lat' dir='ltr'>et</span> <span class='ocrx_word' id='word_1_447' title='bbox 1160 610 1364 654; x_wconf 79' lang='lat' dir='ltr'>propitiatio</span> <span class='ocrx_word' id='word_1_448' title='bbox 1394 623 1473 643; x_wconf 84' lang='lat' dir='ltr'>vera</span> <span class='ocrx_word' id='word_1_449' title='bbox 1501 623 1564 654; x_wconf 88' lang='lat' dir='ltr'>pro</span> <span class='ocrx_word' id='word_1_450' title='bbox 1590 611 1738 654; x_wconf 84' lang='lat' dir='ltr'>peccatis</span> <span class='ocrx_word' id='word_1_451' title='bbox 1761 611 1898 653; x_wconf 80' lang='lat' dir='ltr'>generis</span> <span class='ocrx_word' id='word_1_452' title='bbox 1924 608 2085 653; x_wconf 81' lang='lat' dir='ltr'>humani,</span> 
     </span>
    </p>
   </div>
   <div class='ocr_carea' id='block_1_20' title="bbox 1068 658 2087 705">
    <p class='ocr_par' dir='ltr' id='par_1_23' title="bbox 1068 658 2087 705">
     <span class='ocr_line' id='line_1_67' title="bbox 1068 658 2087 705; baseline -0.002 -11"><span class='ocrx_word' id='word_1_453' title='bbox 1068 671 1070 676; x_wconf 70' lang='lat'><strong><em>⁴</em></strong></span> <span class='ocrx_word' id='word_1_454' title='bbox 1097 668 1127 694; x_wconf 89' lang='lat' dir='ltr'>et</span> <span class='ocrx_word' id='word_1_455' title='bbox 1151 658 1241 693; x_wconf 85' lang='lat' dir='ltr'>hanc</span> <span class='ocrx_word' id='word_1_456' title='bbox 1266 668 1449 694; x_wconf 77' lang='lat' dir='ltr'>venturam</span> <span class='ocrx_word' id='word_1_457' title='bbox 1470 661 1648 696; x_wconf 73' lang='lat' dir='ltr'>victimam</span> <span class='ocrx_word' id='word_1_458' title='bbox 1667 662 1803 694; x_wconf 87' lang='lat' dir='ltr'>umbris</span> <span class='ocrx_word' id='word_1_459' title='bbox 1822 662 1892 694; x_wconf 91' lang='lat' dir='ltr'>illis</span> <span class='ocrx_word' id='word_1_460' title='bbox 1910 673 1948 693; x_wconf 90' lang='lat' dir='ltr'>ac</span> <span class='ocrx_word' id='word_1_461' title='bbox 1965 660 2087 705; x_wconf 71' lang='lat' dir='ltr'>figuris</span> 
     </span>
    </p>
   </div>
   <div class='ocr_carea' id='block_1_21' title="bbox 1093 709 2087 1000">
    <p class='ocr_par' dir='ltr' id='par_1_24' title="bbox 1093 709 2087 1000">
     <span class='ocr_line' id='line_1_68' title="bbox 1096 709 2087 754; baseline -0.002 -9"><span class='ocrx_word' id='word_1_462' title='bbox 1096 709 1334 745; x_wconf 69' lang='lat' dir='ltr'>Levitic‘orum</span> <span class='ocrx_word' id='word_1_463' title='bbox 1366 712 1618 745; x_wconf 78' lang='lat' dir='ltr'>sacrificiorum</span> <span class='ocrx_word' id='word_1_464' title='bbox 1648 713 1849 754; x_wconf 81' lang='lat' dir='ltr'>significari.</span> <span class='ocrx_word' id='word_1_465' title='bbox 1905 711 1953 744; x_wconf 85' lang='lat' dir='ltr'>lta</span> <span class='ocrx_word' id='word_1_466' title='bbox 1985 714 2087 744; x_wconf 87' lang='lat' dir='ltr'>docet</span> 
     </span>
     <span class='ocr_line' id='line_1_69' title="bbox 1094 761 2086 807; baseline 0.001 -12"><span class='ocrx_word' id='word_1_467' title='bbox 1094 761 1272 806; x_wconf 77' lang='lat' dir='ltr'>Baptista,</span> <span class='ocrx_word' id='word_1_468' title='bbox 1307 762 1488 807; x_wconf 84' lang='lat' dir='ltr'>inquiens:</span> <span class='ocrx_word' id='word_1_469' title='bbox 1524 761 1615 796; x_wconf 89' lang='lat' dir='ltr'>Ecce</span> <span class='ocrx_word' id='word_1_470' title='bbox 1645 775 1755 806; x_wconf 87' lang='lat' dir='ltr'>agnus</span> <span class='ocrx_word' id='word_1_471' title='bbox 1776 762 1862 802; x_wconf 93' lang='lat' dir='ltr'>Dei,</span> <span class='ocrx_word' id='word_1_472' title='bbox 1899 763 1959 807; x_wconf 91' lang='lat' dir='ltr'>qui</span> <span class='ocrx_word' id='word_1_473' title='bbox 1994 762 2086 796; x_wconf 83' lang='lat' dir='ltr'>tollit</span> 
     </span>
     <span class='ocr_line' id='line_1_70' title="bbox 1096 811 2085 857; baseline -0.001 -11"><span class='ocrx_word' id='word_1_474' title='bbox 1096 820 1232 856; x_wconf 86' lang='lat' dir='ltr'>peccata</span> <span class='ocrx_word' id='word_1_475' title='bbox 1269 815 1413 853; x_wconf 84' lang='lat' dir='ltr'>mundi,</span> <span class='ocrx_word' id='word_1_476' title='bbox 1448 826 1486 846; x_wconf 89' lang='lat' dir='ltr'>ac</span> <span class='ocrx_word' id='word_1_477' title='bbox 1519 814 1592 847; x_wconf 88' lang='lat' dir='ltr'>sine</span> <span class='ocrx_word' id='word_1_478' title='bbox 1624 814 1803 857; x_wconf 85' lang='lat' dir='ltr'>agnitione</span> <span class='ocrx_word' id='word_1_479' title='bbox 1833 820 1866 846; x_wconf 87' lang='lat' dir='ltr'>et</span> <span class='ocrx_word' id='word_1_480' title='bbox 1891 814 1957 845; x_wconf 85' lang='lat' dir='ltr'>fide</span> <span class='ocrx_word' id='word_1_481' title='bbox 1979 811 2085 846; x_wconf 78' lang='lat' dir='ltr'>liuius</span> 
     </span>
     <span class='ocr_line' id='line_1_71' title="bbox 1096 864 2087 904; baseline -0.001 -7"><span class='ocrx_word' id='word_1_482' title='bbox 1096 864 1262 904; x_wconf 78' lang='lat' dir='ltr'>Messiae,</span> <span class='ocrx_word' id='word_1_483' title='bbox 1307 864 1536 898; x_wconf 84' lang='lat' dir='ltr'>mactationes</span> <span class='ocrx_word' id='word_1_484' title='bbox 1574 865 1795 898; x_wconf 88' lang='lat' dir='ltr'>victimarum</span> <span class='ocrx_word' id='word_1_485' title='bbox 1836 871 1867 897; x_wconf 89' lang='lat' dir='ltr'>et</span> <span class='ocrx_word' id='word_1_486' title='bbox 1899 865 2087 897; x_wconf 74' lang='lat' dir='ltr'>conciones</span> 
     </span>
     <span class='ocr_line' id='line_1_72' title="bbox 1094 913 2086 949; baseline -0.002 -1"><span class='ocrx_word' id='word_1_487' title='bbox 1094 915 1324 949; x_wconf 85' lang='lat' dir='ltr'>Sacerdotum</span> <span class='ocrx_word' id='word_1_488' title='bbox 1362 913 1550 949; x_wconf 84' lang='lat' dir='ltr'>horribiles</span> <span class='ocrx_word' id='word_1_489' title='bbox 1582 916 1746 949; x_wconf 84' lang='lat' dir='ltr'>tenebrae</span> <span class='ocrx_word' id='word_1_490' title='bbox 1779 923 1811 949; x_wconf 92' lang='lat' dir='ltr'>et</span> <span class='ocrx_word' id='word_1_491' title='bbox 1845 914 2086 948; x_wconf 84' lang='lat' dir='ltr'>ldolomaniae</span> 
     </span>
     <span class='ocr_line' id='line_1_73' title="bbox 1093 967 1248 1000; baseline 0 -1"><span class='ocrx_word' id='word_1_492' title='bbox 1093 967 1248 1000; x_wconf 86' lang='lat' dir='ltr'>suerunt.</span> 
     </span>
    </p>
   </div>
   <div class='ocr_carea' id='block_1_22' title="bbox 1092 1042 2087 1482">
    <p class='ocr_par' dir='ltr' id='par_1_25' title="bbox 1092 1042 2087 1482">
     <span class='ocr_line' id='line_1_74' title="bbox 1196 1042 2086 1087; baseline -0.002 -11"><span class='ocrx_word' id='word_1_493' title='bbox 1196 1042 1393 1076; x_wconf 77' lang='lat' dir='ltr'>Resuscitat</span> <span class='ocrx_word' id='word_1_494' title='bbox 1419 1043 1526 1087; x_wconf 86' lang='lat' dir='ltr'>igitur</span> <span class='ocrx_word' id='word_1_495' title='bbox 1551 1051 1728 1084; x_wconf 88' lang='lat' dir='ltr'>mortuos,</span> <span class='ocrx_word' id='word_1_496' title='bbox 1755 1049 1789 1076; x_wconf 88' lang='lat' dir='ltr'>et</span> <span class='ocrx_word' id='word_1_497' title='bbox 1806 1043 1909 1076; x_wconf 89' lang='lat' dir='ltr'>editis</span> <span class='ocrx_word' id='word_1_498' title='bbox 1923 1043 2000 1076; x_wconf 88' lang='lat' dir='ltr'>aliis</span> <span class='ocrx_word' id='word_1_499' title='bbox 2018 1042 2086 1076; x_wconf 78' lang='lat' dir='ltr'>mi—</span> 
     </span>
     <span class='ocr_line' id='line_1_75' title="bbox 1095 1092 2085 1139; baseline -0.001 -13"><span class='ocrx_word' id='word_1_500' title='bbox 1095 1093 1223 1126; x_wconf 85' lang='lat' dir='ltr'>raculis</span> <span class='ocrx_word' id='word_1_501' title='bbox 1250 1094 1539 1136; x_wconf 85' lang='lat' dir='ltr'>conspiciendum</span> <span class='ocrx_word' id='word_1_502' title='bbox 1566 1106 1601 1127; x_wconf 89' lang='lat' dir='ltr'>se</span> <span class='ocrx_word' id='word_1_503' title='bbox 1623 1095 1767 1139; x_wconf 82' lang='lat' dir='ltr'>praebet</span> <span class='ocrx_word' id='word_1_504' title='bbox 1792 1092 1849 1127; x_wconf 87' lang='lat' dir='ltr'>hic</span> <span class='ocrx_word' id='word_1_505' title='bbox 1874 1095 1946 1138; x_wconf 88' lang='lat' dir='ltr'>ipse</span> <span class='ocrx_word' id='word_1_506' title='bbox 1962 1092 2085 1126; x_wconf 90' lang='lat' dir='ltr'>Domi-</span> 
     </span>
     <span class='ocr_line' id='line_1_76' title="bbox 1094 1143 2085 1179; baseline -0.001 -3"><span class='ocrx_word' id='word_1_507' title='bbox 1094 1156 1160 1176; x_wconf 87' lang='lat' dir='ltr'>nus</span> <span class='ocrx_word' id='word_1_508' title='bbox 1185 1151 1305 1177; x_wconf 83' lang='lat' dir='ltr'>nostcr</span> <span class='ocrx_word' id='word_1_509' title='bbox 1325 1144 1419 1178; x_wconf 88' lang='lat' dir='ltr'>lesus</span> <span class='ocrx_word' id='word_1_510' title='bbox 1441 1143 1604 1178; x_wconf 87' lang='lat' dir='ltr'>Christus</span> <span class='ocrx_word' id='word_1_511' title='bbox 1629 1157 1731 1179; x_wconf 85' lang='lat' dir='ltr'>verus</span> <span class='ocrx_word' id='word_1_512' title='bbox 1748 1144 1895 1178; x_wconf 65' lang='lat' dir='ltr'>Blessias</span> <span class='ocrx_word' id='word_1_513' title='bbox 1919 1152 2021 1178; x_wconf 90' lang='lat' dir='ltr'>natus</span> <span class='ocrx_word' id='word_1_514' title='bbox 2047 1156 2085 1176; x_wconf 63' lang='lat' dir='ltr'>ex</span> 
     </span>
     <span class='ocr_line' id='line_1_77' title="bbox 1095 1194 2086 1240; baseline 0.001 -14"><span class='ocrx_word' id='word_1_515' title='bbox 1095 1196 1230 1237; x_wconf 80' lang='lat' dir='ltr'>virgine</span> <span class='ocrx_word' id='word_1_516' title='bbox 1256 1195 1393 1239; x_wconf 83' lang='lat' dir='ltr'>Maria,</span> <span class='ocrx_word' id='word_1_517' title='bbox 1425 1202 1457 1229; x_wconf 90' lang='lat' dir='ltr'>et</span> <span class='ocrx_word' id='word_1_518' title='bbox 1481 1195 1686 1230; x_wconf 86' lang='lat' dir='ltr'>Sacerdotes</span> <span class='ocrx_word' id='word_1_519' title='bbox 1717 1194 1771 1228; x_wconf 83' lang='lat' dir='ltr'>his</span> <span class='ocrx_word' id='word_1_520' title='bbox 1797 1195 1881 1240; x_wconf 89' lang='lat' dir='ltr'>ipsis</span> <span class='ocrx_word' id='word_1_521' title='bbox 1906 1195 2086 1228; x_wconf 81' lang='lat' dir='ltr'>miraculis</span> 
     </span>
     <span class='ocr_line' id='line_1_78' title="bbox 1094 1246 2086 1291; baseline 0 -13"><span class='ocrx_word' id='word_1_522' title='bbox 1094 1246 1305 1291; x_wconf 80' lang='lat' dir='ltr'>alloquitur,</span> <span class='ocrx_word' id='word_1_523' title='bbox 1334 1253 1373 1280; x_wconf 91' lang='lat' dir='ltr'>ut</span> <span class='ocrx_word' id='word_1_524' title='bbox 1396 1247 1510 1290; x_wconf 89' lang='lat' dir='ltr'>ipsum</span> <span class='ocrx_word' id='word_1_525' title='bbox 1534 1254 1743 1290; x_wconf 85' lang='lat' dir='ltr'>agnoscant,</span> <span class='ocrx_word' id='word_1_526' title='bbox 1772 1259 1851 1280; x_wconf 82' lang='lat' dir='ltr'>vera</span> <span class='ocrx_word' id='word_1_527' title='bbox 1869 1248 1911 1279; x_wconf 90' lang='lat' dir='ltr'>de</span> <span class='ocrx_word' id='word_1_528' title='bbox 1929 1247 2004 1289; x_wconf 90' lang='lat' dir='ltr'>ipso</span> <span class='ocrx_word' id='word_1_529' title='bbox 2022 1247 2086 1278; x_wconf 88' lang='lat' dir='ltr'>do-</span> 
     </span>
     <span class='ocr_line' id='line_1_79' title="bbox 1093 1295 2085 1342; baseline 0.001 -14"><span class='ocrx_word' id='word_1_530' title='bbox 1093 1303 1211 1335; x_wconf 86' lang='lat' dir='ltr'>ceant,</span> <span class='ocrx_word' id='word_1_531' title='bbox 1238 1304 1271 1330; x_wconf 80' lang='lat' dir='ltr'>ct</span> <span class='ocrx_word' id='word_1_532' title='bbox 1295 1303 1397 1330; x_wconf 86' lang='lat' dir='ltr'>testes</span> <span class='ocrx_word' id='word_1_533' title='bbox 1421 1298 1492 1330; x_wconf 88' lang='lat' dir='ltr'>sint</span> <span class='ocrx_word' id='word_1_534' title='bbox 1507 1310 1588 1330; x_wconf 91' lang='lat' dir='ltr'>suae</span> <span class='ocrx_word' id='word_1_535' title='bbox 1605 1297 1840 1342; x_wconf 83' lang='lat' dir='ltr'>praesentiae,</span> <span class='ocrx_word' id='word_1_536' title='bbox 1868 1298 1911 1330; x_wconf 89' lang='lat' dir='ltr'>de</span> <span class='ocrx_word' id='word_1_537' title='bbox 1929 1295 1994 1330; x_wconf 84' lang='lat' dir='ltr'>hoc</span> <span class='ocrx_word' id='word_1_538' title='bbox 2009 1298 2085 1341; x_wconf 90' lang='lat' dir='ltr'>ipso</span> 
     </span>
     <span class='ocr_line' id='line_1_80' title="bbox 1093 1345 2087 1392; baseline 0 -13"><span class='ocrx_word' id='word_1_539' title='bbox 1093 1359 1154 1390; x_wconf 87' lang='lat' dir='ltr'>per</span> <span class='ocrx_word' id='word_1_540' title='bbox 1186 1345 1250 1379; x_wconf 88' lang='lat' dir='ltr'>hos</span> <span class='ocrx_word' id='word_1_541' title='bbox 1279 1353 1418 1380; x_wconf 87' lang='lat' dir='ltr'>sanatos</span> <span class='ocrx_word' id='word_1_542' title='bbox 1442 1348 1598 1392; x_wconf 89' lang='lat' dir='ltr'>leprosos</span> <span class='ocrx_word' id='word_1_543' title='bbox 1623 1349 1892 1381; x_wconf 84' lang='lat' dir='ltr'>commonefacit</span> <span class='ocrx_word' id='word_1_544' title='bbox 1915 1347 2087 1381; x_wconf 86' lang='lat' dir='ltr'>Sacerdo-</span> 
     </span>
     <span class='ocr_line' id='line_1_81' title="bbox 1092 1398 2085 1442; baseline 0 -12"><span class='ocrx_word' id='word_1_545' title='bbox 1092 1404 1152 1430; x_wconf 86' lang='lat' dir='ltr'>tes.</span> <span class='ocrx_word' id='word_1_546' title='bbox 1207 1398 1275 1431; x_wconf 89' lang='lat' dir='ltr'>Sed</span> <span class='ocrx_word' id='word_1_547' title='bbox 1298 1405 1469 1442; x_wconf 88' lang='lat' dir='ltr'>quantum</span> <span class='ocrx_word' id='word_1_548' title='bbox 1492 1399 1674 1442; x_wconf 83' lang='lat' dir='ltr'>profecerit</span> <span class='ocrx_word' id='word_1_549' title='bbox 1694 1398 1891 1439; x_wconf 90' lang='lat' dir='ltr'>Dominus,</span> <span class='ocrx_word' id='word_1_550' title='bbox 1918 1399 2085 1431; x_wconf 88' lang='lat' dir='ltr'>omnibus</span> 
     </span>
     <span class='ocr_line' id='line_1_82' title="bbox 1092 1448 1396 1482; baseline 0.007 -2"><span class='ocrx_word' id='word_1_551' title='bbox 1092 1448 1317 1482; x_wconf 84' lang='lat' dir='ltr'>notissimum</span> <span class='ocrx_word' id='word_1_552' title='bbox 1337 1455 1396 1482; x_wconf 84' lang='lat' dir='ltr'>est.</span> 
     </span>
    </p>
   </div>
   <div class='ocr_carea' id='block_1_23' title="bbox 1087 1523 2087 2232">
    <p class='ocr_par' dir='ltr' id='par_1_26' title="bbox 1087 1523 2087 2232">
     <span class='ocr_line' id='line_1_83' title="bbox 1196 1523 2087 1571; baseline 0.001 -13"><span class='ocrx_word' id='word_1_553' title='bbox 1196 1523 1248 1558; x_wconf 92' lang='lat' dir='ltr'>Ac</span> <span class='ocrx_word' id='word_1_554' title='bbox 1275 1538 1317 1558; x_wconf 90' lang='lat' dir='ltr'>ne</span> <span class='ocrx_word' id='word_1_555' title='bbox 1343 1527 1512 1571; x_wconf 87' lang='lat' dir='ltr'>conqueri</span> <span class='ocrx_word' id='word_1_556' title='bbox 1537 1526 1692 1570; x_wconf 88' lang='lat' dir='ltr'>possint,</span> <span class='ocrx_word' id='word_1_557' title='bbox 1724 1525 1921 1560; x_wconf 90' lang='lat' dir='ltr'>Dominum</span> <span class='ocrx_word' id='word_1_558' title='bbox 1944 1525 2087 1559; x_wconf 90' lang='lat' dir='ltr'>abolere</span> 
     </span>
     <span class='ocr_line' id='line_1_84' title="bbox 1091 1575 2086 1622; baseline 0.003 -14"><span class='ocrx_word' id='word_1_559' title='bbox 1091 1575 1224 1619; x_wconf 87' lang='lat' dir='ltr'>legem,</span> <span class='ocrx_word' id='word_1_560' title='bbox 1260 1577 1456 1611; x_wconf 79' lang='lat' dir='ltr'>ministeria</span> <span class='ocrx_word' id='word_1_561' title='bbox 1486 1590 1609 1611; x_wconf 88' lang='lat' dir='ltr'>eorum</span> <span class='ocrx_word' id='word_1_562' title='bbox 1635 1585 1817 1622; x_wconf 83' lang='lat' dir='ltr'>appetere,</span> <span class='ocrx_word' id='word_1_563' title='bbox 1852 1584 1886 1611; x_wconf 88' lang='lat' dir='ltr'>et</span> <span class='ocrx_word' id='word_1_564' title='bbox 1910 1577 2086 1621; x_wconf 89' lang='lat' dir='ltr'>stipendia</span> 
     </span>
     <span class='ocr_line' id='line_1_85' title="bbox 1091 1627 2086 1672; baseline 0.002 -13"><span class='ocrx_word' id='word_1_565' title='bbox 1091 1627 1263 1660; x_wconf 90' lang='lat' dir='ltr'>divinitus</span> <span class='ocrx_word' id='word_1_566' title='bbox 1277 1627 1361 1671; x_wconf 87' lang='lat' dir='ltr'>ipsis</span> <span class='ocrx_word' id='word_1_567' title='bbox 1377 1628 1545 1662; x_wconf 89' lang='lat' dir='ltr'>attributa</span> <span class='ocrx_word' id='word_1_568' title='bbox 1564 1628 1786 1668; x_wconf 89' lang='lat' dir='ltr'>imminuere,</span> <span class='ocrx_word' id='word_1_569' title='bbox 1812 1639 1970 1672; x_wconf 86' lang='lat' dir='ltr'>expresse</span> <span class='ocrx_word' id='word_1_570' title='bbox 1984 1639 2086 1672; x_wconf 87' lang='lat' dir='ltr'>prae-</span> 
     </span>
     <span class='ocr_line' id='line_1_86' title="bbox 1090 1676 2082 1721; baseline 0.002 -12"><span class='ocrx_word' id='word_1_571' title='bbox 1090 1677 1175 1721; x_wconf 87' lang='lat' dir='ltr'>cipit</span> <span class='ocrx_word' id='word_1_572' title='bbox 1198 1676 1393 1719; x_wconf 88' lang='lat' dir='ltr'>Dominus,</span> <span class='ocrx_word' id='word_1_573' title='bbox 1430 1685 1468 1712; x_wconf 89' lang='lat' dir='ltr'>ut</span> <span class='ocrx_word' id='word_1_574' title='bbox 1492 1679 1643 1712; x_wconf 82' lang='lat' dir='ltr'>offerant</span> <span class='ocrx_word' id='word_1_575' title='bbox 1659 1678 1910 1712; x_wconf 88' lang='lat' dir='ltr'>Sacerdotibus</span> <span class='ocrx_word' id='word_1_576' title='bbox 1935 1690 2082 1712; x_wconf 87' lang='lat' dir='ltr'>munera</span> 
     </span>
     <span class='ocr_line' id='line_1_87' title="bbox 1090 1727 2083 1774; baseline 0.003 -14"><span class='ocrx_word' id='word_1_577' title='bbox 1090 1740 1108 1761; x_wconf 90' lang='lat' dir='ltr'>a</span> <span class='ocrx_word' id='word_1_578' title='bbox 1127 1727 1228 1761; x_wconf 87' lang='lat' dir='ltr'>Mose</span> <span class='ocrx_word' id='word_1_579' title='bbox 1253 1730 1452 1763; x_wconf 86' lang='lat' dir='ltr'>constituta.</span> <span class='ocrx_word' id='word_1_580' title='bbox 1505 1728 1551 1763; x_wconf 86' lang='lat' dir='ltr'>Et</span> <span class='ocrx_word' id='word_1_581' title='bbox 1577 1736 1711 1763; x_wconf 84' lang='lat' dir='ltr'>exstant</span> <span class='ocrx_word' id='word_1_582' title='bbox 1729 1729 1816 1763; x_wconf 89' lang='lat' dir='ltr'>alibi</span> <span class='ocrx_word' id='word_1_583' title='bbox 1833 1729 1963 1762; x_wconf 91' lang='lat' dir='ltr'>similia</span> <span class='ocrx_word' id='word_1_584' title='bbox 1979 1741 2083 1774; x_wconf 89' lang='lat' dir='ltr'>prae—</span> 
     </span>
     <span class='ocr_line' id='line_1_88' title="bbox 1092 1779 2082 1825; baseline 0.004 -14"><span class='ocrx_word' id='word_1_585' title='bbox 1092 1785 1190 1821; x_wconf 86' lang='lat' dir='ltr'>cepta</span> <span class='ocrx_word' id='word_1_586' title='bbox 1222 1780 1264 1812; x_wconf 90' lang='lat' dir='ltr'>de</span> <span class='ocrx_word' id='word_1_587' title='bbox 1294 1780 1457 1813; x_wconf 87' lang='lat' dir='ltr'>decimis:</span> <span class='ocrx_word' id='word_1_588' title='bbox 1493 1779 1588 1813; x_wconf 88' lang='lat' dir='ltr'>Haec</span> <span class='ocrx_word' id='word_1_589' title='bbox 1614 1780 1772 1825; x_wconf 89' lang='lat' dir='ltr'>oportuit</span> <span class='ocrx_word' id='word_1_590' title='bbox 1795 1781 1926 1821; x_wconf 84' lang='lat' dir='ltr'>facere,</span> <span class='ocrx_word' id='word_1_591' title='bbox 1960 1786 1995 1814; x_wconf 90' lang='lat' dir='ltr'>et</span> <span class='ocrx_word' id='word_1_592' title='bbox 2021 1781 2082 1815; x_wconf 89' lang='lat' dir='ltr'>illa</span> 
     </span>
     <span class='ocr_line' id='line_1_89' title="bbox 1089 1828 2081 1872; baseline 0.003 -10"><span class='ocrx_word' id='word_1_593' title='bbox 1089 1842 1163 1862; x_wconf 90' lang='lat' dir='ltr'>non</span> <span class='ocrx_word' id='word_1_594' title='bbox 1194 1830 1375 1872; x_wconf 88' lang='lat' dir='ltr'>omittere,</span> <span class='ocrx_word' id='word_1_595' title='bbox 1408 1828 1536 1866; x_wconf 79' lang='lat' dir='ltr'>Matth.</span> <span class='ocrx_word' id='word_1_596' title='bbox 1558 1832 1622 1866; x_wconf 75' lang='lat'>23.</span> <span class='ocrx_word' id='word_1_597' title='bbox 1660 1831 1710 1865; x_wconf 83' lang='lat' dir='ltr'>lta</span> <span class='ocrx_word' id='word_1_598' title='bbox 1737 1838 1902 1869; x_wconf 86' lang='lat' dir='ltr'>testatur,</span> <span class='ocrx_word' id='word_1_599' title='bbox 1930 1843 1967 1864; x_wconf 89' lang='lat' dir='ltr'>se</span> <span class='ocrx_word' id='word_1_600' title='bbox 1988 1829 2081 1865; x_wconf 89' lang='lat' dir='ltr'>nihil</span> 
     </span>
     <span class='ocr_line' id='line_1_90' title="bbox 1090 1880 2083 1926; baseline 0.006 -14"><span class='ocrx_word' id='word_1_601' title='bbox 1090 1880 1162 1913; x_wconf 89' lang='lat' dir='ltr'>illis</span> <span class='ocrx_word' id='word_1_602' title='bbox 1187 1881 1277 1914; x_wconf 86' lang='lat' dir='ltr'>velle</span> <span class='ocrx_word' id='word_1_603' title='bbox 1301 1882 1448 1926; x_wconf 86' lang='lat' dir='ltr'>eripere.</span> <span class='ocrx_word' id='word_1_604' title='bbox 1501 1881 1554 1915; x_wconf 91' lang='lat' dir='ltr'>Ac</span> <span class='ocrx_word' id='word_1_605' title='bbox 1571 1894 1649 1915; x_wconf 91' lang='lat' dir='ltr'>cum</span> <span class='ocrx_word' id='word_1_606' title='bbox 1668 1883 1828 1915; x_wconf 89' lang='lat' dir='ltr'>nondum</span> <span class='ocrx_word' id='word_1_607' title='bbox 1849 1882 2020 1916; x_wconf 90' lang='lat' dir='ltr'>abolitum</span> <span class='ocrx_word' id='word_1_608' title='bbox 2038 1884 2083 1918; x_wconf 88' lang='lat' dir='ltr'>sit</span> 
     </span>
     <span class='ocr_line' id='line_1_91' title="bbox 1089 1929 2081 1977; baseline 0.003 -12"><span class='ocrx_word' id='word_1_609' title='bbox 1089 1930 1353 1973; x_wconf 88' lang='lat' dir='ltr'>Sacerdotium,</span> <span class='ocrx_word' id='word_1_610' title='bbox 1387 1940 1420 1967; x_wconf 86' lang='lat' dir='ltr'>et</span> <span class='ocrx_word' id='word_1_611' title='bbox 1449 1932 1523 1977; x_wconf 91' lang='lat' dir='ltr'>ipse</span> <span class='ocrx_word' id='word_1_612' title='bbox 1553 1929 1659 1966; x_wconf 91' lang='lat' dir='ltr'>huius</span> <span class='ocrx_word' id='word_1_613' title='bbox 1686 1931 1863 1966; x_wconf 89' lang='lat' dir='ltr'>Ecclesiae</span> <span class='ocrx_word' id='word_1_614' title='bbox 1891 1933 1978 1966; x_wconf 91' lang='lat' dir='ltr'>civis</span> <span class='ocrx_word' id='word_1_615' title='bbox 2008 1945 2081 1968; x_wconf 88' lang='lat' dir='ltr'>esse</span> 
     </span>
     <span class='ocr_line' id='line_1_92' title="bbox 1088 1982 2080 2027; baseline 0.004 -12"><span class='ocrx_word' id='word_1_616' title='bbox 1088 1982 1190 2022; x_wconf 90' lang='lat' dir='ltr'>velit,</span> <span class='ocrx_word' id='word_1_617' title='bbox 1218 1989 1251 2016; x_wconf 88' lang='lat' dir='ltr'>et</span> <span class='ocrx_word' id='word_1_618' title='bbox 1274 1995 1353 2016; x_wconf 93' lang='lat' dir='ltr'>cum</span> <span class='ocrx_word' id='word_1_619' title='bbox 1379 1983 1464 2027; x_wconf 90' lang='lat' dir='ltr'>ipsis</span> <span class='ocrx_word' id='word_1_620' title='bbox 1486 1984 1575 2017; x_wconf 92' lang='lat' dir='ltr'>ritus</span> <span class='ocrx_word' id='word_1_621' title='bbox 1597 1984 1776 2018; x_wconf 85' lang='lat' dir='ltr'>institutos</span> <span class='ocrx_word' id='word_1_622' title='bbox 1796 1984 1976 2023; x_wconf 87' lang='lat' dir='ltr'>observet,</span> <span class='ocrx_word' id='word_1_623' title='bbox 2004 1986 2080 2020; x_wconf 84' lang='lat' dir='ltr'>vult</span> 
     </span>
     <span class='ocr_line' id='line_1_93' title="bbox 1089 2030 2078 2079; baseline 0.004 -13"><span class='ocrx_word' id='word_1_624' title='bbox 1089 2040 1122 2066; x_wconf 86' lang='lat' dir='ltr'>et</span> <span class='ocrx_word' id='word_1_625' title='bbox 1147 2030 1212 2066; x_wconf 91' lang='lat' dir='ltr'>hac</span> <span class='ocrx_word' id='word_1_626' title='bbox 1237 2034 1275 2066; x_wconf 91' lang='lat' dir='ltr'>in</span> <span class='ocrx_word' id='word_1_627' title='bbox 1300 2046 1337 2067; x_wconf 88' lang='lat' dir='ltr'>re</span> <span class='ocrx_word' id='word_1_628' title='bbox 1356 2035 1533 2068; x_wconf 88' lang='lat' dir='ltr'>officiosus</span> <span class='ocrx_word' id='word_1_629' title='bbox 1552 2047 1631 2079; x_wconf 88' lang='lat' dir='ltr'>erga</span> <span class='ocrx_word' id='word_1_630' title='bbox 1651 2035 1744 2079; x_wconf 90' lang='lat' dir='ltr'>ipsos</span> <span class='ocrx_word' id='word_1_631' title='bbox 1761 2047 1850 2074; x_wconf 91' lang='lat' dir='ltr'>esse,</span> <span class='ocrx_word' id='word_1_632' title='bbox 1879 2048 1959 2069; x_wconf 88' lang='lat' dir='ltr'>cum</span> <span class='ocrx_word' id='word_1_633' title='bbox 1976 2048 2078 2070; x_wconf 89' lang='lat' dir='ltr'>man-</span> 
     </span>
     <span class='ocr_line' id='line_1_94' title="bbox 1089 2084 2079 2131; baseline 0.004 -15"><span class='ocrx_word' id='word_1_634' title='bbox 1089 2084 1149 2117; x_wconf 88' lang='lat' dir='ltr'>dat</span> <span class='ocrx_word' id='word_1_635' title='bbox 1171 2084 1347 2128; x_wconf 92' lang='lat' dir='ltr'>stipendia</span> <span class='ocrx_word' id='word_1_636' title='bbox 1373 2085 1489 2119; x_wconf 84' lang='lat' dir='ltr'>debita</span> <span class='ocrx_word' id='word_1_637' title='bbox 1514 2085 1765 2119; x_wconf 87' lang='lat' dir='ltr'>Sacerdotibus</span> <span class='ocrx_word' id='word_1_638' title='bbox 1791 2087 1957 2131; x_wconf 90' lang='lat' dir='ltr'>persolvi.</span> <span class='ocrx_word' id='word_1_639' title='bbox 2015 2087 2079 2120; x_wconf 85' lang='lat' dir='ltr'>Vi—</span> 
     </span>
     <span class='ocr_line' id='line_1_95' title="bbox 1088 2135 2078 2181; baseline 0.004 -14"><span class='ocrx_word' id='word_1_640' title='bbox 1088 2135 1203 2168; x_wconf 89' lang='lat' dir='ltr'>cissim</span> <span class='ocrx_word' id='word_1_641' title='bbox 1229 2143 1261 2169; x_wconf 90' lang='lat' dir='ltr'>et</span> <span class='ocrx_word' id='word_1_642' title='bbox 1278 2135 1486 2170; x_wconf 87' lang='lat' dir='ltr'>Sacerdotes</span> <span class='ocrx_word' id='word_1_643' title='bbox 1504 2137 1560 2170; x_wconf 89' lang='lat' dir='ltr'>sni</span> <span class='ocrx_word' id='word_1_644' title='bbox 1578 2137 1764 2170; x_wconf 87' lang='lat' dir='ltr'>ministerii</span> <span class='ocrx_word' id='word_1_645' title='bbox 1784 2138 1926 2181; x_wconf 88' lang='lat' dir='ltr'>propria</span> <span class='ocrx_word' id='word_1_646' title='bbox 1945 2137 2078 2171; x_wconf 90' lang='lat' dir='ltr'>intelli-</span> 
     </span>
     <span class='ocr_line' id='line_1_96' title="bbox 1087 2188 2078 2232; baseline 0.004 -14"><span class='ocrx_word' id='word_1_647' title='bbox 1087 2197 1167 2229; x_wconf 91' lang='lat' dir='ltr'>gere</span> <span class='ocrx_word' id='word_1_648' title='bbox 1190 2193 1223 2219; x_wconf 89' lang='lat' dir='ltr'>et</span> <span class='ocrx_word' id='word_1_649' title='bbox 1250 2188 1374 2232; x_wconf 86' lang='lat' dir='ltr'>exequi</span> <span class='ocrx_word' id='word_1_650' title='bbox 1399 2189 1594 2232; x_wconf 87' lang='lat' dir='ltr'>oportebat.</span> <span class='ocrx_word' id='word_1_651' title='bbox 1648 2189 1809 2221; x_wconf 90' lang='lat' dir='ltr'>Debebat</span> <span class='ocrx_word' id='word_1_652' title='bbox 1827 2188 1921 2220; x_wconf 89' lang='lat' dir='ltr'>enim</span> <span class='ocrx_word' id='word_1_653' title='bbox 1940 2189 2078 2228; x_wconf 88' lang='lat' dir='ltr'>docere,</span> 
     </span>
    </p>
   </div>
   <div class='ocr_carea' id='block_1_24' title="bbox 1084 2289 2075 2580">
    <p class='ocr_par' dir='ltr' id='par_1_27' title="bbox 1084 2289 2075 2580">
     <span class='ocr_line' id='line_1_97' title="bbox 1087 2289 2075 2335; baseline 0.004 -15"><span class='ocrx_word' id='word_1_654' title='bbox 1087 2294 1263 2328; x_wconf 89' lang='lat' dir='ltr'>catorum,</span> <span class='ocrx_word' id='word_1_655' title='bbox 1313 2291 1371 2324; x_wconf 88' lang='lat' dir='ltr'>sed</span> <span class='ocrx_word' id='word_1_656' title='bbox 1414 2289 1568 2324; x_wconf 85' lang='lat' dir='ltr'>Messiae</span> <span class='ocrx_word' id='word_1_657' title='bbox 1612 2289 1790 2323; x_wconf 90' lang='lat' dir='ltr'>victimam</span> <span class='ocrx_word' id='word_1_658' title='bbox 1831 2302 1950 2323; x_wconf 87' lang='lat' dir='ltr'>veram</span> <span class='ocrx_word' id='word_1_659' title='bbox 1991 2303 2075 2335; x_wconf 91' lang='lat' dir='ltr'>pro-</span> 
     </span>
     <span class='ocr_line' id='line_1_98' title="bbox 1085 2339 2073 2386; baseline 0.004 -15"><span class='ocrx_word' id='word_1_660' title='bbox 1085 2339 1307 2383; x_wconf 90' lang='lat' dir='ltr'>pitiationem</span> <span class='ocrx_word' id='word_1_661' title='bbox 1346 2348 1586 2386; x_wconf 90' lang='lat' dir='ltr'>peccatorum,</span> <span class='ocrx_word' id='word_1_662' title='bbox 1632 2348 1663 2374; x_wconf 90' lang='lat' dir='ltr'>et</span> <span class='ocrx_word' id='word_1_663' title='bbox 1701 2340 1774 2373; x_wconf 87' lang='lat' dir='ltr'>irae</span> <span class='ocrx_word' id='word_1_664' title='bbox 1813 2340 1877 2375; x_wconf 85' lang='lat' dir='ltr'>Dei</span> <span class='ocrx_word' id='word_1_665' title='bbox 1919 2342 2073 2376; x_wconf 87' lang='lat' dir='ltr'>futuram</span> 
     </span>
     <span class='ocr_line' id='line_1_99' title="bbox 1086 2389 2073 2436; baseline 0.004 -14"><span class='ocrx_word' id='word_1_666' title='bbox 1086 2401 1169 2426; x_wconf 88' lang='lat' dir='ltr'>esse.</span> <span class='ocrx_word' id='word_1_667' title='bbox 1227 2389 1274 2426; x_wconf 91' lang='lat' dir='ltr'>Et</span> <span class='ocrx_word' id='word_1_668' title='bbox 1299 2390 1396 2426; x_wconf 88' lang='lat' dir='ltr'>hunc</span> <span class='ocrx_word' id='word_1_669' title='bbox 1421 2404 1543 2425; x_wconf 91' lang='lat' dir='ltr'>verum</span> <span class='ocrx_word' id='word_1_670' title='bbox 1568 2391 1735 2425; x_wconf 90' lang='lat' dir='ltr'>Messiam</span> <span class='ocrx_word' id='word_1_671' title='bbox 1760 2391 1828 2425; x_wconf 91' lang='lat' dir='ltr'>iam</span> <span class='ocrx_word' id='word_1_672' title='bbox 1855 2399 2073 2436; x_wconf 86' lang='lat' dir='ltr'>praesentem</span> 
     </span>
     <span class='ocr_line' id='line_1_100' title="bbox 1086 2442 2074 2490; baseline 0.003 -16"><span class='ocrx_word' id='word_1_673' title='bbox 1086 2452 1179 2486; x_wconf 87' lang='lat' dir='ltr'>esse,</span> <span class='ocrx_word' id='word_1_674' title='bbox 1216 2449 1249 2476; x_wconf 89' lang='lat' dir='ltr'>et</span> <span class='ocrx_word' id='word_1_675' title='bbox 1269 2443 1306 2476; x_wconf 94' lang='lat' dir='ltr'>in</span> <span class='ocrx_word' id='word_1_676' title='bbox 1329 2443 1441 2477; x_wconf 91' lang='lat' dir='ltr'>oculis</span> <span class='ocrx_word' id='word_1_677' title='bbox 1462 2442 1620 2476; x_wconf 88' lang='lat' dir='ltr'>universi</span> <span class='ocrx_word' id='word_1_678' title='bbox 1646 2443 1770 2490; x_wconf 87' lang='lat' dir='ltr'>populi</span> <span class='ocrx_word' id='word_1_679' title='bbox 1792 2443 1939 2481; x_wconf 89' lang='lat' dir='ltr'>versari,</span> <span class='ocrx_word' id='word_1_680' title='bbox 1974 2444 2074 2477; x_wconf 87' lang='lat' dir='ltr'>vide-</span> 
     </span>
     <span class='ocr_line' id='line_1_101' title="bbox 1084 2543 2071 2580; baseline 0.003 -4"><span class='ocrx_word' id='word_1_681' title='bbox 1084 2544 1173 2577; x_wconf 88' lang='lat' dir='ltr'>culis</span> <span class='ocrx_word' id='word_1_682' title='bbox 1202 2556 1274 2579; x_wconf 85' lang='lat' dir='ltr'>sese</span> <span class='ocrx_word' id='word_1_683' title='bbox 1304 2546 1546 2579; x_wconf 86' lang='lat' dir='ltr'>ostendentem</span> <span class='ocrx_word' id='word_1_684' title='bbox 1572 2551 1635 2580; x_wconf 87' lang='lat' dir='ltr'>etc.</span> <span class='ocrx_word' id='word_1_685' title='bbox 1693 2543 1749 2578; x_wconf 86' lang='lat' dir='ltr'>Ad</span> <span class='ocrx_word' id='word_1_686' title='bbox 1775 2543 1869 2577; x_wconf 86' lang='lat' dir='ltr'>huuc</span> <span class='ocrx_word' id='word_1_687' title='bbox 1892 2545 2071 2579; x_wconf 87' lang='lat' dir='ltr'>doctorem</span> 
     </span>
    </p>
   </div>
   <div class='ocr_carea' id='block_1_25' title="bbox 1082 2646 2069 2744">
    <p class='ocr_par' dir='ltr' id='par_1_28' title="bbox 1082 2646 2069 2744">
     <span class='ocr_line' id='line_1_102' title="bbox 1083 2646 2068 2682; baseline 0.003 -3"><span class='ocrx_word' id='word_1_688' title='bbox 1083 2646 1149 2679; x_wconf 87' lang='lat' dir='ltr'>Hie</span> <span class='ocrx_word' id='word_1_689' title='bbox 1172 2655 1221 2682; x_wconf 88' lang='lat' dir='ltr'>est</span> <span class='ocrx_word' id='word_1_690' title='bbox 1244 2660 1335 2681; x_wconf 90' lang='lat' dir='ltr'>unus</span> <span class='ocrx_word' id='word_1_691' title='bbox 1358 2649 1417 2680; x_wconf 80' lang='lat' dir='ltr'>ille</span> <span class='ocrx_word' id='word_1_692' title='bbox 1440 2654 1602 2680; x_wconf 85' lang='lat' dir='ltr'>aeternus</span> <span class='ocrx_word' id='word_1_693' title='bbox 1620 2653 1653 2680; x_wconf 85' lang='lat' dir='ltr'>et</span> <span class='ocrx_word' id='word_1_694' title='bbox 1670 2659 1828 2680; x_wconf 89' lang='lat' dir='ltr'>summus</span> <span class='ocrx_word' id='word_1_695' title='bbox 1847 2646 2008 2682; x_wconf 78' lang='lat' dir='ltr'>Pontifex</span> <span class='ocrx_word' id='word_1_696' title='bbox 2028 2661 2068 2682; x_wconf 90' lang='lat' dir='ltr'>ac</span> 
     </span>
     <span class='ocr_line' id='line_1_103' title="bbox 1082 2696 2069 2744; baseline 0 -12"><span class='ocrx_word' id='word_1_697' title='bbox 1082 2700 1206 2733; x_wconf 86' lang='lat' dir='ltr'>doctor</span> <span class='ocrx_word' id='word_1_698' title='bbox 1224 2699 1419 2737; x_wconf 86' lang='lat' dir='ltr'>Ecclesiae,</span> <span class='ocrx_word' id='word_1_699' title='bbox 1448 2699 1507 2744; x_wconf 89' lang='lat' dir='ltr'>qui</span> <span class='ocrx_word' id='word_1_700' title='bbox 1527 2698 1624 2732; x_wconf 83' lang='lat' dir='ltr'>Adae</span> <span class='ocrx_word' id='word_1_701' title='bbox 1647 2706 1679 2732; x_wconf 91' lang='lat' dir='ltr'>et</span> <span class='ocrx_word' id='word_1_702' title='bbox 1698 2696 1792 2731; x_wconf 81' lang='lat' dir='ltr'>Evae</span> <span class='ocrx_word' id='word_1_703' title='bbox 1813 2696 1903 2732; x_wconf 88' lang='lat' dir='ltr'>hanc</span> <span class='ocrx_word' id='word_1_704' title='bbox 1919 2699 2069 2744; x_wconf 89' lang='lat' dir='ltr'>promis-</span> 
     </span>
    </p>
   </div>
  </div>
 </body>
</html>
