2409 2915
265 95 314 133 9⁵

273 231 372 270 licet,
405 223 708 261 Asseverationem
733 221 777 254 de
799 219 1034 264 providentia.

273 291 347 315 esse
375 278 490 312 Deum
520 273 733 318 sapientem,
766 283 944 311 veracem,
982 271 1134 311 iustum,
1163 268 1258 303 iudi-

273 342 347 365 cem
362 357 371 370 ,
397 326 576 361 liberrime
599 329 779 367 agentem,
807 322 994 355 colendum
1013 321 1107 355 iuxta
1125 319 1258 354 doctri-

272 391 356 415 nam
388 379 432 412 ab
462 377 538 420 ipso
569 374 752 414 traditam,
793 384 865 406 non
897 372 1016 412 aliter,
1052 371 1257 415 punientem

273 434 536 465 contemnentes
557 426 693 470 ipsum,
720 430 752 457 et
777 423 1038 457 misericordem
1061 434 1100 455 ac
1116 433 1260 455 servan-

272 489 343 516 tem
367 490 444 520 eos,
472 477 533 523 qui
555 477 670 521 ipsum
695 475 862 508 invocant
886 479 918 507 et
943 473 975 506 ei
1000 472 1144 506 obedire
1169 471 1260 505 inci-

271 533 386 577 piunt.
455 527 517 562 Est
547 527 654 571 igitur
677 525 904 569 praecipuum
931 535 1018 567 opus
1046 521 1152 557 huius
1174 521 1259 556 libri

273 577 522 630 ὃογματικὸν,
551 576 734 615 videlicet,
761 573 983 609 Asseveratio
1003 575 1047 607 de
1067 574 1260 618 providen-

273 633 321 668 tia
339 639 459 666 contra
471 627 681 673 Epicureas,
708 623 946 671 Pyrrhonias,
975 624 1110 659 Stoicas
1127 632 1160 658 et
1176 624 1261 657 alias

273 681 519 727 cogitationes,
568 688 657 723 quae
697 676 909 710 labefactant
947 675 1184 709 assensionem
1217 675 1260 708 de

273 730 508 778 providentia.

376 789 538 833 Suntque
561 797 739 831 expressae
762 785 1034 819 asseverationes
1056 785 1093 817 in
1110 782 1164 817 his
1183 795 1262 816 ver-

274 842 330 877 bis
355 841 469 885 capite
499 838 636 872 ultimo.
699 836 833 871 Cuncta
864 848 952 880 quae
983 843 1083 875 sunt,
1115 836 1263 868 adducet

273 892 370 927 Deus
393 891 430 924 in
450 889 641 930 iudicium,
669 885 802 921 Omnia
820 886 1025 920 abscondita
1045 885 1263 919 iudicaturus

275 950 344 984 est,
372 949 405 976 et
427 942 520 974 bona
545 946 577 973 et
595 939 696 972 mala.
754 937 841 972 Item
862 949 934 980 cap.
955 938 1027 970 11.:
1056 936 1151 970 Scito
1169 936 1263 980 quod

274 1006 339 1039 pro
370 992 537 1026 omnibus
568 988 623 1022 his
653 990 802 1022 adducet
834 995 867 1022 te
891 988 988 1021 Deus
1015 987 1052 1019 in
1080 987 1262 1020 iudicium.

275 1043 322 1079 Et
340 1056 413 1088 cap.
429 1043 478 1076 3.;
508 1040 642 1075 lustum
659 1047 692 1074 et
710 1039 858 1083 impium
879 1038 1048 1071 iudicabit
1064 1036 1169 1071 Deus.
1223 1035 1264 1070 In

275 1094 331 1129 his
355 1093 472 1127 verbis
494 1099 526 1126 et
551 1091 729 1125 similibus
751 1090 836 1123 scito
855 1089 1085 1134 principalem
1105 1088 1264 1133 proposi-

275 1147 409 1182 tionem
427 1144 533 1178 totius
550 1141 730 1176 concionis
746 1140 884 1174 recitari
904 1147 936 1174 et
953 1140 1075 1184 repeti.

379 1211 482 1245 Hanc
519 1207 809 1243 asseverationem
840 1206 1001 1252 sequitur
1031 1206 1192 1240 doctrina
1223 1206 1265 1238 de

277 1261 488 1298 obedientia.
540 1258 630 1293 Cum
646 1257 742 1292 Deus
766 1258 903 1291 dederit
928 1258 1039 1301 legem
1064 1265 1097 1291 et
1121 1256 1267 1289 addide-

277 1315 324 1349 rit
339 1311 647 1350 comminationes,
673 1309 808 1352 ingenti
826 1308 1066 1341 misericordia
1083 1308 1187 1340 etiam
1205 1319 1266 1339 vo-

277 1377 351 1400 cem
368 1361 551 1405 Evangelii
576 1362 618 1394 de
644 1359 952 1399 reconciliatione,
980 1366 1011 1392 et
1034 1357 1267 1402 amplissimas

279 1414 532 1461 promissiones
548 1411 710 1451 ediderit,
738 1417 771 1443 et
787 1417 881 1443 certo
901 1410 1023 1453 puniat
1039 1416 1268 1443 contemnen-

278 1475 330 1501 tes
355 1466 490 1511 ipsum,
518 1462 662 1506 recipiat
685 1473 766 1495 vero
787 1468 818 1494 et
836 1468 947 1494 servet
968 1460 1208 1503 confugientes
1225 1459 1266 1491 ad

280 1517 412 1552 Filium
432 1514 686 1552 Mediatorem,
713 1523 851 1545 neccsse
875 1518 924 1545 est
951 1512 980 1544 ei
1006 1511 1149 1544 obedire
1173 1511 1268 1543 iuxta

281 1581 380 1602 suam
405 1566 624 1605 doctrinam,
651 1564 696 1597 sit
721 1563 757 1596 in
783 1563 949 1596 cordibus
966 1562 1093 1596 Timor
1108 1568 1269 1595 metuens

281 1621 357 1653 eius
382 1617 551 1651 iudicium
564 1642 572 1656 ‚
600 1616 645 1648 sit
665 1614 750 1647 fides
768 1614 990 1658 acquiescens
1007 1614 1042 1645 in
1060 1612 1270 1651 Mediator-2,

282 1677 314 1704 et
336 1675 491 1703 statuens
515 1673 546 1699 te
567 1664 694 1707 recipi,
722 1663 898 1703 exaudiri,
926 1664 1058 1701 iuvari,
1084 1663 1219 1706 protegi
1238 1670 1270 1696 et

280 1719 430 1759 servari,
469 1724 502 1750 et
533 1716 717 1749 frenentur
744 1715 902 1747 membra
937 1725 979 1747 ne
1012 1721 1117 1747 ruant
1148 1720 1270 1746 contra

282 1772 445 1806 mandata
465 1767 543 1801 Dei.

386 1829 436 1862 lta
462 1826 621 1859 doctrina
645 1825 854 1858 transfertur
880 1825 921 1856 ad
943 1836 1066 1863 usum,
1092 1835 1170 1856 cum
1186 1823 1271 1856 obe-

284 1880 415 1915 dientia
446 1877 605 1921 sequitur
635 1875 870 1908 assensionem
895 1876 937 1907 de
962 1874 1202 1918 providentia,
1238 1880 1267 1905 et

285 1934 321 1966 in
347 1932 405 1964 illa
430 1927 630 1961 obedientia
656 1927 761 1959 corda
787 1932 1028 1959 sustentantur
1050 1925 1170 1957 dix-ina
1187 1935 1271 1957 con-

285 1982 473 2019 solatione,
508 1986 539 2011 et
570 1978 767 2010 liberantur
791 1989 808 2008 a
834 1983 945 2010 morte
969 1983 1126 2014 aeterna,
1162 1982 1194 2009 et
1218 1975 1271 2007 in-

286 2041 407 2068 coatur
437 2029 594 2064 coelestis
624 2028 712 2068 vita,
748 2039 854 2072 quam
876 2027 1039 2060 ultimam
1066 2034 1192 2059 metam
1218 2026 1272 2058 in-

287 2085 374 2118 tueri
394 2094 456 2116 nos
474 2091 609 2114 necesse
626 2086 684 2112 est.

387 2150 454 2185 Sed
493 2147 741 2182 asseverationi
776 2147 818 2179 de
850 2146 1071 2193 providentia
1107 2145 1273 2177 videntur

287 2202 462 2236 adversari
488 2200 617 2233 multae
644 2197 867 2230 confusiones
893 2197 927 2229 iu
952 2197 1030 2229 vita.
1087 2194 1201 2229 Iustus
1220 2195 1273 2228 iu-

288 2257 351 2288 dex
370 2265 447 2286 cum
475 2257 604 2294 potest,
639 2248 793 2281 defendit
819 2248 945 2285 iustos,
981 2255 1013 2281 et
1037 2247 1198 2291 reprimit
1222 2247 1272 2279 sa-

288 2313 405 2339 cturns
438 2303 583 2338 iniusta,
628 2307 659 2333 et
690 2312 747 2332 eos
781 2300 839 2343 qui
873 2299 1119 2342 deliquerunt,
1161 2298 1273 2341 punit.

290 2357 333 2390 ΑΙ
359 2357 393 2388 in
420 2365 545 2396 genere
570 2350 724 2384 lunnano
751 2351 945 2395 plerunque
971 2350 1050 2383 iusti
1078 2350 1187 2382 iacent
1212 2361 1275 2392 op-

290 2407 396 2451 pressi
423 2403 557 2448 magnis
580 2402 766 2435 aerumnis.
821 2402 936 2443 Quam
964 2402 1072 2435 multa
1092 2400 1201 2433 millia
1221 2400 1273 2432 in-

290 2465 477 2490 nocentum
521 2454 718 2491 infantum,
770 2451 978 2495 Virginum,
1033 2458 1274 2485 matronarum

291 2509 447 2552 quotidie
471 2507 505 2538 iu
531 2505 646 2542 bellis,
684 2503 873 2541 incendiis,
910 2511 940 2536 et
966 2503 1042 2536 aliis
1068 2502 1275 2536 calamitati-

290 2561 354 2592 bus
387 2565 540 2602 pereunt.
605 2554 739 2589 lnterea
770 2554 925 2587 scelerati
962 2567 1030 2586 nou
1062 2555 1176 2586 solum
1203 2566 1274 2586 non

292 2611 548 2653 reprimuntur,
574 2608 628 2640 sed
656 2606 758 2639 etiam
786 2605 909 2638 florent
931 2613 960 2638 et
983 2603 1107 2638 liabent
1130 2605 1274 2649 imperia

290 2670 320 2695 et
341 2673 422 2704 opes

862 81 987 117 enm.
1015 54 1133 118 MEL.
1159 79 1369 117 scmPTA
1396 78 1696 116 EXEGETICA.

272 180 330 214 cui
348 177 473 213 titulus
491 181 541 209 est
557 171 800 209 Ecclesiastes‚
827 179 901 203 esse
916 168 1134 209 doctrinam,
1159 167 1257 201 vide·
1283 171 1286 211 ξ

1093 217 1258 253 Affirmat
1283 219 1285 232 ¹
1309 222 1376 250 test
1395 216 1468 260 regi
1485 216 1556 250 vita
1573 228 1592 249 a
1608 216 1693 251 Deo.

2243 78 2293 114 96

1414 164 1514 199 Talis
1537 177 1616 200 cum
1637 165 1682 200 sit
1699 165 1878 204 confusio,
1905 165 2084 210 quomodo
2102 164 2216 198 videri
2230 175 2295 208 po-

1747 214 1852 250 Extat
1869 213 1953 249 baec
1968 215 2110 260 querela
2126 216 2164 249 in
2182 215 2296 260 pluri-

1309 278 1449 300 morum
1472 267 1631 311 scriptis,
1657 275 1697 301 ut
1719 273 1841 300 notum
1865 274 1926 301 est.
1977 263 2026 299 Et
2041 277 2146 299 nemo
2162 273 2215 300 est
2230 264 2296 300 ho-

1309 318 1466 361 minum,
1493 317 1554 363 qui
1572 329 1646 351 non
1660 314 1725 351 hac
1741 317 1982 362 disputatione
1999 316 2227 352 excrucietur.

1411 384 1594 419 Praeterea
1611 385 1779 418 videntur
1792 382 1957 418 homines
1974 384 2058 419 boni
2074 391 2109 418 et
2123 383 2208 417 mali
2222 383 2297 417 for-

1310 435 1409 470 tuitis
1433 436 1570 469 casibus
1589 436 1702 480 perire
1714 463 1723 477 ‚
1751 435 1840 470 sicut
1857 436 2111 470 conculcantur
2129 435 2244 469 violae
2259 434 2298 467 in

1310 494 1423 527 terra,
1450 493 1510 521 aut
1533 487 1629 521 venti
1653 487 1758 521 flores
1781 492 1814 520 et
1839 498 1942 531 poma
1968 486 2152 521 decutiunt
2175 486 2218 520 ab
2241 496 2298 519 ar-

1310 538 1468 573 boribus.

1414 595 1524 641 Saepe
1546 597 1650 631 etiam
1676 596 1874 641 sapientum
1900 604 1932 630 et
1956 596 2130 630 iustorum
2153 602 2300 631 conatus

1313 647 1403 681 irriti
1428 654 1527 689 sunt,
1559 655 1592 682 et
1614 647 1763 681 vincunt
1785 647 1880 680 mali.
1933 644 2019 680 Erat
2043 658 2124 680 vera
2145 645 2300 680 Ecclesia

1313 699 1350 731 in
1382 698 1514 742 populo
1541 697 1770 739 ludaeorum,
1803 710 1883 731 cum
1907 696 2191 742 Nabogdonosor
2219 697 2302 731 fecit
2353 699 2357 703 ”

1314 749 1508 782 vastitatem
1543 749 1580 782 in
1611 756 1683 783 tota
1710 748 1836 783 Iudaea
1867 748 1993 783 deletis
2017 747 2244 794 lerosolymis
2268 754 2303 782 et

1315 800 1392 833 aliis
1428 800 1590 834 urbibus.
1664 799 1741 833 Hoc
1772 799 2010 844 spectaculum
2043 805 2129 834 tunc
2160 810 2302 844 quoque

1315 851 1446 884 multos
1471 851 1601 891 movit,
1635 859 1673 884 ut
1704 850 1943 885 existimarent
1966 861 2043 884 eam
2065 856 2204 895 gentem
2229 861 2303 884 non

1316 913 1388 935 esse
1406 913 1508 935 curae
1525 901 1614 935 Deo.

1419 959 1495 994 Etsi
1513 967 1627 994 autem
1642 960 1753 993 multa
1770 967 1851 994 sunt
1868 960 2070 994 testimonia
2087 960 2305 1005 praesentiae

1317 1010 1383 1045 Dei
1404 1012 1439 1044 in
1461 1018 1605 1051 natura,
1634 1017 1668 1044 et
1686 1011 1725 1043 in
1742 1011 2008 1045 conservatione
2024 1011 2162 1055 generis
2179 1009 2304 1046 buma-

1316 1062 1375 1103 ni,
1402 1069 1442 1096 ut
1465 1062 1553 1095 ordo
1579 1067 1740 1095 motuum
1762 1062 1986 1103 coelestium,
2013 1062 2166 1096 noticiae
2191 1069 2306 1096 certae

1319 1114 1355 1146 in
1380 1119 1516 1153 mente,
1552 1112 1772 1145 conservatio
1796 1112 2012 1156 specierum,
2047 1125 2180 1157 poenae
2203 1124 2306 1157 regu-

1317 1164 1407 1197 lares
1426 1163 1597 1197 atrocium
1616 1163 1785 1196 scelerum
1798 1189 1807 1203 ‚
1835 1171 1952 1197 tamen
1969 1161 2136 1208 Epicurei
2155 1164 2307 1198 difficul-

1318 1222 1372 1249 ter
1404 1214 1549 1248 refutari
1581 1220 1746 1258 possunt,
1780 1225 1859 1247 cum
1892 1221 2013 1248 contra
2045 1214 2306 1258 providentiam

1319 1264 1403 1300 haec
1421 1265 1615 1310 spectacula
1634 1265 1884 1298 confusionum
1903 1264 2086 1308 colligunt.

1421 1333 1489 1367 Sed
1506 1332 1677 1367 Salomon
1694 1330 1751 1367 hic
1767 1333 1917 1377 opponit
1932 1333 2178 1378 responsiones
2193 1334 2310 1368 firmas

1320 1391 1352 1418 et
1371 1395 1490 1425 veras,
1520 1396 1608 1429 quae
1630 1396 1703 1417 non
1722 1391 1917 1417 nascuntur
1931 1384 1968 1417 in
1987 1381 2143 1418 humana
2159 1386 2311 1426 ratione,

1321 1436 1380 1469 sed
1411 1442 1494 1469 sunt
1525 1447 1590 1467 vox
1617 1435 1687 1468 Dei
1719 1436 1762 1468 de
1786 1441 1936 1468 venturo
1960 1434 2093 1469 iudicio
2118 1443 2196 1480 post
2221 1433 2312 1470 banc

1321 1487 1441 1521 vitam.
1495 1483 1546 1519 Ac
1565 1485 1719 1529 primum
1737 1486 1804 1525 ait,
1832 1486 1869 1518 in
1887 1483 1953 1519 hac
1970 1486 2042 1520 vita
2061 1499 2202 1532 qnoque
2220 1487 2313 1521 mul-

1321 1544 1437 1571 torum
1461 1536 1590 1569 scelera
1615 1536 1754 1580 puniri,
1788 1543 1827 1570 ut
1850 1548 1923 1581 cap.
1941 1537 1975 1571 8.
2000 1537 2103 1571 dicit:
2137 1535 2218 1571 Non
2242 1538 2312 1571 sal-

1322 1588 1417 1622 vabit
1435 1587 1596 1631 impietas
1612 1587 1773 1631 impium,
1804 1599 1867 1620 nec
1885 1587 1950 1620 erit
1967 1587 1997 1620 ei
2016 1588 2133 1621 evasio
2151 1588 2187 1621 in
2204 1589 2312 1622 bello.

1425 1655 1561 1689 Deinde
1599 1655 1727 1687 fatetur
1761 1654 2018 1699 aliquantisper
2051 1655 2187 1689 differri
2221 1656 2315 1690 iudi-

1323 1707 1436 1745 cium,
1471 1712 1503 1737 et
1529 1705 1689 1749 queritur
1716 1701 1779 1737 hac
1805 1706 1967 1749 quamvis
1990 1706 2089 1739 brevi
2117 1718 2234 1747 mora,
2261 1713 2315 1741 ta-

1325 1768 1406 1789 men
1431 1755 1631 1788 confirmari
1657 1754 1839 1788 audaciam
1858 1755 2120 1789 sceleratorum.
2173 1756 2242 1791 Sed
2262 1764 2314 1791 ta-

1324 1819 1405 1840 men
1443 1805 1591 1850 opponit
1631 1805 1885 1840 aeternitatem.
1961 1804 2057 1839 Haec
2096 1807 2166 1840 vita
2197 1808 2314 1841 brevis

1326 1858 1449 1891 umbra
1480 1863 1540 1890 est.
1595 1854 1665 1888 Nec
1694 1867 1826 1899 poenae
1857 1856 1894 1888 in
1927 1853 1992 1890 bac
2022 1857 2092 1890 vita
2124 1858 2315 1893 diuturnae

1325 1915 1425 1947 sunt,
1455 1919 1516 1939 nec
1532 1906 1680 1939 laeticia.
1737 1905 1805 1940 Sed
1821 1913 1960 1940 aeterna
1977 1907 2068 1941 bona
2086 1915 2117 1941 et
2134 1909 2224 1942 mala
2243 1922 2315 1944 non

1324 1966 1407 1992 sunt
1437 1959 1574 1999 fugaces
1600 1957 1758 1992 umbrae.
1828 1956 1930 1991 Hanc
1951 1959 2193 1994 aeternitatem
2219 1961 2315 1995 iubet

1325 2021 1447 2043 omnes
1473 2008 1623 2048 intueri,
1657 2015 1689 2041 et
1715 2020 1853 2047 cavere,
1891 2021 1934 2042 ne
1960 2010 2117 2044 incidant
2143 2012 2179 2044 in
2205 2019 2316 2045 aeter-

1326 2073 1406 2094 nam
1427 2059 1491 2093 Dei
1517 2059 1622 2099 iram,
1650 2066 1683 2093 et
1707 2056 1905 2093 horrendus
1929 2061 2103 2095 cruciatus
2132 2075 2314 2108 nunquam

1326 2111 1519 2148 desituros,
1548 2117 1580 2144 et
1598 2117 1732 2154 petere,
1760 2118 1791 2143 et
1809 2118 1990 2155 expectare
2009 2119 2148 2146 aeterna
2167 2114 2272 2150 bona.

1430 2177 1469 2211 ln
1486 2175 1548 2210 hac
1565 2178 1795 2221 responsione
1811 2179 1894 2211 fides
1912 2179 1945 2211 in
1960 2182 2139 2214 conversis
2150 2183 2192 2215 ad
2204 2180 2316 2217 Deum

1327 2229 1536 2275 acquiescit,
1563 2229 1649 2270 sugit
1676 2236 1851 2262 aeternam
1871 2228 1937 2263 Dei
1965 2231 2070 2271 iram,
2102 2232 2184 2275 petit
2210 2239 2241 2266 et
2258 2245 2316 2266 ex-

1329 2288 1440 2325 pectat
1464 2287 1641 2313 aeternam
1668 2280 1833 2317 salutem,
1863 2281 2011 2325 ideoque
2036 2281 2110 2315 Deo
2135 2284 2319 2328 obtempe-

1329 2339 1396 2370 rat,
1425 2339 1455 2364 et
1480 2338 1647 2364 sustentat
1674 2343 1708 2363 se
1733 2331 1912 2373 agnitione
1937 2335 2153 2375 praesentiae
2173 2333 2257 2373 Dei,
2285 2343 2316 2370 et

1328 2383 1448 2416 auxilii
1471 2382 1583 2415 divini
1606 2382 1640 2414 in
1662 2382 1904 2425 praesentibus
1921 2386 2110 2418 aerumnis.
2163 2386 2235 2420 Scit
2255 2398 2317 2419 au—

1329 2442 1396 2467 tem
1425 2435 1526 2466 etiam
1549 2432 1720 2472 Ecclesia,
1749 2445 1857 2477 quare
1884 2433 1918 2466 iu
1945 2431 2006 2466 liar
2027 2435 2095 2468 xita
2115 2445 2258 2471 oiierata
2274 2439 2318 2472 sit

1329 2493 1423 2519 tauta
1442 2484 1533 2517 mole
1552 2484 1785 2517 miseriarum.

1432 2551 1505 2586 Etsi
1538 2551 1646 2594 igitur
1670 2548 1846 2594 Epicurus
1880 2552 2007 2586 rideret
2037 2553 2239 2589 Salomonis
2265 2569 2318 2590 rc·-

1329 2605 1576 2646 sponsionem,
1606 2610 1720 2635 tamen
1747 2603 1800 2646 pia
1828 2616 1926 2637 ruens
1950 2606 2138 2639 assentitur
2161 2616 2191 2641 et
2209 2610 2318 2643 credit

1331 2654 1405 2688 Deo
1423 2654 1632 2688 asseveranti
1651 2655 1694 2686 de
1709 2654 1827 2686 futuru
1852 2654 1992 2690 iudicio,
