2409 2915
282 80 355 116 499

874 71 1000 106 PHlL.
1027 69 1144 108 MEL.
1169 67 1378 107 SCRIPTA
1405 66 1704 106 EXEGETch.

2233 73 2310 111 500

285 176 359 200 esse
383 167 559 208 oporteat,
585 165 619 193 et
637 168 727 204 quae
749 156 862 191 tacere
879 162 914 191 et
933 156 1096 191 omittere
1110 156 1272 197 debeant,
1295 158 1299 219 1
1323 153 1559 197 surrectione,
1589 160 1622 189 et
1646 154 1712 188 erit
1735 160 1895 194 aeterna,
1922 154 2013 189 sicut
2034 154 2182 191 dicitur:
2208 156 2309 193 Dabo

287 222 321 249 et
345 215 431 247 iram
454 210 521 246 Dei
543 221 582 244 ac
604 219 733 254 poenas
754 214 954 253 praesentes
974 213 1009 241 et
1031 214 1188 241 aeternas
1210 210 1272 241 de-

289 263 462 298 nuncians
486 260 548 302 iis,
581 259 644 306 qui
668 270 743 292 non
766 264 946 303 praestant
975 257 1162 302 perfectam
1189 259 1272 291 obe—

288 312 468 348 dientiam.

1297 222 1302 364 *ι

1323 205 1435 249 legem
1460 217 1573 240 meam
1597 206 1636 239 in
1660 205 1765 239 corda
1787 217 1929 244 eorum,
1955 205 2020 239 ubi
2035 206 2164 240 diserte
2179 208 2311 243 dictum

1325 262 1394 296 est,
1419 267 1552 297 meam,
1577 262 1618 289 ut
1632 256 1783 290 sciamus
1798 267 1927 290 novam
1944 262 1978 289 et
2000 263 2176 290 aeternam
2195 258 2314 300 vitam,

1326 317 1406 340 vere
1425 317 1498 339 esse
1514 306 1733 350 sapientiam,
1750 307 1936 347 iusticiam,
1959 306 2210 348 obedientiam,
2230 319 2317 341 con-

393 368 471 405 E253
495 373 612 402 autem
638 365 735 402 Deus
757 373 809 401 est
831 378 937 410 agens
954 366 1174 401 liberrimum
1186 391 1195 407 ‚
1223 373 1275 400 [a-
1326 363 1508 401 gruentem
1524 357 1567 390 ad
1585 356 1695 400 ipsam
1712 357 1822 400 legem
1840 364 2025 392 sonantem
2039 358 2076 391 in
2092 364 2211 392 monte
2221 356 2317 392 Sina.

293 434 375 456 men
402 427 442 455 ut
474 418 560 453 haec
594 417 788 463 propositio
816 425 954 451 aeterna
982 424 1016 452 et
1042 417 1186 451 immota
1213 423 1276 457 est,

291 471 387 507 Deus
403 477 455 505 est
469 469 626 514 sapiens,
651 469 780 509 iustus,
806 468 941 507 bonus,
969 468 1015 501 ita
1033 465 1098 502 hae
1114 467 1277 513 proposi-

294 523 407 558 tiones
424 527 506 556 sunt
520 527 681 554 aeternae
704 525 737 552 et
758 519 941 560 immotae,
966 517 1062 553 Deus
1086 519 1161 553 vult
1177 519 1278 559 iusta,

295 573 371 608 Deo
395 573 544 606 debetur
566 569 778 603 obedientia.
814 568 886 602 Nec
908 569 1142 613 imaginemur
1167 570 1278 613 legem

295 622 362 658 Dei
380 622 546 655 moralem
565 619 735 665 quiddam
758 620 929 653 mutabile
945 632 1035 661 esse,
1061 621 1156 665 quod
1173 621 1280 653 abro—

296 673 371 718 gari
399 684 438 706 ac
460 670 570 704 deleri
594 669 723 715 possit,
754 670 845 704 sicut
869 671 988 704 tabula
1013 671 1125 704 adfixa
1156 669 1281 715 parieti

296 723 451 758 amoveri
468 727 598 766 potest,
626 727 685 755 aut
701 721 790 754 sicut
811 720 865 754 lex
883 720 1054 765 Spartana
1074 722 1116 754 de
1133 733 1280 754 nummo

297 785 405 808 aeneo
419 772 549 806 mutari
567 771 694 816 potuit.
737 770 859 805 Manet
878 771 914 804 in
931 771 1006 806 Deo
1023 771 1164 811 noticia,
1192 783 1282 816 qnae

297 831 347 858 est
371 823 490 867 regula
520 822 610 856 iuste
638 822 799 855 faciendi.
861 821 981 855 Manet
1005 822 1168 855 voluntas
1192 834 1284 863 vere,

298 887 370 909 non
387 873 550 907 simulate
566 872 688 906 volens
710 873 818 911 iusta,
845 879 879 905 et
897 884 998 911 vere,
1023 884 1097 905 non
1120 872 1284 905 simulate

298 925 461 959 reiiciens
478 923 628 963 iniusta,
653 923 741 955 sicut
765 920 893 956 Psalm.
916 921 1049 966 inquit:
1084 921 1164 955 Non
1186 921 1284 956 Deus

300 976 424 1009 volens
448 973 664 1017 impietatem
687 979 725 1005 tu
745 983 790 1005 eS.
851 971 896 1005 Et
920 969 1045 1005 haruin
1070 973 1284 1006 noticiarum

300 1026 502 1060 divinarum
520 1023 651 1056 similes
666 1022 854 1066 impressae
871 1029 952 1056 sunt
970 1020 1144 1056 humanae
1162 1023 1284 1062 menti,

300 1088 388 1122 quae
404 1086 540 1119 semper
554 1080 697 1106 manent
713 1080 746 1107 et
762 1073 919 1107 iudicant
933 1074 1033 1109 facta.
1086 1073 1206 1116 Quare
1223 1075 1286 1107 ab·

300 1126 434 1170 rogatio
461 1125 545 1168 legis
570 1136 643 1158 non
666 1124 816 1167 fingatur
838 1123 937 1164 talis,
963 1124 1062 1169 quasi
1081 1136 1176 1158 nunc
1189 1124 1286 1158 Deus

301 1189 373 1211 non
390 1176 560 1210 irascatur
576 1174 691 1208 ruenti
709 1181 829 1208 contra
854 1175 963 1218 legem
981 1175 1170 1217 moralem,
1197 1175 1287 1210 sicut

300 1239 373 1262 non
390 1226 552 1261 irascitur
568 1225 685 1259 edenti
701 1237 840 1258 carnem
859 1226 1012 1262 suillam.

403 1292 473 1327 Sed
497 1293 590 1326 dicat
609 1291 754 1337 aliquis:
783 1290 822 1326 Si
839 1291 894 1325 lex
910 1292 1054 1325 moralis
1074 1299 1123 1326 est
1146 1299 1287 1326 aeterna

302 1350 335 1377 et
350 1343 495 1377 immota
511 1342 695 1383 sententia,
719 1348 904 1387 sequetur,
931 1355 1004 1376 non
1021 1354 1093 1375 esse
1107 1343 1286 1375 remissio-

301 1405 382 1428 nem
414 1400 648 1438 peccatorum.
707 1390 938 1436 Respondeo:
971 1391 1062 1426 Cum
1086 1392 1204 1426 omnis
1233 1393 1287 1425 lex

301 1444 434 1488 obliget
457 1445 500 1477 ad
523 1442 780 1482 obedientiam,
807 1442 861 1475 vel
878 1443 920 1475 ad
947 1454 1113 1486 poenam,
1140 1455 1203 1476 nec
1223 1454 1288 1476 nos

302 1495 389 1539 lapsi
423 1494 492 1527 nisi
527 1494 702 1537 persoluta
739 1505 851 1536 poena
882 1493 1017 1526 restitui
1048 1500 1286 1537 potueramus.

301 1544 366 1580 Est
381 1554 496 1579 autem
510 1555 622 1588 poena
640 1543 795 1576 derivata
813 1543 848 1575 in
867 1542 997 1577 Filium
1016 1543 1094 1584 Dei,
1118 1557 1181 1577 nec
1198 1544 1288 1577 reci-

301 1596 353 1641 pit
367 1595 461 1630 Deus
474 1595 589 1638 lapsos
608 1593 677 1627 nisi
695 1600 836 1637 propter
852 1592 1002 1635 Filium,
1031 1606 1093 1627 nec
1116 1595 1288 1638 approbat

301 1653 480 1692 peccatum
498 1644 632 1678 etiamsi
649 1644 828 1678 credentes
845 1643 980 1688 recipit,
1006 1646 1065 1678 sed
1084 1645 1169 1677 iram
1187 1656 1286 1678 suam

301 1698 467 1731 adversus
486 1701 665 1742 peccatum
690 1695 865 1739 ingentem
885 1695 1073 1729 declaravit
1093 1695 1128 1728 in
1155 1696 1287 1739 passio·
1312 1717 1313 1723 η

301 1760 346 1782 ne
366 1748 461 1781 Filii.
512 1745 601 1782 Cum
631 1745 738 1789 igitur
760 1747 804 1779 de
834 1745 1038 1779 remissione
1063 1754 1286 1794 peccatorum

301 1799 513 1842 cogitamus,
539 1798 607 1831 fide
629 1797 830 1830 intueamur
845 1795 976 1830 Filium
1003 1809 1065 1842 pro
1085 1798 1188 1831 nobis
1207 1810 1286 1831 cru-
1311 1834 1313 1841 Ι

302 1850 461 1889 εἱῆχυῐη,
499 1855 535 1882 ut
558 1848 772 1893 persolveret
800 1859 967 1891 poenam,
1001 1855 1034 1881 et
1058 1859 1286 1891 agnoscamus
1311 1850 1313 1861 '¹

301 1898 414 1933 Deum
430 1911 511 1932 vere
528 1905 561 1932 et
583 1895 802 1931 horribiliter
827 1898 926 1930 irasci
954 1905 1111 1941 peccato,
1139 1911 1202 1932 nos
1223 1911 1285 1932 au-
1310 1939 1313 1945 ¹

302 1957 370 1984 tem
389 1955 532 1994 propter
548 1947 680 1981 Filium
699 1947 862 1991 recipere.

405 2016 488 2051 Ideo
512 2016 596 2049 dicit
623 2012 805 2055 Christus,
831 2026 866 2047 se
892 2014 1039 2058 implere
1065 2016 1187 2058 legem.

301 2068 432 2102 Paulus
451 2067 583 2113 inquit:
613 2065 712 2099 Finis
729 2066 812 2109 legis
831 2072 879 2098 est
897 2063 1072 2107 Christus,
1099 2067 1133 2099 id
1151 2074 1212 2103 est.
1232 2067 1285 2100 lex

302 2119 504 2153 testificatur
527 2118 570 2150 de
595 2115 753 2157 Christo,
787 2123 825 2149 ut
850 2116 1010 2149 victimae
1032 2129 1153 2150 omnes
1177 2118 1285 2161 signi-

302 2171 442 2203 ficantes
459 2166 639 2202 Christum
651 2194 660 2209 ‚
687 2168 876 2200 admonent
892 2173 1079 2200 venturum
1096 2167 1200 2201 fuisse
1217 2169 1286 2202 do-

302 2221 457 2259 minum,
484 2219 543 2265 qui
570 2219 663 2251 solus
688 2218 848 2261 impleret
872 2217 999 2259 legem,
1026 2218 1145 2261 implet
1169 2226 1284 2252 autem

301 2271 499 2314 tripliciter.
554 2269 712 2302 Primum
735 2268 939 2302 sustinendo
959 2279 1106 2311 poenam
1131 2281 1194 2312 pro
1220 2283 1284 2303 no-

303 2322 374 2359 his.
402 2333 479 2354 cum
499 2321 570 2364 ipse
588 2320 690 2354 suerit
707 2320 781 2352 sine
801 2326 957 2362 peccato,
985 2325 1017 2352 et
1043 2316 1204 2354 hahuerit
1230 2321 1285 2353 in—

303 2380 432 2415 tegram
461 2371 715 2411 obedientiam,
747 2377 779 2404 ct
803 2377 918 2404 tamen
952 2381 1016 2414 pro
1042 2370 1145 2403 nobis
1175 2371 1284 2405 sactus

299 2425 341 2457 sit
357 2423 509 2457 victima.

402 2483 566 2515 Secundo
583 2481 740 2514 effective
756 2481 893 2523 implet.
923 2480 1003 2525 quia
1022 2480 1095 2528 ipse
1113 2481 1282 2516 instaurat

302 2531 491 2566 humanam
518 2539 697 2570 naturam,
732 2539 762 2565 et
784 2533 841 2564 dat
867 2532 1040 2575 Spiritum
1066 2539 1223 2565 sanctum
1250 2541 1282 2567 ct

303 2585 407 2616 vitam
426 2592 621 2624 aeternam,
649 2590 685 2616 ut
706 2595 824 2616 rursus
843 2583 877 2614 in
898 2580 1041 2615 homine
1057 2583 1177 2616 existat
1201 2595 1280 2618 vera

299 2635 515 2673 obedientia,
541 2646 629 2679 qnae
648 2631 703 2667 hic
722 2634 900 2673 incoatur,
927 2641 957 2667 ct
976 2633 1152 2678 perficitur
1168 2634 1202 2666 in
1225 2647 1278 2667 rc-

1311 1888 1313 1912 l

1240 1987 1313 2050 Et}

1429 414 1470 451 C.
1491 414 1602 459 igitur
1628 414 1778 456 dicitur,
1810 413 1992 449 Christum
2020 415 2168 461 implere
2194 416 2320 460 legem,

1329 465 1435 500 etiam
1454 463 1511 499 hic
1532 465 1661 510 gradus
1682 463 2036 509 comprehendendus
2059 473 2122 507 est,
2150 468 2247 512 quod
2265 466 2320 500 vi-

1330 517 1456 551 delicet
1471 515 1596 550 efficiat
1610 516 1692 549 dato
1712 515 1847 560 Spiritu
1865 524 2003 557 sancto,
2029 524 2068 551 ut
2085 517 2122 550 in
2138 518 2241 552 nobis
2259 529 2321 551 ve-

1331 580 1382 608 ra,
1409 567 1556 610 integra,
1583 573 1617 601 et
1634 574 1775 600 aeterna
1792 567 1995 602 obedientia
2014 568 2234 603 restituatur.
2273 566 2322 603 Et

1331 618 1414 663 quia
1431 618 1516 652 dicit
1533 617 1644 661 legem
1662 629 1785 658 meam,
1802 617 1885 651 satis
1901 618 2052 661 intelligi
2070 625 2193 663 potest,
2209 619 2321 662 legem

1332 668 1503 702 moralem
1520 679 1592 702 esse
1616 675 1794 702 aeternam
1811 669 2019 702 sententiam
2037 668 2076 702 in
2097 675 2214 703 mente
2228 669 2322 702 divi-

1333 731 1398 759 na,
1427 718 1510 764 quia
1533 719 1609 752 vult
1631 731 1707 752 eam
1735 719 1916 753 restituere
1935 719 1972 752 in
1997 716 2183 753 hominum
2205 719 2321 753 cordi-

1334 770 1412 803 bus.
1462 768 1543 802 Non
1564 776 1614 803 est
1639 770 1747 813 igitur
1772 770 1922 810 abolita,
1948 769 2039 804 sicut
2065 769 2232 804 abiicitur
2255 769 2323 804 Ca-

1335 819 1534 853 lendarium
1561 821 1739 864 praeteriti
1764 820 1867 862 anni,
1901 827 1940 854 ut
1965 820 2076 867 aliqui
2108 820 2241 855 insulse
2267 820 2323 854 lo·

1335 877 1506 916 quuntur.

1438 928 1563 963 Tertio
1591 929 1714 974 implet
1746 931 1854 974 legem
1879 928 2042 965 Christus
2074 931 2253 971 docendo,
2287 928 2323 963 id

1337 986 1406 1020 est,
1432 986 1580 1014 testatur
1595 991 1630 1013 se
1648 993 1723 1013 eam
1742 993 1814 1014 non
1831 981 1972 1014 abolere
1990 994 2034 1015 ne
2051 982 2107 1014 fiat
2119 1006 2128 1019 ,
2156 981 2216 1014 sed
2240 991 2325 1024 pro·

1337 1042 1468 1075 ponere
1492 1042 1587 1071 eam,
1623 1037 1661 1064 ut
1686 1040 1823 1075 peccata
1856 1038 1997 1074 arguat,
2033 1039 2066 1065 et
2092 1033 2215 1065 doceat
2234 1041 2326 1076 quae

1337 1093 1442 1125 opera
1459 1080 1554 1115 Deus
1577 1082 1740 1125 postulet.
1796 1081 1880 1115 Vult
1902 1082 1997 1114 enim
2025 1082 2119 1116 Deus
2132 1093 2196 1115 nos
2215 1082 2325 1115 verbo

1338 1144 1402 1165 suo
1420 1131 1506 1175 regi,
1532 1143 1596 1165 nec
1612 1132 1687 1166 vult
1705 1143 1769 1165 nos
1785 1131 1916 1166 nostris
1936 1132 2249 1175 imaginationibus
2265 1143 2325 1165 ex·

1312 1197 1313 1212 1
1338 1181 1490 1226 cogitare
1501 1194 1605 1227 opera
1622 1190 1654 1216 et
1670 1183 1795 1223 cultus,
1813 1182 1902 1215 sicut
1912 1180 2055 1216 Ethnici
2073 1183 2328 1226 excogitarunt,

1338 1233 1516 1267 finxerunt
1534 1233 1628 1266 idola
1645 1233 1720 1266 sine
1736 1234 1823 1274 fine,
1851 1233 2086 1277 permiserunt
2111 1233 2177 1266 sibi
2201 1231 2326 1266 libidi-

1340 1294 1420 1322 nes,
1453 1291 1485 1317 et
1509 1283 1651 1316 interim
1675 1285 1903 1317 cumularunt
1933 1284 2120 1325 sacrificia,
2152 1290 2185 1317 et
2207 1283 2327 1328 aliqua

1338 1344 1444 1376 opera
1461 1333 1577 1365 civilia
1596 1340 1845 1373 exercuerunt,
1867 1334 1997 1378 quibus
2013 1334 2276 1368 arbitrabantur
2290 1344 2328 1366 s·

1340 1384 1452 1416 iustos
1477 1394 1566 1424 esse,
1600 1391 1633 1417 et
1655 1384 1791 1427 placere
1814 1383 1908 1424 Deo,
1934 1384 2024 1418 sicut
2048 1385 2115 1417 iam
2139 1383 2327 1417 sacrificuli

1340 1446 1400 1467 sua
1419 1445 1523 1477 opera
1541 1434 1705 1475 laudant,
1732 1433 1874 1472 Missas,
1903 1435 2164 1468 observationes
2181 1434 2327 1475 rituum,

1339 1484 1596 1525 obedientiam,
1628 1497 1731 1530 quam
1751 1485 1903 1528 propriis
1921 1485 2055 1528 legibus
2072 1491 2267 1528 praestant,
2293 1491 2327 1519 et

1339 1535 1522 1578 negligunt
1556 1536 1646 1578 leges
1677 1535 1817 1568 divinas
1845 1536 1887 1568 de
1918 1547 1999 1568 vera
2029 1535 2210 1574 doctrina,
2242 1545 2326 1568 vero

1339 1585 1455 1626 cultu,
1484 1593 1515 1619 et
1540 1587 1707 1620 castitate.
1759 1584 1916 1619 Revocat
1940 1592 2055 1619 autem
2079 1597 2144 1618 nos
2164 1581 2329 1619 Christus

1339 1636 1382 1669 ad
1401 1636 1509 1680 legem
1527 1634 1611 1673 Dei,
1637 1634 1727 1669 hanc
1745 1636 1819 1670 vult
1839 1647 1911 1669 esse
1927 1637 2124 1670 doctrinam
2140 1635 2328 1681 poeniten-

1339 1687 1428 1727 tiae,
1455 1694 1487 1720 et
1509 1687 1663 1731 regulam
1683 1687 1859 1720 bonorum
1877 1699 2036 1732 operum.

1482 1813 1529 1854 ln
1558 1813 1810 1854 Pentecoste
1842 1812 1893 1852 de
1922 1814 2180 1869 Evangelio,

1712 1882 1883 1918 iohannis
1905 1884 1959 1918 14.

1390 1951 1436 1985 Si
1459 1950 1620 1997 diligitis
1648 1963 1719 1990 me,
1754 1947 1937 1984 mandata
1964 1962 2044 1984 mea
2068 1956 2217 1989 servale.
2271 1951 2325 1987 Et

1440 2015 1505 2047 ego
1534 2001 1673 2048 rogabo
1698 2006 1860 2049 patrem,
1896 2006 1926 2035 el
1952 2001 2072 2035 alium
2097 2002 2327 2049 paracletum

1439 2052 1544 2087 dabit
1563 2051 1680 2091 vobis,
1710 2057 1747 2086 ul
1770 2056 1918 2085 maneat
1945 2052 2123 2086 vobiscum
2145 2053 2183 2086 in
2210 2059 2326 2088 aeler-

1440 2117 1540 2144 num,
1564 2103 1735 2149 spiritum
1757 2103 1932 2143 veritalis,
1958 2115 2061 2151 quem
2076 2102 2236 2138 mundus
2254 2117 2327 2140 non

1437 2159 1551 2202 potest
1569 2155 1736 2202 accipere,
1759 2154 1846 2202 quia
1865 2167 1937 2187 non
1956 2170 1964 2186 ι
1977 2152 2048 2187 ide!
2065 2166 2155 2193 eum.
2183 2167 2244 2190 nec
2260 2156 2327 2191 scil

1439 2218 1529 2242 eum.
1590 2205 1666 2239 Vos
1697 2210 1817 2239 autem
1853 2205 2067 2250 cognoscitis
2103 2218 2202 2247 eum,
2236 2207 2326 2255 quia

1438 2255 1614 2303 apudaeos
1636 2256 1808 2296 manebit,
1835 2261 1865 2290 et
1884 2256 1922 2289 in
1941 2255 2041 2289 robis
2060 2257 2135 2291 crit.
2164 2255 2253 2291 Non
2271 2270 2325 2292 re-

1439 2306 1610 2356 linquam
1631 2321 1690 2342 vos
1709 2305 1914 2355 orphanos,
1942 2305 2083 2340 veniam
2100 2305 2154 2342 ad
2169 2321 2240 2343 cos.

1442 2376 1668 2421 Deploranda
1691 2384 1741 2411 est
1767 2374 1976 2417 negligentia
2004 2383 2142 2414 nostra.
2170 2377 2232 2424 qui
2258 2377 2324 2411 im-

1308 2440 1496 2462 .mensu=n
1533 2435 1563 2461 ct
1600 2426 1834 2461 inenarrabile
1871 2426 2078 2459 beneficium
2109 2425 2194 2469 Dei,
2227 2428 2321 2473 quod

1337 2485 1478 2522 propter
1497 2479 1626 2511 Filium
1644 2481 1698 2511 dat
1729 2478 1901 2521 Spiritum
1925 2484 2105 2517 sanctuni,
2132 2490 2193 2523 per
2217 2489 2321 2523 quem

1336 2530 1488 2563 vincitur
1512 2537 1689 2573 peccatum
1714 2535 1746 2562 et
1770 2539 1881 2567 mors,
1915 2539 1986 2560 non
2013 2528 2096 2561 satis
2118 2528 2320 2562 considera·

1334 2592 1427 2616 mus.
1461 2593 1522 2613 nec
1549 2580 1635 2614 tanti
1663 2580 1823 2618 facimus,
1857 2585 2028 2624 quantum
2052 2585 2123 2621 est,
2159 2579 2229 2611 imo
2256 2592 2320 2614 nec

1333 2631 1521 2666 excitamus
1538 2643 1616 2671 nos,
1637 2639 1675 2665 nt
1691 2633 1873 2664 credamus
1889 2629 1979 2671 dari,
2005 2641 2043 2663 ac
2061 2636 2219 2673 petamus
2239 2637 2318 2664 tan-
