2409 2915
136 114 211 152 597
383 114 466 150 XII.

526 110 918 151 ANNOTATIONES
945 111 1012 149 ET
1039 111 1321 151 CONCIONES
1350 116 1399 152 IN
1426 115 1611 156 EVANG.
1641 118 1922 159 MATTHAEI.

2090 127 2164 164 598

135 199 280 234 seminis
305 200 342 233 in
367 201 521 242 semine,
555 201 593 234 id
617 206 684 241 est,
718 199 754 232 in
779 199 861 232 filiis
887 205 921 233 et
946 198 983 232 in
1007 207 1123 244 poste·
1149 208 1153 251 ἶ
1177 201 1273 245 quod
1300 201 1411 245 pluris
1433 203 1579 238 facimus
1599 205 1774 250 principes
1797 208 1851 241 vel
1877 209 2024 252 amicos,
2058 224 2162 258 quam

135 251 250 285 ritate.

1177 249 1312 290 Deum,
1346 252 1434 286 sicut
1456 255 1541 287 alibi
1566 256 1666 290 dicit:
1708 257 1779 300 Qui
1806 259 1921 303 diligit
1945 268 2077 305 patrem
2102 271 2162 298 aut

237 301 334 336 Haec
351 307 580 341 mementote,
607 306 639 333 et
661 300 779 334 timete
795 300 883 332 iram
901 306 933 333 et
950 300 1120 335 iudicium
1175 308 1346 346 matrem,
1373 303 1453 346 plus
1471 316 1575 349 quam
1592 317 1666 347 me,
1695 319 1767 340 non
1787 315 1836 343 est
1851 322 1906 344 me
1923 312 2060 355 dignus.

136 349 232 391 Dei,
273 360 307 387 et
336 353 440 386 vitate
471 351 644 385 adulteria
672 357 705 384 et
734 351 863 383 similia
895 358 1054 394 peccata,
1091 358 1123 385 et

137 409 234 437 orate
249 400 387 443 Deum,
413 407 453 435 ut
477 412 537 434 vos
559 407 671 445 regat,
699 401 781 446 quia
797 398 902 433 Deus
925 401 1039 445 diligit
1063 414 1119 435 ca-

137 453 304 492 stitatem,
330 459 363 487 et
384 452 460 486 vult
478 453 612 486 donum
629 452 719 485 illud
745 463 764 485 a
783 462 819 485 se
835 451 924 496 peti,
951 459 984 486 et
1005 453 1122 486 liben-

137 510 192 538 ter
216 504 276 537 dat
300 500 367 536 hoc
392 504 546 544 donum,
583 509 616 536 et
645 502 781 546 magnis
810 502 975 547 praemiis
1007 509 1122 543 ornat,

137 554 226 587 sicut
247 550 374 598 Ioseph
405 553 520 587 vitans
546 553 776 593 adulterium,
819 564 943 597 magna
965 554 1121 601 praemia

138 602 273 647 accipit.

235 652 287 687 Ita
305 652 436 687 dicitur
451 652 489 686 in
505 653 597 688 libro
614 653 825 698 Sapientiae,
851 666 924 699 cap.
945 654 994 688 8.:
1024 654 1120 689 Scivi

135 703 231 748 quod
265 703 367 737 aliter
396 715 469 737 non
500 716 636 748 possem
665 716 737 737 esse
767 711 900 745 castus,
934 706 1001 738 nisi
1025 704 1120 738 Deus

132 754 244 790 daret.
293 752 340 787 Et
359 752 426 787 hoc
445 755 559 798 ipsum
575 762 649 789 erat
663 755 874 799 sapientiae,
893 756 1001 797 scire,
1021 756 1120 790 cuius

133 804 180 837 sit
209 804 355 838 donum.
408 804 491 839 Ideo
519 812 678 849 precatus
708 817 785 839 sum
807 804 1014 842 Dominum.
1068 805 1118 840 Ita

133 861 169 888 et
191 866 255 888 nos
277 855 462 896 faciamus,
491 863 649 900 petamus
672 854 740 890 hoc
765 857 898 891 donum
924 869 942 890 a
961 856 1056 898 Deo,
1084 863 1118 890 et

131 915 198 938 nos
222 904 290 949 ipsi
313 906 484 940 addamus
514 914 670 941 nostram
693 907 932 950 diligentiam,
958 915 991 942 et
1013 919 1118 942 cone-

131 967 214 989 mur
231 968 295 989 nos
312 956 470 998 frenare,
500 969 563 990 nec
581 958 759 998 labamur,
784 964 817 991 et
843 958 994 992 vitemus
1019 969 1118 992 occa-

132 1005 249 1040 siones
267 1007 536 1048 adulteriorum,
563 1015 595 1042 et
611 1008 801 1041 discamus:
826 1007 949 1042 Vitare
965 1015 1118 1053 peccata,

131 1063 184 1090 est
213 1057 324 1091 vitare
354 1059 554 1091 occasiones
586 1065 828 1101 peccatorum,
862 1059 965 1094 ΕΞᾶηῠ
993 1058 1117 1102 ᾒίεὸωῖ,

130 1105 168 1148 ist
193 1108 241 1142 bie
267 1107 413 1152 υπῖαῴεη
436 1111 500 1144 nub
527 1107 686 1150 vmbstenb
710 1108 842 1151 {Hebe-n,
877 1110 923 1144 bie
946 1111 995 1145 ein
1019 1108 1118 1145 tmen:

131 1155 212 1200 feben
227 1159 388 1202 anteitgem
439 1160 545 1195 {Sena
568 1161 650 1195 einer
677 1161 728 1194 ins
746 1160 823 1195 §Bab
846 1161 953 1205 gebct,
979 1160 1011 1203 so
1035 1162 1117 1196 mitt>

132 1218 164 1242 et
196 1210 270 1253 ηαβ.
337 1209 433 1252 mio,
480 1219 546 1245 met
580 1211 694 1255 folcbet
721 1210 910 1254 gefclscbafft
944 1210 1117 1255 nudygeben

130 1259 208 1300 mitt
235 1262 288 1295 bet
305 1259 373 1303 feIIt
392 1258 473 1301 besto
492 1261 622 1302 leidytct.
676 1259 828 1295 matumb
845 1262 941 1304 50ch
964 1261 1024 1296 mit
1048 1261 1117 1304 fiir:
1143 1243 1145 1279 f

131 1309 236 1355 sidytig
254 1311 339 1353 sein,
366 1312 429 1345 unt>
444 1311 525 1355 nicht
547 1311 627 1354 (chss
652 1311 831 1356 auteiaung
858 1311 965 1356 sud>en
990 1322 1027 1356 gu
1056 1312 1117 1354 fol:

130 1359 201 1402 uben
229 1360 345 1404 tudun.
398 1361 550 1396 Qawmb
576 1361 687 1404 sptidfl
715 1362 763 1397 ΕΞ.
788 1362 938 1404 mantus:
965 1363 1118 1398 {stanvelt

129 1409 366 1456 fiirfisstigtid),
393 1411 475 1457 nid>t
491 1414 543 1447 ate,
560 1413 607 1447 bic
623 1412 765 1447 marren.

387 1503 528 1537 Aliud
555 1502 864 1548 Praeceptum.

155 1580 200 1613 Si
215 1578 347 1614 oculus
362 1583 448 1614 taus
464 1578 781 1614 scandalizaverit
799 1583 858 1623 te,
888 1589 974 1614 erue
991 1590 1088 1615 eum.

228 1644 406 1689 Praecipit
427 1644 604 1679 Dominus
630 1645 735 1679 vitari
761 1645 980 1687 occasiones,
1010 1646 1116 1690 vtfod)

131 1697 196 1730 bnt>
219 1694 398 1738 nmbstenb,
448 1696 496 1730 bie
528 1696 576 1730 ein
607 1694 778 1739 ffllcnsdyen
811 1696 968 1739 anteitgcn.
1031 1696 1117 1742 {walt

131 1747 218 1780 hcine
232 1747 364 1791 angen,
391 1745 480 1788 ssiebe
504 1745 574 1789 bb'fc
597 1745 785 1790 gefetfdmfft
809 1750 864 1781 etc.
918 1744 1038 1790 &nube
1062 1758 1116 1782 an:

130 1797 304 1842 teissungcn
324 1797 384 1831 aIIe
411 1797 477 1839 sint>
504 1796 551 1839 1)ιέ
575 1797 738 1830 verberea.

232 1855 415 1889 Praeterea
456 1854 522 1888 hoc
561 1855 769 1888 mandatum
801 1855 845 1887 de
875 1854 978 1888 oculo
1009 1861 1044 1888 et
1072 1855 1114 1888 de

131 1907 252 1939 dextra
268 1907 426 1940 continet
442 1906 546 1940 aliam
565 1903 845 1950 prohibitionem
862 1905 977 1938 etiam.
1012 1902 1111 1938 Ocu-

132 1956 190 1990 lus
233 1956 406 2000 significat
444 1956 698 1992 consiliarium.
771 1956 904 1989 Dextra
941 1955 1113 1996 significat

133 2007 297 2040 amicum.
351 2007 528 2051 Praecipit
544 2007 653 2050 igitur
670 2003 843 2046 Christus,
866 2013 906 2039 ut
921 2017 1114 2047 caveamus,

132 2068 177 2090 ne
196 2069 215 2091 a
232 2058 333 2091 malis
349 2058 559 2092 consiliariis
582 2058 800 2090 seducamur.
833 2054 944 2095 Item,
970 2068 1014 2089 ne
1031 2068 1113 2100 pro—

132 2114 209 2152 pter
225 2109 356 2141 amicos
373 2115 433 2142 aut
450 2120 595 2149 uxores,
622 2118 817 2152 peccemuS.
871 2107 975 2141 Scitis
997 2114 1114 2141 autem

132 2158 235 2191 valde
252 2159 361 2192 multa
378 2165 412 2192 et
426 2170 550 2200 magna
568 2165 706 2202 peccata
722 2155 885 2191 homines
901 2157 1024 2197 facere,
1047 2158 1114 2190 im-

133 2209 252 2251 pulsos
277 2220 295 2241 a
323 2209 535 2242 consiliariis
561 2209 616 2241 vel
640 2209 772 2243 amicis.
833 2208 944 2252 Saepe
972 2215 1115 2251 peccant
1138 2196 1142 2238 l

132 2257 294 2292 homines
310 2259 347 2292 in
363 2260 509 2304 gratiam
528 2259 729 2306 principum
751 2265 783 2292 et
800 2259 992 2291 amicorum
1005 2284 1014 2298 ,
1035 2270 1114 2291 cum
1140 2288 1141 2297 ,

132 2310 266 2355 alioqui
282 2322 353 2344 non
372 2317 572 2354 peccarent,
597 2310 664 2342 nisi
681 2316 908 2342 moverentur
929 2306 992 2341 hac
1010 2309 1114 2342 stulta

134 2360 399 2404 imaginatione:
436 2358 588 2404 Oportet
617 2368 649 2393 te
681 2365 818 2402 gratum
842 2360 954 2392 sacere
985 2359 1115 2399 amicis,

133 2418 272 2455 oportet
288 2418 323 2445 te
338 2419 481 2457 propter
495 2422 717 2444 communem
741 2422 859 2454 pacem
875 2417 1006 2449 tacere,
1029 2410 1115 2443 sicut
1140 2413 1143 2438 ἕ

133 2462 236 2496 multi
252 2462 289 2495 in
307 2463 397 2497 aulis
415 2468 529 2497 tacent
546 2462 739 2498 veritatem,
762 2473 805 2494 ne
819 2460 1002 2494 offendant
1016 2461 1116 2504 prin-

134 2512 226 2557 cipes
249 2513 305 2546 vel
326 2514 455 2547 amicos
479 2524 571 2546 suos.

236 2569 331 2605 Haec
348 2578 484 2617 peccata
502 2578 583 2605 sunt
608 2569 904 2604 communissima.

138 2627 248 2656 textus
267 2634 340 2657 non
367 2624 470 2666 longa
486 2622 731 2667 {declaratione
758 2621 902 2663 indiget.

962 2567 1043 2602 ldeo
1059 2566 1117 2603 bic
1140 2581 1143 2590 ·

955 2619 1024 2653 Sed
1043 2631 1117 2653 me-

140 2679 310 2716 mentote,
337 2675 432 2720 quod
448 2671 608 2708 Christus
625 2669 789 2717 prohibet
812 2669 902 2705 hanc
928 2670 1116 2710 levitatem,
1141 2707 1144 2713 ,

1276 359 1346 394 Hic
1375 367 1491 394 autem
1516 362 1613 397 iubet
1644 365 1784 398 oculum
1810 368 1906 408 erui,
1941 377 1974 404 et
2004 373 2158 415 praecidi

1174 422 1331 447 manum.
1383 410 1451 445 Hic
1468 413 1608 447 discatis
1627 421 1717 447 recte
1734 415 1928 461 intelligere
1945 432 2157 460 sermonem.

1173 460 1254 495 Non
1279 462 1376 502 vult,
1411 469 1449 497 ut
1476 464 1710 508 corporaliter
1734 465 1880 501 effodias
1903 471 2067 513 oculum,
2101 475 2155 507 vel

1173 512 1353 556 praecidas
1369 524 1534 554 manum,
1559 515 1648 549 sicut
1666 515 1752 548 olim
1770 517 1867 551 stulti
1892 520 2002 565 aliqui
2029 530 2157 557 castra-

1174 569 1299 597 verunt
1317 574 1369 604 se,
1396 571 1435 598 ut
1453 561 1638 608 Origenes,

1273 619 1321 655 Et
1343 628 1502 656 sumatur
1524 623 1693 667 expositio
1713 636 1753 658 ex
1771 634 1973 672 praecepto:
2001 630 2080 665 Non
2098 646 2155 666 oc-

1173 672 1278 707 cidas.
1329 671 1419 705 Nam
1438 673 1467 705 si
1483 675 1637 707 membra
1656 676 1774 709 omnia
1794 680 1972 721 peccantia
1990 693 2155 726 corpora-

1173 723 1252 756 liter
1273 723 1513 756 abscindenda
1547 731 1679 765 essent,
1713 732 1798 759 tunc
1827 739 1886 760 cor
1915 730 2154 768 effodiendum

1173 780 1278 814 esset,
1304 773 1350 806 ita
1369 771 1475 807 homo
1495 784 1531 807 se
1555 775 1745 819 occideret,
1772 779 1866 821 quod
1891 791 2048 824 expresse
2071 797 2153 828 pro—

1173 821 1271 857 hibet
1294 823 1400 857 Deus.

1272 881 1354 916 Non
1382 882 1490 926 igitur
1515 883 1735 927 intelligatur
1758 883 1826 920 hoc
1854 887 1986 922 dictum
2012 891 2054 925 de
2077 905 2155 926 cor-

1173 933 1293 976 porali'
1318 933 1550 976 abscissione,
1590 944 1664 970 vom
1689 936 1848 982 stiblicben
1874 939 2050 985 aussstecben
2082 946 2156 979 obet

1172 983 1394 1027 absdmcibcn,
1439 985 1498 1018 sed
1522 986 1565 1018 de
1587 984 1848 1030 prohibitione,
1881 1002 1970 1035 quae
1996 993 2032 1026 fit
2053 994 2154 1028 firmo

1171 1035 1375 1079 proposit0,
1402 1047 1470 1080 qua
1486 1036 1651 1070 voluntas
1673 1035 1840 1080 prohibet
1861 1042 1985 1075 audire
2009 1046 2157 1080 consilia

1171 1085 1227 1117 vel
1253 1085 1383 1118 amicos
1411 1085 1510 1130 illos,
1544 1086 1622 1122 ῶαέ
1650 1087 1828 1133 aussstecben
1856 1093 1923 1126 »nb
1955 1093 2156 1137 obsdmeiben

1171 1134 1228 1177 ist,
1256 1135 1316 1170 mit
1342 1135 1473 1180 πρώτω
1501 1136 1582 1180 ernst
1606 1140 1668 1173 »nb
1695 1139 1798 1182 {estem
1825 1139 1935 1186 finiat}
1963 1145 2039 1188 birse
2065 1146 2156 1183 stent

1171 1187 1234 1220 »nb
1262 1185 1377 1230 frcunb
1405 1185 1622 1230 abfdyuciben„
1649 1190 1709 1224 bae
1735 1189 1791 1232 ist,
1820 1199 1884 1226 von
1910 1193 1984 1237 jnen
2012 1196 2155 1241 macheu,

1172 1236 1217 1279 ire
1244 1237 1416 1281 meinung!
1460 1237 1683 1284 f1·eunbsd)afft
1711 1243 1774 1276 vnb
1802 1244 1903 1286 genai>
1929 1245 2011 1290 nid>t
2036 1249 2154 1293 gre'ss'ev

1142 1291 1144 1315 ἱ
1171 1286 1298 1331 adflent
1324 1289 1407 1323 bena
1435 1288 1533 1323 (sott.

1269 1343 1315 1378 Et
1342 1346 1390 1379 ita
1407 1344 1644 1390 fugere13tales
1674 1349 1823 1391 amicos,
1863 1359 1914 1386 est
1943 1365 1998 1387 res
2029 1367 2156 1400 magna

1170 1400 1204 1428 et
1220 1393 1376 1429 difficilis
1402 1398 1495 1441 apud
1514 1397 1699 1441 sapientes,
1735 1398 1818 1433 Ideo
1837 1398 1903 1435 hoc
1921 1413 2156 1450 praeceptum,

1170 1445 1213 1478 de
1230 1458 1299 1490 quo
1317 1445 1480 1481 Christus
1498 1444 1556 1480 hic
1573 1448 1749 1493 loquitur,
1772 1452 1891 1494 magni
1907 1457 2077 1490 momenti
2096 1466 2156 1500 est,

1170 1496 1260 1529 sicut
1283 1497 1373 1530 bene
1394 1498 1511 1532 sciunt
1535 1499 1725 1542 sapientes,
1752 1512 1787 1534 se
1803 1512 1904 1547 saepe
1921 1516 2083 1549 peccare,
2111 1522 2156 1542 ne

1170 1546 1353 1581 oss'endant
1383 1549 1526 1583 amicos.
1595 1548 1664 1583 Sed
1703 1550 1846 1586 iuvenes
1877 1551 1960 1588 haec
1993 1559 2155 1592 nondum

1170 1597 1304 1638 sciunt,
1330 1604 1467 1631 tantum
1483 1597 1550 1632 hoc
1566 1600 1704 1641 sciunt,
1731 1604 1824 1643 quod
1850 1615 1952 1649 saepe
1975 1609 2077 1641 malis
2098 1621 2155 1643 so-

1170 1647 1302 1681 dalitiis
1316 1655 1349 1681 et
1365 1649 1533 1693 exemplis
1557 1649 1732 1683 sociorum
1759 1663 2046 1698 corrumpuntur.
2100 1659 2155 1693 lbi

1168 1697 1312 1732 videant
1338 1699 1463 1737 etiam,
1490 1705 1530 1732 ut
1552 1711 1588 1732 se
1612 1711 1631 1732 a
1661 1701 1763 1734 malis
1795 1705 1968 1738 sodalitiis
1991 1709 2154 1746 avellant.

1169 1744 1216 1779 Et
1247 1746 1314 1780 hoc
1345 1756 1571 1792 praeceptum
1602 1745 1749 1784 Christi
1776 1754 2022 1791 meminerint:
2057 1760 2094 1794 Si
2122 1768 2154 1794 te.

1169 1797 1288 1831 dextra
1305 1810 1430 1832 manus
1447 1799 1613 1840 offendit,
1640 1800 1806 1836 abscinde
1824 1816 1912 1839 eam.

1518 1879 1695 1915 Dictum
1723 1892 1807 1919 est:

1169 1949 1237 1989 Qui
1262 1945 1453 1981 dimiserit
1475 1958 1632 1983 uxorem
1662 1961 1791 1993 suam,
1828 1953 1893 1989 det
1925 1961 1961 1992 ei
1989 1958 2153 1997 libellum

1277 1997 1442 2043 repudii.
1496 2001 1572 2045 Ego
1592 2004 1723 2035 autem
1741 2003 1824 2039 dico
1840 2006 1941 2042 vobi-5
1962 2015 2035 2045 etc.

1269 2064 1364 2108 Quia
1380 2062 1542 2099 Christus
1561 2066 1747 2112 aliquoties
1770 2073 1934 2116 repetivit
1958 2073 2048 2111 hanc
2066 2092 2151 2113 con-

1168 2116 1324 2155 cionem,
1351 2115 1388 2147 in
1405 2128 1473 2161 qua
1489 2115 1717 2160 reprehendit
1739 2122 1911 2166 divortia,
1937 2129 2054 2170 qualia
2077 2131 2151 2163 usi-

1167 2173 1236 2200 tata
1253 2172 1352 2199 erant
1370 2164 1508 2200 Iudaeis
1525 2174 1558 2201 et
1574 2169 1754 2212 gentibus,
1771 2173 1852 2206 satis
1868 2185 2026 2219 apparet,
2055 2183 2149 2225 quod

1168 2216 1264 2249 illam
1283 2216 1459 2250 levitatem
1478 2218 1579 2251 valde
1596 2219 1819 2263 improbavit.
1868 2224 1949 2259 Fuit
1965 2229 2058 2262 enim
2078 2233 2150 2265 usi-

1168 2273 1297 2306 tatum,
1324 2273 1363 2300 ut
1380 2267 1599 2303 dimitterent
1621 2282 1746 2304 uxores
1771 2279 1907 2308 tantum
1930 2288 1970 2310 cx
1994 2279 2136 2316 levitate

1168 2329 1246 2351 cum
1262 2318 1390 2351 mulier
1406 2317 1497 2351 nihil
1518 2327 1705 2363 peccasset,
1732 2324 1792 2356 sed
1816 2325 1971 2361 fortassis
1989 2331 2043 2363 vir
2060 2309 2148 2366 vidii

1168 2369 1292 2409 aliam,
1319 2381 1407 2413 quae
1424 2370 1533 2412 magis
1551 2370 1693 2414 placuit.
1748 2372 1834 2408 Item
1858 2384 1931 2411 arte
1955 2380 2044 2414 alius
2060 2383 2148 2416 alte-—

1168 2420 1243 2452 rius
1269 2420 1452 2463 coniugem
1478 2421 1519 2452 ad
1543 2432 1579 2452 se
1602 2421 1759 2465 pellexit,
1786 2432 1817 2459 et
1844 2427 2013 2464 ludebant
2034 2434 2147 2475 specie

1170 2470 1275 2509 iuris,
1323 2470 1421 2515 quasi
1454 2470 1630 2515 quaelibet
1668 2473 1819 2509 divortia
1856 2486 1967 2512 essent
1995 2481 2032 2514 in
2072 2483 2148 2527 lege

1170 2520 1277 2554 Moisi
1294 2532 1464 2554 concessa.
1519 2519 1729 2557 Hortensius
1746 2528 1879 2569 rogavit
1894 2527 2081 2575 Catonern,
2109 2543 2147 2570 ut

1169 2571 1235 2604 sibi
1252 2572 1388 2605 cederet
1406 2571 1588 2615 coniugem
1606 2571 1770 2607 Martiam
1782 2601 1790 2614 ‚
1818 2578 1975 2621 pulcram
1995 2589 2027 2616 et
2042 2595 2144 2626 gene-

1170 2633 1284 2655 rosam
1307 2622 1508 2655 foeminam.
1561 2622 1657 2657 Fecit
1687 2623 1795 2670 Cato,
1828 2635 1860 2661 et
1891 2637 1968 2673 post
1999 2643 2146 2669 mortem

1169 2673 1306 2707 reduxit
1326 2671 1503 2714 Martiam,
1521 2675 1615 2717 quod
1633 2681 1706 2709 erat
1721 2677 1825 2711 etiam
1853 2687 1973 2716 contra
1990 2681 2146 2720 ethnicas

1555 2723 1638 2759 88*
