2409 2915
113 101 187 138 345
651 95 730 131 XII.

109 183 282 233 Quinque
298 191 380 219 sunt
395 183 573 229 praecipui
594 181 675 216 loci.

43 234 61 294 'l
161 253 189 290 l.
216 249 460 296 Reprehensio
475 248 707 293 negligentiae
724 258 841 280 rerum
859 253 1092 286 aeternarum,

57 295 59 345 l
212 310 245 337 et
261 302 390 347 impiae
411 299 624 337 securitatis,
659 310 737 332 cum
763 298 807 331 sit
835 298 979 331 mirifica
1009 298 1090 331 soli-

56 360 59 392 S
211 353 330 387 titudo
350 358 382 384 et
401 350 580 393 diligentia
599 348 791 395 quaerendi
812 349 1016 392 corporalia.

56 402 58 442 l
160 403 206 439 Il.
234 402 442 436 Mandatum
461 402 614 434 debono
633 412 698 434 usu
714 399 930 432 divitiarum.

56 450 58 467 ³
162 453 225 489 ΙΙΙ.
261 452 406 485 lubetne
430 453 472 484 de
497 451 624 484 iniuste
649 451 757 495 partis
787 451 870 482 dare
901 450 1091 495 eleemosy-

208 503 296 536 nas?
323 509 382 536 aut
401 502 429 535 si
446 503 488 535 de
505 502 594 535 iuste
614 502 721 545 partis
741 501 877 533 dandae
904 507 1002 540 sunt,
1029 512 1091 533 cur

206 551 272 586 hae
291 559 461 586 vocantur
480 553 645 586 iniustae:
675 551 859 585 Mammon
879 551 1039 584 iniustus.

157 602 241 638 llll.
268 602 320 636 De
339 603 504 646 praemiis
528 603 611 636 boni
635 614 718 636 usus
745 602 968 644 divitiarum,
1004 613 1091 646 quae

209 654 396 698 significat,
422 666 499 687 cum
518 654 651 699 inquit:
676 652 861 697 Recipient
887 664 948 685 vos
974 653 1011 685 in
1034 665 1091 686 ae—

209 712 307 738 terna
329 705 565 738 tabernacula.
1091 707 1098 713 “

156 754 199 790 V.
237 754 391 790 Collatio
424 756 618 794 donorum,
653 761 684 787 et
707 766 802 789 usus.

206 812 360 839 meretur
394 806 528 838 maiora
559 807 672 843 dona,
712 805 800 838 sicut
831 805 915 837 alias
947 804 1090 837 dicitur:

205 855 361 890 Habenti
398 857 557 896 dabitur,
599 856 727 889 abusus
763 862 918 888 meretur
952 865 1093 897 poena5‚

206 907 299 940 iuxta
318 907 426 939 illud:
467 906 499 940 A
518 919 592 940 non
614 904 765 940 habente
797 907 900 939 etiam
931 906 966 938 id
997 906 1090 950 quod

206 955 311 992 habet
330 958 523 992 auferetur.

474 1039 532 1063 De
569 1038 734 1069 primo.

207 1090 423 1134 Quotidiana
466 1091 626 1124 omnium
671 1091 884 1136 experientia
936 1098 1092 1132 testatur,

782 90 1171 130 ANNOTATIONES
1206 90 1254 126 IN
1288 89 1589 126 EVANGELIA.

863 753 986 787 Bonus
1009 763 1092 786 usus
1115 780 1119 800 t
1145 769 1185 800 ad
1212 768 1391 812 propriam
1419 766 1671 799 necessitatem.

104 1154 209 1188 quam
238 1140 464 1175 vehementer
492 1148 668 1185 angantur
703 1142 813 1175 animi
849 1154 930 1176 cura
967 1143 1091 1182 victus,

104 1199 234 1237 quanta
253 1193 436 1226 incurrant
453 1190 613 1225 homines
630 1193 819 1225 certamina
837 1194 879 1225 de
897 1193 968 1225 suis
995 1204 1090 1226 com-

104 1243 352 1282 moditatibus,
389 1255 466 1275 cum
491 1243 535 1275 sit
560 1242 708 1285 simplex
732 1243 787 1275 via
811 1243 1008 1286 proposita,
1040 1243 1090 1275 la-

103 1294 169 1326 bor
185 1300 217 1326 et
235 1292 410 1326 invocatio
430 1291 507 1324 Dei.
549 1291 619 1326 Sed
642 1292 745 1325 multi
764 1304 822 1326 eos
838 1293 993 1332 labores,
1009 1293 1089 1337 qui-

103 1344 169 1376 bus
193 1349 306 1375 essent
329 1342 466 1382 idonei,
500 1342 700 1385 negligunt,
734 1349 766 1376 et
789 1344 941 1388 quadam
966 1355 1089 1386 super-

102 1394 156 1426 bia
173 1399 342 1437 appetunt
355 1393 556 1426 functiones
573 1393 787 1436 superiores,
806 1394 989 1438 pauciores
1006 1405 1088 1426 vero

101 1449 282 1488 expectant
308 1455 326 1476 a
348 1441 422 1476 Deo
448 1443 638 1482 auxilium,
673 1443 752 1477 ideo
776 1445 878 1478 multi
903 1451 1022 1487 egent,
1056 1451 1089 1477 et

101 1506 178 1528 cum
194 1500 376 1537 egestatem
394 1495 484 1527 ferre
510 1506 582 1528 non
609 1495 763 1538 possint,
797 1495 1025 1529 solicitudine
1049 1507 1088 1528 ac

100 1545 222 1579 dolore
238 1544 439 1585 tabescunt,
467 1552 526 1578 aut
551 1545 759 1588 confugiunt
786 1547 828 1578 ad
851 1546 959 1579 malas
985 1553 1088 1586 artes,

100 1595 350 1629 assentationes
385 1595 534 1633 aulicas,
584 1596 743 1636 fraudes,
783 1596 896 1637 surta,
939 1596 1087 1630 iniustas

100 1646 371 1689 negotiationes.
427 1645 533 1683 Item,
560 1653 676 1679 tantus
694 1647 797 1679 dolor
813 1653 863 1680 est
888 1647 1012 1680 leviter
1035 1647 1087 1679 la—

100 1698 268 1731 befactata
287 1697 474 1740 opinione,
502 1704 539 1730 ut
559 1697 658 1730 multi
685 1704 832 1730 mortem
860 1697 927 1729 sibi
952 1697 1087 1729 consci-

99 1755 216 1787 scant,
242 1755 278 1780 ut
298 1747 396 1780 Aiax.
449 1745 525 1780 Etsi
544 1753 658 1780 antem
678 1754 774 1780 tanta
794 1754 843 1780 est
867 1760 985 1780 rerum
1009 1759 1087 1780 cor-
1111 1737 1114 1759 ¹

102 1799 275 1842 poralium
295 1810 396 1837 cura,
431 1805 548 1831 tamen
565 1797 705 1831 interim
731 1809 828 1831 mens
853 1798 888 1830 in
918 1796 981 1831 hac
1009 1810 1087 1831 cor-

101 1850 265 1893 ruptione
295 1856 440 1882 naturae
468 1860 539 1880 non
562 1849 702 1891 angitur
727 1849 768 1880 de
794 1849 903 1890 gloria
922 1847 1009 1889 Dei,
1044 1849 1087 1881 de
1111 1855 1113 1900 ξ

99 1900 230 1933 iudicio
246 1898 330 1939 Dei,
364 1899 407 1931 de
426 1899 554 1932 nostris
578 1900 744 1942 peccatis,
772 1900 814 1931 de
840 1900 909 1932 vita
933 1907 1086 1935 aeterna.
1110 1919 1112 1922 .

100 1949 178 1983 Xon
196 1950 289 1983 videt
309 1949 392 1994 quid
412 1950 455 1983 sit
475 1956 650 1992 peccatum
670 1957 701 1983 et
725 1950 773 1982 ira
794 1949 879 1988 Dei,
916 1951 974 1983 sed
997 1950 1086 1983 dor-
1112 1970 1113 1974 =

101 2002 164 2035 mit
181 2001 356 2046 quendam
377 1998 585 2033 horribilem
608 2007 802 2034 veternum.

198 2049 300 2083 Hanc
318 2051 535 2084 securitatem
554 2058 586 2084 et
602 2051 849 2094 negligentiam
867 2047 923 2083 bic
940 2051 1086 2094 figurate
1110 2092 1112 2097 Α

101 2101 270 2144 significat
293 2098 474 2142 Christus,
518 2114 720 2145 proponens
751 2101 939 2144 imaginem
965 2099 1084 2134 Oeco-
1110 2127 1112 2141 :

100 2151 213 2185 nomi:
240 2157 360 2195 estque
382 2151 419 2183 in
439 2151 512 2195 ipsa
530 2153 765 2195 appellatione
781 2151 980 2185 Oeconomi
1002 2164 1084 2193 pro-
1110 2178 1111 2185 ,

100 2202 210 2246 posita
236 2201 442 2244 significatio
468 2214 614 2245 magnae
640 2203 708 2241 rei,
747 2203 843 2247 quasi
869 2203 961 2235 dicat
978 2200 1084 2236 Chri-
1110 2211 1111 2218 ¹

99 2261 189 2293 stus,
215 2251 287 2285 Vos
306 2249 469 2285 homines
485 2253 565 2286 estis
582 2254 764 2287 oeconomi
782 2252 845 2285 Dei
858 2280 866 2292 ,
903 2253 1003 2285 vobis
1021 2254 1083 2285 ad-

98 2303 312 2336 ministratio
346 2314 463 2335 rerum
496 2311 717 2337 aeternarum
750 2305 992 2337 commendata
1024 2311 1111 2341 est‚]

4 2387 9 2391 ,
100 2351 190 2387 hanc
208 2361 314 2387 totam
338 2365 479 2396 prorsus
503 2354 686 2395 negligitis.
741 2354 871 2391 Porro,
901 2352 984 2386 haec
1010 2354 1082 2396 ipsa

0 2422 6 2448 f
99 2405 264 2438 securitas
288 2405 460 2447 descripta
482 2413 529 2438 est
557 2406 591 2437 in
616 2406 725 2447 prima
753 2405 922 2437 concione
947 2404 982 2436 in
1011 2404 1082 2437 Ge-
1108 2404 1110 2441 l

100 2457 190 2489 nesi:
226 2454 408 2487 Peccatum
435 2464 533 2489 tuum
561 2456 731 2501 quiescet,
776 2457 888 2487 donec
911 2456 1081 2487 revelabi·
1106 2443 1110 2510 l

101 2512 176 2544 tur,
221 2506 255 2538 id
282 2512 349 2543 est,
387 2505 544 2540 Mundus
570 2519 712 2540 securus
736 2513 935 2540 contemnet
963 2518 1081 2548 pecca·
1106 2513 1109 2529 ¹

99 2562 193 2597 tum,
221 2568 292 2589 non
312 2556 434 2589 sentiet
454 2558 552 2591 irasci
573 2557 706 2596 Deum,
735 2558 845 2590 donec
864 2557 921 2589 illa
946 2557 996 2589 ira
1027 2569 1080 2589 re-

101 2607 234 2640 veletur
251 2607 285 2639 in
305 2607 428 2650 poenis
446 2605 551 2641 huius
571 2609 660 2641 vitae
678 2616 708 2641 et
727 2615 905 2647 aeternae,
933 2614 970 2640 ut
988 2607 1079 2641 Nero
1105 2621 1107 2626 ¹

103 2657 316 2690 severissime
333 2657 423 2691 rid··t
439 2657 570 2699 Deum,
598 2660 709 2692 donec
728 2659 862 2703 rapitur
879 2660 921 2691 ad
940 2671 1079 2702 poenas.

2054 88 2128 122 346

1246 176 1350 219 Quod
1382 176 1489 219 igitur
1515 176 1680 209 laudatur
1707 173 1892 217 diligentia
1918 170 2128 211 Oeconomi‚

1144 228 1292 261 sciamus
1311 239 1382 260 non
1401 226 1538 259 laudari
1554 226 1773 268 diligentiam
1792 225 1827 258 in
1844 226 1950 265 surto,
1969 224 2028 257 sed
2045 235 2126 267 pro-

1144 278 1227 322 poni
1245 277 1492 319 collationem,
1519 276 1555 308 in
1582 288 1648 320 qua
1677 287 1749 308 non
1774 287 1912 308 necesse
1934 281 1985 307 est
2007 273 2126 307 omnia

1143 328 1270 362 similia
1298 339 1389 367 esse,
1430 334 1461 359 et
1486 326 1669 359 admoneri
1691 337 1754 358 nos
1779 326 1920 359 alterius
1945 324 2126 358 cuiusdam

1143 379 1368 413 oeconomiae
1387 389 1502 409 rerum
1520 383 1758 415 aeternarum,
1775 383 1806 409 et
1824 375 2046 419 turpissimae
2064 386 2127 406 ne-

1143 429 1346 473 gligentiae,
1376 441 1478 473 quam
1497 426 1751 459 committimus
1770 426 1806 457 in
1825 438 1862 458 ea
1882 425 2100 458 oeconomia.

1477 511 1532 535 De
1568 509 1797 535 secundo.

1245 564 1473 608 Praeceptum
1497 564 1587 596 clare
1614 563 1777 602 mandat,
1811 568 1849 594 ut
1872 567 1962 593 recte
1987 565 2128 591 utamur

1143 616 1388 655 facultatibus,
1425 627 1503 647 cum
1530 614 1626 647 iubet
1650 614 1763 646 facere
1793 612 1923 645 amicos
1946 607 2128 644 Christum

1144 674 1177 701 et
1195 673 1332 700 sanctos
1348 667 1390 698 de
1408 665 1551 698 divitiis.
1606 664 1657 698 De
1676 661 1742 697 hoc
1767 662 1923 705 legitimo
1951 671 2015 693 usu
2039 659 2125 692 alias

1144 729 1244 761 saepe
1260 717 1407 757 dicitur,
1435 716 1529 760 quod
1547 715 1710 747 videlicet
1731 714 1900 746 utendum
1926 711 1969 744 sit
1993 710 2128 743 divitiis

1721 762 1858 797 Deinde
1884 763 1924 795 ad
1953 761 2128 794 iuvandos

1144 817 1330 862 Evangelii
1348 818 1537 852 ministros.
1566 815 1688 848 Tertio
1707 815 1747 847 ad
1767 812 1958 856 Rempubl.
1989 810 2126 853 Quarto

1145 870 1186 902 ad
1209 880 1376 913 pauperes
1393 881 1473 901 vere
1492 873 1647 911 egentes,
1674 873 1706 899 et
1723 864 1923 908 praesertim
1950 863 1991 895 ad
2017 873 2128 893 mem—

1146 921 1207 953 bra
1226 917 1368 953 Christi.
1422 917 1468 952 Et
1487 925 1571 951 nota
1590 924 1639 950 est
1664 916 1802 959 regula:
1837 914 1967 947 Fontes
1992 912 2042 945 tui
2068 912 2128 944 de-

1146 971 1306 1003 riventur
1329 971 1442 1007 foras,
1476 976 1509 1002 et
1535 976 1571 1002 tu
1590 967 1765 1000 Dominus
1791 971 1951 1003 maneto,
1986 969 2018 995 et
2046 969 2128 994 nota

1145 1027 1226 1054 sunt
1245 1021 1399 1064 exempla
1419 1019 1574 1058 Abdiae,
1593 1018 1652 1062 qui
1671 1017 1764 1061 pavit
1782 1013 1976 1059 Prophetas
1993 1013 2030 1045 in
2051 1023 2127 1055 spe-

1145 1071 1267 1111 lunca,
1307 1079 1337 1105 et
1367 1071 1492 1103 viduae
1521 1068 1734 1112 Sareptanae
1763 1073 1825 1101 etc.
1885 1063 1931 1098 Et
1965 1065 2019 1096 lex
2054 1063 2126 1106 ipsa

1145 1122 1355 1155 monstravit
1387 1119 1482 1153 hunc
1513 1119 1696 1158 ordinem,
1731 1117 1830 1150 iussit
1855 1115 1931 1148 dari
1954 1113 2127 1158 primitias

1144 1179 1176 1205 et
1199 1173 1349 1205 decimas
1374 1171 1631 1209 sacerdotibus,
1667 1169 1709 1202 ad
1733 1166 2034 1201 conservationem
2061 1163 2127 1195 mi-

1143 1223 1291 1257 nisterii.
1348 1221 1433 1255 Item
1463 1220 1614 1254 conferri
1639 1219 1763 1253 siclum
1784 1219 1827 1251 ad
1852 1215 2127 1250 tabernaculum.

1145 1272 1256 1315 Item,
1300 1274 1476 1306 dabantur
1504 1271 1648 1316 quintae
1680 1270 1839 1312 regibus,
1883 1273 1982 1300 erant
2017 1265 2127 1298 relin-

1143 1324 1280 1367 quenda
1297 1323 1473 1367 spicilegia
1488 1323 1552 1366 pro
1572 1321 1797 1365 pauperibus.

1499 1405 1556 1429 De
1593 1402 1770 1428 tertio.

1244 1457 1364 1491 Esaias
1383 1457 1495 1502 inquit
1512 1456 1676 1489 detestari
1694 1455 1805 1488 Deum
1825 1452 1982 1486 victimas
2010 1463 2048 1484 ex
2072 1450 2128 1482 in-

1140 1510 1229 1542 iuste
1244 1510 1353 1552 partis
1371 1510 1516 1542 oblatas.
1567 1505 1691 1540 Esaiae
1707 1505 1758 1539 6.:
1788 1504 1863 1547 Ego
1879 1502 2054 1537 Dominus
2072 1501 2127 1533 di-

1140 1560 1250 1603 ligens
1270 1560 1440 1592 iudicium
1453 1586 1461 1599 ,
1489 1565 1521 1591 et
1539 1558 1620 1591 odio
1638 1557 1771 1590 habens
1787 1555 1946 1599 rapinam
1964 1554 2000 1585 in
2024 1550 2127 1585 holo-

1141 1617 1310 1645 caustum.
1371 1609 1600 1654 Nequaquam
1633 1608 1740 1649 igitur
1762 1604 1828 1638 hoc
1855 1605 1930 1638 vult
1955 1601 2127 1640 Christus,

1141 1662 1277 1693 dandas
1306 1671 1377 1692 esse
1402 1660 1639 1703 eleemosynas
1667 1669 1706 1690 ex
1730 1657 1860 1689 iniuste
1885 1654 2003 1698 partis.
2057 1652 2124 1686 Sed

1140 1711 1299 1755 loquitur
1316 1708 1477 1743 Christus
1496 1710 1539 1742 de
1555 1708 1689 1741 divitiis
1708 1713 1919 1740 sanctorum.
1953 1703 2026 1737 Has
2037 1715 2126 1747 quo—

1140 1773 1208 1806 que
1229 1768 1329 1794 vocat
1348 1760 1591 1793 Mammonam
1617 1758 1808 1797 iniustum,
1841 1768 1914 1788 non
1940 1756 2034 1799 quod
2057 1753 2127 1786 sint

1140 1812 1268 1844 iniuste
1288 1818 1422 1855 partae,
1449 1822 1521 1843 non
1541 1810 1633 1854 quod
1655 1815 1775 1841 contra
1796 1805 2044 1840 conscientiam
2067 1815 2126 1836 oc-

1140 1869 1284 1906 cupatae
1302 1862 1391 1900 sint,
1424 1862 1481 1893 sed
1502 1867 1644 1903 propter
1660 1860 1788 1892 abusus
1808 1856 2038 1899 multiplices,
2066 1854 2125 1898 qui

1139 1914 1174 1945 in
1193 1910 1476 1945 hac'infirmitate
1492 1908 1639 1943 humani
1658 1909 1794 1953 generis
1810 1907 1906 1952 sequi
1923 1906 2009 1942 solet
2027 1912 2062 1937 ut
2088 1906 2125 1936 in

1139 1963 1246 2002 aulis,
1264 1970 1434 2008 quantum
1452 1968 1501 1994 est
1519 1963 1691 1994 abusuum
1710 1961 1747 1993 in
1766 1958 2004 1997 facultatibus,
2021 1967 2124 2000 quam

1139 2015 1269 2047 multae
1287 2014 1408 2045 inanes
1434 2012 1679 2056 profusiones?

1240 2080 1402 2126 Denique
1421 2077 1503 2113 haec
1519 2086 1681 2123 corrupta
1702 2084 1824 2111 natura
1844 2077 1879 2109 in
1902 2075 2000 2108 nullo
2025 2085 2124 2115 prae-

1139 2140 1238 2176 cepto
1262 2131 1328 2165 Dei
1351 2138 1465 2164 servat
1488 2131 1670 2169 ordinem,
1706 2136 1743 2162 ut
1769 2139 1892 2171 magna
1920 2132 1969 2158 est
1993 2122 2124 2162 ἀταξία

1110 2200 1111 2209 1
1138 2183 1174 2215 in
1191 2195 1309 2216 amore
1328 2190 1511 2226 parentum
1530 2193 1608 2223 erga
1633 2181 1781 2217 liberos,
1810 2185 1840 2211 et
1868 2187 1986 2209 rursus
2011 2175 2124 2207 maior

1137 2231 1269 2273 ἀταξία
1293 2234 1329 2266 in
1355 2245 1473 2266 amore
1496 2233 1689 2265 liberorum
1715 2241 1792 2272 erga
1817 2234 1988 2272 parentes.
2041 2225 2121 2258 Ma-

1136 2296 1202 2327 gna
1221 2282 1352 2324 ἀταξία
1377 2291 1425 2317 est
1443 2283 1697 2316 consuetudine.
1715 2279 1911 2321 coniugali,
1939 2278 1985 2309 ita
2010 2277 2121 2309 multo

1137 2336 1250 2369 maior
1266 2333 1396 2374 ἀταξία
1415 2343 1463 2368 est
1483 2335 1517 2366 in
1536 2345 1601 2367 usu
1617 2332 1835 2365 divitiarum.

1238 2403 1304 2437 Sed
1321 2401 1404 2436 haec
1422 2402 1606 2435 iufirmitas
1624 2401 1845 2434 condonatur
1871 2397 1955 2441 piis,
1983 2395 2041 2439 qui
2067 2395 2120 2426 iu-

1137 2462 1186 2487 ste
1210 2455 1317 2498 partis
1340 2456 1431 2486 hona
1458 2452 1670 2486 conscientia
1699 2449 1921 2483 mediocriter
1947 2447 2113 2479 fruuntur

1135 2512 1167 2538 et
1198 2506 1422 2538 mediocriter
1450 2504 1533 2536 inde
1564 2504 1650 2536 alios
1684 2503 1824 2538 iuvant,
1860 2511 1921 2531 nec
1945 2507 2110 2530 accersun

1135 2557 1201 2590 sibi
1220 2557 1373 2599 insignes
1395 2556 1523 2589 abusus
1548 2562 1668 2587 contra
1696 2550 1956 2585 conscientiam.
2011 2546 2120 2580 Intel-

1135 2608 1283 2650 ligamus
1306 2607 1413 2649 igitur
1436 2607 1550 2638 vocari
1577 2605 1745 2637 iniustum
1765 2601 1988 2640 Mammona,
2016 2598 2118 2631 etiam

1136 2666 1333 2693 sanctorum
1370 2658 1567 2696 facultates,
1603 2655 1682 2700 quia
1711 2655 1812 2687 etiam
1838 2652 1946 2686 sancti
1970 2649 2121 2683 retinent
