2409 2915
117 97 192 135 453
663 95 746 133 Xll.

214 181 261 220 Et
282 181 338 219 hic
356 184 428 229 ipse
442 183 530 218 ritus
546 181 750 216 referendus
765 188 815 216 est
830 183 874 216 ad
892 183 1095 226 promissio-

112 248 194 270 nem
220 236 375 271 additam
399 232 676 274 circumcisioni,
703 233 740 265 in
759 245 825 278 qua
843 233 934 266 clare
949 234 1094 268 dicitur:

52 319 55 330 ³
110 284 189 331 Ego
205 298 264 320 ero
279 285 374 320 Deus
389 296 508 319 eorum
519 308 528 322 ,
556 283 590 316 id
609 290 675 324 est,
702 281 766 317 hos
782 283 843 329 qui
857 295 912 316 me
928 284 1094 319 invocant

48 355 54 383 .‘
109 344 257 382 propter
281 348 396 370 semen
423 334 652 379 promissum,
686 334 871 378 recipiam,
898 336 1093 374 exaudiam,

57 394 59 416 ι
110 387 254 421 salvabo
272 394 334 422 etc.
386 384 502 419 Huius
526 382 769 429 promissionis
792 381 964 430 σύμβολα
988 392 1021 420 et
1037 398 1092 420 re-

56 432 59 459 3
107 438 298 482 petitiones
327 442 426 469 erant
455 435 587 469 multae
617 435 706 468 aliae
737 436 970 476 ceremoniae,
1002 436 1092 470 sicut

108 485 195 522 haec
216 488 291 532 ipsa
311 486 477 527 servitus,
512 497 573 519 seu
594 485 739 520 traditio
762 486 1091 531 primogenitorum.

41 565 47 572 .
106 536 202 572 Haec
217 549 315 578 vere,
341 543 380 571 ut
395 537 433 570 in
449 537 526 570 foro
538 563 547 577 ‚
571 536 810 570 testimonium
828 545 900 572 erat
917 544 1090 576 mutuum,

49 607 51 609 ·
106 599 177 634 quo
201 588 452 622 ostendebatur
467 587 584 621 Deum
608 598 680 620 esse
703 587 886 621 dominum
905 585 1009 621 huius
1026 600 1090 632 po-

104 638 201 683 puli,
226 645 261 672 et
282 636 378 671 hunc
404 638 575 683 populum
599 649 670 671 esse
687 639 870 682 proprium
889 637 973 677 Dei,
1001 639 1090 672 sicut

105 688 252 723 traditio
276 701 466 735 puerorum
491 689 584 733 apud
602 687 735 722 Turcas
760 684 960 723 domin'ium
980 689 1088 733 signi-

104 738 196 775 sicat.

205 789 388 830 Secundo,
421 797 462 826 ut
490 797 607 824 autem
640 790 789 824 dominii
821 790 910 824 ratio
933 789 1085 834 primum

102 836 192 874 haec
214 842 477 886 complectitur,
506 840 702 875 Dominum
729 842 882 885 recipere
907 839 1000 874 hunc
1025 852 1088 884 po-

101 890 250 935 pulum,
276 892 458 933 exaudire,
485 892 637 933 salvare,
663 892 710 926 ita
736 904 753 925 e
778 892 918 935 regione
939 891 1087 925 servitus

42 941 45 958 ³
103 940 322 985 significabat
345 943 461 977 debita
483 943 609 976 officia.
649 942 821 976 Discenda
847 950 879 976 et
904 942 1086 975 retinenda

102 999 154 1026 est
177 993 336 1027 doctrina
358 992 445 1035 Dei,
476 1000 509 1027 et
534 993 564 1026 ei
588 993 847 1031 obediendum,
878 992 1086 1027 instituendi

100 1031 206 1076 liberi
223 1045 266 1076 ad
284 1044 498 1084 doctrinam,
525 1055 670 1087 corpora
689 1051 721 1077 et
739 1045 916 1077 facultates
933 1043 1086 1077 serviant

100 1092 140 1125 in
174 1093 285 1135 bello,
319 1101 352 1127 et
382 1095 468 1127 alibi
499 1095 542 1126 ad
572 1095 873 1129 conservationem
896 1094 1086 1127 doctrinae.

99 1141 205 1177 Hanc
220 1156 292 1177 esse
308 1145 392 1187 legis
406 1145 613 1178 sententiam
624 1144 719 1178 Deus
731 1145 805 1189 ipse
821 1151 976 1185 testatur,
1003 1145 1085 1189 quia

101 1193 238 1238 inquit:
265 1194 450 1229 Debentur
466 1192 554 1227 mihi
571 1196 687 1229 omnia
705 1196 949 1239 primogenita,
973 1195 1085 1237 delegi

101 1241 194 1277 mihi
217 1256 281 1289 pro
303 1246 374 1279 illis
397 1246 530 1279 tribum
546 1245 644 1279 Levi.
698 1245 864 1290 Requirit
888 1257 969 1287 ergo
986 1257 1085 1288 prae-

101 1294 204 1339 cipue
233 1296 347 1329 osficia
377 1296 636 1328 conservandae
664 1296 853 1328 doctrinae.
922 1295 1018 1327 Haec
1049 1296 1085 1327 in

100 1355 237 1378 summa
268 1345 323 1378 lex
353 1346 396 1379 de
422 1345 664 1389 primogenitis
693 1346 879 1388 significat,
923 1345 1086 1378 videlicet

97 1395 271 1439 populum
304 1396 532 1440 peculiarem,
573 1396 744 1429 delectum
773 1402 813 1429 ut
843 1395 1014 1436 salvetur,
1053 1401 1087 1428 et

97 1456 180 1479 vere
197 1446 347 1480 celebret
364 1445 489 1480 Deum.

98 1604 244 1642 propter
272 1610 375 1643 quem
409 1599 653 1642 principaliter
675 1597 750 1632 Deo
773 1598 885 1631 dicata
907 1605 990 1631 sunt
1014 1597 1086 1640 pri-

97 1648 294 1692 mogenita,
321 1649 483 1682 videlicet
498 1648 684 1689 Messiam,
709 1648 770 1693 qui
788 1655 836 1681 est
852 1648 987 1691 primus
1003 1645 1085 1680 hae-

97 1709 172 1739 res,
198 1705 342 1743 propter
357 1711 460 1744 quem
479 1699 604 1732 caeteri
622 1699 853 1742 recipiuntur.
905 1697 1005 1730 Hanc
1022 1698 1086 1730 ‹lo-

97 1900 255 1945 genitum
279 1900 380 1934 illum
404 1900 652 1945 praecipuum,
679 1907 822 1944 propter
842 1911 944 1944 quem
963 1911 1085 1932 omnes

97 1951 369 1995 significationes
404 1951 586 1985 institutae
621 1951 776 1986 suerunt.
843 1950 943 1985 Sicut
979 1950 1083 1983 etiam

97 2001 254 2046 Spiritus
287 2008 425 2036 sanctus
456 2002 531 2046 ipse
560 2008 723 2043 testatur,
755 1998 851 2035 hunc
881 2012 954 2034 esse
982 2000 1083 2034 illum

97 2053 395 2097 primogenitum,
437 2053 527 2086 sicut
557 2064 635 2086 eum
665 2052 886 2097 praedicant,
925 2050 1084 2092 Simeon,

98 2103 223 2143 Anna,
246 2109 279 2136 et
296 2103 369 2136 alii.

199 2152 273 2187 Iam
298 2149 356 2186 hic
379 2152 573 2193 discamus,
599 2165 665 2188 nos
680 2153 828 2187 insertos
843 2154 944 2188 oleae
958 2152 1083 2196 populi

96 2201 184 2245 Dei,
215 2209 249 2237 et
278 2203 387 2237 factos
417 2200 626 2237 cohaeredes
657 2202 806 2243 Christi,
841 2211 872 2237 et
896 2203 1080 2247 proprium

96 2254 268 2300 populum
286 2254 372 2293 Dei,
398 2255 504 2288 modo
528 2261 566 2288 ut
588 2254 791 2288 invocemus
808 2266 886 2287 eum
903 2254 997 2287 iuxta
1014 2250 1082 2286 hoc

97 2306 265 2344 verbum,
300 2305 338 2338 in
370 2317 440 2350 quo
471 2316 506 2338 se
535 2305 715 2349 patefecit,
749 2305 876 2338 debere
908 2304 990 2338 item
1017 2314 1082 2336 nos

98 2363 190 2391 certa
211 2355 345 2397 officia,
370 2356 503 2389 discere
524 2355 740 2397 doctrinam,
766 2355 910 2388 obedire
927 2354 976 2394 ei,
1003 2366 1081 2387 cor-

97 2418 184 2452 pora
201 2413 236 2441 et
252 2418 306 2441 res
320 2406 448 2441 offerre
463 2407 507 2440 ad
524 2406 704 2440 doctrinae
718 2405 1030 2440 conservationem.

483 2507 530 2531 De
560 2508 692 2539 quarto.

202 2557 252 2594 Ut
274 2570 375 2603 saepe
397 2558 483 2592 alias
498 2559 631 2593 dictum
647 2565 716 2599 est,
743 2556 943 2592 testimonia
962 2556 1083 2590 obser·

27 2573 90 2615 ἓν

797 93 1187 132 ANNOTATIONES
1215 95 1264 131 IN
1291 95 1589 136 EVANGELIA.

202 1495 271 1530 Sed
294 1494 351 1530 hic
374 1498 576 1531 addendum
602 1504 668 1538 est,
703 1496 741 1530 in
766 1493 833 1530 hoc
859 1496 989 1541 populo
1014 1507 1086 1529 esse
1110 1500 1111 1527 1

99 1547 278 1593 quendam
306 1548 582 1592 primogenitum
614 1548 780 1581 omnibus
809 1547 1086 1585 antecellentem,
1110 1585 1112 1594 Ι

99 1749 249 1783 ctrinam
281 1750 324 1782 de
351 1748 481 1783 Messia
512 1749 644 1793 optime
667 1749 885 1792 intelligebat
909 1747 1024 1781 Maria
1048 1748 1085 1780 in
1110 1755 1111 1775 ἒ

98 1799 280 1834 oblatione
298 1799 541 1844 primogeniti,
569 1799 717 1844 ideoque
735 1799 974 1842 principaliter
991 1798 1086 1832 venit
1110 1807 1111 1841 ᾖ

98 1850 138 1884 in
162 1850 352 1894 templum,
375 1856 414 1884 ut
438 1850 511 1894 ipsa
536 1856 722 1884 testaretur
744 1847 840 1882 hunc
860 1860 931 1882 esse
950 1849 1085 1893 primo-
1108 1861 1111 1887 ᾳ

100 2615 229 2644 ventur
251 2611 296 2646 de
318 2616 403 2644 nato
418 2608 570 2651 Messia,
595 2616 635 2644 ut
655 2609 741 2642 fides
765 2615 883 2643 nostra
899 2607 1084 2641 confirme-

101 2665 177 2702 tur,
202 2660 284 2707 quia
298 2659 394 2697 Deus
417 2659 494 2696 vult
509 2657 702 2695 Ecclesiam
728 2657 858 2694 babere
880 2665 973 2693 certa
988 2657 1084 2692 testi·

2059 107 2137 143 454

1149 182 1280 216 monia.
1340 182 1455 220 Antea
1484 187 1629 223 fuerunt
1655 193 1757 223 testes
1780 187 1985 233 Zacharias,
2015 188 2133 226 Elisa-

1144 230 1248 274 beth,
1288 232 1436 278 AngeH,
1473 235 1617 280 Ioseph,
1660 237 1837 282 Pastores,
1873 241 1988 285 Magi:
2033 255 2128 277 nunc

1143 282 1287 318 Simeon
1310 291 1343 318 et
1360 285 1466 318 Anna
1487 289 1675 328 accedunt,
1701 297 1739 323 ut
1756 291 1823 325 late
1840 299 2025 339 spargatur
2043 293 2127 328 arti-

1142 333 1259 373 culus,
1285 336 1379 380 quod
1397 342 1499 369 natus
1517 336 1561 372 sit
1577 336 1734 373 Messias.

1525 453 1572 478 De
1608 453 1739 485 quinto.

1241 508 1409 544 Doctrina
1427 512 1578 546 traditur
1595 513 1631 545 in
1649 513 1750 546 dictis
1766 511 1940 548 Simeonis
1957 516 2000 549 de
2016 528 2123 561 regno

1139 557 1289 599 Christi,
1316 568 1415 595 vocat
1430 560 1611 596 Christum
1635 564 1786 597 salutare
1802 575 1904 598 suum
1916 590 1926 605 ‚
1953 574 2052 601 vocat
2068 568 2125 601 lu-

1139 622 1220 643 men
1244 612 1287 644 ad
1310 612 1562 646 revelationem
1585 614 1760 656 gentium,
1785 615 1821 647 id
1838 621 1904 656 est,
1931 617 2050 650 lumen
2067 617 2123 651 lu-

1138 673 1219 694 cens
1241 662 1422 705 gentibus,
1454 675 1513 696 seu
1541 664 1710 707 praebens
1734 665 1844 698 lucem
1869 667 2050 710 gentibuS,
2085 675 2123 702 ut

1139 712 1283 745 videant
1302 711 1427 746 Deum.

1241 777 1409 821 lntelligit
1443 786 1558 813 autem
1591 781 1755 821 salutare,
1795 793 1868 814 non
1899 783 1942 815 de
1972 784 2120 828 imperio

1137 830 1336 870 mundano,
1363 830 1422 862 sed
1452 831 1495 862 de
1519 842 1599 864 vera
1622 831 1753 870 salute,
1780 844 1848 876 qua
1872 830 1967 866 Deus
1989 835 2121 870 abolito

1137 887 1298 924 peccato,
1324 886 1358 913 et
1381 879 1511 914 abolita
1530 888 1660 919 morte,
1687 882 1839 915 restituit
1855 894 1934 916 vera
1950 884 2062 926 bona,
2089 893 2122 919 et

1137 931 1185 963 sic
1210 931 1252 963 de
1275 930 1437 973 gentibus
1456 931 1628 975 loquitur:
1659 931 1790 965 Gentes
1805 930 1986 967 habituras
2002 934 2122 969 lumen

1136 979 1339 1023 Evangelii,
1374 980 1412 1014 in
1439 993 1510 1026 quo
1527 980 1642 1015 Deum
1668 990 1871 1026 agnoscent,
1904 991 1937 1019 et
1963 996 2044 1019 vere
2065 986 2122 1019 in-

1110 1042 1113 1074 Ῑ
1137 1032 1322 1065 vocabunt.

1534 1134 1580 1159 De
1609 1134 1720 1158 sexto.

1239 1192 1394 1228 Additur
1411 1201 1444 1228 et
1462 1194 1620 1227 doctrina
1638 1195 1681 1227 de
1697 1206 1815 1235 cruce,
1840 1206 1880 1228 ex
1896 1207 1966 1242 qua
1986 1198 2122 1246 perspi·

1136 1255 1240 1277 cuum
1266 1251 1315 1277 est
1337 1256 1453 1278 senem
1476 1245 1689 1286 intelligere,
1719 1242 1855 1279 Christi
1876 1258 2022 1290 regnum
2048 1261 2122 1282 non

1110 1294 1210 1334 {fore
1242 1294 1446 1337 politicum,
1482 1295 1562 1338 quia
1592 1295 1693 1332 dicit,
1730 1294 1864 1329 Multos
1888 1298 1918 1329 ei
1943 1299 2123 1332 contradi-

1110 1341 1112 1368 ἷ
1137 1350 1254 1377 cturos
1285 1356 1373 1384 esse,
1407 1351 1440 1378 et
1463 1344 1589 1378 alludit
1615 1345 1656 1377 ad
1680 1345 1772 1378 dicta
1796 1345 2053 1389 Prophetarum
2080 1351 2124 1382 de

1135 1394 1296 1438 passione
1314 1392 1458 1428 Christi.
1510 1394 1632 1427 Postea
1655 1395 1753 1428 addit
1775 1403 1921 1429 matrem
1941 1397 1977 1430 in
1997 1410 2122 1441 magno

1136 1444 1259 1477 dolore
1275 1444 1430 1478 futuram
1447 1456 1519 1478 esse
1531 1471 1539 1485 ,
1567 1444 1714 1484 scilicet,
1743 1446 1823 1490 quia
1841 1447 1974 1482 videbit
1992 1447 2123 1483 Filium

1137 1494 1303 1537 crucifigi.

1238 1551 1424 1586 Caeterum
1454 1559 1566 1586 mater
1588 1553 1720 1598 ubique
1743 1562 1979 1602 repraesentat
2002 1554 2123 1591 Eccle-

1110 1603 1112 1630 ἱ
1137 1603 1245 1641 siam,
1278 1603 1378 1636 cuius
1401 1603 1608 1636 afflictiones
1632 1601 1689 1637 hic
1714 1606 1925 1648 pinguntur,
1959 1619 2037 1640 cum
2059 1608 2122 1642 ait:

1136 1652 1304 1687 Animam
1329 1659 1424 1686 tuam
1451 1654 1650 1697 penetrabit
1675 1655 1829 1696 gladius,
1857 1657 1940 1689 dum
1962 1657 2122 1690 revelan-

1110 1700 1111 1747 ]
1137 1710 1194 1737 tur
1217 1703 1446 1746 cogitationes
1469 1703 1650 1744 cordium,
1676 1704 1711 1736 id
1736 1712 1803 1749 est,
1832 1707 1917 1739 dnm
1938 1718 1973 1739 se
1989 1708 2122 1750 profert

1137 1761 1169 1787 et
1195 1753 1349 1787 ostendit
1375 1753 1535 1796 impietas
1559 1761 1658 1787 antea
1684 1761 1770 1788 tecta
1795 1757 1908 1800 specie
1933 1758 2122 1801 sapientiae

1136 1811 1169 1837 et
1192 1804 1359 1838 iusticiae‚
1413 1803 1512 1838 Sicut
1535 1805 1702 1837 acerrime
1719 1807 1871 1840 oderunt
1887 1805 2121 1851 Evangelium

1135 1852 1298 1888 homines
1322 1853 1482 1888 fascinati
1507 1854 1739 1888 admiratione
1764 1867 1846 1889 suae
1874 1858 2065 1901 sapientiae
2089 1866 2121 1893 et

1136 1905 1312 1943 iusticiae‚
1345 1910 1386 1938 ut
1409 1904 1541 1938 dictum
1568 1912 1633 1939 est:
1663 1904 1811 1939 Perdam
1836 1907 2041 1952 sapientiam
2066 1921 2121 1942 sa·

1134 1955 1309 2000 pientum.

1161 2062 1390 2097 Eiusdem
1412 2061 1641 2097 historiae
1662 2061 1823 2098 brevis
1846 2065 2095 2100 enarratio.

1289 2138 1316 2173 1.
1369 2139 1423 2172 De
1439 2139 1639 2173 obedientia
1657 2143 1862 2184 praestanda
1878 2143 2084 2180 ministerio.

1288 2189 1333 2223 ll.
1387 2189 1606 2223 Testimonia
1624 2192 1666 2224 de
1683 2197 1765 2224 nato
1783 2190 1933 2228 Christo.

1286 2239 1352 2274 Ill.
1405 2239 1592 2274 Canticum
1611 2242 1795 2276 Simeonis⁴

1286 2290 1368 2326 IllI.
1408 2289 1462 2326 De
1481 2281 1734 2335 persectitione,

1104 2391 1108 2431 Ι
1524 2390 1567 2414 De
1592 2389 1714 2420 primo.

1234 2452 1333 2487 Duae
1348 2452 1438 2495 leges
1453 2448 1510 2485 hic
1523 2451 1798 2486 considerandae
1814 2460 1905 2492 sunt,
1933 2466 2021 2499 quae
2037 2466 2117 2500 gra-

1133 2503 1310 2537 vissimam
1334 2502 1532 2536 doctrinam
1550 2502 1750 2537 continent:
1779 2502 1882 2536 Prior
1898 2505 1941 2537 de
1962 2505 2115 2540 immun-

1132 2554 1220 2589 ditia
1252 2564 1462 2598 puerperae,
1495 2551 1673 2586 Posterior
1695 2554 1738 2585 de
1762 2554 2006 2600 primogenitis
2029 2569 2114 2590 con-

1133 2605 1273 2639 secratis
1290 2605 1375 2639 Deo.
1428 2603 1531 2637 Prior
1558 2603 1612 2635 lex
1635 2602 1761 2636 diserte
1784 2603 1942 2648 loquitur
1966 2607 2009 2640 de
2031 2615 2114 2642 nato

1133 2668 1175 2690 ex
1199 2656 1294 2690 virili
1317 2652 1606 2718 semine,*Levit.
1627 2654 1683 2687 12.
1704 2660 1736 2687 et
1752 2653 1921 2698 significat
1936 2657 2031 2691 nasci
2049 2655 2114 2692 ho-
