2409 2915
111 114 181 150 169

106 207 197 241 quae
213 201 263 229 est
278 207 461 240 oppressa,
487 195 690 240 praesertim
710 206 788 228 cum
807 195 970 228 veniente
989 195 1086 229 Mes-

107 247 157 281 sia
172 259 294 280 omnes
312 247 400 280 laeta
417 252 647 290 expectarent.

211 305 320 347 Item,
352 307 394 339 de
417 304 598 338 erroribus
622 305 765 337 fuerunt
793 305 948 337 edendae
983 316 1084 348 prae·

107 357 295 396 dictiones,
321 363 359 390 ut
380 366 438 388 eos
460 367 680 398 caveremus,
709 362 747 389 ut
775 367 854 388 cum
872 355 1002 388 Paulus
1026 354 1084 395 ait,

107 405 387 441 Prohibitionem
405 406 559 449 coniugii
579 417 650 439 esse
665 405 861 439 doctrinam
880 405 1084 439 daemonio-

106 470 206 498 rum,
233 468 292 490 seu
317 469 396 490 cum
414 455 574 491 Christus
599 457 664 497 ait,
699 455 740 489 ln
763 457 894 501 templo
923 457 998 490 fore
1021 457 1083 490 de-

106 507 311 542 solationem
330 507 616 541 abominandam.

206 573 312 613 ltem,
353 581 490 608 sanctos
517 573 674 618 oportuit
708 574 947 618 praemoneri,
988 575 1083 619 quod

103 625 183 658 finis
198 625 417 658 miseriarum
436 625 576 658 futurus
593 625 654 663 sit,
681 636 726 658 ne
747 625 982 669 desperarent.

204 692 312 734 Item,
350 691 604 736 praedictiones
627 692 671 724 de
693 689 907 724 monarchiis
928 698 1010 725 sunt
1034 699 1084 726 te-

101 742 285 782 stimonia,
322 755 411 788 quae
435 743 586 785 probant
608 742 805 776 doctrinam
832 740 937 776 liuius
963 742 1083 787 populi

101 795 258 829 divinam
281 805 363 826 esse.
415 792 522 834 Item,
550 794 743 827 admonent
767 800 903 827 sanctos
928 794 970 827 de
995 801 1083 827 tem—

101 857 186 889 pore
204 846 377 878 adventus
396 844 592 888 utriusque.

203 910 275 945 Has
299 922 416 944 causas
440 909 719 953 praedictionum
742 909 1020 950 consideremus,
1046 916 1081 943 et

101 969 240 996 nostros
257 962 395 994 animos
409 960 619 1003 cogitatione
637 960 858 993 certitudinis
869 972 1079 993 earumcon-

101 1013 299 1052 firmemus,
333 1019 370 1044 nt
389 1022 623 1054 repugnemus
642 1011 779 1054 impiis,
812 1018 843 1044 et
861 1018 1079 1054 expectemus

100 1063 365 1102 liberationem,
398 1074 502 1106 quam
535 1061 629 1104 ipsae
656 1061 868 1095 mutationes
890 1072 1077 1104 regnorum

99 1114 313 1157 significant,
348 1124 420 1146 non
445 1111 568 1155 procul
594 1112 722 1146 abesse.
785 1111 910 1145 Daniel
935 1118 1080 1145 testatur

100 1165 276 1198 destructa
306 1169 427 1208 quarta
454 1159 660 1195 monarchia
683 1169 870 1196 venturum
896 1162 1079 1196 iudiciuin.

98 1213 263 1249 Ezechiel
285 1220 431 1247 testatur
460 1213 564 1256 paulo
587 1219 666 1245 ante
690 1219 883 1246 extremum
908 1213 1078 1246 iudicium

101 1263 182 1308 Gog
202 1273 235 1299 et
252 1264 380 1307 Magog
404 1261 458 1309 (id
488 1269 557 1303 est,
590 1269 708 1306 gentes
732 1261 930 1308 Scythicas)
955 1275 1077 1307 perva-

99 1322 250 1349 staturos
265 1325 337 1347 esse
354 1312 565 1353 Ecclesiam,
600 1314 695 1358 quod
725 1313 792 1346 iam
818 1313 1001 1347 manifeste
1025 1314 1078 1346 fa-

99 1366 198 1399 ciunt
215 1364 324 1399 Turci
337 1391 346 1405 ‚
372 1371 405 1398 et
422 1363 579 1397 celeritas
596 1374 718 1397 cursus
734 1376 874 1404 eorum,
889 1375 927 1396 ac
942 1364 1078 1407 magni-

98 1417 185 1450 tudo
201 1426 419 1449 successuum
443 1413 613 1457 significat
634 1414 825 1447 accelerare
847 1415 1077 1448 novissimum

98 1467 204 1500 diem.
244 1464 290 1500 Et
307 1477 395 1510 pene
410 1465 623 1508 completum
641 1472 690 1498 est
707 1472 843 1509 tempus
860 1466 1075 1509 praedictum

98 1518 143 1551 ab
158 1515 252 1550 Elia:
280 1516 347 1551 Sex
365 1515 476 1548 millia
495 1516 664 1556 mundus,
693 1522 726 1549 et
742 1523 858 1560 postea
877 1517 1076 1551 destructio.

199 1583 296 1617 Sicut
316 1583 422 1626 igitur
436 1578 598 1615 Christus
623 1583 666 1615 de
681 1581 772 1615 Vere
799 1583 864 1623 ait,
900 1584 1077 1617 coniectu-

99 1646 172 1668 ram
208 1633 282 1665 fieri
316 1645 356 1666 cx
390 1632 478 1670 ficu,
520 1632 568 1665 ita
604 1633 792 1665 collatione
822 1631 1077 1677 Prophetarum

99 1696 164 1718 nos
189 1685 441 1716 admoneamus
466 1682 508 1714 de
534 1682 602 1714 fine
625 1683 769 1723 mundi,
803 1694 863 1716 seu
890 1685 932 1716 de
960 1685 1079 1717 novis-

98 1735 187 1768 simo
210 1733 349 1766 iudicio.
411 1731 506 1765 Ilaec
530 1733 573 1764 de
597 1733 897 1776 praedictionibus
919 1734 1005 1766 utile
1030 1741 1077 1767 est

98 1785 266 1827 cogitare,
293 1790 332 1816 ut
349 1782 460 1815 animi
477 1789 744 1825 praeparentur,
772 1790 804 1816 et
828 1785 1080 1818 confirmentur

98 1835 135 1868 in
150 1835 234 1875 fide,
258 1833 453 1866 excitentur
468 1833 511 1865 ad
532 1832 694 1866 timorem
713 1840 746 1867 et
764 1834 1015 1870 obedientiam.

198 1900 347 1944 Quarto.
384 1899 570 1943 Praecepta
590 1901 692 1933 etiam
710 1901 987 1937 considerentur.
1021 1901 1078 1935 Si-

97 1952 235 1997 gnificat
259 1950 420 1985 Christus
449 1951 626 1992 futurum,
659 1958 697 1984 ut
721 1958 896 1996 postremo
919 1959 1077 1996 tempore
1100 1980 1101 1985 ,

99 2009 272 2042 crescant,
299 2002 419 2042 luxus,
443 2001 606 2045 superbia
626 2009 656 2035 et
673 2002 833 2035 avaricia.
888 2002 926 2035 Id
947 2003 1019 2036 fieri
1039 2003 1074 2035 in

98 2060 281 2096 conspectu
300 2059 361 2087 est.
390 2051 471 2085 Ideo
491 2059 693 2096 praemonet
703 2050 874 2096 Christus,
891 2053 1054 2098 inquiens
1075 2067 1080 2086 :
1099 2081 1100 2088 ,

97 2104 225 2138 Cavete
245 2115 289 2136 ne
304 2103 407 2136 corda
425 2109 535 2136 vestra
552 2109 742 2145 graventur
765 2105 926 2148 crapula,
963 2105 1076 2137 ebrie-

97 2162 184 2194 tate,
211 2161 243 2187 et
262 2154 354 2186 curis
370 2153 491 2186 victus.

200 2211 400 2246 Secundum
419 2218 638 2255 praeceptum
658 2213 701 2245 de
717 2213 894 2253 oratione,
916 2213 1076 2247 dulcissi-

98 2274 190 2296 mam
211 2261 487 2296 consolationem
507 2262 679 2302 continet,
716 2263 796 2307 quia
816 2270 962 2297 testatur
979 2267 1076 2299 miti-

97 2313 170 2358 gari
187 2313 399 2346 calamitates
417 2312 586 2345 oratione.
638 2311 706 2345 Sed
724 2314 988 2348 meminerimus
1004 2329 1075 2349 uon

97 2375 197 2409 posse
230 2364 344 2398 Deum
387 2363 543 2396 invocari
584 2363 672 2395 mala
708 2365 931 2399 conscientia.
994 2367 1076 2401 ldeo

98 2416 230 2459 agenda
251 2421 299 2447 est
314 2414 548 2458 poenitentia,
575 2420 607 2446 et
625 2415 802 2456 urgendus
818 2427 939 2448 cursus
964 2418 1076 2451 bonae

99 2465 331 2499 conscientiae
356 2465 391 2497 in
416 2465 503 2504 fide,
538 2477 582 2497 ne
608 2465 849 2508 opprimamur
875 2467 1075 2509 ingentibus

97 2517 211 2550 ruinis
224 2516 388 2560 postremi
410 2516 595 2558 temporis,
622 2517 827 2559 praesertim
853 2529 930 2550 cum
955 2519 1074 2553 videa..

97 2578 176 2602 mus
201 2568 267 2600 iarn
292 2566 327 2599 in
355 2573 541 2609 conspectu
566 2574 760 2609 grassantes
781 2566 860 2610 Gog
883 2575 914 2601 et
934 2568 1073 2614 Magog,

97 2619 157 2662 qui
175 2619 292 2651 delere
309 2615 500 2650 Ecclesiam
517 2617 677 2651 funditus
696 2627 879 2654 conantur.
934 2618 1070 2655 Adver-

98 2679 154 2702 sus
170 2666 234 2703 hos
251 2668 456 2702 dimicemus
473 2667 642 2702 oratione.

649 111 730 148 XII.
770 109 1162 147 ANNOTATIONES
1191 111 1240 146 IN
1267 112 1568 149 EVANGELIA.

1100 2330 1102 2346 t

2045 119 2115 154 170

1337 195 1552 236 Dominica
1581 198 1653 238 111.
1683 197 1917 240 Adventus.

1396 265 1628 310 Evangelium
1649 267 1776 304 Matth.
1797 272 1854 305 11.

1184 326 1278 366 Cum
1297 330 1460 366 audisset
1478 336 1634 367 Ioannes
1646 334 1683 367 in
1694 348 1829 370 carcere
1839 338 1950 386 sacta
1960 334 2114 379 Christi,

1232 382 1356 417 missis
1391 381 1531 417 duobus
1556 382 1749 430 discipulis
1769 388 1864 429 suis,
1907 386 2005 422 dixit
2035 388 2114 422 illi.-

1234 431 1294 466 Tu
1313 445 1348 467 es
1366 432 1430 467 ille
1447 434 1512 481 qui
1528 439 1696 468 venturus
1713 441 1780 477 est,
1810 450 1859 470 an
1877 438 2033 472 alterum
2050 451 2113 474 et·-

1233 484 1445 530 pectamus?
1471 483 1523 517 Et
1543 483 1762 531 respondens
1778 489 1877 521 Iesus
1893 486 1989 522 dia-it
2013 489 2113 523 illis:

1236 532 1294 568 Ite
1319 539 1348 568 et
1373 535 1578 569 renunciate
1602 534 1747 570 Ioanni
1768 549 1826 579 ea,
1859 550 1951 585 quae
1975 538 2114 573 auditis

1233 589 1263 618 et
1284 583 1428 619 tidelis:
1454 581 1562 619 Coeci
1577 586 1691 620 visum
1717 587 1910 634 recipiunt,
1937 593 1966 622 et
1990 588 2117 622 claudi

1235 635 1449 677 ambulant,
1482 634 1642 684 Leprosi
1663 637 1911 680 mundantur,
1956 645 1985 672 et
2009 638 2116 673 surdi

1235 685 1411 727 audiunt,
1446 686 1598 720 ,illortui
1623 688 1848 731 excitantur,
1886 695 1915 723 et
1937 702 2113 737 pauperes

1236 736 1371 771 laetum
1396 738 1577 785 accipiunt
1595 737 1800 784 Evangelii
1822 741 2006 775 nuncium.
2060 739 2114 773 Et

1234 787 1360 822 beatus
1392 793 1441 821 est
1470 788 1637 836 quisquis
1659 801 1730 822 non
1745 789 1865 837 suerit
1890 789 2050 840 offensus
2075 792 2112 825 in

1232 850 1298 873 me.
1359 837 1550 872 Euntibus
1583 844 1703 872 autem
1738 839 1835 881 illis,
1871 843 1982 888 coepit
2007 840 2113 875 lesus

1234 887 1347 923 dicere
1363 889 1479 923 turbis
1497 888 1538 923 de
1549 888 1707 923 Ioanne.-
1725 888 1832 937 Quid
1845 891 1974 925 existis
1994 892 2031 924 in
2053 891 2112 926 de-

1231 945 1365 973 sertum
1383 945 1420 973 ut
1441 939 1633 974 rideretis?
1651 939 1753 976 qum
1771 940 2002 981 arundinem,
2020 955 2111 989 quae

1231 991 1400 1036 agitatur
1416 1005 1439 1024 a
1458 991 1586 1024 sento?
1620 990 1715 1037 Age,
1748 991 1842 1039 quid
1854 992 1982 1026 existis
2000 997 2037 1025 ul
2062 993 2113 1025 ci-

1233 1039 1387 1075 deritis?
1419 1040 1519 1076 qum
1544 1040 1725 1075 honzinem
1751 1041 1926 1077 mollibus
1958 1042 2112 1077 testibus

1232 1092 1404 1126 amictum
1415 1092 1433 1123 P
1467 1091 1559 1126 Ecce
1576 1094 1641 1140 qui
1663 1092 1794 1126 mollia
1816 1099 1962 1139 gestant
1989 1094 2026 1127 in
2049 1092 2112 1127 do-

1231 1143 1349 1177 mibus
1380 1156 1502 1189 regum
1528 1149 1625 1179 sunt.
1685 1142 1750 1185 At,
1789 1143 1883 1191 quid
1905 1145 2033 1178 aristis
2060 1144 2111 1177 si-

1233 1192 1340 1227 dere?>
1373 1192 1475 1228 qum
1492 1191 1742 1241 Prophetmn?
1774 1192 1876 1229 Certe
1894 1193 1972 1230 dico
2001 1194 2110 1235 robis,

1231 1249 1261 1276 et
1288 1244 1574 1278 excellentiorem:
1594 1242 1792 1292 Propheta.
1843 1245 1916 1280 Hic
1940 1250 1990 1279 est
2017 1245 2109 1278 enim

1232 1292 1274 1327 de
1291 1308 1362 1342 quo
1377 1295 1550 1342 scriptum
1579 1300 1648 1329 est:
1683 1294 1776 1330 Ecce
1801 1308 1864 1342 ego
1884 1297 1988 1330 mitto
2015 1308 2110 1329 nun-

1231 1345 1324 1378 cium
1341 1357 1457 1378 meum
1472 1351 1556 1379 ante
1565 1346 1705 1394 faciem
1724 1351 1824 1379 tuam
1837 1374 1846 1388 ,
1874 1347 2109 1395 quipraepa-

1232 1400 1381 1430 miurus
1395 1401 1445 1430 est
1461 1397 1556 1430 viam
1576 1401 1676 1430 tuam
1694 1401 1778 1430 ante
1797 1402 1837 1433 te.

1179 1479 1350 1528 Quinque
1364 1488 1445 1515 sunt
1463 1482 1540 1516 loci.

1284 1549 1309 1582 l.
1338 1548 1597 1582 Testimonium
1613 1549 1805 1585 doctrinae.

1283 1598 1328 1635 ll.
1356 1598 1408 1632 De
1425 1600 1588 1632 scandalo
1615 1599 1759 1641 Crucis,
1788 1607 1821 1634 et
1845 1600 1958 1648 specie
1975 1597 2108 1634 Christi

1335 1657 1366 1682 et
1383 1649 1568 1684 Ecclesiae.

1285 1699 1347 1732 ΙΙΙ.
1377 1699 1429 1732 De
1447 1700 1561 1731 officio
1579 1700 1814 1733 etconstantia
1827 1699 2109 1735 Concionatoris.

1281 1750 1341 1783 1V.
1371 1748 1423 1782 De
1441 1749 1556 1782 officio
1575 1747 1762 1789 Iohannis,
1790 1758 1821 1784 et
1841 1751 2029 1785 collatione
2051 1750 2106 1784 Io-

1338 1801 1439 1833 annis
1456 1807 1488 1833 et
1505 1798 1648 1835 Christi.

1299 1850 1341 1885 V.
1367 1849 1419 1883 De
1436 1851 1638 1883 discrimine
1659 1848 1796 1884 Veteris
1819 1861 1857 1883 ac
1876 1849 1966 1883 Novi
1983 1851 2107 1884 Testa-

1330 1901 1451 1933 menti.
1510 1900 1582 1934 Lex
1618 1908 1652 1935 et
1686 1899 1883 1946 Prophetae
1918 1914 2028 1947 usque
2063 1903 2106 1935 ad

1332 1950 1513 1984 loannem.

1484 2016 1506 2040 D
1526 2023 1540 2040 e
1584 2024 1600 2047 p
1623 2023 1636 2040 r
1655 2017 1662 2041 ἰ
1682 2023 1705 2040 m
1726 2023 1748 2041 o.

1229 2061 1401 2096 Miracula
1422 2068 1587 2104 perpetua
1616 2062 1722 2094 totius
1736 2060 1910 2094 Ecclesiae
1936 2061 2105 2094 intuenda

1128 2119 1221 2148 sunt.
1275 2111 1320 2146 Et
1339 2123 1541 2157 quanquam
1561 2113 1651 2155 apud
1675 2118 1794 2155 gentes
1821 2112 2022 2145 acciderunt
2048 2111 2104 2143 in-

1131 2165 1266 2197 terdum
1285 2164 1454 2208 quaedam
1483 2162 1667 2203 inusitata,
1701 2169 1815 2195 tamen
1841 2174 2021 2205 nunqnam
2046 2173 2104 2194 ex-

1129 2223 1180 2248 tra
1207 2213 1400 2248 Ecclesiam
1423 2214 1510 2246 sacta
1536 2219 1586 2245 est
1622 2212 1838 2246 resuscitatio
1870 2219 2104 2247 mortuorum.

1131 2268 1214 2299 Item
1249 2265 1414 2298 miracula
1446 2262 1582 2297 ethnica
1617 2275 1798 2308 nunquam
1824 2263 1967 2296 suerunt
1989 2274 2104 2295 serva-

1129 2317 1241 2351 tiones
1257 2316 1490 2356 universales,
1512 2315 1601 2347 sicut
1617 2314 1766 2347 servatio
1784 2311 1922 2351 Noliae‚
1941 2320 1998 2346 aut
2016 2314 2102 2345 edu-

1128 2369 1195 2402 ctio
1212 2381 1251 2401 ex
1270 2367 1449 2412 Aegypto,
1477 2373 1536 2399 aut
1556 2372 1720 2408 perpetua
1745 2364 1962 2397 conservatio
1979 2362 2102 2396 Eccle-

1127 2421 1197 2453 siae
1222 2420 1313 2451 inter
1337 2424 1451 2451 tantas
1476 2416 1656 2460 procellas.
1709 2415 1845 2457 Allegat
1870 2414 1974 2457 igitur
1994 2411 2102 2446 Chri—

1127 2479 1198 2505 stus
1217 2469 1404 2508 miracula,
1430 2474 1469 2501 ut
1486 2467 1707 2500 confirmaret
1723 2466 1919 2501 auditores,
1953 2461 1999 2496 Et
2018 2463 2100 2508 quia

1127 2518 1323 2565 Prophetae
1347 2519 1607 2563 praedixerant,
1635 2516 1797 2550 Messiam
1820 2513 1903 2547 haec
1930 2514 2099 2548 miracula

1125 2574 1297 2606 facturum
1330 2582 1419 2610 esse,
1453 2570 1617 2602 admonet
1647 2574 1685 2600 ut
1709 2571 1895 2609 agnoscant
1921 2564 2100 2605 Messiam,

1125 2631 1156 2657 et
1183 2623 1293 2656 sciant
1321 2629 1457 2665 tempus
1484 2620 1555 2654 tam
1583 2619 1717 2657 adesse,
1761 2617 1803 2650 de
1827 2627 1898 2661 quo
1935 2615 2100 2649 dixerunt

1124 2671 1331 2718 Prophetae.
