2409 2915
306 90 402 125 1031

308 175 402 220 genti
421 174 572 207 clamore
586 169 678 204 hanc
695 176 910 214 postremam
928 181 1049 203 vocem
1065 170 1149 212 edit,
1163 177 1203 204 ut
1220 171 1305 204 sciat

309 234 380 260 tota
403 223 578 262 Ecclesia,
612 222 794 255 discedere
815 232 897 254 eum
923 232 999 253 non
1025 227 1064 255 ut
1086 222 1306 261 damnatum,

310 276 367 309 sed
385 281 425 308 ut
448 274 644 318 placentem
660 273 758 310 Deo,
795 278 830 305 et
852 271 1041 314 victorem,
1076 273 1139 318 qui
1163 283 1307 317 supera-

312 325 404 359 verit
421 324 582 357 diabolos
598 330 630 357 et
647 330 808 357 mortem.

415 373 526 408 Docet
543 385 608 407 nos
629 375 751 406 eodem
767 374 873 406 modo
890 373 1070 406 discedere
1087 385 1127 407 ex
1145 371 1210 406 hac
1224 372 1306 406 vita.

314 423 361 459 Et
393 425 442 458 sic
472 435 656 468 possumus
689 423 867 457 discedere
891 424 1106 457 confidentes
1137 422 1202 457 hac
1234 423 1307 466 ipsa

315 475 473 515 victoria,
499 476 534 507 in
553 487 621 520 qua
638 471 800 507 Christus
818 475 902 508 vicit
919 474 1080 508 diabolos
1099 481 1131 508 et
1150 481 1309 514 mortem,

318 533 351 559 et
369 526 519 570 placavit
539 525 642 558 nobis
661 526 748 557 iram
765 524 841 558 Dei.

419 574 465 609 Et
482 587 583 621 saepe
600 576 635 607 in
654 583 725 608 tota
751 575 821 609 vita
845 575 1036 618 cogitemus
1063 575 1105 608 de
1122 572 1187 607 hac
1206 585 1308 607 voce:

317 624 361 659 ln
390 638 515 659 manus
546 633 622 659 tuas
649 627 858 659 commendo
880 626 1043 668 spiritum
1077 637 1202 657 meum.
1262 621 1310 657 Et

317 678 423 710 simul
461 676 655 719 cogitemus
688 677 731 709 de
763 677 839 720 ipso
872 674 1016 710 Christo
1047 676 1095 709 sic
1126 675 1310 715 clamante,

317 728 468 761 sciamus
487 738 551 760 nos
569 738 706 769 semper
728 727 775 760 ita
794 734 929 761 tantum
948 724 1078 759 habere
1104 726 1210 758 vitam
1229 722 1310 758 Deo

320 785 480 811 servante
498 778 600 811 nobis
617 777 744 816 vitam,
770 785 803 812 et
822 789 885 810 nos
911 778 947 810 in
968 789 1007 809 eo
1025 778 1142 809 vivere
1167 783 1311 820 propter

318 826 512 862 Christum.
573 827 720 872 Semper
759 840 878 862 sumus
910 828 947 860 in
975 828 1142 870 periculis
1173 827 1311 867 mortis,

319 890 455 922 semper
485 878 648 911 imminet
681 890 793 916 mors,
829 879 907 911 ideo
939 889 1076 920 semper
1100 877 1308 911 clamemus:

320 928 362 962 In
381 941 506 962 manus
523 936 599 962 tuas
617 930 826 962 commendo
851 928 1014 973 spiritum
1032 939 1162 961 meum.

490 1031 556 1064 De
583 1030 725 1064 titulo
754 1034 800 1064 et
827 1029 880 1064 de
909 1028 1136 1065 vestibus.
1188 1064 1199 1079 ‚

421 1096 581 1131 Historia
608 1097 650 1130 de
676 1096 836 1140 passione
859 1097 905 1129 ita
931 1097 1040 1129 multa
1063 1097 1239 1137 continet,
1274 1103 1314 1131 ut

318 1148 452 1183 nullius
469 1155 647 1181 creaturae
664 1147 834 1191 sapientia
852 1145 1031 1180 exhauriri
1051 1148 1170 1191 possit.

422 1198 585 1231 Diximus
602 1210 709 1241 pauca
733 1199 776 1230 de
797 1198 1052 1242 principalibus
1078 1198 1212 1231 actibus
1233 1208 1313 1242 pas-

321 1249 442 1283 sionis.
497 1248 569 1281 lam
589 1249 680 1282 etde
697 1248 801 1282 titulo
816 1249 950 1290 dicam,
976 1255 1009 1282 et
1034 1249 1077 1281 de
1096 1249 1262 1282 vestibus.

423 1299 566 1333 Titulus
598 1299 720 1332 affixus
750 1306 802 1333 est.
831 1299 941 1333 cruci:
993 1298 1089 1332 lesus
1114 1299 1314 1333 Nazarenus

321 1350 400 1384 Rex
415 1349 638 1385 ludaeorum.

541 1416 610 1450 Hic
627 1417 697 1449 duo
721 1416 975 1449 consideranda
999 1423 1094 1450 sunt.

424 1475 457 1508 1.
510 1473 624 1509 Causa
661 1486 767 1519 quare
798 1475 932 1518 politici
964 1476 1216 1519 gubernatores
1243 1475 1315 1509 sint

320 1525 438 1561 hostes
455 1523 587 1559 Christi
606 1532 637 1558 et
652 1523 848 1568 Evangelii.

421 1585 457 1619 2.
511 1583 593 1618 Alia
611 1584 707 1618 tituli
722 1584 931 1627 significatio
950 1584 1069 1627 ignota
1086 1583 1212 1619 Pilato.

720 1675 767 1699 De
798 1674 915 1705 primo.

424 1726 538 1770 Reges
557 1733 588 1759 et
600 1725 780 1770 Principes
794 1738 931 1771 semper
945 1725 1013 1761 hoc
1033 1733 1212 1771 praetextu
1229 1726 1313 1759 ode-

320 1785 404 1813 runt
418 1777 673 1821 Evangelium‚
709 1778 791 1823 quia
819 1778 942 1812 dicunt
967 1790 1106 1812 causam
1132 1789 1205 1810 esse
1221 1777 1314 1811 sedi-

322 1829 479 1869 tionum,
513 1835 547 1862 et
575 1829 734 1862 doctores
758 1840 830 1862 esse
859 1826 1021 1863 homines
1042 1829 1246 1866 seditiosos,
1281 1835 1314 1862 et

321 1879 412 1913 velle
429 1879 619 1913 dominari.

423 1929 481 1963 Sic
500 1930 621 1962 dicunt
639 1927 817 1961 Pharisaei
842 1929 884 1960 de
903 1926 1061 1963 Christo:
1092 1928 1163 1971 Qui
1181 1927 1313 1972 Regem

321 1991 357 2014 se
373 1979 474 2017 facit,
502 1979 667 2012 iuimicus
683 1986 730 2011 est
751 1977 921 2012 Caesaris.

426 2031 470 2063 Et
490 2029 640 2069 Pilatus,
669 2036 705 2062 ut
725 2029 901 2062 videretur
920 2027 1047 2062 habere
1066 2030 1229 2073 speciem,
1258 2031 1313 2062 in-

325 2081 448 2116 terficit
470 2079 600 2120 lesum,
627 2079 725 2124 quasi
742 2080 927 2112 invasurus
947 2080 1051 2114 suerit
1069 2092 1227 2124 reguum.

425 2139 500 2172 llac
522 2139 634 2183 specie
657 2139 791 2182 gravari
818 2139 919 2172 valde
945 2150 1110 2181 magnum
1135 2151 1225 2173 onus
1251 2148 1311 2175 est.

325 2189 393 2234 Ipsi
413 2189 531 2223 Sancti
557 2190 695 2232 dolent,
730 2196 865 2223 tantum
893 2189 1024 2223 crimen
1050 2190 1083 2222 in
1111 2191 1202 2234 ipsos
1227 2204 1313 2225 con—

323 2241 426 2279 ferri,
454 2241 583 2273 scilicet
610 2241 703 2284 quod
728 2241 799 2274 sint
822 2241 997 2277 seditiosi,
1026 2242 1118 2283 quod
1142 2242 1211 2276 sint
1237 2250 1313 2276 tur—

323 2292 461 2325 batores
484 2292 576 2335 paris
597 2298 626 2324 et
656 2291 740 2323 boni
768 2291 923 2330 ordinis,
956 2292 1049 2336 quod
1074 2292 1182 2325 velint
1207 2305 1311 2335 regna

324 2342 458 2384 eripere
487 2341 648 2383 legitimis
674 2341 847 2382 dominis,
897 2342 984 2375 sicut
1017 2354 1110 2375 nunc
1143 2351 1312 2377 vocantur

325 2393 471 2425 rebelles
488 2393 606 2429 multi,
633 2393 693 2437 qui
714 2400 829 2425 tamen
851 2400 931 2425 sunt
959 2393 1128 2431 inermos,
1155 2395 1212 2427 sed
1240 2407 1310 2428 non

324 2444 449 2476 volunt
493 2443 653 2487 amplecti
700 2443 820 2476 salsam
864 2444 1060 2478 doctrinam
1107 2450 1139 2477 et
1184 2445 1310 2489 impios

324 2494 448 2527 cultus.

427 2545 476 2577 Ac
496 2543 629 2577 Pilatus
645 2544 734 2577 liene
751 2545 877 2579 sciebat
899 2557 933 2578 se
950 2546 1105 2585 mentiri,
1135 2553 1165 2579 rt
1185 2547 1308 2580 salsum

322 2594 453 2627 crimen
470 2601 589 2627 contra
609 2594 720 2628 lesum
739 2595 878 2638 fingere.
933 2596 1001 2630 Sed
1022 2597 1103 2642 quia
1123 2598 1308 2637 metuebat,

322 2656 366 2677 ne
395 2653 614 2679 accusaretur
637 2647 729 2690 apud
762 2645 964 2689 Caesarem,
1006 2647 1218 2692 gratificatur
1248 2647 1308 2683 lu-

902 83 1028 120 PHIL.
1055 82 1173 123 MEL.
1199 83 1411 121 SCRIPTA
1438 82 1739 120 EXEGETICA.

2252 86 2350 121 1032

1358 171 1472 212 dacis,
1512 170 1639 204 deinde
1664 168 1765 213 fingit
1797 174 2034 213 praetextum,
2066 169 2165 214 quasi
2189 167 2351 205 Christus

1358 221 1465 255 fuerit
1482 220 1670 254 invasurus
1686 231 1847 264 regnum.

1461 278 1644 313 Discamus
1665 286 1780 313 autem
1809 279 1901 311 serre
1930 274 2022 311 hanc
2053 277 2286 318 calumniam,
2319 286 2352 313 et

1359 342 1432 364 non
1454 337 1628 363 taceamus
1643 331 1838 369 veritatem,
1867 329 2001 361 etiamsi
2017 328 2170 362 dicimur
2185 329 2354 363 seditiosi.

1360 381 1429 415 Sed
1460 387 1577 414 tamen
1605 391 1687 420 nos,
1718 380 1778 424 qui
1803 391 1876 412 non
1901 379 2054 421 gerimus
2075 379 2251 422 gladium,
2278 391 2354 412 ma-

1361 443 1505 464 neamus
1535 431 1626 463 intra
1650 437 1759 463 metas
1784 429 1891 463 officii
1922 429 2052 470 nostri,
2088 441 2168 462 vere
2197 431 2353 463 modeste

1361 483 1537 521 dicamus,
1565 488 1597 515 et
1615 492 1687 512 non
1709 480 1887 523 rapiamus
1912 480 2046 520 aliena,
2074 491 2146 512 non
2163 481 2357 514 constitua-

1361 544 1438 565 mus
1466 543 1593 574 regna,
1630 531 1721 564 sicut
1745 530 1918 564 faciebant
1951 529 2121 573 ffltfintget,
2158 529 2295 574 Spfciffet
2319 537 2355 565 et

1363 582 1672 616 Monasterienses.
1725 579 1820 613 Haec
1841 581 1885 614 sit
1911 581 2026 624 prima
2041 581 2251 616 admonitio.

1413 666 1537 700 Nunc
1565 667 1616 699 de
1646 665 1848 699 secundo
1876 665 2020 698 dicam
2049 665 2267 699 breviter.

1465 733 1678 778 Quanquam
1705 732 1838 766 Pilatus
1863 732 1956 766 malo
1981 732 2101 766 animo
2120 737 2152 765 et
2169 739 2207 766 ut
2224 731 2357 766 calum-

1364 785 1481 819 niator
1503 785 1706 828 scripserat,
1751 791 1866 817 tamen
1889 783 1985 817 iuxta
2009 782 2141 817 Christi
2167 783 2357 817 consessio-

1365 847 1445 869 nem
1465 836 1531 869 fuit
1549 835 1755 878 significatio
1772 834 1852 867 alia.
1906 832 1987 866 ldeo
2002 832 2098 867 Deus
2121 833 2167 867 ita
2182 834 2357 877 guberna-

1365 887 1414 920 vit
1440 886 1595 929 linguam
1620 885 1744 924 Pilati,
1788 892 1826 918 ut
1856 884 1997 918 iusserit
2028 883 2150 918 scribi:
2194 883 2271 919 Rex
2296 883 2355 918 lu-

1367 938 1545 970 dacorum.

1467 995 1547 1029 Nou
1578 994 1643 1029 sic:
1685 993 1756 1037 Qui
1781 994 1870 1028 dixit
1902 1005 1938 1027 se
1961 1005 2034 1027 esse
2057 991 2202 1037 Regem.
2263 991 2358 1037 Quia

1364 1044 1528 1080 Christus
1554 1053 1627 1080 erat
1650 1046 1828 1079 consessus
1844 1057 1879 1078 se
1903 1055 1976 1078 esse
1994 1043 2149 1087 Regem,
2177 1044 2237 1077 sed
2255 1044 2357 1078 addi-

1365 1097 1436 1130 dit:
1464 1096 1628 1139 Regnum
1648 1108 1764 1129 meum
1783 1108 1856 1129 non
1874 1103 1925 1129 est
1943 1097 1986 1128 de
2002 1092 2068 1128 hoc
2083 1095 2229 1130 mundO.

1469 1155 1573 1189 Scitis
1611 1161 1747 1196 autem,
1792 1155 1980 1200 quomodo*
2003 1153 2048 1187 sit
2076 1153 2358 1196 intelligendum,

1366 1206 1460 1252 quod
1479 1203 1640 1239 Christus
1659 1218 1738 1238 vere
1755 1206 1800 1239 sit
1816 1204 1903 1245 Rex,
1928 1205 2071 1244 scilicet,
2094 1204 2176 1248 quia
2194 1211 2244 1237 est
2260 1215 2358 1237 sum—

1367 1269 1423 1290 rna
1445 1268 1591 1301 persona
1619 1257 1652 1288 iu
1678 1268 1803 1299 genere
1832 1253 2005 1295 humano,
2032 1261 2064 1287 et
2079 1255 2288 1288 constitutus
2306 1263 2357 1289 est

1367 1309 1412 1340 ab
1437 1315 1578 1340 aeterno
1598 1307 1719 1347 Patre,
1753 1314 1792 1340 ut
1814 1306 1858 1340 sit
1882 1306 2070 1348 liberator,
2097 1305 2222 1339 liberet
2246 1316 2357 1348 genus

1366 1355 1561 1390 humanum
1588 1370 1606 1390 a
1632 1364 1791 1401 peccato,
1825 1368 1844 1389 a
1866 1363 1998 1393 morte,
2028 1367 2046 1388 a
2072 1361 2144 1389 tota
2170 1356 2358 1401 tyrannide

1366 1407 1529 1448 Diaboli,
1555 1414 1586 1440 et
1604 1408 1726 1440 reddat
1742 1407 1845 1439 nobis
1863 1406 2032 1439 iustitiam
2051 1411 2084 1438 et
2109 1405 2216 1439 vitam
2243 1412 2356 1440 aeter-

1366 1471 1467 1497 nam,
1495 1466 1527 1491 et
1552 1464 1709 1501 protegat
1734 1468 1798 1490 nos
1822 1457 1859 1489 in
1885 1457 2051 1490 omnibus
2068 1456 2233 1500 periculis
2249 1464 2283 1491 et.
2299 1469 2356 1491 ea-

1366 1509 1593 1542 laniitatibuS.

1472 1567 1572 1600 Talis
1589 1565 1665 1600 Rex
1687 1573 1736 1600 est
1753 1563 1933 1607 Christus,
1963 1572 1996 1600 et
2019 1564 2096 1598 vult
2111 1575 2147 1597 se
2167 1564 2308 1607 agnosci
2324 1572 2357 1599 et

1367 1618 1542 1655 invocari,
1587 1624 1625 1651 ut
1658 1617 1745 1650 ferat
1780 1617 1973 1655 auxilium,
2015 1627 2089 1649 non
2120 1615 2195 1648 vult
2228 1613 2357 1650 hahere

1367 1669 1518 1702 otiosum
1539 1675 1571 1701 et
1587 1669 1729 1701 inanem
1747 1667 1904 1701 titulum.

1469 1725 1518 1760 Et
1535 1727 1710 1760 diseamus
1725 1736 1886 1759 exercere
1904 1724 2183 1765 invocationem,
2209 1730 2242 1759 et
2260 1731 2357 1769 peta-

1366 1789 1443 1811 mus
1460 1778 1650 1815 auxilium,
1679 1783 1711 1810 et
1728 1776 1796 1809 fide
1811 1783 2061 1821 exspectemus.
2109 1775 2167 1810 Sic
2183 1776 2357 1810 discemus

1368 1829 1562 1871 intelligere
1581 1826 1646 1861 hoc
1665 1838 1822 1870 regnum.

1468 1885 1515 1921 Et
1539 1886 1709 1921 vocabula
1736 1892 1828 1919 recte
1857 1884 2104 1928 intelligamus.
2157 1881 2281 1925 Iesus,
2309 1886 2356 1919 si-

1365 1939 1505 1981 gnificat
1523 1938 1614 1971 idem
1633 1937 1727 1983 quod
1746 1936 1920 1971 Salvator.
1962 1934 2180 1976 Nazarenus,
2206 1943 2268 1971 von
2284 1936 2356 1972 Ἦας

1366 1990 1484 2034 5αιϊῐ1).
1729 1983 1733 1987 ’

1469 2040 1682 2084 Quanquam
1710 2044 1824 2071 autem
1851 2043 1899 2070 est
1921 2035 2110 2080 appellatio
2136 2047 2154 2069 a
2180 2036 2276 2077 loco,
2303 2045 2355 2073 ta-

1365 2103 1446 2123 men
1471 2091 1574 2123 simul
1596 2095 1688 2123 recte
1707 2088 1937 2132 significatum
1963 2092 2030 2126 est,
2057 2087 2150 2132 quod
2177 2088 2240 2122 iste
2260 2087 2355 2124 lesus

1366 2141 1411 2175 sit
1437 2153 1539 2174 verus
1565 2140 1785 2180 Nazarenus,
1825 2138 1886 2184 qui
1913 2137 2090 2181 singulare
2113 2144 2145 2172 et
2177 2150 2353 2174 summum

1366 2199 1486 2225 votum
1512 2192 1592 2225 fecit
1610 2189 1705 2232 Deo,
1732 2197 1764 2224 et
1790 2201 1966 2223 summum
1990 2189 2228 2223 obedientiam
2253 2202 2353 2236 prae-

1365 2243 1463 2277 stitit.

1469 2292 1564 2333 Rex,
1592 2292 1754 2325 xidelicet
1776 2291 1812 2324 in
1832 2302 1939 2335 regno
1958 2296 2113 2328 aeterno,
2141 2301 2212 2323 non
2232 2289 2268 2323 in
2286 2287 2353 2326 hoc

1367 2345 1496 2377 misero
1521 2344 1664 2388 politico
1694 2354 1822 2386 regno,
1856 2343 1913 2375 sed
1940 2341 2124 2379 liberator,
2157 2341 2217 2386 qui
2243 2352 2307 2375 nos
2332 2354 2351 2376 a

1364 2403 1524 2439 pet-rato,
1552 2407 1569 2428 a
1589 2401 1718 2433 morte,
1743 2401 1776 2428 et
1792 2406 1810 2426 a
1825 2399 1896 2427 tota
1917 2391 2071 2436 potentia
2096 2389 2239 2425 Diaboli
2263 2391 2352 2427 libe-

1363 2447 1464 2481 ravit.

1468 2496 1691 2535 ludaeorum,
1719 2495 1753 2528 id
1771 2501 1833 2534 est,
1863 2492 2072 2537 promisssus
2090 2491 2214 2526 semini
2233 2493 2348 2527 Abra-

1363 2545 1446 2587 hae,
1481 2555 1512 2581 et
1546 2547 1710 2580 ‹mmibus
1732 2546 1791 2591 qui
1817 2545 1957 2578 credent
1985 2543 2222 2587 promissioni.
2280 2542 2349 2578 Hic

1361 2597 1436 2632 Rex
1461 2598 1612 2632 servabit
1643 2597 1821 2630 credentes
1847 2594 2010 2636 ludaeos,
2049 2601 2082 2628 et
2105 2593 2286 2629 damnabit
2308 2606 2348 2629 ac

1362 2650 1486 2693 puniet
1504 2649 1630 2695 impios
1649 2646 1805 2682 ludaeos.
