2409 2915
291 70 367 106 451

395 154 426 185 el
451 144 548 182 dixit
573 140 625 178 ad
641 139 765 175 illum:
794 136 879 173 Exi
897 135 940 172 de
957 141 1054 172 terra
1072 141 1156 177 tua,
1183 140 1214 170 et
1233 134 1275 170 de
1306 138 1312 161 ἲ

397 195 610 244 cognatione
639 197 724 232 tua,
757 194 787 224 et
819 187 901 224 veni
929 187 968 222 in
998 193 1134 222 terram
1167 199 1278 235 quam

397 251 645 283 monstravero
684 239 764 278 tibi.
833 237 939 274 Tunc
978 237 1069 274 exiit
1108 236 1150 272 de
1183 242 1279 271 terra

396 295 696 334 Chaldaeorum,
735 296 766 326 el
801 288 986 325 habitarit
1019 289 1058 323 in
1089 285 1280 324 Charran.

398 348 451 383 Et
482 344 566 381 inde
587 349 782 392 postquam
806 346 911 390 pater
934 340 1010 375 eius
1034 344 1199 373 mortuus
1221 342 1284 379 est,

401 395 594 434 transtulit
621 393 729 429 illum
755 393 794 427 in
822 397 957 425 terram
981 390 1110 429 istam,
1144 390 1182 423 in
1205 397 1283 436 ⁴qua

403 462 464 485 vos
486 458 581 482 nunc
598 443 798 483 habitatis,
825 447 855 476 et
872 454 945 476 non
964 438 1061 474 dedit
1079 438 1143 474 illi
1156 437 1285 473 haere-

401 499 553 535 ditatem
585 496 623 530 in
654 507 716 535 ea,
752 505 862 541 neque
889 504 1039 539 passum
1068 488 1190 539 pedis,
1224 486 1288 523 sed

402 548 571 598 promisit
591 558 628 581 se
649 543 822 578 daturum
840 555 919 577 eam
933 539 1196 590 possidendam
1215 539 1288 585 ipsi

403 607 434 636 et
466 597 599 634 semini
626 595 702 629 eius
727 599 808 643 post
841 593 980 641 ipsum,
1015 604 1093 626 cum
1125 588 1286 625 nondum

406 650 552 684 haberet
563 645 700 693 silium.

353 701 517 738 Locutus
534 702 583 732 est
598 701 719 731 aulem
730 693 833 729 Deus
850 694 918 728 sic:
947 692 1037 727 Erit
1051 704 1169 726 semen
1187 696 1287 725 tuum

404 748 630 799 inquilinum
670 747 708 781 in
747 751 844 780 terra
875 744 1021 785 aliena,
1063 748 1093 776 et
1124 741 1292 777 servituti

405 798 506 837 illud
524 797 736 838 subiicient,
771 801 801 830 et
823 794 920 829 male
943 792 1152 828 tractabunt
1177 791 1289 825 annis

404 849 687 902 quadringentis
699 875 707 887 ,
734 851 764 880 et
778 850 917 892 gentem
934 845 992 879 cui
1006 842 1206 882 servierint,
1234 842 1291 876 iu-

405 901 537 938 dicabo
559 912 644 946 ego,
673 896 770 932 dixit
790 895 914 934 Deus,
943 899 973 928 et
996 898 1078 941 post
1102 891 1191 927 haec
1212 892 1291 926 exi-

407 954 515 993 bunt,
543 956 572 984 et
590 948 743 984 servient
761 943 856 979 mihi
872 945 911 978 in
932 943 1008 978 loco
1027 943 1108 979 isto.
1160 942 1213 977 Et
1232 941 1292 976 de-

407 1003 461 1038 dit
491 1001 553 1036 illi
573 1001 824 1034 testamentum
849 994 1151 1033 circumcisionis,
1180 998 1210 1027 et
1233 991 1292 1026 hic

405 1053 531 1101 genuit
553 1050 685 1090 Isaac,
711 1053 740 1082 et
764 1044 985 1081 circumcidit
1009 1057 1087 1078 eum
1115 1043 1171 1078 die
1195 1048 1292 1078 octa-

408 1118 471 1143 va,
500 1107 529 1136 et
549 1100 662 1136 Isaac
680 1096 813 1136 Iacob,
842 1101 872 1130 et
890 1095 1004 1130 Iacob
1022 1093 1207 1129 duodecim
1224 1106 1293 1141 pa-

407 1150 606 1189 triarchas.
1297 1187 1300 1190 .

357 1206 410 1242 Et
432 1199 672 1252 patriarchae
695 1197 922 1233 aemulantes
944 1194 1098 1243 Ioseph,
1126 1193 1294 1230 vendide-

409 1259 493 1290 runt
519 1253 557 1287 in
575 1250 799 1298 Aegyptum,
826 1254 856 1282 et
872 1252 949 1282 erat
964 1246 1069 1281 Deus
1089 1259 1165 1280 cum
1184 1258 1239 1287 eo,
1263 1250 1294 1279 et

407 1304 538 1353 eripuit
554 1315 632 1338 eum
646 1313 691 1336 ex
706 1299 874 1335 omnibus
890 1296 1195 1332 tribulationibus
1208 1296 1296 1337 eius,

409 1362 440 1391 et
471 1352 569 1389 dedit
602 1353 637 1386 ei
660 1351 828 1397 gratiam
858 1354 887 1383 et
921 1347 1144 1395 sapientiam
1173 1358 1294 1380 coram

408 1404 610 1441 Pharaone
640 1413 718 1449 rcge
741 1398 918 1446 Aegypti,
949 1403 980 1431 et
1005 1397 1192 1431 constituit
1216 1408 1294 1430 eum

411 1455 535 1491 ducem
571 1464 678 1501 super
710 1449 915 1498 Aegyptum
944 1453 974 1482 et
1004 1452 1116 1481 totam
1149 1445 1294 1481 domum

407 1520 528 1543 suam.

366 1558 476 1595 Venit
499 1560 619 1591 autem
629 1553 756 1602 sames
780 1552 818 1585 in
842 1551 1047 1586 universam
1074 1549 1208 1584 terram
1229 1545 1296 1581 Ae-

407 1607 516 1656 gypti
531 1611 559 1640 et
571 1600 774 1645 Chanaan,
800 1607 829 1636 ct
847 1600 1041 1635 tribulatio
1056 1612 1208 1646 magna,
1237 1610 1297 1631 nec

414 1657 641 1693 inveniebant
660 1653 756 1688 cibos
773 1657 896 1699 patres
915 1651 1042 1685 nostri.

360 1709 414 1745 Et
440 1705 621 1743 descendit
643 1703 757 1739 Iacob
782 1703 820 1736 in
846 1703 1070 1749 Aegyptum,
1106 1706 1136 1735 et
1164 1699 1297 1748 defun—

415 1766 490 1794 ctus
518 1762 568 1792 est
599 1756 673 1804 ipse
696 1759 725 1789 et
746 1759 869 1802 patres
895 1752 1030 1794 nostri,
1065 1756 1095 1785 et
1118 1750 1300 1785 translati

413 1814 500 1846 sunt
526 1809 563 1842 in
582 1804 746 1844 Sichem,
774 1809 804 1838 et
823 1803 935 1851 positi
956 1807 1041 1837 sunt
1068 1801 1106 1836 in
1123 1800 1297 1849 sepulcro,

414 1857 514 1908 quod
537 1857 618 1891 emit
639 1853 832 1889 Abraham
853 1853 972 1901 precio
995 1853 1143 1898 argenti
1165 1850 1297 1897 afiliis

414 1910 551 1946 Emor,
569 1905 654 1951 filii
668 1902 824 1940 Sichem.

362 1958 455 1998 Cum
489 1963 608 1993 autem
638 1955 949 2002 appropinquare!
979 1957 1116 1996 tempus
1141 1951 1298 1998 promis-

413 2010 542 2049 sionis,
570 2020 680 2055 quam
701 2005 887 2043 iuras-erat
901 2003 1002 2037 Deus
1016 1999 1198 2041 Abrahae,
1227 2014 1298 2035 cre-

416 2062 463 2095 vit
487 2057 645 2108 populus
664 2061 692 2090 et
711 2053 979 2101 multiplicatus
996 2057 1045 2086 cst
1067 2052 1104 2085 in
1123 2052 1297 2099 Aegypto,
1323 2044 1326 2115 ἰ

415 2111 524 2146 donec
548 2107 709 2143 surrexit
734 2105 833 2139 alius
856 2117 920 2138 rex
935 2104 1000 2152 qui
1017 2116 1088 2136 non
1108 2109 1214 2136 norat
1236 2102 1299 2136 Io·
1324 2118 1325 2139 η

415 2159 516 2209 seph.
570 2158 642 2193 JIic
659 2154 820 2206 fraudes
844 2153 1079 2189 machinatus
1095 2159 1220 2187 contra
1237 2166 1299 2199 ge-

415 2225 484 2247 nus
505 2215 679 2248 nostrum,
707 2205 802 2240 male
821 2207 990 2239 tractavi!
1004 2209 1126 2251 patres
1145 2210 1298 2243 nostros,

417 2269 454 2297 ut
474 2263 689 2309 erponercnt
709 2258 873 2306 infantes
886 2269 988 2293 suos,
1017 2267 1058 2287 ne
1077 2273 1084 2286 ι
1098 2256 1120 2287 i.
1135 2253 1298 2298 ificarcn-

418 2320 489 2348 tur.
542 2309 682 2344 Eodem
710 2314 862 2355 tempore
886 2311 995 2340 natus
1022 2310 1071 2338 cst
1097 2304 1239 2340 sslases,
1269 2311 1298 2339 cl

419 2368 495 2398 erat
529 2366 657 2407 gratus
684 2359 783 2397 Deo,
819 2357 884 2406 qui
913 2356 1071 2391 nutritus
1101 2361 1150 2389 cst
1183 2356 1298 2390 tribus

417 2413 600 2448 mensibus
619 2412 655 2444 in
674 2409 778 2444 domo
793 2408 923 2456 patris.
976 2406 1162 2453 Exposita
1180 2412 1297 2440 autem

421 2464 512 2501 illa.
538 2461 687 2497 sustulit
712 2474 788 2494 cum
807 2458 894 2505 filiu
917 2456 1147 2495 Pharaonis,
1175 2463 1204 2490 et
1231 2471 1298 2490 nu-

419 2515 517 2549 triuit
550 2526 627 2547 eum
652 2511 725 2545 sibi
748 2512 784 2544 in
801 2509 938 2555 filium.
1002 2508 1053 2541 Ji!
1075 2507 1225 2541 eruditis
1250 2514 1299 2541 es!

420 2564 550 2601 Bloses
579 2564 679 2597 omni
699 2562 882 2607 sapientia
910 2559 1187 2606 Acgyptiorum,
1223 2565 1298 2592 crat

422 2622 540 2650 nutem
555 2620 678 2663 potens
702 2611 866 2659 operibus
886 2616 915 2645 ct
933 2628 941 2643 ι
955 2610 1059 2645 erbis.

883 51 1013 88 PH1L.
1037 48 1156 87 MEL.
1182 48 1391 88 SCRIPTA
1416 48 1719 88 EXEGETICA.

2246 52 2322 90 432

1387 134 1460 171 Hic
1476 139 1527 170 est
1542 133 1669 171 Moses
1685 134 1751 184 qui
1764 133 1863 170 dixit
1874 132 1972 180 filiis
1988 132 2116 170 Israe'l
2124 149 2131 169 :
2157 132 2320 184 Prophe-

1439 191 1515 220 tam
1541 186 1731 221 suscitabit
1758 185 1858 220 vobis
1878 184 2067 220 Dominus
2084 184 2189 220 Deus
2213 191 2322 221 vester

1439 234 1482 270 de
1493 235 1691 320 dfratribus
1714 237 1862 281 vestris,
1896 241 2075 285 tanquam
2098 248 2170 278 me,
2205 236 2322 283 ipsum

1439 299 1488 320 au
1520 286 1612 323 ietis.

1389 342 1690 379 Tabernaculum
1707 344 1908 378 testimonii
1918 343 1995 392 fuit
2005 342 2177 390 patribus
2189 343 2323 378 nostris

1440 394 1478 428 in
1501 392 1657 436 deserto,
1684 394 1776 429 sicut
1795 393 1975 441 disposuit
1994 393 2144 442 loquens
2163 392 2217 428 ad
2233 391 2327 427 splo-

1439 457 1521 484 sen,
1565 449 1602 478 ut
1637 444 1780 492 faceret
1809 443 1910 479 illud
1937 443 2132 480 secundum
2155 445 2324 493 formam

1441 508 1552 543 quam
1581 493 1739 536 viderat,
1772 494 1873 543 quod
1893 500 1923 529 et
1948 500 2178 541 susceperunt
2201 499 2325 541 patres

1442 545 1579 586 nostri,
1607 551 1637 579 et
1654 545 1900 593 importarunt
1914 558 1991 580 cum
2009 545 2117 580 Iosue
2134 547 2171 579 in
2184 557 2326 593 posses-
2379 588 2383 592 ,

1441 595 1542 630 sione
1565 595 1748 643 gentium,
1778 608 1873 644 quas
1895 595 2036 643 expulit
2051 595 2156 630 Deus
2182 609 2205 629 a
2223 595 2327 643 sacie

1440 651 1589 694 patrum
1617 652 1844 687 nostrorum,
1877 658 1988 694 usque
2010 644 2065 680 ad
2086 644 2161 681 dies
2186 644 2329 686 David,

1444 695 1523 744 Qui
1545 697 1680 731 invenit
1703 698 1868 744 gratiam
1893 709 2015 731 coram
2041 695 2144 739 Deo,
2171 701 2202 730 et
2226 696 2328 744 petiit

1445 753 1482 782 ut
1499 747 1672 782 inveniret
1689 746 1967 783 tabernaculum
1980 746 2064 781 Deo
2080 746 2204 783 Iacob.
2258 745 2330 781 Sa-

1446 798 1568 833 lomon
1586 803 1706 833 autem
1726 796 1932 844 aedificavit
1951 797 2014 832 illi
2031 796 2191 834 domum.

1395 864 1471 901 Sed
1507 864 1714 900 altissimus
1751 879 1824 899 non
1854 864 2002 899 habitat
2033 865 2071 899 in
2102 864 2331 913 manufactis

1447 915 1609 963 templis,
1636 916 1727 950 sicut
1738 914 1922 964 Propheta
1939 915 2044 950 dicit:
2071 913 2222 951 Coelum
2238 913 2334 948 mihi

1446 965 1547 1001 sedes
1579 971 1649 1006 est,
1688 971 1785 1000 terra
1818 972 1938 1001 autem
1968 965 2169 1001 scabellum
2200 963 2331 1012 pedum
2380 964 2385 969 '

1445 1030 1615 1052 meorum.
1664 1015 1822 1064 Qualem
1841 1015 1987 1051 domum
2003 1015 2248 1063 aedificabitis
2263 1015 2333 1049 mi-

1449 1066 1510 1112 hi,
1539 1066 1624 1101 dicit
1649 1066 1851 1108 Dominus,
1879 1072 1943 1102 aut
1966 1068 2048 1116 quis
2071 1068 2169 1102 locus
2196 1066 2333 1114 requie-

1448 1118 1561 1152 tionis
1587 1130 1685 1152 meae
1711 1118 1788 1152 est?
1837 1116 1971 1154 Nonne
1992 1131 2125 1153 manus
2151 1130 2229 1151 mea
2241 1117 2332 1166 fecit

1449 1167 1537 1203 haec
1557 1168 1711 1203 omnia?

1398 1235 1506 1272 Duri
1526 1235 1670 1277 cervice,
1695 1241 1725 1269 et
1742 1234 1987 1270 incircumcisi
2002 1233 2106 1269 corde
2123 1240 2153 1268 et
2170 1235 2333 1274 auribus,
2375 1229 2380 1231 ³

1450 1299 1510 1320 vos
1532 1298 1669 1331 semper
1685 1285 1846 1333 Spiritui
1867 1291 1994 1320 sancto
2013 1285 2215 1327 restitistis,
2241 1287 2333 1320 sicut

1444 1341 1567 1384 patres
1593 1337 1718 1377 cestri,
1745 1336 1798 1369 ita
1817 1341 1846 1370 et
1867 1349 1938 1372 ros,
1993 1335 2108 1383 Quem
2128 1333 2334 1382 Propheta-

1451 1399 1530 1421 rum
1554 1399 1623 1421 non
1647 1391 1733 1420 sunt
1754 1387 1931 1434 persecuti
1949 1392 2073 1434 patres
2096 1387 2229 1421 vestri?
2281 1385 2333 1420 Et

1451 1435 1654 1472 occiderunt
1693 1449 1767 1477 eos,
1808 1437 1873 1485 qui
1905 1438 2261 1485 praenunciaverunt
2293 1436 2333 1471 dc

1451 1485 1608 1521 adventu
1636 1488 1742 1527 iusti,
1771 1489 1872 1522 cuius
1895 1501 1954 1522 ros
1974 1501 2067 1522 nunc
2083 1486 2286 1536 proditores
2304 1493 2334 1521 et

1452 1538 1623 1572 occisores
1645 1538 1750 1586 sacti
1779 1539 1882 1579 estis,
1917 1539 1982 1586 qui
2009 1539 2195 1586 accepistis
2222 1538 2333 1585 legem

1449 1601 1513 1636 per
1544 1587 1800 1636 dispositiones
1825 1588 2069 1635 Angelorum,
2105 1594 2134 1623 et
2164 1601 2236 1622 non
2260 1601 2336 1624 ser-

1452 1639 1578 1673 vastis.

1400 1695 1598 1732 Audientes
1626 1702 1745 1731 autem
1775 1694 1882 1736 haec,
1916 1696 2195 1732 dissecabantur
2218 1697 2337 1733 cordi-

1452 1748 1518 1783 bus
1534 1748 1629 1790 suis,
1652 1753 1681 1782 et
1697 1746 1901 1782 stridebant
1917 1747 2084 1783 dentibus
2098 1749 2176 1783 suis
2193 1749 2230 1783 in
2245 1761 2336 1787 eum.

1451 1795 1545 1833 Cum
1563 1805 1682 1833 autem
1699 1804 1786 1833 essct
1799 1798 1930 1846 plenus
1947 1799 2090 1846 Spiritu
2107 1805 2250 1842 sancto,
2277 1800 2335 1834 in-

1453 1851 1559 1884 tentis
1583 1849 1697 1884 oculis
1722 1852 1759 1883 in
1780 1849 1914 1884 coelum
1928 1878 1936 1889 ,
1965 1849 2054 1885 cidit
2068 1849 2232 1896 gloriam
2250 1849 2335 1892 Dei,

1452 1906 1482 1934 et
1506 1900 1628 1935 Iesum
1653 1905 1810 1934 stantem
1833 1913 1856 1934 a
1884 1899 2024 1935 dertris
2047 1900 2134 1934 Dei.
2187 1899 2240 1934 Et
2262 1902 2332 1936 ait:

1452 1950 1556 1991 Ecce,
1581 1949 1681 1984 video
1698 1950 1811 1984 coelos
1827 1956 1982 1996 apertos.
2010 1956 2040 1984 ct
2049 1948 2194 1985 Fttium
2213 1949 2333 1985 homi-

1453 2001 1511 2035 nis
1536 2006 1692 2034 stantem
1715 2014 1738 2033 a
1761 1999 1901 2034 dea-tris
1920 2000 2008 2037 Dei.
2063 2000 2333 2037 E.1·clamantes

1452 2057 1571 2085 autem
1615 2063 1691 2085 voce
1731 2064 1886 2097 inagna.
1936 2051 2188 2087 continuerunt
2227 2065 2334 2088 aures

1452 2116 1562 2142 suas,
1597 2108 1627 2136 et
1659 2102 1827 2149 impetum
1852 2102 2018 2149 fecerunt
2047 2104 2273 2138 unanimiter
2296 2105 2335 2139 in

1454 2165 1550 2189 eum,
1578 2158 1608 2187 el
1631 2153 1774 2187 eiectum
1794 2165 1870 2186 eum
1889 2159 1993 2187 e.1·tra
2011 2154 2210 2193 civitatem.
2238 2154 2336 2202 lapi-

1454 2202 1608 2239 dabant.
1664 2203 1716 2237 Et
1741 2209 1843 2238 testes
1868 2202 2107 2250 deposuerunt
2126 2206 2335 2240 vestimenta
2390 2239 2391 2243 ,

1453 2253 1507 2288 ad
1523 2253 1630 2302 pedes
1657 2254 1912 2293 adolescentis,
1939 2269 2001 2302 qm
2024 2255 2223 2290 vocabatur
2239 2255 2337 2292 Sau-
2388 2263 2390 2268 '

1454 2305 1532 2346 lus,
1559 2311 1589 2339 et
1615 2304 1839 2352 lapidabant
1856 2303 2084 2352 Stephanum
2110 2307 2333 2342 invocantem

1455 2362 1485 2390 et
1510 2355 1700 2390 dicentem:
1735 2355 1897 2390 Domine
1921 2355 2026 2397 Iesu,
2059 2358 2200 2404 suscipe
2224 2358 2335 2406 spiri-

1454 2412 1528 2440 tum
1559 2420 1686 2442 meum.
1738 2403 1876 2440 Positis
1905 2412 2025 2441 autem
2050 2408 2223 2454 genibus,
2257 2407 2333 2443 cla-

1453 2459 1566 2492 nuni!
1600 2470 1676 2492 mcc
1707 2470 1866 2503 magna:
1901 2456 2078 2499 Domine,
2114 2471 2156 2495 ne
2187 2463 2331 2493 statuas

1455 2508 1534 2543 illis
1561 2513 1742 2555 peccatum
1774 2506 1851 2546 hoc.
1897 2507 1949 2542 Iit
1974 2522 2052 2544 cum
2077 2507 2142 2545 hoc
2168 2505 2334 2551 dua-isset,

1454 2557 1680 2596 obdormirit.
