2409 2915
102 85 199 121 1157
389 85 469 124 XII.

100 170 187 206 Utut
201 172 332 206 suriant
350 179 470 217 portae
487 171 700 210 inferorum,
727 171 776 203 sic
794 182 857 204 nos
874 171 1081 204 sentiamus:
1109 171 1112 182 ¹

99 221 203 262 Esto,
233 230 462 268 persequatur
484 223 656 262 mundus,
685 228 828 255 eatenus
850 228 966 255 tamen
991 222 1081 255 affli-

97 284 237 316 gemur,
264 280 436 318 quatenus
455 273 574 307 divina
591 272 754 306 voluntas
771 273 879 313 sinet,
906 285 978 306 non
995 284 1082 318 qua·
1110 266 1113 292 f

96 331 198 358 tenus
213 324 289 357 vult
307 324 470 359 mundus,

218 398 295 434 Hoc
317 397 535 433 mandatum
559 400 679 447 accepi
702 412 724 432 a
748 404 852 445 patre
876 411 965 443 meo,

95 467 131 499 id
155 474 222 508 est,
250 465 316 501 hoc
342 473 582 511 praeceptum,
609 479 812 512 quanquam
834 479 939 512 penes
963 480 1018 501 me
1037 467 1080 500 sit
1108 503 1110 505 ,

94 524 264 561 potestas,
297 526 412 552 tamen
437 530 458 550 a
482 525 578 561 patre
600 526 660 554 est.
715 517 792 551 Hoc
813 530 892 550 cum
917 519 1080 551 audirent

94 566 235 609 Iudaei,
263 569 434 602 dissensio
460 569 584 602 iterum
609 569 695 602 sacta
714 577 782 609 est,
811 569 846 601 id
863 576 932 609 est,
961 569 1080 602 audita
1108 577 1109 601 ἑ

93 618 354 662 praedicatione
377 619 562 662 Evangelii
586 620 628 652 de
653 632 711 660 eo,
740 620 833 665 quod
859 620 953 652 solus
973 617 1079 653 Chri-
1107 622 1109 644 ἵ

93 675 165 702 stus
184 676 304 714 pastor
322 670 384 709 sit,
413 670 528 710 solus,
558 671 618 715 qui
636 671 762 704 revelet
782 677 926 714 patrem.

213 751 336 786 Illum
358 735 543 792 dicebant,
579 751 815 787 daemonium
840 752 961 791 habet.

193 818 269 852 Hoc
292 826 342 852 est
365 820 458 864 quod
477 818 668 863 Apostolus
690 820 793 861 dicit,
824 821 962 855 Iudaeis
978 833 1078 854 scan-
1106 846 1107 851 ,

91 870 171 904 dalo
189 882 260 902 esse
275 868 521 913 Evangelffim,
552 871 585 903 id
605 878 652 903 est
670 872 796 904 sanctis
814 884 895 915 prae
912 884 946 905 se
962 872 1077 905 seren—

89 921 185 954 tibus
204 921 347 953 verbum
367 920 443 954 Dei.

88 970 155 1005 Dei
173 983 213 1004 ex
230 971 373 1005 diabolo
391 983 464 1004 esse
480 971 613 1005 dicunt.

89 1022 164 1056 titia
191 1029 240 1055 est
258 1020 500 1065 Evangelium.
558 1022 653 1065 Quid
681 1030 729 1056 est
748 1024 840 1056 enim
860 1024 1001 1057 stultius
1019 1036 1075 1057 ra-

89 1073 177 1106 tioni
203 1085 308 1117 quam
335 1073 576 1106 ordinationes
603 1071 792 1114 humanas,
826 1075 983 1107 omnium
1010 1072 1076 1108 ho-

88 1123 224 1156 minum
250 1136 354 1168 opera
378 1123 560 1164 damnari,
585 1125 877 1169 tranquillitatem
898 1125 1075 1168 publicam

87 1173 250 1207 turbari?
302 1173 392 1207 Sunt
418 1174 500 1207 item
526 1174 585 1219 qui
602 1175 740 1209 dicunt:
770 1174 863 1208 Haec
879 1176 982 1208 verba
1002 1189 1074 1209 non

87 1233 169 1259 sunt
201 1225 425 1257 daemonium
453 1222 632 1265 habentis,
669 1226 749 1270 quia
773 1238 854 1259 oves
879 1234 1075 1269 agnoscunt

87 1276 232 1308 verbum
251 1282 280 1308 et
301 1274 528 1308 testificantur
541 1277 582 1308 de
599 1277 715 1309 verbo.

662 971 838 1007 Gentibus
856 980 970 1006 autem
988 974 1076 1006 stul-

289 1356 411 1392 Facta
435 1363 520 1392 sunt
545 1364 666 1392 aulem
689 1358 869 1407 ἐγκαίνια.

180 1422 370 1472 Ἐγκαίιία
396 1426 535 1459 novalia
561 1426 631 1458 dici
655 1433 818 1470 possunt3
855 1423 1073 1474 ἕγκαινίζειν

85 1476 256 1508 innovare
279 1476 459 1518 significat.
515 1475 592 1509 Hoc
615 1477 742 1510 festum
769 1484 946 1520 receptum
966 1484 1014 1509 est
1033 1489 1072 1509 ex

86 1523 385 1559 Machabaeorum
418 1527 537 1567 libris,
573 1535 605 1560 et
636 1539 653 1559 a
678 1525 904 1561 Machabaeis
928 1527 1073 1560 institu-

83 1583 170 1616 tum,
198 1588 270 1608 non
288 1588 305 1609 a
317 1576 425 1610 Mose.
468 1576 720 1611 Celebrabatur
736 1585 850 1611 autem
867 1578 938 1611 fere
954 1589 1072 1610 mense

82 1624 282 1661 Decembri.

256 1690 411 1741 Loquor
434 1693 553 1735 robis,
589 1698 619 1727 el
646 1706 719 1727 non
745 1691 901 1729 creditis.

187 1759 280 1804 Quia
312 1774 383 1794 non
410 1763 490 1794 veni
514 1762 611 1802 talis,
647 1762 785 1806 qualem
809 1774 870 1795 vos
894 1761 1070 1795 desidera·
1096 1747 1097 1798 J

82 1812 176 1845 bitis.
230 1811 310 1845 Non
344 1813 483 1846 stabilio
514 1811 579 1846 hoc
614 1811 795 1856 corporale
829 1819 980 1846 vestrum
1014 1823 1069 1844 re-

81 1874 207 1905 gnum,
235 1864 431 1896 condemno
447 1864 659 1907 impietatem
677 1870 844 1902 vestram,
872 1864 1069 1896 condemno

81 1925 186 1957 opera
204 1920 236 1946 et
253 1914 408 1947 iusticias
427 1921 573 1952 vestras,
599 1925 802 1959 quanquam
822 1914 907 1947 istae
924 1914 1070 1947 videan-
1093 1932 1097 1940 ·

81 1971 138 1997 tur
158 1965 350 1997 secundum
370 1965 479 2008 legem
498 1965 584 1998 fieri.

140 2043 286 2094 Opera,
322 2059 415 2095 quae
439 2060 503 2093 ego
521 2048 648 2096 facio,
682 2049 928 2084 testimonium
953 2054 1012 2085 etc.

84 2116 236 2153 scilicet,
268 2116 363 2162 quod
389 2127 465 2148 sum
485 2113 664 2156 Christus,
693 2118 786 2160 quod
813 2129 874 2150 vos
898 2129 969 2150 non
989 2117 1069 2151 estis

81 2179 118 2200 ex
145 2167 289 2205 ovibus,
324 2167 382 2198 sed
410 2178 449 2198 ex
475 2164 616 2201 Satana.
688 2165 800 2200 Nemo
826 2168 918 2200 enim
945 2167 990 2201 ad
1013 2180 1068 2201 me

81 2217 196 2255 venit,
239 2217 307 2249 nisi
340 2223 438 2260 pater
469 2217 613 2249 traxerit
643 2228 734 2251 eum.
805 2217 923 2251 Vitam
954 2226 1067 2253 aeter-

81 2279 160 2300 nam
179 2269 223 2301 do
243 2268 306 2306 eis,
333 2268 491 2312 adeoque
509 2267 677 2310 gloriam,
706 2269 934 2312 sapientiam,
964 2269 1066 2303 iusti-

80 2318 167 2351 ciam
186 2326 248 2353 etc.

291 2375 377 2423 Ego
399 2382 428 2410 el
450 2381 556 2424 pater
579 2389 690 2410 unum
715 2389 853 2412 sumus.

180 2442 277 2487 Ergo
299 2457 412 2490 neque
435 2446 477 2478 de
501 2445 586 2478 meis
604 2445 766 2478 manibus
786 2445 983 2489 extorqueri
1003 2457 1065 2487 po-

79 2502 197 2529 terunt
214 2507 296 2528 oves
314 2507 429 2536 meae,
455 2496 536 2540 quia
554 2497 660 2539 patris
676 2497 828 2539 potentia
847 2508 920 2528 mea
941 2502 1065 2539 poten-

80 2547 125 2581 tia
152 2553 220 2586 est,
260 2553 293 2579 et
316 2558 389 2578 mea
416 2547 533 2590 patris.
599 2546 760 2581 Micheae
786 2546 844 2579 tl:

522 83 916 121 ANNOTATIONES
943 85 1007 121 ET
1033 83 1314 121 CONCIONES
1352 84 1401 119 IN
1434 82 1614 119 EVANG,
1641 80 1854 129 lOANle.

498 919 587 953 Nam
606 919 643 954 hi
663 922 958 965 praedicationem
979 923 1077 956 verbi
1104 935 1106 941 ’

2027 86 2121 120 1138

1363 168 1464 217 Quia
1489 181 1554 215 ego
1577 166 1663 202 dixi
1671 195 1680 210 ,
1717 166 1773 201 dii
1797 169 1892 203 estis.

1236 245 1317 279 Non
1343 252 1446 289 negat
1463 243 1625 279 Christus
1648 241 1716 277 hoc
1740 244 1836 283 loco,
1864 251 1903 278 ut
1927 244 2038 278 videri
2057 257 2120 289 po-

1134 295 1203 329 tuit
1225 294 1442 336 pharisaeis,
1469 308 1502 329 se
1525 302 1649 329 natura
1672 293 1785 328 Deum
1811 306 1902 336 esse,
1929 296 1986 328 sed
2010 295 2119 340 figura

1134 347 1304 379 orationis
1328 347 1528 379 incredulos
1549 343 1753 379 Pharisaeos
1776 346 1979 384 confundit,
2008 353 2046 380 ut
2061 358 2118 380 ex-

1110 428 1111 431 ,
1135 403 1330 431 caecentur.
1380 397 1424 430 Et
1448 397 1600 441 primum
1623 396 1764 441 quidem
1789 397 1823 428 in
1843 408 1882 429 eo
1899 397 1990 429 clare
2007 397 2119 441 expli-

1135 448 1243 488 cavit,
1270 460 1304 481 se
1327 455 1451 480 natura
1478 447 1589 481 Deum
1617 458 1707 484 esse,
1737 459 1813 479 cum
1842 447 1973 492 inquit:
2003 446 2116 490 Quem

1134 505 1231 542 pater
1245 498 1447 536 sanctificat,
1476 505 1509 532 et
1526 497 1621 531 misit
1640 497 1675 530 in
1695 498 1883 538 mundum3
1912 498 1973 531 ubi
1995 510 2030 532 se
2045 499 2117 531 dis-

1108 567 1109 572 =
1134 549 1242 583 crevit
1270 550 1314 582 ab
1344 549 1566 583 auditoribus
1590 547 1688 581 verbi
1710 546 1795 588 Dei,
1838 555 2118 590 argumentatus-

1135 612 1202 645 que
1229 606 1278 632 est
1300 612 1339 632 ex
1362 600 1508 632 minori:
1537 600 1564 632 si
1582 597 1612 644 ¹)
1637 598 1685 631 dii
1711 605 1793 631 sunt
1813 598 1991 632 auditores
2007 600 2117 638 verbi,

1108 662 1109 666 ¹
1134 657 1264 695 quanto
1288 650 1397 694 magis
1421 657 1470 683 est
1493 648 1588 683 Deus
1613 650 1659 690 is,
1688 649 1748 693 qui
1772 649 2004 683 sanctificatus
2026 657 2077 684 est
2098 663 2117 683 a

1132 708 1247 746 patre,
1283 708 1320 735 ut
1353 701 1478 740 salvet,
1505 708 1536 734 et
1568 700 1711 738 missus,
1745 707 1782 733 ut
1815 699 1993 733 auditores
2018 701 2115 733 verbi

1106 771 1108 776 ν
1132 753 1258 785 faceret
1284 751 1469 796 participes
1493 751 1624 794 gloriae
1647 749 1729 789 Dei,
1758 751 1850 783 iuxta
1875 751 2115 785 testimonium

1133 801 1411 845 Prophetarum,
1438 801 1562 835 Esaiae
1583 801 1659 834 lx:
1694 799 1788 833 Deus
1811 801 1912 834 sortis
1938 808 2035 844 pater
2058 802 2113 835 fu-

1105 870 1107 883 :
1131 853 1201 885 turi
1228 853 1356 891 seculi,
1389 853 1552 897 princeps
1574 852 1685 896 pacis;
1714 858 1745 884 et
1770 851 1900 884 XLII:
1928 850 2019 885 Dedi
2045 852 2114 896 spi-

1104 922 1106 926 ·
1131 903 1237 936 ritum
1264 916 1378 936 meum
1399 915 1503 946 super
1520 915 1598 935 eum
1611 929 1619 941 ‚
1645 909 1677 935 et
1696 902 1826 945 aperiat
1844 903 1964 935 oculos
1983 914 2116 937 eorum.

1104 963 1105 983 ἱ
1133 953 1217 987 ltem
1234 953 1343 987 LXI-z
1378 953 1532 997 Spiritus
1555 952 1693 986 domini
1718 964 1822 995 super
1844 964 1916 992 me,
1944 959 1982 986 ut
2006 965 2116 997 pone-

1104 1011 1105 1019 *
1130 1017 1201 1037 rem
1245 1005 1490 1038 fortitudinem
1529 1003 1744 1046 lugentibus.
1831 1000 1876 1036 Et
1917 1002 2115 1037 Hieremiae

1130 1054 1317 1088 XXXIII:
1354 1055 1470 1088 Faciet
1500 1055 1670 1088 iudicium
1703 1060 1735 1086 et
1762 1052 1937 1086 iusticiam
1963 1061 2046 1094 etc.,
2083 1061 2115 1087 et

1130 1104 1195 1139 hoc
1213 1112 1260 1139 est
1281 1118 1429 1144 nomen,
1457 1106 1550 1150 quod
1571 1105 1748 1137 vocabunt
1766 1115 1863 1143 eum,
1890 1102 1987 1137 Deus
2003 1105 2115 1138 iustus

1102 1171 1103 1175 ¹
1129 1164 1256 1190 noster.
1312 1157 1454 1190 Deinde
1481 1156 1569 1190 sicut
1585 1156 1756 1199 scriptura
1775 1154 1970 1197 praedicat,
1994 1156 2112 1188 omnia

1128 1219 1199 1240 esse
1223 1208 1377 1241 subiecta
1401 1205 1537 1240 homini
1556 1213 1699 1251 propter
1713 1203 1912 1245 Christum,
1941 1205 2041 1247 item,
2067 1206 2113 1238 si-

1129 1265 1183 1290 cut
1203 1258 1299 1298 dicit,
1323 1265 1474 1291 creatum
1494 1256 1673 1291 hominem
1686 1257 1727 1289 ad
1742 1255 1928 1298 imaginem
1943 1263 1974 1289 et
1987 1257 2114 1289 simili-

1099 1329 1102 1356 s
1128 1309 1287 1341 tudinem
1314 1308 1398 1349 Dei,
1435 1309 1481 1342 ita
1513 1315 1606 1342 certe
1636 1307 1824 1352 appellati0
1849 1305 1913 1340 Dei
1945 1308 2113 1354 competit

1099 1358 1101 1399 j
1127 1356 1264 1391 homini
1291 1366 1435 1402 propter
1455 1356 1654 1395 Christum,
1684 1370 1744 1401 per
1768 1369 1870 1402 quem
1895 1357 2025 1390 similes
2047 1356 2113 1391 Dei

1098 1401 1101 1464 ἱ
1125 1409 1234 1441 simus
1258 1410 1418 1442 renovati
1438 1409 1563 1453 spiritu
1582 1409 1672 1447 eius,
1700 1408 1796 1445 luce,
1822 1407 1991 1450 sapientia
2010 1415 2042 1441 et
2059 1407 2113 1440 iu-

1126 1459 1221 1492 sticia
1239 1458 1322 1500 Dei,
1348 1466 1387 1492 ut
1397 1458 1588 1503 Apostolus
1604 1456 1804 1491 2.C0r.111.
1822 1457 1951 1502 inquit:
1980 1456 2113 1492 Trans-

1124 1511 1321 1543 formamur
1343 1522 1360 1543 a
1386 1511 1542 1543 claritate
1561 1510 1596 1541 in
1617 1510 1809 1542 claritatem
1829 1514 1996 1552 tanquam
2013 1520 2032 1541 a
2050 1510 2113 1542 do-

1096 1565 1099 1583 ι’
1125 1561 1211 1593 mini
1228 1560 1366 1604 spiritu.

1095 1640 1098 1741 i
1498 1683 1634 1737 Caput
1668 1683 1742 1723 xl.

1195 1774 1295 1810 Erat
1321 1780 1440 1810 autem
1464 1772 1617 1824 quidam
1643 1772 1825 1820 languens
1851 1770 2039 1807 Lazarus.

1094 1821 1098 1856 Ι

1094 1857 1097 1909 i
1226 1855 1266 1888 ln
1291 1853 1436 1889 historia
1459 1854 1653 1888 resuscitati
1671 1853 1791 1887 Lazari
1812 1866 1885 1887 non
1903 1865 2110 1899 quaeremus

1123 1907 1344 1949 allegoriam,
1379 1913 1418 1939 ut
1440 1905 1565 1939 Lazari
1592 1912 1704 1938 morte
1729 1912 2009 1948 repraesentetur
2033 1905 2109 1938 ani-

1094 1948 1097 2005 }
1123 1969 1199 1990 mae
1219 1968 1332 1997 mors,
1359 1963 1391 1990 et
1415 1954 1481 1989 hoc
1503 1967 1612 1999 genus
1629 1956 1706 1989 alia.
1761 1955 1830 1989 Sed
1846 1956 1976 1989 factum
1993 1956 2107 1999 ipsum

1123 2008 1428 2053 consyderandum
1453 2013 1514 2042 est.
1581 2006 1625 2039 Et
1652 2006 1804 2049 primum
1828 2006 1993 2050 quidem,
2025 2007 2107 2050 quia

1123 2066 1234 2092 morte
1257 2065 1290 2092 et
1314 2059 1478 2091 omnibus
1500 2058 1600 2090 malis
1626 2057 1750 2090 mundi
1775 2057 1988 2090 mulctamur
2012 2056 2106 2089 iuxta

1123 2109 1210 2142 illud
1230 2107 1357 2143 Genes.
1379 2108 1439 2144 IL:
1468 2107 1509 2141 In
1529 2119 1738 2153 quacunque
1756 2107 1812 2140 die
1829 2107 2049 2141 comederitis
2066 2119 2105 2140 ex

1121 2173 1162 2193 eo
1188 2167 1305 2194 morte
1326 2160 1546 2199 moriemini3
1580 2166 1613 2191 et
1638 2157 1729 2191 Gen.
1749 2156 1827 2192 III.:
1849 2157 1899 2190 ‘ln
1924 2158 2105 2191 laboribus

1122 2212 1282 2244 comedes
1311 2223 1349 2244 ex
1383 2223 1422 2244 ea
1446 2217 1508 2243 etc.
1571 2208 1724 2253 Oportet
1754 2208 1990 2251 intelligamus
2021 2206 2104 2241 haec

1119 2263 1231 2302 mala,
1264 2273 1337 2295 non
1368 2261 1606 2304 intelligemus
1636 2266 1751 2292 autem
1785 2259 1854 2292 nisi
1884 2259 1920 2291 in
1952 2257 2103 2294 Christo¹

1120 2312 1302 2353 Secundo,
1327 2311 1489 2346 Christus
1511 2310 1702 2355 promissus
1728 2317 1795 2348 est,
1818 2310 1878 2354 qui
1896 2310 2021 2343 liberet
2038 2321 2103 2342 nos

1118 2363 1218 2397 abiis
1238 2364 1339 2396 malis
1355 2362 1520 2395 omnibus
1537 2368 1568 2394 et
1584 2362 1642 2394 det
1659 2361 1763 2394 vitam
1781 2369 1967 2393 aeternam.
2013 2359 2102 2393 Pro-

1088 2434 1092 2461 ι
1118 2421 1234 2458 pterea
1259 2415 1300 2446 de
1322 2421 1434 2446 morte
1458 2413 1530 2456 ipse
1555 2412 1623 2444 iam
1647 2423 1739 2444 novo
1758 2412 1863 2444 modo
1881 2411 2102 2454 pronunciat,

1088 2469 1091 2516 i
1117 2465 1254 2505 dicens,
1281 2471 1429 2497 mortem
1455 2475 1525 2496 non
1553 2474 1622 2496 esse
1645 2469 1810 2501 mortem,
1839 2462 2002 2495 morbum
2027 2474 2098 2494 non

1117 2527 1188 2550 esse
1207 2516 1383 2550 morbum.
1436 2513 1479 2547 Et
1498 2521 1532 2546 ut
1549 2511 1615 2546 hoc
1631 2520 1790 2553 testetur,
1819 2525 1888 2545 non
1907 2513 1979 2556 ipse
1995 2514 2099 2546 modo

896 2546 1011 2580 Stabit
1031 2554 1064 2580 et
1087 2590 1089 2594 Α

80 2605 193 2641 pascet
219 2598 255 2630 in
278 2597 487 2631 fortitudine
502 2597 688 2637 dominus,
716 2599 753 2631 in
770 2597 982 2632 sublimitate
998 2609 1063 2631 no-
1086 2621 1089 2639 ,·

78 2648 183 2681 minis
199 2647 264 2682 Dei
285 2648 350 2681 sui.

130 2701 308 2734 Matura.
338 2701 438 2732 Orsa.

495 2700 575 2731 Voc.
603 2700 695 2731 XIV.

1153 2666 1180 2694 1)
1199 2666 1225 2689 si
1244 2665 1309 2688 Tub.
1327 2664 1375 2688 sed
1396 2664 1490 2687 secer.
1513 2662 1568 2686 sed.

1420 2699 1467 2732 72
