2409 2915
295 79 370 117 995

400 161 494 195 Haec
510 166 544 194 et
562 159 644 194 talia
662 158 753 193 dieta
769 155 1009 203 praecipiunt,
1037 163 1077 192 ut
1093 168 1167 191 non
1184 157 1293 191 simus

304 213 538 256 negligentes,
565 211 622 244 sed
647 208 751 243 donis
772 214 932 249 utamur,
958 207 1049 242 sicut
1061 206 1193 242 Paulus
1209 208 1294 242 dicit

301 259 507 299 2.Corimb.
523 261 577 295 6.:
608 259 734 293 Videte
751 271 795 293 ne
811 259 939 292 frustra
957 258 1105 302 gratiam
1121 258 1293 303 receperi-

301 313 357 348 tis.
412 310 456 346 Et
480 310 585 345 homo
603 311 671 344 iam
690 311 841 343 donatus
855 308 990 353 Spiritu
1017 316 1154 350 sancto,
1181 315 1295 354 potest

303 370 336 397 et
360 363 462 396 debet
487 362 596 405 magis
618 361 797 406 magisque
821 366 936 403 petere
961 371 997 393 se
1020 360 1134 394 iuvari
1157 359 1294 404 Spiritu

304 420 442 454 sancto,
470 413 559 447 sicut
574 409 737 446 Christus
756 411 871 455 inquit
889 408 1018 445 Matth.
1035 409 1086 446 7.:
1115 411 1238 451 Petite,
1262 416 1296 444 et

305 464 492 508 accipietis.
549 462 692 506 Quanto
717 461 826 505 magis
858 460 960 494 Pater
994 469 1108 496 vester
1138 461 1296 495 coelestis

891 70 1018 110 PHIL.
1044 68 1163 110 MEL.
1189 70 1398 109 SCRIPTA
1422 71 1725 111 EXEGETICA.

2255 75 2332 111 996

1622 156 1686 193 De
1713 157 2056 203 obiurgatione.

1450 231 1668 276 Obiurgatio
1687 233 1789 267 estin
1807 230 1862 266 his
1886 232 2006 274 dictis,
2032 233 2128 278 quod
2147 233 2207 266 ille
2225 235 2338 277 negli-

1348 296 1450 329 gens,
1478 284 1539 329 qui
1566 283 1682 318 noluit
1699 283 1752 318 uti
1776 283 1930 323 talento,
1955 283 2122 328 punitur,
2150 290 2184 318 et
2208 285 2337 320 amittit

1347 335 1452 369 etiam
1470 332 1537 368 hoc
1555 335 1649 380 quod
1666 332 1785 369 habet.

1449 400 1556 434 Tales
1579 407 1662 434 sunt
1687 401 1952 444 obiurgationes
1982 412 2084 445 saepe
2109 401 2275 445 repetitae
2299 402 2338 436 in

1349 452 1534 496 scriptura.
1587 449 1634 485 Ut
1656 450 1781 485 Petrus
1807 451 1925 497 inquit
1942 453 1977 487 2.
1992 450 2089 485 Petri
2104 452 2156 486 2:
2181 451 2257 485 Hos
2277 464 2338 486 ne-

307 515 405 548 dabit
437 513 610 557 Spiritum
643 519 800 546 sanctum
832 512 1049 556 petentibus,
1092 511 1206 545 Lucae
1236 512 1295 547 11.
1322 547 1324 563 ι
1350 503 1519 547 &ugentes
1535 501 1666 535 Simile-5
1681 513 1754 535 ‘³⁵⁵⁶
1772 501 1826 543 53⁵2
1852 503 1913 547 qni
1930 503 2079 537 redeunt
2096 502 2139 536 ad
2156 503 2341 537 ‘'muitum-

306 563 355 599 Et
379 565 427 598 sic
457 571 577 608 petens
606 563 777 607 Spiritum
803 568 960 595 sanctum
995 569 1107 606 potest
1137 562 1296 596 resistere

306 615 410 648 malis
426 614 702 655 tentationibus,
728 619 840 657 potest
858 612 1009 647 retinere
1026 614 1118 647 dona
1136 611 1222 652 Dei,
1250 613 1298 646 si-

308 672 366 699 cut
394 665 525 698 Paulus
549 664 680 709 inquit:
724 664 796 708 Ego
823 675 949 708 corpus
973 676 1092 698 meum
1117 664 1236 708 redigo
1260 664 1298 696 in

307 716 531 756 servitutem,
563 717 592 748 1.
611 713 775 750 Corinth.
794 714 829 751 9.

408 773 638 819 Nequaquam
655 773 812 818 oportuit
828 771 1000 807 Davidem
1017 785 1139 818 rapere
1155 773 1300 807 alterius

309 824 512 868 coniugem,
539 826 596 857 sed
617 831 751 869 poterat
768 830 851 858 tunc
869 836 947 857 cum
965 822 1109 858 haberet
1125 824 1298 868 Spiritum

309 882 487 916 sanctum,
511 875 669 909 resistere
687 875 872 908 tentationi
890 874 1066 910 adulterii.

413 933 472 968 Sic
490 941 520 967 et
538 931 604 966 hoc
622 934 697 966 loco
715 933 863 966 dicitur:
889 931 1044 967 Habenti
1064 933 1218 969 dabitur.
1260 933 1300 968 Si

308 983 422 1019 David
440 991 595 1017 uteretur
611 984 732 1022 donis,
760 990 954 1017 crescerent
979 984 1016 1016 in
1034 996 1073 1017 eo
1094 985 1198 1017 dona.
1253 982 1299 1018 Et
1325 996 1327 999 ’

310 1043 449 1069 contra:
477 1035 505 1068 A
527 1047 598 1067 nou
624 1032 775 1067 habente
792 1034 970 1068 auferetur
987 1035 1022 1068 id
1043 1036 1136 1080 quod
1157 1033 1274 1070 habet.

410 1093 526 1127 David
550 1105 622 1125 non
645 1099 747 1126 utens
772 1092 896 1136 donis,
933 1092 1081 1135 labitur,
1116 1100 1148 1127 et
1172 1094 1301 1128 amittit

310 1144 414 1178 etiam
435 1143 629 1187 praesentia
651 1144 744 1177 dona
765 1143 937 1187 plurima,
965 1150 1042 1187 post
1059 1152 1197 1189 raptum
1215 1145 1301 1178 alie-

311 1207 377 1227 nae
395 1195 573 1237 coniugis,
599 1194 725 1227 amittit
743 1193 930 1228 consilium
948 1195 1100 1234 honum,
1129 1196 1224 1229 iubet
1243 1195 1301 1228 in-

309 1245 417 1279 terfici
437 1245 550 1278 virum
564 1273 572 1286 ‚
597 1245 677 1290 quia
697 1243 849 1278 Diabolo
865 1245 934 1277 iam
954 1253 1071 1289 aperta
1091 1253 1164 1280 erat
1182 1247 1301 1291 ianua,

309 1303 341 1328 et
362 1296 557 1340 impellitur
575 1308 613 1328 ex
632 1295 702 1329 alio
719 1295 848 1330 scelere
864 1295 901 1328 in
919 1296 1026 1331 aliud.
1056 1296 1177 1330 Postea
1196 1297 1300 1331 amit-

310 1346 351 1379 tit
379 1347 571 1379 custodiam
605 1347 782 1389 divinam,
825 1345 920 1378 Dens
944 1346 1027 1380 sinit
1050 1359 1130 1380 eum
1157 1347 1233 1380 eiici
1260 1359 1300 1380 ex

310 1408 436 1440 reguo,
479 1404 511 1430 et
548 1397 632 1430 sinit
666 1397 793 1431 multas
829 1396 1044 1430 tristissimas
1078 1409 1208 1442 poenas
1242 1410 1300 1431 ac-

312 1447 436 1480 cidere.

415 1505 454 1538 ln
480 1503 545 1538 hoc
569 1506 726 1549 exemplo
750 1507 924 1546 cernitur,
960 1507 1044 1552 quid
1070 1507 1129 1540 sit:
1173 1506 1202 1540 A
1229 1519 1300 1540 non

313 1554 463 1589 habente
485 1557 680 1594 auferetur,
708 1557 802 1601 quod
823 1555 936 1592 habet.

412 1613 566 1647 Sumatis
598 1613 694 1646 aliud
718 1613 928 1657 exemplum.
998 1614 1083 1648 Saul
1114 1622 1163 1648 est
1196 1628 1302 1648 orna-

311 1674 366 1699 tus
391 1676 499 1707 regno
524 1672 555 1696 et
587 1663 721 1707 Spiritu
753 1671 892 1703 sancto,
939 1665 1101 1707 gloriosis
1134 1666 1302 1699 victoriis.

311 1715 433 1749 Postea
465 1715 589 1758 incipit
620 1714 692 1747 fieri
724 1721 896 1760 tyrannus
920 1723 953 1749 et
987 1717 1170 1759 superbus,
1249 1716 1302 1750 lbi

313 1766 440 1799 amittit
465 1766 567 1798 etiam
593 1767 685 1810 quod
713 1763 899 1807 habuerat,
928 1778 1094 1810 regnum,
1130 1766 1302 1811 Spiritum

313 1823 488 1857 sanctum,
516 1816 644 1856 vitam,
673 1816 833 1859 gloriam.

415 1866 508 1900 Haec
541 1867 696 1910 exempla
732 1867 928 1901 tristissima
962 1868 1172 1907 ostendunt,
1215 1882 1303 1913 qno-

313 1918 420 1950 modo
447 1915 609 1949 homines
636 1918 817 1956 labantur,
861 1924 1046 1962 postquam
1076 1919 1219 1953 suerunt
1245 1932 1303 1952 or—

312 1968 386 2000 nati
403 1967 504 2000 donis
521 1966 603 2008 Dei,
630 1974 662 2001 et
679 1980 751 2000 non
768 1968 955 2002 voluerunt
973 1969 1101 2002 addere
1118 1981 1236 2003 curam
1255 1971 1303 2004 eis

312 2019 447 2051 utendi.

415 2067 461 2102 Et
482 2079 622 2111 prorsus
640 2067 723 2101 salsa
742 2074 773 2101 et
792 2068 963 2101 diabolica
982 2076 1030 2103 est
1049 2072 1223 2105 excusatio
1242 2084 1302 2105 eo-

314 2131 413 2162 rum,
438 2120 497 2163 qui
517 2120 658 2158 dicunt,
685 2130 719 2151 se
738 2131 809 2151 non
833 2131 931 2163 posse
957 2120 1131 2155 abstinere
1147 2133 1164 2155 a
1182 2135 1304 2167 pecca-

314 2170 357 2203 tis
373 2179 492 2203 contr-1
507 2169 769 2204 conscientiam.

419 2228 494 2263 lmo
534 2237 646 2262 textus
683 2229 873 2262 clarissime
920 2231 948 2264 1.
981 2227 1103 2266 lolian.
1132 2231 1166 2267 3.
1201 2232 1301 2267 dicit:

315 2279 387 2322 Qui
415 2287 517 2313 natus
542 2287 589 2313 est
614 2292 653 2312 ex
673 2277 768 2320 Deo,
796 2287 973 2323 peccatum
1001 2293 1072 2314 non
1096 2282 1192 2320 sarit,
1221 2285 1302 2328 quia
1327 2308 1329 2318 .
1356 2282 1436 2317 32:
1466 2282 1588 2316 Minor
1614 2293 1690 2316 sum
1709 2283 1844 2317 cunctis
1861 2283 2146 2318 miserationibus
2164 2286 2242 2320 tuis.

787 2329 893 2364 Dedit
920 2331 983 2365 tibi
1009 2330 1104 2366 Deus
1129 2333 1301 2377 Spiritum
1326 2324 1328 2346 Ἰ

314 2342 431 2363 semen
458 2329 522 2364 Dei
546 2331 582 2363 in
605 2343 646 2364 eo
670 2337 732 2365 est.

312 2389 490 2421 sanctum,
524 2389 560 2414 ut
592 2381 702 2425 possis
727 2383 886 2416 resistere
913 2382 1013 2416 malis
1030 2384 1299 2419 tentationibus:

311 2439 341 2465 et
361 2430 455 2466 Deus
474 2432 659 2476 praecipit,
687 2439 725 2466 nt
749 2439 846 2466 tanto
863 2444 926 2466 suo
939 2434 1034 2467 dono
1051 2435 1169 2468 utaris.
1225 2435 1297 2469 lmo

313 2482 524 2516 contumelia
556 2490 606 2517 est
633 2483 801 2516 adversus
824 2482 958 2524 Deum,
1001 2485 1169 2528 cogitare,
1202 2488 1296 2531 quod

310 2535 446 2568 dederit
468 2535 530 2567 tibi
555 2533 726 2578 Spiritum
753 2542 932 2575 sanctum,
965 2542 1001 2569 ut
1026 2543 1162 2570 tantum
1186 2538 1296 2577 negli-

311 2592 430 2624 genter
464 2585 580 2626 vivas,
621 2592 653 2619 et
689 2585 780 2619 laxes
809 2586 947 2619 frenum
986 2587 1086 2621 malis
1122 2588 1294 2632 cupidita·

308 2635 409 2671 tibus.

1453 568 1522 603 Sed
1555 568 1649 602 dicat
1680 568 1824 613 aliquis:
1867 567 1957 612 Quis
1984 575 2034 603 est
2057 569 2139 603 satis
2165 569 2341 613 diligens?

1321 576 1326 654 i
1351 618 1488 655 Omnes
1505 626 1587 652 sunt
1610 619 1761 660 infirmi,
1787 625 1819 652 et
1836 619 2026 665 aliquando
2043 620 2225 655 labuntur.

1455 685 1688 730 Respondeo:
1724 685 1792 719 Hic
1816 685 1967 720 tenenda
1992 693 2041 720 est
2057 687 2255 720 communis
2278 688 2344 722 do·

1352 737 1477 776 ctrina,
1502 749 1606 781 quam
1623 749 1725 781 saepe
1741 736 1949 780 repetimus:
1979 736 2018 769 ln
2036 737 2201 771 omnibus
2217 739 2345 773 sanctis

1353 794 1434 821 sunt
1451 787 1670 821 infirmitates
1691 796 1723 821 et
1751 794 1887 831 peccata
1914 795 1947 822 et
1970 787 2105 832 lapsus,
2140 788 2230 822 sicut
2256 789 2344 822 scri-

1353 846 1452 882 ptum
1470 846 1535 872 est:
1563 837 1643 872 Non
1662 847 1711 872 est
1728 838 1840 871 iustus
1866 839 1902 871 in
1929 845 2041 879 terra,
2073 838 2132 883 qui
2158 851 2236 872 cum
2255 840 2343 873 bene

1353 889 1474 929 faciat,
1502 901 1574 922 non
1592 889 1695 922 etiam
1720 895 1845 932 peccet.
1897 888 1965 923 Sed
1991 896 2107 922 tamen
2134 889 2171 922 in
2196 890 2344 933 singulis

1353 941 1457 974 debet
1482 951 1554 972 esse
1581 940 1798 983 propositum
1822 939 2084 979 benefaciendi,
2120 946 2153 973 et
2177 941 2345 974 debemus

1354 991 1484 1031 vitare,
1511 998 1544 1024 et
1558 1002 1741 1034 possumus
1759 990 1866 1023 vitare
1892 991 2008 1034 lapsus
2025 997 2144 1023 contra
2162 991 2346 1025 conscien-

1354 1042 1448 1076 tiam.
1502 1040 1546 1074 Et
1565 1042 1592 1074 si
1614 1042 1692 1086 quis
1713 1048 1760 1074 est
1777 1041 1915 1084 lapsus,
1941 1041 2045 1073 debet
2066 1053 2143 1074 mox
2169 1042 2284 1075 redire
2299 1043 2344 1076 ad

1354 1092 1629 1137 poeniteutiam,
1671 1092 1761 1126 sicut
1793 1091 1897 1126 rediit
1934 1090 2071 1131 David,
2116 1091 2206 1126 sicut
2240 1093 2345 1127 rediit

1353 1143 1488 1177 Aaron.

1457 1193 1544 1227 Cain

1457 1244 1541 1278 Saul
1574 1256 1665 1277 ·non
1684 1244 1863 1277 redierunt
1881 1244 1923 1276 ad
1945 1245 2209 1289 poenitentiam.

1462 1294 1564 1328 ludas

1693 1385 2012 1411 consolatio.

1459 1446 1661 1480 Consolatio
1686 1454 1753 1488 est,
1779 1448 1874 1492 quod
1901 1447 2011 1492 aliqui
2041 1455 2203 1481 maneant
2222 1447 2257 1481 in
2277 1446 2346 1482 Ec-

1355 1497 1476 1538 clesia,
1511 1497 1570 1541 qui
1598 1497 1700 1530 donis
1727 1498 1815 1530 bene
1841 1504 2004 1531 utuntur.
2071 1495 2115 1530 Et
2143 1495 2197 1531 his
2227 1506 2345 1542 postea

1355 1548 1488 1580 maiora
1532 1549 1625 1581 dona
1660 1548 1888 1589 tribuuntur,
1938 1554 1976 1582 ut
2020 1545 2155 1582 habetis
2197 1548 2348 1594 insignia

1356 1599 1525 1642 exempla.

1462 1655 1585 1701 loseph
1611 1664 1660 1690 est
1679 1664 1770 1691 recte
1787 1668 1870 1690 usus
1893 1656 2008 1698 dono,
2037 1669 2109 1691 non
2135 1658 2247 1693 voluit
2270 1658 2346 1694 fieri

1356 1705 1540 1746 moechus,
1568 1715 1600 1740 et
1629 1708 1804 1752 patienter
1825 1707 1905 1741 tulit
1928 1720 2122 1752 carcerem,
2149 1708 2228 1743 ideo
2250 1708 2346 1746 Deus

1357 1770 1435 1791 eum
1454 1757 1636 1798 exaltavit,
1663 1765 1695 1792 et
1711 1758 1792 1792 fecit
1817 1769 1896 1791 eum
1921 1759 2147 1803 praecipuum
2165 1766 2196 1794 et
2214 1761 2344 1796 saluta-

1328 1845 1329 1848 *
1358 1821 1429 1842 reni
1451 1808 1650 1853 Principem
1674 1809 1710 1842 in
1728 1807 1900 1853 Aegypto-

1461 1876 1569 1909 Aliud
1604 1876 1765 1920 pulcrum
1793 1876 2010 1920 exemplum:
2052 1875 2267 1920 paupercula
2293 1881 2347 1914 vi-

1357 1927 1425 1960 dua
1455 1927 1490 1959 in
1515 1926 1660 1971 Sarepta
1688 1935 1738 1961 est
1764 1938 1823 1961 usa
1854 1928 1962 1960 dono.
2016 1925 2115 1961 Pavit
2140 1927 2277 1970 Eliam,
2313 1940 2346 1966 et

1358 1978 1455 2022 prius
1476 1978 1505 2010 ei
1524 1977 1640 2010 cibum
1659 1979 1754 2011 dedit
1772 1989 1876 2022 quam
1900 1977 1989 2021 sibi,
2017 1977 2096 2011 ideo
2120 1977 2216 2013 Deus
2240 1982 2348 2017 bene-

1358 2028 1444 2061 dim
1464 2029 1537 2061 eius
1551 2029 1687 2064 domui.
1741 2027 1823 2062 Fuit
1840 2028 1932 2060 enim
1952 2026 2143 2073 hospitium
2160 2028 2348 2076 Ecclesiae,

1357 2091 1430 2112 non
1448 2086 1498 2113 est
1513 2079 1679 2112 exstincta
1696 2079 1805 2120 same,
1832 2079 1924 2113 filius
1947 2091 1965 2112 a
1989 2087 2102 2114 morte
2125 2083 2346 2120 resuscitatus

1357 2137 1417 2164 est.
1473 2127 1518 2163 Et
1542 2130 1775 2163 certissimum
1800 2137 1869 2169 est,
1895 2130 1989 2175 quod
2008 2142 2113 2174 parva
2129 2144 2234 2177 opera
2251 2134 2347 2170 bona

1357 2181 1517 2214 maximis
1536 2181 1698 2225 praemiis
1717 2181 1868 2224 publicis
1882 2188 1914 2214 et
1932 2181 2078 2225 privatis
2096 2193 2197 2227 saepe
2212 2196 2345 2220 ornan-

1356 2238 1433 2272 tur,
1462 2239 1500 2265 ut
1517 2243 1682 2275 cogamur
1697 2232 1824 2272 dicere,
1851 2232 1939 2266 sicut
1954 2232 2059 2266 Iacob
2077 2233 2193 2279 inquit
2212 2234 2343 2272 Genu,

2296 2285 2344 2323 Et

1354 2341 1497 2373 contra,
1534 2334 1676 2379 quando
1699 2331 1861 2368 homines
1881 2345 1953 2367 non
1977 2334 2102 2368 volunt
2126 2347 2226 2379 agere
2256 2350 2341 2382 poe-

1354 2385 1539 2418 nitentiam
1553 2411 1561 2424 ,
1589 2392 1672 2419 tunc
1697 2392 1813 2428 postea
1837 2382 2025 2418 horribiles
2041 2397 2172 2429 poenae
2187 2399 2342 2435 sequun-

1354 2443 1422 2471 tur.
1474 2434 1658 2479 Exspectat
1678 2435 1772 2470 Deus
1794 2435 2003 2480 aliquando,
2031 2443 2063 2470 et
2081 2439 2241 2474 concedit
2261 2451 2339 2485 spa-

1352 2487 1440 2521 tium
1459 2486 1707 2531 poeniteutiae.
1727 2485 1794 2520 Sed
1807 2487 1948 2531 quando
1967 2498 2037 2520 non
2055 2485 2241 2523 inchoatur
2256 2502 2338 2533 poc-

1351 2537 1520 2574 nitcntia,
1555 2544 1587 2571 et
1611 2537 1646 2570 fit
1669 2537 1890 2570 contumacia
1921 2536 2047 2579 maior,
2082 2545 2165 2573 tunc
2191 2541 2340 2577 veniunt

1349 2588 1492 2622 ultimae
1521 2599 1672 2633 poenae,
1707 2588 1918 2622 vastationes
1939 2589 2115 2632 gentium.
2147 2597 2179 2624 ct
2206 2603 2340 2635 poenae

1349 2647 1531 2681 aeternae,
1558 2639 1646 2673 sicut
1665 2639 1708 2673 de
1723 2640 1848 2674 arbore
1873 2639 1939 2674 ficu
1961 2639 2091 2674 dicitur
2114 2640 2150 2674 in
2169 2643 2337 2687 parabola
