2409 2915
244 62 319 98 523

250 146 443 182 Ecclesiam
478 149 511 176 et
543 139 801 175 institutionem
830 136 1026 182 puericiae,
1063 137 1108 170 ad
1141 146 1238 169 suam

254 199 393 232 laudem
431 199 551 238 parcat
586 190 708 230 nobis,
750 190 841 223 sicut
872 187 1043 222 Ninivitis
1073 185 1240 232 pepercit.

255 248 324 282 Sed
351 257 415 279 nos
441 244 544 277 etiam
569 252 712 285 agamus
736 239 1007 283 poenitentiam,
1039 244 1079 271 ut
1099 235 1239 271 Ninivi-

257 305 324 331 tae.
383 294 478 329 Deus
503 299 647 338 propter
671 290 803 325 Filium
828 302 929 324 suum
956 288 1150 324 Dominum
1174 299 1240 319 no-

257 355 367 381 strum
393 345 506 379 lesum
533 341 712 379 Christum
739 342 945 375 misereatur
969 339 1102 379 nostri,
1128 345 1160 372 et
1183 338 1242 370 det

258 398 361 432 nobis
377 395 548 441 Spiritum
567 399 725 427 sanctum
739 404 851 426 suum.

1265 222 1268 248 Ι

306 541 354 581 Iu
385 538 670 594 Evangelium
702 535 753 576 de
786 534 914 574 divite
952 533 1129 586 epulone
1161 533 1201 570 et
1266 521 1272 632 1

660 593 846 645 Lazaro,

653 668 769 703 Lucae
797 669 851 703 16.

360 747 438 781 Hoc
452 744 684 789 Evangelium
703 744 859 778 continet
876 742 1005 775 multos
1020 740 1174 785 insignes
1191 737 1243 769 lo-

259 812 328 840 cos,
356 799 417 844 qui
433 809 554 831 omnes
568 796 732 840 explicari
752 795 787 827 in
803 806 872 827 una
889 792 1058 826 concione
1074 801 1146 823 non
1165 799 1245 831 pos-

259 858 352 885 sunt.
405 847 451 882 Et
474 849 516 880 de
540 847 717 892 aliquibus
740 852 856 889 postea
875 844 1008 881 dicam,
1035 841 1134 884 prius
1150 850 1246 871 sum-

258 913 354 935 mam
386 910 569 942 exponam.
630 895 722 929 Toto
751 893 837 927 haec
866 892 1023 926 narratio
1056 897 1107 924 est
1131 889 1246 932 imago

258 951 455 990 Ecclesiae,
490 946 683 982 consolatio
717 945 948 983 afflictorum,
982 948 1017 976 et
1045 939 1246 983 obiurgatio

259 1003 462 1047 impiorum,
491 999 552 1044 qui
568 997 749 1040 negligunt
764 993 1037 1036 velEcclesiam,
1064 991 1120 1025 vel
1134 1002 1247 1024 mem-

260 1055 322 1087 bra
341 1050 535 1090 Ecclesiae,
564 1059 653 1094 quae
672 1046 802 1080 habent
818 1056 906 1090 opus
923 1044 1066 1078 auxilio.

362 1101 410 1136 Ut
440 1101 534 1134 enim
556 1097 614 1133 hic
639 1098 791 1132 Lazarus
818 1097 907 1130 iacet
928 1095 972 1128 ad
997 1093 1120 1128 divitis
1140 1091 1246 1124 vesti-

259 1153 383 1188 bulum
394 1177 404 1192 ,
433 1158 466 1185 et
484 1163 502 1184 a
521 1150 630 1184 divite
645 1149 845 1192 negligitur,
871 1146 920 1180 sic
936 1156 1073 1190 semper
1089 1144 1127 1177 iu
1142 1154 1247 1176 mun-

259 1205 306 1238 do
335 1210 374 1237 ut
405 1202 600 1246 plurimum
632 1200 720 1234 iacet
742 1197 897 1233 Ecclesia
921 1197 1050 1230 afflicta
1075 1201 1108 1228 et
1132 1200 1247 1239 spreta

260 1266 378 1290 coram
404 1253 561 1296 regibus,
595 1251 834 1296 principibus,
861 1247 1107 1293 pontificibus,
1134 1256 1248 1278 sacer-

260 1306 414 1340 dotibus.
467 1302 525 1337 Sic
550 1303 684 1336 iacebat
704 1299 867 1335 Christus
891 1306 925 1332 et
942 1297 1104 1342 Apostoli
1129 1305 1247 1326 coram

261 1354 483 1401 principibus
506 1363 717 1398 synagogae,
746 1351 793 1384 sic
817 1350 977 1384 iacebant
995 1345 1171 1379 Israelitae
1190 1354 1248 1376 co-

262 1419 335 1440 ram
362 1402 565 1444 Pharaone,
598 1403 647 1436 sic
679 1401 838 1435 iacebant
862 1397 1038 1432 Ecclesiae
1065 1402 1138 1430 toto
1164 1394 1249 1427 orbe

262 1465 433 1491 terrarum
454 1466 571 1487 coram
591 1452 876 1495 imperatoribus,
903 1447 1142 1485 Diocletiano,
1169 1443 1249 1479 Ma·

263 1506 402 1545 xentio,
436 1512 467 1536 et
497 1503 586 1536 aliis.
650 1502 707 1535 Sic
739 1514 834 1535 nunc
865 1501 953 1533 iacet
978 1496 1132 1532 Ecclesia
1168 1507 1248 1528 vera

263 1568 380 1591 coram
414 1554 581 1588 pontifice
608 1551 791 1593 Romano,
833 1549 1016 1595 Episcopis
1046 1555 1080 1582 et
1111 1545 1250 1580 Princi-

262 1609 375 1654 pibus.

365 1656 436 1691 Nos
460 1662 491 1689 et
516 1655 575 1689 alii
594 1654 642 1699 pii
657 1681 666 1695 ,
693 1654 758 1687 sub
774 1652 853 1686 aliis
871 1651 1012 1695 regibus
1029 1656 1062 1684 et
1079 1648 1250 1694 principi-

264 1712 328 1743 bus
345 1708 380 1740 in
397 1715 467 1740 tota
484 1704 626 1750 Europa
639 1733 647 1746 ,
673 1706 864 1739 clamamus
879 1703 920 1736 ad
931 1701 1136 1741 Pontifices,
1163 1697 1249 1744 Epi-

264 1771 386 1803 scopos
416 1766 447 1792 et
473 1757 602 1800 Reges,
635 1763 674 1790 ut
696 1761 819 1789 curent
841 1761 933 1788 recte
956 1752 1094 1794 doceri,
1129 1752 1251 1785 iuvent

265 1812 340 1855 pios
375 1809 574 1845 ministros,
606 1808 798 1841 defendant
830 1805 1052 1846 confitentes,
1087 1814 1159 1835 non
1191 1813 1250 1845 pa-

266 1862 398 1895 tiantur
431 1859 592 1893 interfici.
652 1857 758 1893 ltem,
792 1857 913 1889 iuvent
944 1865 1112 1897 pauperes
1137 1864 1250 1885 sacer-

265 1914 364 1945 dotes
396 1916 428 1942 et
460 1909 565 1944 alios,
605 1906 820 1939 constituant
850 1903 1005 1942 scholas,
1047 1909 1279 1948 conservent¹

267 1961 475 1995 doctrinam,
535 1957 628 1991 llaec
662 1969 733 1989 non
763 1955 913 1988 audiunt
936 1953 1118 1998 pontifices
1142 1959 1174 1985 et
1198 1964 1251 1984 rc-
1277 1960 1279 1988 ;

266 2025 342 2054 ges,
370 2016 493 2054 putant
515 2021 549 2041 se
572 2019 643 2041 esse
660 2005 871 2045 Ecclesiam,
896 2017 959 2038 nec
985 2011 1102 2038 tamen
1120 2003 1253 2036 faciunt

268 2062 421 2096 officinm
440 2072 540 2093 suum
554 2084 563 2097 ,
590 2060 647 2092 sed
667 2065 748 2091 sunt
765 2056 909 2093 divites,
938 2055 1118 2100 epulantes
1136 2053 1253 2097 splen·
1278 2052 1281 2097 ¹,

267 2115 368 2153 dide,
408 2112 440 2144 id
477 2117 546 2149 est,
583 2116 745 2143 curantes
776 2119 854 2141 suas
886 2118 985 2150 opes,
1020 2103 1280 2149 splen‹lorem‚'

267 2174 431 2210 pompas,
465 2174 535 2194 non
562 2161 727 2193 iacientes
751 2159 915 2191 officium.
978 2155 1071 2198 Quia
1092 2154 1254 2189 Christus
1279 2157 1281 2165 ’

267 2215 324 2249 hic
343 2226 414 2247 non
435 2210 660 2256 reprehendit
678 2211 839 2252 divitias,
867 2209 926 2242 sed
944 2207 1062 2246 addit,
1090 2207 1253 2250 volupta—
1280 2235 1281 2251 χ

268 2267 361 2299 tilius
395 2264 580 2305 indulgens
605 2262 761 2307 quotidie
787 2259 989 2304 splendide,
1023 2264 1061 2290 ut
1085 2258 1255 2295 ostendat,
1279 2259 1282 2308 l

269 2316 382 2362 qualis
408 2315 451 2347 sit
477 2314 534 2346 ille
558 2314 675 2353 dives,
704 2312 836 2346 scilicet
858 2320 1029 2356 quaerens
1059 2308 1255 2352 voluptates

269 2375 300 2401 et
316 2366 549 2410 splendorem.

372 2416 462 2449 Vide
479 2426 606 2460 quaeso
619 2442 626 2453 ,
655 2414 738 2459 quid
759 2425 852 2446 nunc
870 2412 966 2445 aliud
983 2416 1154 2456 quaerunt
1168 2408 1254 2453 Epi-

270 2469 384 2512 scopi,
431 2467 499 2500 nisi
538 2466 735 2509 voluptates
783 2471 815 2498 et
850 2461 1096 2508 splendorem?
1160 2459 1254 2493 llaec

271 2525 476 2564 quaerentes
499 2516 718 2562 impossibile
740 2522 789 2549 est
814 2515 926 2548 facere
940 2513 1111 2547 officium.
1164 2510 1252 2544 Nam

269 2567 326 2602 hic
343 2581 414 2602 non
433 2569 518 2602 dicit
535 2575 670 2601 tantum
690 2566 846 2611 epulans,
874 2566 932 2599 sed
952 2563 1132 2601 delicians,
1159 2563 1252 2607 quod

267 2620 511 2664 complectitur
535 2630 657 2652 omnes
678 2618 885 2662 voluptates.
939 2614 1021 2650 Dixi
1040 2613 1159 2659 quales
1175 2625 1253 2657 per-

836 51 962 88 PHlL.
988 48 1105 86 MEL.
1130 48 1337 86 SCRIPTA
1365 46 1666 83 ExEGEthA.

2198 49 2274 86 524

1291 143 1398 167 sonae
1428 133 1690 177 significentur,
1721 132 1854 167 scilicet
1881 137 2059 177 potentes,
2089 139 2123 168 et
2154 133 2277 169 Eccle-

1291 183 1353 216 sia.
1407 182 1572 218 Secundo
1596 184 1822 224 observetur,
1855 183 1950 229 quod
1973 179 2133 217 Christus
2153 196 2278 219 conso·

1293 233 1385 267 latur
1403 231 1602 291 Ecclesiam
1633 240 1669 268 et
1697 246 1821 267 omnes
1852 234 1929 279 pios
1958 233 2020 279 qui
2052 234 2195 268 suntin
2216 247 2277 270 ae-

1293 295 1440 317 rumnis.

2130 341 2198 376 Hic
2229 350 2279 378 est

1799 394 1858 429 Sic
1882 405 2019 438 semper
2040 392 2130 427 ratio
2154 391 2279 427 huma·

1295 456 1360 485 na,
1393 445 1478 478 dum
1507 444 1545 476 in
1567 443 1639 477 suis
1659 444 1813 478 tenebris
1836 451 1973 485 manet,
2007 444 2150 479 iudicat.
2210 442 2280 478 Sed

1294 493 1528 537 Evangelium
1545 495 1664 534 docet,
1689 495 1785 539 quod
1801 506 1989 528 aerumnae
2004 507 2077 528 non
2094 495 2165 528 sint
2182 494 2281 538 signa

1296 546 1368 579 irae
1385 544 1470 585 Dei,
1497 545 1568 577 imo
1592 545 1694 578 docet
1716 556 1780 577 nos
1797 544 1876 578 ideo
1891 545 2018 589 affligi,
2044 552 2082 579 ut
2099 545 2282 578 redeamus

1295 597 1338 629 ad
1356 596 1492 634 Deum,
1518 602 1551 629 et
1576 595 1651 640 pios
1677 606 1902 628 aerumnosos
1924 596 2075 630 maxime
2089 607 2190 629 curae
2210 607 2281 629 esse

1296 646 1383 681 Deo.
1436 644 1505 679 Sed
1531 643 1616 679 haec
1638 652 1690 679 est
1711 645 1820 684 mira,
1847 651 1880 678 et
1902 644 2010 679 solius
2028 643 2204 680 Ecclesiae
2227 657 2282 679 sa-

1297 697 1449 741 pientia,
1484 708 1573 741 quae
1603 696 1769 739 intelligit
1792 695 1905 729 Deum
1931 707 2070 735 curare,
2102 697 2283 740 respicere,

1298 747 1463 781 exaudire
1493 747 1660 786 afflictos,
1693 753 1727 780 et
1759 745 1916 779 mirabili
1949 747 2102 791 quodam
2136 747 2283 780 consilio

1299 799 1388 831 velle
1412 803 1548 830 sanctos
1566 797 1687 844 afiligi.
1736 796 1838 831 Sicut
1855 797 1897 829 ab
1914 796 2017 830 initio
2034 795 2159 829 mundi
2173 797 2283 830 sancti

1299 855 1380 882 sunt
1397 848 1530 881 afflicti.
1581 848 1671 881 Abel
1689 847 1909 887 interfectus,
1938 844 2154 892 Prophetae,
2179 845 2285 881 Chri-

1299 906 1389 939 stus,
1416 897 1598 943 Apostoli,
1627 898 1779 943 denique
1797 910 1919 931 omnes
1935 898 1983 946 pii
2001 903 2083 932 sunt
2099 897 2286 931 excruciati

1299 949 1406 984 variis
1423 957 1458 984 et
1475 949 1677 993 ingentibus
1692 948 1882 983 aerumnis.

1394 341 1502 377 Ratio
1533 349 1563 376 et
1591 343 1646 376 lex
1679 344 1839 378 iudicant
1868 355 1908 376 ex
1936 349 2077 378 eventu.

1293 393 1414 427 miser:
1442 404 1524 437 ergo
1547 393 1748 437 negligitur.

1404 1016 1452 1052 lta
1477 1014 1535 1051 hic
1557 1017 1660 1050 docet
1682 1013 1864 1053 Christus,
1897 1013 1992 1048 hunc
2015 1014 2188 1050 Lazarum
2210 1013 2286 1049 Deo

1299 1080 1402 1102 curae
1421 1080 1509 1107 esse,
1535 1074 1567 1102 et
1582 1067 1784 1101 consolatur
1797 1078 1876 1107 nos,
1902 1073 1941 1100 ut
1957 1065 2108 1099 sciamus
2124 1077 2188 1099 nos
2204 1078 2286 1113 pro-

1300 1126 1376 1164 pter
1401 1130 1587 1153 aerumnas
1611 1130 1684 1151 non
1707 1118 1880 1162 proiectos
1896 1128 1968 1150 esse
1984 1128 2002 1149 a
2020 1116 2113 1150 Deo.
2166 1114 2212 1150 Et
2228 1128 2287 1160 ge·-

1300 1171 1347 1203 rit
1370 1182 1498 1203 nomen
1517 1168 1594 1209 hic,
1621 1168 1773 1202 Lazarus
1785 1196 1793 1208 ,
1818 1180 1889 1213 qno
1905 1168 2070 1201 admonet
2086 1173 2120 1201 et
2135 1167 2237 1200 illum
2254 1174 2287 1201 et

1301 1232 1384 1261 nos,
1406 1221 1500 1266 quod
1519 1221 1564 1254 sit
1579 1219 1654 1254 Deo
1669 1232 1790 1259 curae,
1819 1219 1900 1264 quia
1920 1218 2072 1252 Lazarus
2088 1223 2156 1257 est,
2182 1215 2289 1251 Elea-

1302 1283 1378 1308 sar,
1406 1271 1503 1313 qnasi
1523 1271 1637 1308 dicas,
1663 1269 1759 1301 Deus
1775 1269 1933 1307 adiutor,
1962 1267 2136 1311 (Sottbelff.
2189 1266 2289 1301 Talis

1301 1327 1351 1353 est
1368 1317 1544 1358 Ecclesia,
1572 1315 1663 1351 hanc
1686 1330 1788 1350 nemo
1809 1319 1974 1360 adiuvat,
2000 1320 2058 1350 sed
2077 1318 2206 1350 dicitur
2222 1317 2290 1352 La-

1302 1381 1418 1409 zarus,
1447 1367 1629 1413 &ottlyclffl
1657 1368 1764 1402 Solus
1780 1368 1875 1402 Deus
1898 1380 1973 1401 eam
2000 1369 2159 1416 respicit,
2186 1380 2291 1403 exau-

1302 1421 1372 1462 dit,
1405 1421 1566 1459 adiuvat,
1600 1419 1721 1454 salvat.
1781 1418 1855 1453 lmo
1882 1419 1954 1452 sola
1979 1417 2135 1452 Ecclesia
2159 1416 2292 1453 Christi

1303 1472 1459 1515 agnoscit
1475 1470 1589 1504 Deum
1615 1481 1686 1503 esse
1701 1469 1816 1504 Deum
1841 1470 1964 1507 talem,
1991 1468 2050 1513 qui
2077 1480 2148 1502 non
2172 1469 2294 1504 abiicit

1274 1542 1276 1551 ι
1303 1523 1468 1563 afflictos,
1492 1522 1554 1567 qui
1579 1521 1720 1554 exaudit
1744 1527 1776 1553 et
1798 1520 1939 1564 respicit
1960 1519 1995 1551 in
2013 1519 2212 1559 aerumnis,
2237 1531 2292 1553 re-

1303 1573 1387 1616 cipit
1418 1579 1450 1606 et
1479 1572 1554 1606 vult
1583 1582 1741 1609 servare,
1777 1570 1831 1603 vel
1855 1571 1891 1602 in
1916 1567 1980 1603 hac
2005 1569 2091 1609 vita,
2123 1569 2180 1602 vel
2203 1577 2294 1605 certe

1304 1630 1383 1667 post
1408 1621 1499 1656 hanc
1525 1623 1653 1658 vitam,
1690 1627 1833 1664 propter
1857 1617 2049 1655 Christum.
2117 1618 2199 1654 Ideo
2223 1621 2294 1655 cla-

1305 1675 1429 1708 mitant
1448 1672 1596 1707 Psalmi:
1624 1671 1696 1715 Qui
1716 1678 1814 1705 sanat
1832 1671 2001 1704 contritos
2020 1671 2135 1704 corde.
2190 1670 2292 1705 ltem:

1305 1724 1443 1759 Allevat
1461 1724 1626 1757 dominus
1641 1734 1762 1756 omnes
1775 1722 1835 1766 qui
1850 1728 2031 1758 corruunt.
2060 1721 2161 1764 erigit
2171 1734 2294 1757 omnes

1305 1777 1416 1810 elisos.
1474 1774 1576 1809 ltem:
1604 1772 1731 1807 lnvora
1753 1785 1808 1806 me
1835 1773 1870 1804 in
1896 1772 1952 1805 die
1975 1771 2231 1814 tribulationis,
2260 1781 2294 1807 et

1306 1827 1450 1871 eripiam
1479 1833 1522 1861 te.
1576 1823 1643 1857 Hic
1669 1825 1789 1863 docet,
1818 1821 1906 1856 hanc
1932 1823 2191 1856 invocationem
2220 1835 2293 1858 esse

1276 1890 1277 1894 ¹
1305 1889 1480 1911 summum
1500 1876 1646 1910 cultum.

1407 1941 1501 1985 Ergo
1526 1942 1809 1987 quandocunque
1833 1952 1952 1973 sumus
1977 1941 2010 1973 in
2030 1940 2292 1980 afflictionibus,

1306 1993 1481 2026 discamus
1502 2005 1564 2025 nos
1583 1990 1646 2024 hac
1663 1992 1822 2024 doctrina
1841 1990 2021 2033 Evangelii
2042 1991 2234 2031 consolari,
2261 2002 2295 2028 et

1307 2044 1494 2077 excitemus
1523 2056 1587 2075 nos
1611 2043 1653 2075 ad
1680 2042 1954 2075 invocationem:
1985 2039 2070 2075 haec
2096 2049 2145 2075 est
2169 2043 2296 2078 militia

1307 2102 1527 2133 sanctorum,
1559 2100 1649 2126 stare.
1674 2093 1709 2125 in
1734 2089 1797 2125 hac
1822 2093 1906 2132 sule,
1940 2099 1973 2125 et
1997 2099 2175 2136 expectare
2197 2095 2295 2128 auxi-

1307 2146 1417 2185 lium,
1445 2145 1532 2178 sicut
1550 2144 1682 2177 Moises
1699 2143 1801 2176 dicit:
1833 2142 1950 2176 Nolite
1969 2143 2107 2182 timere,
2135 2151 2238 2185 state,
2262 2153 2295 2180 et

1308 2196 1470 2229 videbitis
1500 2195 1671 2238 magnalia
1696 2194 1852 2228 Domini.
1909 2192 2010 2227 Nunc
2041 2195 2144 2228 etiam
2176 2207 2295 2231 sumus

1308 2247 1450 2287 Lazari,
1485 2247 1637 2279 iacemus
1669 2246 1711 2278 ad
1743 2246 1848 2289 pedes
1871 2245 2076 2288 pontificum
2104 2252 2136 2279 et
2162 2258 2294 2291 regum,

1309 2298 1459 2342 petimus
1474 2309 1591 2341 pacem
1604 2323 1612 2336 ,
1641 2307 1824 2340 precamur
1843 2307 1886 2327 ne
1903 2293 2134 2339 Evangelinm
2151 2298 2292 2331 concul-

1308 2356 1423 2385 cetur,
1453 2350 1510 2381 sed
1537 2348 1587 2380 illi
1613 2354 1755 2381 mouent
1779 2346 1956 2390 epulones.
2016 2346 2086 2379 Nos
2112 2347 2217 2390 igitur
2241 2349 2293 2380 vi-

1307 2402 1451 2433 ‹leamus
1475 2412 1518 2432 ne
1542 2399 1763 2436 desidamus,
1798 2398 1856 2429 sed
1882 2397 1991 2430 simus
2016 2396 2157 2437 Lazari,
2191 2410 2293 2446 expe-

1307 2458 1440 2485 ctantes
1459 2450 1630 2484 auxilium
1648 2461 1666 2482 a
1684 2448 1770 2482 Deo.

1409 2510 1479 2544 Sed
1513 2509 1616 2542 redeo
1647 2507 1690 2540 ad
1720 2513 1865 2542 textum.
1926 2505 1993 2540 llic
2015 2506 2166 2541 Lauinis
2192 2519 2295 2541 curae

1307 2569 1356 2595 est
1381 2561 1472 2600 Deo,
1507 2559 1697 2593 mittuntur
1718 2558 1832 2602 angeli
1859 2558 1900 2591 ad
1927 2569 2006 2591 eum
2030 2569 2108 2592 cum
2132 2559 2292 2600 moritur,

1310 2613 1344 2644 in
1373 2613 1445 2646 vito
1471 2609 1576 2645 habet
1600 2608 1794 2644 caniculam
1814 2609 2016 2653 lingentem.
2072 2607 2120 2641 lta
2141 2607 2294 2643 Ecclesia
