2409 2915
283 79 356 114 547

527 158 599 195 De
626 157 808 205 officio
836 158 1027 194 Christi.

388 229 547 263 Salvabit
581 228 752 273 populum
785 239 803 260 a
833 228 991 272 peccatis.
1046 225 1115 260 Hic
1137 234 1274 261 taxatur

287 293 384 314 error
400 277 691 319 Pharisaeorum,
718 279 780 324 qui
804 278 1029 311 somniabant
1047 277 1211 312 Messiam
1232 277 1274 310 li-
1300 300 1301 305 ,

287 334 490 365 beraturum
513 342 584 363 esse
602 329 768 368 ludaeos,
796 342 815 362 a
835 329 1008 374 corporali
1029 329 1216 369 servitute,
1243 334 1276 361 et

286 384 451 416 daturum
471 381 519 414 eis
536 381 683 425 imperia
702 381 840 413 mundi.

566 467 632 500 De
660 466 784 500 dicto
812 468 998 500 Esaiae.

880 72 1003 107 PHIL.
1032 69 1147 108 MEL.
1176 69 1385 108 SCRIPTA
1413 68 1713 106 EXEGETICA.

2234 71 2309 108 648

1298 160 1301 185 ἔ
1327 155 1412 189 alibi
1434 156 1618 195 docerent,
1646 163 1679 190 et
1700 162 1975 191 consentaneum
1998 156 2102 190 estin
2120 155 2311 194 Germania

1329 208 1507 252 quondam
1531 208 1661 241 multos
1683 208 1789 241 fuisse
1814 215 1906 242 recte
1920 213 2146 251 agnoscentes
2161 215 2195 242 et
2210 208 2313 245 invo-
2353 207 2369 227 '⁹

1328 264 1445 291 cantes
1462 257 1575 291 Deum
1593 258 1629 290 in
1645 259 1824 301 agnitione
1841 257 2084 302 promissionis
2098 258 2142 290 de
2157 257 2299 294 Messia.

1430 308 1465 340 4.
1517 307 1734 342 Miraculum
1771 310 1815 342 de
1854 309 1954 343 stella
1991 308 2233 343 testimonium
2265 319 2315 346 est

1329 358 1543 403 praesentiae
1568 356 1635 391 Dei
1658 361 1750 403 apud
1777 357 1841 393 hos
1865 359 2008 403 Magos,
2036 358 2118 404 quia
2143 356 2226 393 haec
2248 361 2316 396 suit

1330 421 1421 442 nova
1434 408 1532 442 stella
1551 409 1695 453 propior
1710 416 1840 451 terrae,
1865 423 1970 455 quam
1985 410 2085 450 aliae,
2114 410 2195 454 quia
2212 423 2315 445 mon-

1301 461 1304 516 }
1330 459 1470 494 stratrix
1485 459 1551 493 fuit
1567 460 1678 504 ipsius
1695 461 1942 502 domunculae,
1969 461 2006 494 in
2022 473 2090 506 qua
2108 467 2181 493 erat
2190 460 2318 497 Maria.

390 531 481 566 Ecce
505 532 604 575 virgo
630 539 680 565 est
703 532 865 574 gravida,
893 538 927 565 et
949 532 1063 579 pariet
1085 532 1218 568 filium⁸
1243 537 1276 564 et
1301 517 1304 551 ἦ
1330 510 1378 544 Et
1400 522 1539 544 necesse
1563 517 1614 544 est
1633 510 1739 544 fuisse
1757 511 1851 544 viros
1865 512 2007 552 doctos,
2034 510 2096 556 qui
2113 511 2331 546 discrimina·

289 583 432 616 vocabis
449 595 579 615 nornen
599 583 673 615 eius
690 580 912 616 Emmanuel.

392 632 459 665 Hic
477 633 614 665 dicatur
630 634 672 665 de
689 632 945 677 appellatione,
972 645 1060 678 quae
1076 631 1277 676 complecti-

289 691 346 716 tur
369 684 565 716 doctrinam
583 684 625 716 de
643 695 791 727 persona
808 681 961 723 Christi,
989 685 1082 728 quod
1102 685 1191 717 duae
1209 683 1279 715 sint

290 734 326 766 in
353 745 390 766 ea
416 741 583 776 naturae,
610 741 643 767 et
666 735 708 766 de
736 734 873 774 officio,
902 733 1008 777 Quod
1026 733 1121 768 Deus
1146 734 1189 768 sit
1213 745 1278 766 no-

290 783 445 825 biscum,
472 785 628 828 placatus
644 785 753 818 salvet
769 796 834 818 nos
849 791 912 819 etc.

649 870 713 903 De
743 867 922 914 loseph.

394 935 514 978 Quare
545 937 675 970 dicitur
707 937 818 970 iustus
846 936 972 969 nolens
998 935 1171 969 infamare
1195 947 1280 968 con-

289 987 431 1030 iugem?

395 1036 471 1070 Hoc
504 1037 699 1081 exemplum
731 1037 852 1077 docet,
885 1048 949 1070 nos
982 1037 1109 1070 debere
1140 1048 1281 1080 parcere

294 1088 428 1121 alienae
458 1088 588 1128 famae,
623 1100 702 1121 cum
734 1100 807 1121 non
833 1086 1004 1122 hahemus
1028 1094 1137 1121 certas
1162 1099 1281 1122 causas

295 1146 432 1173 nostrae
453 1135 748 1182 reprehensionis.

679 1262 813 1316 Caput
846 1264 902 1304 11.

535 1348 755 1380 Historia
789 1346 842 1380 de
878 1348 1042 1392 Dlayis.

397 1421 556 1454 Primum
575 1422 781 1465 dicendum,
810 1423 903 1467 quod
921 1421 1014 1455 Deus
1031 1422 1214 1456 tradiderit
1232 1429 1282 1455 te-

298 1473 462 1507 stimonia
482 1473 524 1505 de
540 1479 622 1506 nato
632 1471 744 1513 Filio,
770 1479 807 1506 ut
819 1471 972 1506 Ecclesia
988 1473 1032 1506 sit
1049 1480 1154 1506 certa.
1209 1471 1283 1506 Etsi

297 1525 390 1557 enim
409 1535 447 1556 ea
466 1535 554 1567 quae
571 1530 741 1566 geruntur
756 1523 793 1555 in
811 1521 983 1563 Ecclesia,
1012 1536 1084 1557 non
1102 1524 1148 1557 ita
1164 1524 1284 1557 incur-

297 1581 380 1607 runt
397 1573 433 1606 in
451 1573 591 1613 oculos,
618 1579 655 1606 ut
672 1572 866 1606 Alexandri
882 1580 940 1607 aut
958 1573 1038 1606 lulii
1056 1574 1204 1618 praelia,
1234 1581 1284 1607 ta-

299 1637 378 1657 men
404 1630 437 1657 et
460 1621 529 1663 his,
557 1635 645 1668 quae
668 1624 705 1656 in
723 1622 877 1657 Ecclesia
894 1632 1085 1668 geruntur,
1112 1624 1206 1658 Deus
1221 1625 1284 1659 tri-

296 1676 371 1708 buit
391 1675 644 1708 testimonium.

402 1725 444 1759 Et
467 1722 551 1758 haec
575 1726 773 1759 testimonia
793 1725 998 1769 colligamus
1015 1727 1056 1758 ad
1076 1737 1139 1758 nos
1157 1726 1285 1758 confir-

298 1777 456 1809 mandos
512 1776 642 1809 Filium
662 1776 727 1810 Dei
745 1775 909 1810 Messiam
928 1783 1048 1810 natum
1067 1788 1138 1809 esse
1156 1783 1284 1809 testan-

300 1836 356 1860 1111·
371 1826 516 1869 Angeli,
543 1826 722 1865 Pastores,
750 1827 914 1868 Simeon,
942 1826 1058 1867 Anna,
1086 1825 1285 1867 Zacharias,

299 1875 503 1917 Elizabeth,
531 1875 640 1919 Magi.

622 1964 775 1997 Secunda
807 1966 969 1998 doctrina.

405 2027 520 2062 Etiam
539 2036 657 2072 gentes
675 2029 849 2072 pertinent
864 2031 906 2062 ad
921 2028 1126 2069 Ecclesiam.
1153 2038 1184 2064 et
1204 2029 1288 2064 haec

303 2088 353 2114 est
372 2080 545 2113 consessio
562 2079 717 2122 gentium
733 2080 843 2123 prima
863 2089 937 2124 post
956 2088 1076 2115 natum
1095 2078 1288 2116 Christum.

407 2130 561 2173 Quando
587 2137 703 2164 autem
727 2131 858 2164 dicitnr
881 2132 923 2164 de
943 2131 1150 2165 collectione
1166 2129 1289 2165 Eccle-

304 2183 373 2215 siae
405 2194 445 2215 εκ
477 2182 660 2223 gentibus,
693 2181 797 2214 simul
822 2182 971 2225 dicitur,
1009 2184 1101 2227 qnod
1130 2183 1289 2216 remissio

306 2239 525 2278 peccatorum
549 2231 656 2274 gratis
673 2231 794 2275 detur,
822 2244 894 2266 non
913 2240 1055 2277 propter
1075 2234 1182 2275 legem
1195 2261 1203 2273 ,
1230 2235 1288 2267 sed

306 2291 449 2328 propter
466 2282 652 2322 Messiam,
679 2283 773 2317 iuxta
798 2283 902 2317 illud:
934 2283 973 2317 ln
999 2285 1131 2318 semine
1154 2292 1213 2319 tuo
1229 2286 1289 2319 be-

305 2335 513 2368 nedicentur
529 2345 650 2367 omnes
667 2341 795 2377 gentes.

532 2427 564 2457 3.
621 2426 684 2465 Qun·
704 2424 844 2467 sueretu!
867 2425 917 2457 illi
941 2424 1067 2469 Magi?

410 2488 579 2523 llomines
598 2488 747 2528 Persici,
775 2487 866 2523 haud
891 2489 999 2523 dubie
1024 2502 1063 2523 ex
1082 2486 1199 2523 schola
1219 2488 1289 2523 Da-

309 2541 410 2573 nielis
429 2541 566 2585 reliqui.
619 2539 706 2574 Nam
723 2539 848 2574 Daniel
867 2541 900 2573 in
914 2539 1031 2574 Persia
1051 2553 1185 2584 praeses
1201 2541 1276 2577 suit.

407 2591 464 2624 Sic
491 2603 626 2635 semper
643 2590 736 2624 Deus
760 2591 913 2636 aliquam
932 2589 1122 2626 Ecclesiam
1145 2604 1183 2624 ex
1205 2604 1287 2635 gen-

1302 587 1305 592 .
1330 561 1510 595 stellarum
1527 561 1646 606 aliquo
1665 563 1770 595 modo
1789 562 1976 598 sciverunt.

1432 609 1468 646 5.
1521 610 1711 653 Doctrina,
1744 612 1949 656 Expavescit
1974 612 2133 646 Herodes
2157 620 2190 647 et
2213 611 2318 646 Prin-

1331 663 1439 706 cipes:
1469 661 1520 696 lta
1543 663 1802 707 praedicatione
1818 662 2003 707 Evangelii
2020 671 2156 704 exorta,
2182 675 2319 708 semper

1332 713 1514 757 Principes
1529 721 1693 748 metuunt
1710 726 1791 748 suae
1810 715 2071 759 tranquillitati.

1434 763 1469 798 6.
1523 762 1664 798 Dictum
1680 763 1857 799 Micheae:
1886 764 1933 799 Et
1948 772 1985 798 tu
1998 762 2225 804 Bethlehem,
2253 767 2319 798 do-

2346 410 2376 436 Δ

2353 489 2385 571 ἱ

1333 821 1385 848 cet
1410 817 1635 857 generatione
1659 816 1780 849 divina
1804 823 1838 850 et
1855 816 2031 855 humana,
2057 816 2206 849 affirmat
2223 815 2349 849 Mes-⁸·

1333 866 1419 898 siam
1435 865 1541 899 fuisse
1557 873 1637 900 ante
1655 867 1797 900 initium
1818 867 1956 901 mundi.
2009 865 2057 900 Et
2074 873 2189 900 tamen
2206 867 2320 900 nasci-

1333 923 1453 950 turum
1485 928 1555 950 esse
1582 917 1619 950 in
1642 916 1860 951 Bethlehem.
1923 916 2019 961 Ergo
2043 924 2194 951 assumet
2218 925 2320 952 natu-

1334 979 1409 1001 ram
1427 965 1630 1000 humanam.

1437 1017 1533 1051 Dicit
1555 1025 1587 1052 et
1611 1020 1654 1052 de
1677 1019 1810 1052 officio:
1838 1017 1918 1052 Dux
1934 1019 1994 1064 qui
2013 1025 2130 1067 pascet
2149 1019 2319 1063 populum

1335 1081 1452 1102 meum
1479 1068 1606 1110 lsra'e'l,
1651 1070 1735 1103 Dux
1765 1069 1827 1114 qui
1852 1070 2017 1104 liberabit
2039 1081 2103 1102 nos
2130 1081 2148 1103 a
2174 1069 2322 1103 summis

1334 1120 1454 1158 malis,
1482 1127 1643 1163 peccato,
1671 1127 1800 1160 morte,
1828 1132 1936 1163 regno
1954 1121 2100 1154 diaboli.

1439 1170 1474 1203 7.
1526 1169 1609 1204 Doti
1629 1167 1792 1205 HerodiS.

1336 1228 1571 1266 oppugnatur.

1440 1273 1474 1306 8.
1528 1270 1624 1314 Magi
1650 1271 1798 1306 veniunt
1821 1273 1863 1305 ad
1891 1284 2058 1315 puerum,
2086 1278 2119 1305 et
2138 1272 2184 1306 ibi
2204 1279 2323 1305 osten-

1337 1325 1427 1356 dunt
1458 1334 1554 1355 suam
1588 1322 1864 1360 consessionem,
1908 1323 2095 1356 adfirmant
2127 1320 2222 1355 huuc
2252 1334 2324 1356 esse

2385 1354 2391 1365 .

1339 1373 1522 1413 Messiam,
1548 1373 1691 1406 suerunt
1713 1381 1828 1406 autem
1848 1371 1941 1406 haud
1960 1374 2066 1406 dubie
2083 1373 2197 1407 dulcia
2213 1374 2324 1407 collo·
2369 1378 2390 1417 J

1337 1425 1419 1470 quia
1438 1425 1481 1456 de
1500 1423 1792 1467 promissionibus
1810 1421 2033 1468 propheticis.

1439 1473 1674 1508 Donaverunt
1697 1486 1822 1508 aurum
1846 1482 1878 1508 et
1905 1475 1993 1515 alia,
2022 1475 2071 1507 sic
2089 1474 2215 1508 divites
2233 1486 2324 1508 sem—

1338 1537 1400 1569 per
1425 1525 1561 1570 aliquid
1585 1525 1743 1558 conferre
1760 1526 1891 1559 debent
1908 1527 1951 1559 ad
1969 1525 2203 1559 ministerium
2222 1531 2324 1559 tuen-

1338 1577 1436 1610 dum.
2347 1576 2393 1609 ⁰¹¹¹.

1442 1626 1476 1661 9.
1530 1624 1593 1660 Est
1625 1634 1656 1660 et
1687 1624 1770 1660 haec
1799 1627 1964 1670 allegoria
1995 1627 2171 1660 donorum
2199 1627 2343 1669 suavis„

1339 1678 1479 1711 Aurum
1502 1677 1604 1710 fides:
1634 1676 1806 1711 Doctrina
1823 1675 1946 1719 Thus,
1976 1676 2179 1719 lnvocatio,
2206 1677 2326 1712 Sacri-

1340 1729 1473 1760 ficium:
1502 1726 1671 1771 hlyrrha,
1698 1727 1802 1759 Crux.

1339 1827 1406 1861 Dei
1433 1839 1496 1872 pro
1513 1825 1684 1861 Ecclesia:
1714 1828 1809 1861 iubet
1835 1828 1971 1871 sugere,
1997 1835 2030 1861 et
2052 1828 2111 1861 dat
2134 1826 2326 1873 hospitium

1340 1879 1435 1914 alibi.

1446 1930 1502 1965 11.

1342 1992 1403 2025 per
1423 1979 1613 2014 llerodem.

1497 2071 1562 2102 115c
1582 2071 1727 2111 primum
1752 2071 1883 2102 dicatur
1907 2071 1945 2102 de
1969 2070 2171 2112 Infantibus.

1447 2131 1541 2166 lla-‚ec
1566 2129 1709 2166 historia
1734 2133 1974 2166 testiinonium
2000 2141 2068 2175 est,
2095 2135 2189 2179 quod
2211 2134 2328 2169 infan-
2349 2127 2359 2135 ⁸

1344 2190 1392 2217 tes
1425 2184 1460 2216 in
1486 2181 1640 2217 Ecclesia
1672 2184 1829 2227 placeant
1852 2183 1945 2225 Deo,
1979 2182 2130 2219 habeant
2154 2184 2328 2230 Spiritum

1343 2242 1521 2274 sanctum,
1549 2241 1581 2268 et
1603 2234 1671 2267 sint
1693 2232 1858 2268 hatredes
1876 2235 1966 2269 vitae
1983 2243 2161 2274 aeternae,
2189 2237 2271 2281 quia
2288 2235 2355 2275 lfit.

1344 2287 1495 2320 infantes
1526 2286 1600 2318 sine
1624 2285 1697 2318 ulla
1721 2286 1941 2320 dubitatione
1966 2287 2108 2321 suerunt
2130 2288 2259 2327 sancti,
2292 2293 2327 2324 et

1345 2338 1536 2371 laudantur
1558 2343 1727 2381 tanquam
1748 2337 1876 2377 sancti,
1901 2349 1962 2381 per
1979 2338 2132 2377 dictum,
2159 2340 2255 2384 quod
2274 2338 2326 2373 ci·
2363 2326 2373 2339 ⁸

1345 2395 1392 2422 tat
1417 2387 1609 2432 Apostolus
1642 2388 1685 2420 de
1713 2399 1794 2421 vere
1815 2388 1963 2425 sanctis.
1998 2389 2078 2434 quia
2103 2388 2166 2423 lilii
2191 2387 2324 2425 Rachel

1344 2447 1424 2473 sunt
1442 2439 1503 2472 filii
1527 2438 1700 2471 Ecclesiae
1717 2445 1747 2472 et
1766 2435 1933 2472 haeredes
1952 2440 2043 2473 vitae
2059 2447 2230 2475 aeternae.

1445 2489 1489 2525 Et
1513 2489 1573 2523 ubi
1597 2496 1645 2523 est
1672 2486 1868 2523 haereditas
1890 2491 1980 2525 vitae
2004 2499 2180 2531 aeternae,
2205 2490 2253 2524 ihi
2274 2499 2324 2526 est

1342 2541 1495 2586 Spiritus
1520 2547 1670 2574 sanctus.

1344 2593 1378 2625 in
1412 2592 1540 2626 nostris
1570 2590 1724 2634 Spiritus
1755 2599 1894 2626 sanctus
1924 2600 1974 2627 est
2006 2593 2122 2627 efficax
2155 2598 2218 2626 etc.

2278 2591 2325 2628 Εἰ

309 2642 400 2674 tibus
422 2642 574 2684 collegit:
605 2643 752 2687 ideoque
769 2643 915 2686 dispersi
933 2651 1014 2677 sunt
1036 2642 1223 2681 lsraelitac,
1251 2651 1287 2677 ut
1341 2643 1533 2677 damnandi
1552 2651 1631 2675 sunt
1651 2641 1902 2688 Aualiaptistae
1917 2643 2132 2678 contrarium
2151 2644 2324 2681 docentes

1845 1169 2080 1214 Evangelium
2103 1171 2133 1203 vi
2151 1178 2183 1204 et
2200 1171 2323 1205 fraude
2360 1182 2385 1215 ,ζ

1557 1776 1652 1819 fuga
1678 1774 1814 1810 Christi
1838 1783 1871 1810 et
1895 1776 2047 1817 Mariae,
2080 1784 2112 1810 et
2137 1778 2326 1812 solicitudo
2373 1809 2386 1821 ,

1555 1927 1774 1970 persecutio,
1803 1929 1997 1963 interfectio
2025 1941 2215 1973 puerorum
2238 1931 2326 1964 sacta
2374 1936 2381 1943 ⁵

1721 2538 1815 2584 Ergo
1839 2548 1877 2575 ut
1901 2541 1938 2575 in
1961 2540 2014 2576 his
2037 2542 2248 2578 infantibus.
2277 2543 2325 2577 it·
2384 2532 2386 2534 Ι
