2409 2915
105 82 148 117 11
161 81 210 116 09
386 81 470 116 ΧΠ.

101 169 298 203 secundum
325 168 435 212 legem
454 167 564 202 acturi
579 168 707 201 festum
724 167 829 200 diem.
882 166 939 200 An
960 167 1048 200 illud
1063 166 1094 209 ⁶)

103 219 224 253 feriari
241 219 344 253 etiam
363 231 452 264 opus
467 219 590 252 mundi
610 218 678 251 sit?
729 217 958 262 Respondeo:
988 215 1093 252 Chri-

104 277 176 304 stus
192 268 248 303 hic
263 270 383 303 omnia
401 281 506 314 opera
524 269 648 302 mundi
665 269 826 310 damnat,
851 267 918 302 hoc
935 275 995 310 est,
1020 280 1092 302 non

103 322 218 355 solum
246 321 360 353 carnis
380 321 562 353 manifesta
581 320 731 362 flagitia,
759 321 817 353 sed
835 327 867 354 et
885 320 1091 364 sapientiam

103 378 136 405 et
155 371 328 404 iusticiam
348 371 484 406 mundi.
543 370 623 404 {deo
642 371 816 404 mundum
834 379 934 405 vocat
951 368 1008 404 hic
1023 382 1092 412 eos,

101 421 163 468 qui
187 423 230 455 ad
247 422 373 455 festum
392 422 484 455 diem
504 422 682 455 ascensuri
701 429 800 456 erant
817 434 1018 467 quanquam
1039 433 1091 454 se-

101 473 257 507 cundum
281 473 403 516 legem.
463 471 509 506 Et
531 485 619 517 opus
641 473 765 506 mundi
793 480 893 507 vocat
917 472 1090 506 eiusmodi

100 523 232 557 feriari.
283 522 331 557 Et
355 520 440 556 haec
462 529 512 557 est
528 535 629 557 causa
647 536 710 557 cur
725 521 906 557 Christum
926 524 1010 557 odio
1027 521 1090 556 ha—

100 575 183 609 beat
206 575 379 614 mundus,
408 586 481 607 non
507 575 589 619 quia
615 575 759 609 damnat
778 587 867 620 quae
886 581 919 608 et
936 575 1090 607 mundus

101 626 266 666 damnat,
293 625 353 658 sed
379 625 461 670 quia
485 626 631 659 damnat
656 637 744 671 quae
769 626 894 659 mundi
919 625 1089 669 sapientia

99 676 238 720 probat.
291 675 472 720 Sapientia
496 677 610 709 carnis
634 677 683 710 sic
708 677 828 709 sentit:
856 675 934 723 Ago
961 677 1087 709 festum

101 726 194 760 diem
218 727 312 760 iuxta
339 726 469 769 legem,
493 739 574 770 ergo
598 728 731 760 bonum
748 739 837 770 opus
853 727 954 762 facio.
1008 725 1088 759 Non

97 784 213 822 potest
243 778 433 810 consistere
455 776 628 818 Ecclesia,
661 778 689 810 si
720 778 823 811 tollas
854 775 948 811 hunc
969 777 1088 820 splen-

99 829 220 861 dorem
246 827 523 872 Episcoporum,
558 826 620 862 has
650 829 893 862 ordinationes
925 835 959 861 et
993 840 1086 871 opes.

100 877 207 919 Item,
241 878 295 911 ius
320 890 437 912 meum
462 886 531 917 est,
557 891 638 922 ergo
663 880 753 912 tueri
777 880 900 914 debeo.
953 878 1088 912 Huius-

97 930 195 962 modi
213 929 322 963 multa
339 930 483 963 damnat
498 927 672 971 Christus,
700 931 778 963 ideo
795 931 870 964 odit
888 941 966 963 eum
984 941 1088 962 mun-

99 981 177 1013 dus.
211 999 262 1005 —
315 980 387 1013 Vos
417 981 617 1022 ascendite,
653 982 783 1014 scilicet
818 981 898 1026 quia
932 986 1085 1013 vestrum

98 1037 236 1075 tempus
253 1042 389 1075 semper
404 1032 519 1072 adest,
548 1038 580 1065 et
596 1038 646 1065 est
663 1033 775 1065 oratio
793 1031 1015 1065 condolentis
1031 1031 1086 1064 vel

99 1082 336 1117 concedentis.
389 1080 466 1125 Ego
492 1083 585 1115 enim
607 1084 767 1116 nondum
784 1084 993 1123 ascendam,
1020 1082 1086 1115 sci—

96 1132 178 1166 licet
197 1133 278 1178 quia
297 1140 433 1178 tempus
451 1133 716 1176 glorificationis
735 1146 831 1167 meae
847 1134 1006 1166 nondum
1022 1134 1087 1166 ad—

96 1190 159 1218 est.
213 1183 306 1227 Ergo
329 1185 488 1217 nondum
506 1185 622 1230 palam
640 1197 694 1218 me
709 1185 818 1226 facio,
846 1184 1003 1228 glorifico
1021 1196 1087 1225 me,

51 1279 54 1282 ψ
96 1241 235 1277 oportet
251 1247 305 1268 me
322 1235 419 1279 prius
435 1235 601 1279 crucifigi.

361 1335 467 1370 Tunc
488 1341 519 1370 el
543 1336 620 1383 ipse
644 1334 818 1370 ascendit.

197 1410 323 1455 Coegit
362 1412 456 1445 enim
489 1424 568 1445 eum
605 1412 659 1445 lex
688 1412 895 1451 ascendere,
941 1423 1030 1458 quae
1055 1411 1084 1456 ⁷)

95 1463 150 1497 illi
173 1463 310 1497 vocatio
328 1463 407 1496 suit.
461 1462 524 1496 Est
538 1462 633 1496 enim
652 1463 788 1496 vocatio
807 1462 987 1497 verissima
1006 1475 1085 1497 cum

96 1521 281 1557 praecepto
308 1514 377 1546 Dei
410 1513 580 1556 cogimur.
651 1513 769 1558 Atque
801 1513 849 1547 ita
882 1514 1085 1547 observabis

95 1563 387 1598 humanissimam
421 1563 724 1596 conversationem
757 1561 904 1602 Christi,
939 1577 1017 1597 cnm
1050 1577 1085 1597 se

96 1615 164 1658 legi
189 1615 331 1648 subiicit
356 1621 387 1647 et
413 1615 584 1654 ostendit,
620 1614 687 1657 legi
711 1626 745 1647 se
771 1615 895 1649 teneri.
968 1615 1084 1648 Servit

96 1666 304 1699 ceremoniis
336 1665 440 1707 legis,
482 1671 521 1698 ut
555 1664 706 1704 indicet,
740 1677 775 1698 se
807 1665 881 1708 lege
914 1666 1083 1708 diligendi

94 1717 247 1761 proximi
265 1716 387 1750 teneri.
424 1715 578 1758 Quidam
595 1715 688 1748 enim
705 1716 868 1749 dicebant
887 1723 961 1754 etc„
991 1717 1083 1750 iuxta

95 1768 202 1800 illud:
232 1766 312 1800 Non
336 1767 416 1799 veni
443 1767 581 1799 mittere
600 1778 740 1811 pacem,
765 1767 823 1800 sed
841 1767 1008 1809 gladium.
1037 1789 1081 1795 —

94 1817 226 1859 Nemo,
252 1818 382 1851 scilicet
403 1817 619 1850 credentium
636 1815 679 1862 ⁸).

297 1916 394 1952 stIea
418 1916 586 1953 doctrina
613 1930 686 1951 non
712 1921 762 1951 esl
785 1929 878 1952 mea.

196 1994 278 2028 Duo
319 1992 376 2028 hic
418 2000 656 2039 quaeruntur,
706 1994 801 2026 unde
835 1993 885 2027 sit
924 1993 1082 2027 doctrina

97 2045 248 2085 Christi,
289 2052 342 2084 et,
383 2046 564 2089 quomodo
603 2051 843 2087 cognoscatur.
913 2044 1085 2085 Primum,

97 2098 187 2131 sicut
224 2096 355 2129 Paulus
395 2096 520 2137 probat
552 2107 654 2128 suum
694 2093 928 2138 Evangelium
959 2107 977 2128 a
1009 2094 1083 2128 Deo

96 2161 169 2182 esse
203 2160 260 2188 eo,
308 2149 402 2192 quod
438 2158 552 2191 neque
586 2157 648 2189 per
678 2143 859 2178 hominem
890 2158 1005 2191 neque
1039 2145 1084 2179 ab

95 2199 242 2233 homine
283 2197 453 2241 acceperit
491 2203 551 2230 aut
587 2196 771 2236 didicerit,
808 2195 924 2230 Galat.
949 2196 992 2238 L,
1037 2196 1083 2229 ita

96 2249 154 2284 hic
178 2250 271 2295 quod
295 2249 457 2282 doctrina
474 2247 539 2280 Dei
571 2259 643 2280 non
666 2245 851 2281 hominum
875 2254 935 2282 est.
1001 2246 1084 2281 Ideo

97 2301 298 2345 respondit:
335 2299 414 2332 Mea
441 2299 601 2332 doctrina
624 2310 697 2331 non
721 2305 771 2331 est
795 2310 890 2338 mea,
917 2299 976 2331 sed
999 2298 1084 2336 eius,

97 2353 158 2400 qui
177 2352 272 2386 misit
288 2363 343 2383 me
355 2358 417 2384 etc.
472 2348 620 2392 Quoties
632 2356 746 2392 negat,
775 2349 972 2383 doctrinam
987 2360 1082 2382 suam

97 2415 172 2437 non
203 2415 274 2435 esse
303 2414 421 2442 snam,
453 2408 484 2434 et
515 2413 550 2434 se
575 2413 646 2433 non
673 2412 839 2445 quaerere
865 2400 1081 2433 voluntatem

97 2466 194 2488 suam
210 2455 269 2487 sed
288 2454 379 2493 eius,
401 2453 464 2498 qui
481 2464 515 2485 se
533 2452 677 2491 miserit,
706 2459 820 2493 negat,
846 2451 881 2483 in
900 2463 1003 2484 carne
1022 2463 1082 2485 sua

98 2505 322 2548 gloriandum
347 2516 439 2545 esse,
463 2501 529 2537 hoc
553 2510 622 2543 est,
648 2509 738 2536 vetat
761 2502 904 2546 gloriari
928 2503 971 2536 de
997 2514 1081 2547 qua—

133 2641 165 2668 6)
183 2641 248 2664 Tuh.
270 2639 362 2663 illum.
466 2636 497 2665 7)
520 2636 586 2660 Tub.
606 2637 683 2667 quia.

133 2675 164 2701 8)
185 2675 308 2705 Quidam
326 2673 401 2697 enim
419 2673 471 2695 etc.
491 2677 541 2696 non
562 2671 691 2702 teguntur
712 2670 738 2694 iu
760 2671 823 2695 Tui).

529 78 924 117 ANNOTATIONES
952 79 1019 116 ET
1044 78 1328 117 CONCIONES
1356 80 1405 116 IN
1434 79 1616 120 EVANG.
1646 83 1859 122 IOANNIS.

1109 1885 1112 1889 ι
1139 1854 1250 1875 meam
1270 1855 1489 1887 quaererem:
1519 1845 1576 1876 sed
1597 1856 1668 1877 non
1687 1858 1816 1890 quaero
1842 1848 1991 1890 gloriam
2008 1861 2119 1883 meam

2040 92 2134 125 1110

1146 167 1382 213 libuscunque
1413 169 1534 210 donis,
1575 170 1750 204 confidere
1773 173 1939 216 operibus
1962 174 2015 207 vel
2039 187 2133 210 cere-

1145 218 1293 259 moniis,
1331 219 1419 253 sicut
1443 221 1640 263 gloriantur
1663 223 1842 257 auditores
1858 222 2041 268 Evangelii
2059 238 2131 260 non

1143 269 1312 309 factores,
1349 271 1539 314 sapientes,
1579 272 1681 314 iusti,
1720 275 1841 307 confisi
1873 277 1945 309 suis
1974 277 2132 316 iusticiis,

1144 331 1222 352 cum
1241 317 1326 352 haec
1342 322 1459 354 omnia
1477 322 1678 356 mortificari
1693 332 1863 368 oporteat.
1915 326 2130 368 Secundum,

1142 372 1321 415 quomodo
1357 379 1587 415 cognoscatur
1616 374 1789 408 doctrina.
1849 376 1987 411 Lumen
2017 380 2131 413 carnis

1142 421 1294 454 carnalia
1313 429 1449 455 tantum
1470 423 1652 467 intelligit,
1680 438 1768 470 quae
1792 428 1881 460 ratio
1905 429 2009 462 sentit
2027 442 2130 463 vero-

1141 471 1268 505 similia
1297 484 1387 505 esse:
1431 475 1580 517 proinde
1605 487 1676 508 non
1704 483 1815 519 potest
1844 490 1907 511 nec
1936 480 2130 524 intelligere

1142 535 1205 556 nec
1231 524 1372 556 credere
1394 525 1602 567 spiritualia.
1663 524 1704 559 In
1730 525 1820 561 hanc
1842 531 2048 564 sententiam
2072 529 2129 565 hic

1140 574 1207 608 ait:
1235 573 1273 608 Si
1291 575 1368 619 quis
1386 575 1537 609 voluerit
1563 577 1779 611 voluntatem
1807 579 1880 612 eius
1904 581 2033 620 facere,
2061 581 2085 615 i.
2101 594 2130 617 e.

1141 625 1168 657 si
1192 624 1270 669 quis
1296 626 1447 659 voluerit
1472 627 1628 660 credere:
1676 640 1757 660 nam
1784 626 1867 663 haec
1892 637 1941 664 est
1967 632 2129 666 voluntas

1141 676 1267 719 patris,
1295 677 1417 709 audire
1434 677 1557 710 filium.
1593 677 1787 721 Cognoscet
1806 681 1848 713 de
1865 682 2038 726 doctrina,
2067 684 2130 718 i.e.

1140 727 1336 759 doctrinam
1352 735 1535 770 cognoscet
1553 741 1623 761 esse
1641 742 1756 763 veram
1768 758 1776 770 ‚
1803 739 1835 765 et
1852 740 2036 774 cognoscet
2053 746 2128 767 eam

1140 789 1178 810 ex
1206 776 1280 810 Deo
1313 789 1395 813 esse.
1458 778 1548 812 Caro
1575 792 1728 813 errorem
1755 793 1826 815 esse
1855 783 1988 818 iudicat
2011 785 2128 818 omnia

1139 840 1242 872 opera
1268 825 1453 862 hominum
1486 837 1622 873 peccata
1658 843 1749 874 esse,
1794 833 1874 877 quia
1913 835 2128 879 impietatem

1139 890 1235 911 suam
1270 890 1331 911 seu
1371 880 1591 921 caecitatem,
1648 883 1879 917 diffidentiam
1911 892 1943 918 et
1972 892 2129 919 contem-

1140 936 1237 973 ptum
1253 928 1283 976 9)
1310 930 1379 963 Dei
1407 943 1478 964 non
1503 932 1669 974 agnoscit.
1731 932 1908 975 Rursum,
1941 937 2023 980 quia
2056 937 2128 980 ipsa

1139 992 1211 1013 sese
1227 980 1408 1022 iustificat,
1436 989 1556 1025 negat,
1584 983 1655 1016 sola
1674 981 1806 1018 Christi
1823 985 1961 1019 iusticia
1977 998 2013 1020 se
2030 987 2130 1020 iusti-

1138 1031 1245 1067 ficari.
1307 1031 1377 1066 Ubi
1408 1040 1524 1066 autem
1561 1035 1718 1077 agnoscit
1748 1043 1886 1079 peccata
1908 1049 1988 1081 sua,
2023 1038 2130 1072 simul

1138 1083 1294 1125 agnoscit
1333 1095 1453 1116 omnes
1484 1084 1660 1118 doctrinas
1696 1083 1880 1121 hominum
1912 1099 1983 1120 esse
2013 1100 2131 1130 vanas,

1139 1133 1221 1178 quia
1250 1134 1376 1177 sentit,
1409 1135 1659 1168 conscientiam
1685 1147 1782 1170 suam
1809 1149 1925 1171 coram
1953 1137 2028 1172 Deo
2056 1151 2130 1172 non

1138 1196 1238 1227 posse
1271 1185 1472 1218 confirmari
1496 1186 1550 1218 vel
1584 1187 1669 1229 erigi
1698 1187 1740 1220 iis
1765 1189 1946 1224 doctrinis.
2012 1188 2130 1234 Atque

1140 1235 1205 1275 ita,
1231 1236 1258 1268 si
1277 1237 1403 1275 credit,
1432 1243 1506 1270 turn
1523 1235 1757 1281 apprehendit
1775 1251 1890 1272 veram
1911 1251 1982 1273 esse
1999 1238 2130 1275 Christi

1138 1286 1353 1328 doctrinam3
1380 1299 1493 1332 neque
1510 1285 1576 1321 hoc
1597 1289 1710 1322 solum
1732 1288 1984 1333 apprehendit,
2011 1303 2130 1325 veram

1139 1347 1210 1368 esse
1229 1337 1443 1378 doctrinam,
1470 1340 1530 1371 sed
1556 1345 1590 1372 et
1613 1337 1698 1379 hoc,
1733 1352 1773 1373 ex
1799 1341 1873 1375 Deo
1900 1353 1971 1375 esse
1996 1343 2128 1376 doctri-

1138 1398 1219 1418 nam
1239 1385 1383 1427 Christi,
1413 1388 1494 1432 quia
1513 1389 1690 1423 iudicante
1702 1389 1776 1423 Deo
1794 1393 2005 1426 conscientia
2025 1394 2131 1426 verbo

1138 1434 1271 1471 Christi
1291 1438 1448 1481 erigitur.
1504 1438 1662 1473 Verbum
1680 1440 1774 1473 enim
1793 1442 1930 1475 domini
1954 1450 2072 1477 manet
2094 1444 2131 1476 in

1137 1495 1333 1522 aeternum.
1387 1488 1530 1522 Praeter
1547 1488 1634 1531 hoc,
1663 1491 1753 1533 ignis
1779 1494 1955 1526 consumit
1980 1494 2132 1539 reliquas

1139 1539 1315 1572 doctrinas
1332 1551 1473 1579 omnes,
1499 1547 1602 1585 atque
1629 1541 1674 1574 ita
1694 1542 1749 1582 fit,
1776 1550 1814 1576 ut
1837 1544 1981 1587 spiritus
1996 1545 2061 1578 Dei
2081 1552 2130 1579 te-

1138 1589 1343 1623 stimoninm
1364 1588 1546 1635 perhibeat
1564 1592 1706 1635 spiritui
1725 1601 1857 1628 nostro.

1363 1670 1441 1719 Qui
1464 1685 1487 1706 a
1514 1673 1704 1719 semetipso
1729 1675 1904 1724 loquitur.

1240 1738 1518 1784 Argumentum,
1560 1754 1629 1787 quo
1671 1744 1797 1786 probat
1826 1745 2023 1779 doctrinam
2057 1759 2130 1781 non

1139 1802 1210 1824 esse
1237 1803 1353 1824 suam:
1392 1791 1485 1835 Quia
1504 1793 1532 1825 si
1551 1805 1590 1825 ex
1611 1795 1756 1838 meipso
1775 1796 1953 1841 loquerer,
1982 1798 2129 1841 gloriam

2123 1877 2132 1891 ²

1138 1893 1217 1937 quia
1241 1894 1436 1935 crucifigar:
1467 1895 1573 1937 igitur
1591 1907 1663 1927 non
1682 1904 1730 1929 est
1751 1910 1824 1930 mea
1843 1899 2014 1934 doctrina.
2065 1900 2130 1934 At-

1138 1956 1204 1988 que
1233 1941 1288 1977 hic
1312 1945 1409 1977 vides
1434 1947 1528 1990 quod
1556 1945 1687 1979 Paulus
1711 1949 1776 1982 ait:
1822 1948 1893 1982 Vos
1918 1951 2130 1993 apostolatus

1139 1995 1206 2027 mei
1227 1995 1394 2037 sigillum.

1240 2068 1366 2104 Unum
1391 2083 1480 2119 opus
1497 2072 1595 2120 feci,
1624 2076 1654 2106 et
1678 2084 1801 2106 omnes
1825 2074 2029 2111 miramini.

1242 2137 1363 2172 Iudaei
1378 2137 1558 2174 Christum
1577 2140 1875 2182 criminabantur,
1903 2143 1997 2187 quod
2018 2143 2127 2186 legem

1139 2189 1302 2229 violarit,
1330 2190 1412 2235 quia
1430 2192 1573 2224 sabbato
1593 2191 1734 2235 aliquod
1752 2204 1840 2235 opus
1859 2193 2017 2227 faciebat.
2069 2194 2128 2228 Iu-

1137 2240 1214 2272 daei
1230 2252 1265 2273 se
1282 2241 1391 2284 legem
1417 2242 1528 2274 facere
1552 2243 1741 2285 putabant,
1769 2243 1849 2287 quia
1876 2245 2014 2277 nullum
2041 2257 2128 2288 opus

1137 2291 1290 2325 facerent
1312 2292 1474 2332 sabbato;
1502 2292 1705 2325 iudicabant
1726 2293 1819 2325 enim
1835 2296 2026 2329 secundum
2046 2296 2125 2328 lite-

1138 2353 1223 2377 ram.
1250 2341 1437 2386 Propterea
1449 2340 1610 2377 Christus
1628 2343 1770 2377 invertit
1787 2346 2006 2387 sententiam,
2029 2359 2128 2379 coar-

1135 2403 1244 2435 guens
1264 2393 1343 2426 illos
1362 2393 1509 2426 violatae
1530 2393 1634 2437 legis,
1662 2395 1754 2438 quod
1775 2395 1826 2427 lex
1851 2396 2044 2439 spiritualis
2072 2398 2127 2436 sit,

1136 2455 1170 2477 se
1189 2456 1271 2476 vero
1289 2455 1476 2485 excusans,
1505 2445 1585 2489 quia
1612 2445 1663 2477 lox
1691 2457 1761 2478 non
1789 2446 1887 2479 litera
1913 2449 1972 2480 sed
2000 2448 2126 2492 spiritu

1135 2495 1205 2530 fiat.
1234 2494 1380 2527 Sabbati
1399 2495 1628 2528 violationem
1647 2496 1732 2529 alias
1750 2497 1851 2531 aliter
1869 2506 2007 2534 excusat
2019 2497 2125 2533 Chri-

1136 2553 1225 2585 stus,
1263 2543 1390 2579 Manli.
1411 2544 1493 2579 ΧΗ.
1521 2547 1707 2579 collatione
1726 2560 1891 2591 opcrum,
1922 2549 2013 2583 iuxta
2031 2548 2125 2583 hunc

1171 2673 1202 2699 9)
1223 2674 1318 2696 secer.
1338 2672 1521 2702 conceptum,
1541 2677 1574 2694 ex
1595 2672 1699 2695 mendo.

1450 2703 1534 2740 70*
