2409 2915
61 84 134 123 525
606 82 687 117 ΧΠ.

61 168 166 204 habet
182 171 341 204 custodes
360 167 520 213 angelos,
546 174 580 202 et
596 179 699 201 canes
715 167 907 211 lingentes,
931 166 966 200 id
986 173 1047 208 est,

61 221 230 266 quosdam
260 222 303 254 de
332 221 481 265 populo,
514 219 575 264 qui
603 225 775 265 quantum
800 224 946 262 possunt
970 229 1045 251 eam

61 278 185 305 curant
209 271 448 305 mediocribus
469 269 603 305 officiis.
655 267 797 302 Dictum
822 275 872 302 est
893 269 1047 302 breviter

61 322 104 355 de
127 322 366 356 consolatione
382 319 524 361 Lazari,
551 332 622 366 quo
645 319 803 364 exemplo
824 319 996 352 discamus
1015 325 1048 353 et

61 384 125 406 nos
141 372 326 406 consolari.

164 440 304 474 Tertius
319 440 417 473 locus
434 445 484 472 est
499 439 615 482 gravis
628 438 856 472 comminatio
871 439 914 471 de
925 437 1047 482 poenis

63 491 264 535 impiorum.
317 488 424 523 Dives
442 490 579 534 rapitur
596 490 633 522 in
650 490 848 529 infernum,
876 496 908 522 et
925 501 1047 521 excru-

61 542 173 575 ciatur
196 541 412 574 intolerabili
439 547 473 574 et
496 547 637 574 aeterno
665 541 831 573 cruciatu.
886 540 944 572 Sic
963 539 1048 573 dicit

62 590 224 626 Christus
256 592 298 624 de
328 603 391 623 suo
425 591 573 624 iudicio:
609 590 734 632 sitivi,
766 597 798 623 et
823 602 896 623 non
920 590 1046 622 dedisti

61 639 146 674 mihi
170 649 302 685 potum.
357 639 458 674 Nihil
478 641 643 675 dubitent
660 641 820 686 tyranni,
849 641 935 686 quin
954 639 1048 673 Deus

61 704 182 725 eorum
207 693 448 736 asperitatem,
483 704 588 738 quam
614 700 734 725 contra
759 690 950 724 Ecclesiam
977 691 1046 723 iam

61 750 242 782 exercent,
279 743 468 787 puniturus
501 743 567 783 sit,
603 749 635 776 et
662 743 789 785 singuli
813 744 975 781 videant,
1010 748 1046 774 ut

61 800 185 827 curent
201 795 356 826 membra
370 792 563 834 Ecclesiae,
592 805 636 826 ne
653 793 816 826 similiter
832 793 1035 837 puniantur.

164 857 258 891 Haec
284 858 438 891 breviter
461 865 510 891 est
533 871 667 892 summa
696 857 899 900 Evangelii,
934 858 1047 899 imago
1074 871 1077 882 ν

60 906 254 947 Ecclesiae,
289 909 440 957 petentis
468 922 485 942 a
509 909 711 953 potentibus
735 909 903 942 auxilium
929 916 962 942 ct
987 910 1049 940 de-

59 959 266 994 fensionem.
321 959 389 993 Sed
414 959 568 993 Ecclesia
593 967 709 993 manet
733 960 900 998 Lazarus,
936 959 1048 991 nemi-

61 1021 140 1042 nem
167 1007 272 1042 habet
298 1011 539 1043 auxiliatorem
566 1011 633 1042 nisi
659 1010 784 1043 Deum.
851 1009 896 1042 Et
919 1007 975 1042 hic
1000 1016 1049 1042 est

63 1066 186 1103 potens
207 1060 411 1100 auxiliator,
439 1072 511 1093 non
537 1060 759 1094 obliviscitur
783 1059 976 1100 Ecclesiae,
1011 1067 1050 1093 ut

61 1109 201 1143 Psalmo
220 1110 254 1145 9.
273 1117 305 1144 et
329 1111 384 1144 lO.
407 1111 555 1145 dicitur:
582 1110 661 1144 Non
684 1111 902 1144 oblivisceris
917 1122 1048 1154 paupe-

62 1172 153 1194 rum.
216 1159 320 1194 Item:
359 1161 499 1205 Pupillo
532 1169 570 1195 tu
600 1173 635 1195 es
664 1162 817 1197 adiutor.
876 1160 1050 1205 Reliquae

61 1218 143 1245 sunt
169 1210 424 1254 disputationes
445 1213 481 1245 in
507 1210 574 1246 hoc
599 1219 695 1246 textu
712 1213 755 1245 de
771 1212 851 1245 sinu
872 1209 1050 1250 Abrahae,

63 1268 95 1295 et
115 1263 156 1295 de
174 1262 280 1295 verbo
298 1261 440 1303 Vocali,
468 1274 527 1296 seu
547 1264 589 1296 de
608 1263 791 1307 scriptura.

358 1380 417 1414 De
444 1381 531 1414 sinu
558 1377 747 1414 Abrahae.

163 1463 270 1497 Sinus
296 1460 462 1496 Abrahae
490 1462 660 1506 significat
687 1463 941 1497 beatitudinem
971 1475 1050 1506 pro-

62 1513 203 1546 missam
227 1514 334 1546 verbo
360 1514 441 1547 dato
464 1511 647 1552 Abrahae,
676 1516 719 1547 de
742 1514 989 1547 benedictione
1015 1514 1050 1546 in

63 1563 207 1597 semine.
270 1562 366 1596 Haec
397 1564 584 1608 promissio
610 1565 647 1597 in
671 1564 864 1608 Evangelio
888 1565 976 1597 facta
1003 1571 1054 1598 est

63 1613 259 1654 illustrior,
296 1614 391 1659 quod
423 1615 515 1647 clare
544 1615 643 1648 dicit:
679 1614 775 1648 Haac
808 1623 858 1648 est
890 1613 1053 1648 voluntas

63 1665 188 1709 patris,
224 1672 263 1699 ut
291 1664 407 1697 omnis
440 1665 502 1709 qui
533 1665 644 1699 credit
676 1665 713 1697 in
743 1664 893 1706 Filium,
926 1663 1053 1699 habeat

63 1715 172 1749 vitam
203 1722 392 1750 aeternam.
453 1714 552 1749 Sicut
582 1722 698 1749 autem
730 1727 795 1749 nos
826 1716 1054 1757 discedentes,

63 1766 231 1800 debemus
248 1766 316 1799 fide
334 1762 440 1798 huius
457 1765 703 1810 promissionis
719 1773 863 1814 propter
872 1764 1052 1800 Christum

61 1817 192 1858 factae,
219 1827 284 1849 nos
307 1822 521 1856 sustentare,
549 1823 582 1849 et
606 1814 671 1850 hac
694 1817 762 1850 fide
779 1818 998 1861 ingredimur
1016 1818 1052 1850 in

62 1867 172 1901 vitam
196 1873 230 1900 et
251 1866 420 1900 laetitiam
441 1873 630 1900 aeternam.
686 1866 737 1900 Ita
754 1874 839 1901 tunc
855 1868 965 1901 sancti
982 1868 1053 1901 dis-

64 1918 225 1952 cedentes
253 1917 499 1951 sustentabant
524 1929 559 1951 se
585 1918 694 1951 verbo
709 1916 893 1959 Abrahae,
921 1925 955 1952 et
976 1931 1053 1952 sus-

65 1974 238 2003 tentantes
261 1979 297 2001 se
321 1965 386 2001 hac
413 1968 500 2010 fide,
527 1968 818 2012 ingrediebantur
838 1970 875 2002 in
895 1969 1003 2002 vitam
1021 1976 1053 2002 et

63 2019 232 2053 laetitiam
264 2019 527 2063 sempiternam.
582 2018 739 2054 Vocatur
767 2032 847 2062 ergo
872 2019 1054 2053 beatitudo

65 2069 162 2103 sinus
200 2066 386 2108 Abrahae,
435 2070 516 2115 quia
556 2077 606 2104 est
642 2071 844 2103 benedictio
883 2070 1053 2114 promissa

68 2117 233 2153 Abrahae
252 2126 397 2164 propter
414 2131 551 2160 semen,
573 2121 704 2154 scilicet
720 2119 916 2154 Christum.

167 2186 263 2220 Haec
278 2186 365 2219 scire
380 2187 422 2219 de
438 2187 518 2220 sinu
536 2185 699 2220 Abrahae
715 2188 795 2221 satis
810 2194 875 2228 est,
903 2194 935 2221 et
950 2187 1055 2221 omit-

67 2239 194 2273 tendae
218 2244 302 2271 sunt
321 2235 528 2284 phantasiae
545 2238 587 2270 de
604 2238 715 2271 limbo
732 2246 882 2282 patrum.
935 2237 1055 2271 Patres

67 2291 186 2324 eadem
211 2289 278 2321 fide
295 2289 540 2328 salvabantur,
568 2300 636 2332 qua
655 2287 817 2333 Apostoli
835 2296 867 2322 et
883 2300 957 2322 nos.
1010 2286 1056 2321 Et

67 2340 248 2375 beatitudo
266 2345 317 2372 est
335 2339 406 2373 vita
425 2345 459 2373 et
475 2339 608 2383 agnitio
624 2338 711 2380 Dei,
738 2339 906 2383 sapientia
920 2367 929 2380 ‚
954 2339 1055 2372 iusti-

68 2391 140 2430 cia,
167 2398 200 2424 et
223 2389 356 2423 laetitia
378 2391 549 2435 quaedam
571 2397 758 2433 perpetua,
786 2402 874 2435 quae
900 2402 972 2422 non
992 2402 1055 2433 po-

68 2449 135 2476 test
165 2440 322 2475 enarrari
357 2453 440 2485 prae
465 2441 726 2484 magnitudine,
763 2442 820 2474 sed
847 2441 912 2473 fide
936 2447 1056 2484 gustus

68 2492 196 2538 aliquis
228 2492 266 2524 in
297 2492 401 2524 nobis
430 2491 564 2525 incoari
593 2493 707 2526 debet.
765 2490 818 2525 De
849 2504 919 2536 quo
951 2498 1054 2535 gustu

70 2543 120 2577 nit
142 2543 289 2577 Paulus:
324 2541 506 2576 lustificati
533 2542 600 2576 fide
631 2555 750 2588 pacem
782 2540 952 2576 habemus
976 2553 1054 2586 erga

71 2591 198 2628 Deum.

747 77 1141 116 ANNOTATIONES
1169 78 1220 113 IN
1246 77 1546 116 EVANGELIA.

2016 83 2090 120 526

1422 169 1490 202 De
1512 171 1762 213 scriptura.

1315 229 1446 262 Habent
1468 230 1603 263 Moisen
1625 236 1655 264 et
1678 233 1870 274 Prophetas.

1201 291 1278 325 Hoc
1303 293 1543 326 testimonium
1561 301 1610 326 est
1626 295 1732 334 utile,
1758 303 1789 328 et
1810 295 1991 328 confirmat
2007 295 2084 338 pios

1099 342 1362 386 multipliciter,
1389 345 1481 388 quod
1506 356 1577 376 non
1601 351 1682 378 sunt
1708 347 1924 389 quaerendae
1951 347 2084 379 revela-

1100 394 1214 428 tiones
1228 401 1287 427 aut
1306 394 1584 427 illuminationes
1601 401 1737 438 praeter
1753 396 1969 439 scripturam.
2014 395 2082 430 Sed

1072 449 1075 476 t
1100 445 1195 490 quod
1217 456 1296 477 vere
1316 442 1400 477 haec
1417 445 1459 478 sit
1478 445 1641 478 voluntas
1658 443 1745 487 Dei,
1774 458 1860 489 quae
1878 453 1926 478 est
1943 447 1977 478 in
1998 447 2084 479 scri-

1072 519 1075 547 ι
1098 495 1213 543 pturis
1237 495 1426 539 proposita.
1481 496 1538 529 Sic
1557 496 1632 529 vult
1650 496 1831 535 exaudire,
1859 497 2010 536 salvare,
2037 497 2085 529 si-

1101 553 1156 580 cut
1183 546 1247 579 tibi
1272 544 1356 578 haec
1382 547 1487 578 verba
1504 545 1688 588 Evangelii
1713 547 1839 589 scripta
1865 547 2085 589 promittunt.

1073 613 1075 620 ⁴
1100 598 1183 630 Ideo
1215 597 1467 640 Anabaptistae
1508 598 1720 630 damnantur
1760 604 1965 641 quaerentes
2002 597 2086 630 alias

1102 647 1379 681 illuminationes
1396 648 1525 680 omisso
1545 648 1662 680 verbo.

1298 740 1363 780 De
1394 740 1567 795 augelis
1603 741 1886 780 conciuncula.

1205 813 1260 847 Ad
1286 815 1440 849 Ebraeos
1468 816 1580 859 primo
1608 815 1788 847 scribitur:
1817 814 1908 847 Sunt
1936 814 2086 846 ministri

1103 866 1246 909 spiritus
1276 866 1318 898 ad
1353 866 1587 899 ministerium
1619 865 1733 905 missi,
1771 871 1912 908 propter
1944 876 2000 896 eos
2027 865 2087 908 qui

1103 923 1184 949 sunt
1210 914 1373 948 haeredes
1397 916 1518 949 futuri.
1555 914 1622 947 llic
1647 915 1743 947 locus
1769 918 1838 947 duo
1864 916 1973 947 docet.
2011 914 2089 946 Pri-

1104 980 1198 1000 mum
1217 978 1304 1009 quae
1322 967 1363 999 sit
1380 966 1572 998 subst;.ntia
1590 966 1813 1008 angelorum,
1841 965 1977 999 Deinde
1995 966 2089 1010 quod

1104 1019 1147 1051 sit
1172 1017 1336 1050 officium.
1389 1017 1593 1050 Substantia
1620 1024 1669 1049 cst
1688 1016 1899 1060 spiritualis,
1927 1016 2007 1060 quia
2027 1028 2089 1048 vo-

1104 1075 1157 1102 cat
1181 1079 1238 1101 eos
1263 1068 1419 1111 spiritus.
1471 1067 1648 1101 Discernit
1665 1074 1780 1100 autem
1797 1067 1967 1110 scriptura
1986 1066 2090 1110 spiri-

1104 1127 1158 1152 tus
1181 1131 1198 1151 a
1216 1119 1440 1162 corporibus,
1468 1131 1546 1151 cum
1567 1118 1700 1163 iuquit:
1729 1117 1883 1162 Spiritus
1899 1129 2038 1151 carnem
2057 1123 2090 1149 et

1104 1182 1179 1204 ossa
1196 1182 1268 1202 non
1286 1167 1427 1203 habent.

1075 1235 1079 1275 ἵ
1207 1220 1299 1254 Sunt
1323 1227 1436 1252 autem
1461 1220 1617 1263 duplices
1642 1220 1803 1262 spiritus,
1830 1218 1921 1252 Boni
1944 1228 1975 1251 et
1997 1218 2089 1251 mali.

1105 1271 1192 1305 Mali
1213 1283 1283 1302 non
1301 1279 1380 1303 sunt
1397 1272 1528 1303 conditi
1549 1271 1584 1302 in
1603 1271 1758 1307 malicia,
1786 1271 1843 1302 sed
1863 1270 1969 1303 aDeo
1985 1269 2090 1302 creati

1078 1315 1079 1319 Ἰ
1106 1329 1187 1352 suut
1217 1321 1290 1353 sine
1324 1322 1421 1355 vitio.
1490 1321 1612 1353 Postea
1640 1333 1720 1353 vero
1746 1321 1967 1359 defecerunt,
2003 1320 2092 1352 sicut

1106 1370 1221 1415 inquit
1240 1368 1414 1406 Christus:
1447 1371 1674 1404 Mendacium
1700 1383 1740 1403 ex
1757 1370 1908 1414 propriis
1924 1370 2093 1414 loquitur,

1107 1433 1187 1463 ergo
1212 1434 1283 1453 non
1310 1422 1442 1464 accepit
1467 1434 1484 1454 a
1512 1422 1595 1454 Deo.
1656 1421 1759 1461 Item,
1793 1420 1972 1465 Epistolae
1995 1419 2091 1453 Petri

1106 1480 1137 1506 et
1164 1471 1269 1505 ludae
1299 1479 1471 1505 testantur
1502 1473 1643 1515 angelos
1673 1473 1858 1511 defecisse,
1891 1479 1923 1505 et
1947 1477 2092 1516 propter

1107 1530 1285 1567 peccatum
1315 1524 1497 1555 damnatos
1523 1535 1607 1556 esse.
1662 1521 1706 1555 Et
1726 1521 1885 1565 Epistola
1905 1521 2012 1554 Iudae
2038 1521 2092 1553 di-

1106 1581 1194 1607 serte
1216 1573 1352 1617 inquit,
1378 1572 1534 1616 Angelos
1557 1585 1630 1605 non
1659 1584 1880 1606 conservasse
1901 1584 1998 1605 suam
2018 1571 2091 1604 ori-

1107 1625 1244 1667 ginem,
1278 1624 1314 1656 id
1341 1630 1411 1662 est,
1439 1636 1512 1656 non
1539 1624 1706 1657 mansisse
1731 1623 1834 1665 tales,
1862 1623 1982 1668 quales
2007 1633 2091 1655 cou-

1107 1675 1169 1707 diti
1189 1680 1282 1707 sunt.

1360 1768 1420 1802 De
1449 1765 1576 1815 officio
1605 1768 1834 1814 angelorum.

1209 1831 1368 1876 Epistola
1392 1834 1435 1866 ad
1459 1831 1614 1866 Ebraeos
1633 1840 1734 1867 vocat
1753 1845 1810 1866 eos
1826 1832 2005 1866 ministros
2023 1833 2094 1877 spi—

1107 1885 1216 1925 ritus,
1243 1890 1275 1917 et
1293 1883 1411 1924 addit,
1436 1891 1580 1927 propter
1598 1895 1676 1924 eos,
1703 1884 1764 1928 qui
1784 1891 1866 1917 sunt
1883 1884 1993 1917 futuri
2011 1882 2094 1917 hae-

1108 1936 1217 1968 redes.
1273 1932 1368 1965 Haec
1391 1935 1560 1966 sententia
1584 1940 1731 1966 testatur
1748 1933 1891 1977 angelos
1908 1942 2094 1978 occupatos

1108 1996 1179 2018 esse
1202 1996 1284 2017 cura
1307 1981 1484 2016 Ecclesiae
1508 1984 1762 2017 defendendae.
1815 1984 1874 2018 Sic
1898 1992 2012 2018 autem
2036 1999 2095 2019 co-

1108 2036 1276 2078 gitemus,
1313 2034 1401 2067 sicut
1428 2046 1548 2067 revera
1574 2035 1615 2067 ad
1640 2032 1735 2067 hunc
1760 2036 1904 2069 modum
1929 2047 1963 2069 se
1990 2035 2095 2070 habet

1108 2085 1275 2119 Ecclesia.
1318 2083 1508 2118 Ecclesiam
1526 2086 1620 2119 velut
1637 2085 1824 2127 civitatem,
1851 2088 1894 2120 ab
1910 2099 1978 2121 una
1997 2095 2094 2132 parte

1109 2136 1243 2169 diaboli
1262 2135 1426 2170 obsident
1444 2143 1476 2169 et
1492 2144 1696 2180 oppugnant
1712 2138 1899 2178 acerrime,
1926 2140 1970 2171 al)
1988 2139 2095 2172 altera

1109 2187 1322 2226 defendunt,
1357 2193 1390 2220 et
1416 2194 1639 2231 propugnant
1665 2188 1789 2230 angeli.
1849 2188 1938 2222 Nam
1964 2189 2096 2223 Paulus

1109 2244 1208 2271 vocat
1239 2237 1399 2271 diabolos
1429 2238 1572 2281 spiritus
1603 2239 1704 2272 aeris.
1766 2238 1959 2273 Versantur
1988 2241 2095 2283 igitur

1109 2289 1251 2334 utrique
1268 2288 1353 2321 boni
1371 2295 1404 2321 et
1419 2289 1502 2321 mali
1519 2288 1661 2333 spiritus
1678 2301 1756 2322 cum
1776 2287 1991 2326 hominibus.

1211 2337 1258 2373 Ut
1274 2347 1388 2373 autem
1406 2339 1518 2372 officia
1535 2340 1712 2373 bonorum
1731 2341 1936 2384 angelorum
1954 2341 2095 2383 agnosci

1110 2389 1262 2433 possint,
1319 2390 1473 2434 primum
1510 2390 1773 2425 consideremus
1810 2403 1914 2436 quarn
1953 2403 2094 2425 saevum

1110 2438 1245 2474 hostem
1278 2438 1479 2474 habeamus.
1540 2441 1763 2475 Describitur
1789 2451 1903 2477 autem
1932 2445 2096 2482 diabolus

1109 2492 1204 2536 quod
1229 2491 1273 2525 sit
1296 2492 1447 2525 mendax
1475 2498 1508 2526 et
1529 2490 1715 2525 homicida.
1779 2492 1931 2528 Mendax
1958 2505 2030 2542 est,
2058 2499 2094 2533 id

1109 2548 1176 2583 est,
1208 2542 1355 2576 immani
1387 2543 1539 2587 quodam
1572 2543 1654 2576 odio
1681 2542 1748 2575 Dei
1777 2551 1925 2579 conatur
1951 2551 2096 2584 summis

1109 2593 1245 2627 viribus
1269 2593 1466 2627 deformare
1489 2593 1636 2636 gloriam
1654 2592 1730 2626 Dei.
1784 2593 1867 2629 Ideo
1888 2596 2010 2634 incitat
2031 2599 2096 2635 ho-

1110 2644 1222 2678 mines
1240 2645 1283 2678 ad
1301 2643 1425 2689 impias
1441 2643 1628 2688 opiniones
1645 2644 1687 2677 de
1704 2643 1795 2686 Deo,
1823 2653 1855 2681 et
1872 2648 1914 2682 ad
1933 2649 2096 2696 blasphe-
