2409 2915
293 91 366 126 367

686 171 734 196 ne
761 172 889 196 sexto.

398 228 555 264 Revoeat
571 235 636 259 nos
649 221 813 259 Christus
836 224 879 257 ad
904 234 1022 257 curam
1049 222 1285 267 praesentium

300 292 439 319 rerum,
473 289 552 311 cum
578 275 641 309 ait:
676 273 836 309 Crastina
863 274 937 307 dies
959 274 1096 307 curabit
1119 285 1174 307 res
1197 283 1286 306 sua=.

301 333 360 367 Sic
373 338 406 365 et
427 329 602 363 Pindarus
619 326 767 359 laudans
784 323 976 358 Hieronem
988 349 996 363 ,
1027 325 1118 357 inter
1135 331 1286 357 caeteras

301 384 449 417 virtutes
463 377 554 412 hanc
569 377 600 410 ei
619 376 762 416 tribuit,
791 375 966 419 sapienter
982 385 1105 408 curare
1121 385 1286 419 praesen-

302 435 360 468 tia.
411 431 468 464 Ad
487 427 578 462 lianc
597 427 761 460 virtutem
782 425 951 469 pertinet,
979 426 1073 469 quod
1095 431 1129 458 et
1144 422 1286 459 Samuel

302 483 419 529 inquit
458 481 492 516 1.
517 478 605 521 Reg.
633 478 706 510 11.:
749 475 818 509 Fac
849 486 1079 520 quaecunque
1109 474 1288 508 invenerit

302 543 429 568 manus
446 538 523 571 tua,
549 529 629 574 quia
646 526 741 560 Deus
756 532 871 560 tecum
888 533 957 566 est,
983 525 1018 559 id
1039 533 1110 566 est,
1138 536 1226 570 quae
1249 524 1287 556 in

304 581 496 631 praesentia
535 576 727 624 postulabit
765 576 901 610 vocatio
933 583 992 610 tua
1021 582 1054 610 et
1088 575 1286 615 necessitas,

303 635 470 670 usitatum
488 637 539 663 est
558 628 706 661 enimin
730 626 820 666 vita,
851 627 946 671 quod
972 633 1116 674 propter
1139 626 1288 659 incertas

304 696 398 730 spes,
425 688 485 716 aut
499 686 629 720 metus,
655 675 818 710 homines
833 677 1027 721 praesentia
1044 682 1289 724 corrumpunt,

304 744 337 770 et
355 733 548 768 admiscent
565 729 692 763 iniusta
709 727 867 763 consilia.
920 727 1016 773 Sylla
1036 727 1179 761 iubebat
1204 728 1288 759 ado-

305 787 490 820 lescentem
510 780 693 815 Caesarem
712 778 882 817 interfici,
907 778 988 822 quia
1007 778 1093 811 olim
1111 777 1290 810 videretur

304 837 444 871 futurus
474 844 552 867 acer
578 830 752 864 inimicus.
812 828 972 862 Herodes
994 828 1138 861 iubebat
1164 838 1290 871 pueros

305 884 475 924 interfici,
505 889 664 916 metuens
688 891 810 922 regno.
865 877 1007 923 Aliquis
1030 884 1191 911 metuens
1216 889 1290 911 cre-

306 944 457 972 scentem
485 932 677 978 potentiam
702 930 864 969 alterius,
901 929 976 961 vult
1004 928 1155 961 obiicere
1179 928 1291 972 impe—

306 989 482 1023 dimenta,
519 991 551 1018 et
585 993 727 1027 quoquo
762 979 869 1012 modo
904 979 979 1012 eius
1013 978 1104 1011 vires
1138 990 1289 1023 carpere.

306 1037 455 1082 Quoties
474 1033 648 1067 amicicias
664 1029 824 1064 ambiunt
839 1026 1014 1069 homines,
1030 1028 1134 1062 etiam
1151 1028 1292 1070 viciose,

305 1089 435 1135 quibus
456 1085 535 1118 illae
559 1084 653 1127 ipsae
675 1080 854 1114 amiciciae
880 1079 1033 1113 afferunt
1055 1079 1220 1120 exitium,
1253 1085 1292 1113 ut

305 1141 415 1173 Arato
447 1141 519 1168 erat
551 1132 656 1167 exitio
687 1130 846 1165 amicicia
878 1127 1037 1174 Philippi
1072 1128 1292 1165 Macedonis.

305 1186 576 1223 Meminerimus
593 1194 675 1226 ergo
687 1209 695 1224 ‚
717 1182 753 1215 in
771 1180 965 1225 praesentia
983 1182 1175 1214 necessaria
1186 1192 1292 1224 agen-

306 1241 348 1273 da
385 1249 477 1277 esse,
517 1243 549 1270 et
572 1246 610 1267 ea
637 1240 775 1268 tantum
801 1233 934 1275 agenda
959 1242 1050 1271 esse,
1085 1242 1174 1276 quae
1198 1232 1292 1264 hona

306 1287 521 1325 conscientia
550 1285 626 1319 fieri
659 1289 807 1330 possunt
836 1289 970 1316 caetera
999 1280 1074 1316 Deo
1110 1293 1292 1315 commen-

307 1341 436 1376 danda.

674 1395 723 1425 De'
753 1398 930 1432 septimo.

409 1450 520 1493 Saepe
552 1446 637 1481 alias
669 1446 803 1479 dictum
836 1451 903 1485 est,
942 1441 1057 1478 Deum
1081 1454 1154 1476 non
1178 1441 1293 1476 solum

307 1501 513 1543 promittere
535 1495 705 1532 beneficia
729 1494 948 1539 corporalia,
980 1495 1039 1527 sed
1063 1493 1167 1527 etiam
1192 1504 1294 1537 prae-

308 1547 421 1598 cipere
433 1579 441 1591 ,
466 1557 504 1584 ut
520 1562 558 1582 ea
575 1555 750 1593 petamus,
771 1546 860 1579 sicut
880 1551 1025 1579 testatur
1039 1544 1150 1577 oratio
1167 1542 1295 1577 Domi-

307 1606 400 1637 nica:
430 1601 560 1634 Panem
581 1604 740 1631 nostrum
764 1595 1010 1641 quotidianum
1034 1595 1078 1628 da
1101 1594 1206 1628 nobis
1227 1591 1294 1627 ho-

308 1655 376 1688 die.
431 1651 523 1686 Sunt
540 1656 654 1683 autem
674 1658 796 1680 causae
816 1653 896 1680 tres.
952 1645 1089 1685 Prima,
1121 1652 1160 1678 ut
1184 1655 1294 1687 agno-

308 1714 442 1739 scamus
462 1700 536 1734 «lari
553 1698 654 1732 aDeo
672 1698 775 1732 etiam
786 1696 980 1740 corporalia
992 1694 1171 1734 beneficia,
1189 1695 1295 1728 dante

308 1765 340 1790 te
362 1765 472 1788 escam
500 1751 666 1792 colligent
687 1754 751 1782 etc.
802 1745 847 1780 Et
872 1746 1086 1789 corrigamus
1102 1743 1295 1790 Epicureas

307 1806 504 1850 opiniones,
519 1813 608 1849 quae
626 1799 802 1832 somniant
819 1794 904 1830 haec
921 1798 1011 1830 bona
1021 1797 1074 1829 vel
1085 1808 1164 1830 casu
1174 1796 1295 1837 obiici,

308 1857 363 1890 vel
380 1863 417 1889 ut
435 1855 554 1887 serunt
578 1856 809 1894 tempestates.
863 1848 1043 1887 Secunda,
1075 1853 1113 1881 ut
1134 1847 1237 1880 fidem
1262 1853 1295 1880 et

309 1905 568 1941 invocationem
600 1909 819 1933 exerceamus
849 1898 884 1929 in
911 1895 966 1930 bis
990 1897 1167 1941 petendis,
1198 1897 1294 1942 quod

308 1956 471 1990 videlicet
488 1952 564 1986 Deo
578 1962 680 1984 curae
694 1949 737 1982 sit
754 1948 856 1981 etiam
880 1945 964 1981 haec
994 1947 1064 1980 vita
1087 1947 1294 1991 corporalis,

310 2008 405 2054 quod
436 2016 510 2038 eam
542 2000 732 2039 custodiat,
766 2005 898 2037 servet,
930 1998 1019 2038 alat,
1052 1997 1134 2043 quia
1158 1998 1232 2031 vult
1257 1998 1294 2031 in

309 2057 374 2092 bac
390 2057 460 2090 vita
478 2056 605 2087 durare
622 2051 776 2095 aliquam
795 2050 830 2081 in
848 2046 1053 2084 Ecclesiam.
1093 2047 1213 2082 Tertia
1226 2075 1234 2089 ‚
1255 2056 1293 2083 ut

309 2108 394 2143 haec
413 2107 486 2151 ipsa
506 2102 682 2137 invocatio
697 2101 884 2133 admoneat
908 2111 973 2133 nos
997 2100 1040 2132 de
1061 2098 1294 2142 promissione

309 2156 499 2203 spirituaii,
517 2154 597 2199 quiz·
616 2164 686 2185 non
704 2157 814 2196 potest
834 2150 906 2183 fieri
925 2150 1099 2183 invocatio
1109 2149 1292 2193 sineagni-

311 2212 406 2245 tione
425 2203 684 2241 misericordiae
703 2209 735 2235 et
759 2201 980 2239 mediatoris,
1016 2212 1076 2244 per
1102 2212 1204 2244 quem
1229 2198 1293 2234 lia-

312 2263 435 2295 bemus
449 2268 620 2291 accessum
639 2254 679 2285 ad
700 2251 824 2286 Deum.
878 2250 960 2285 lileo
981 2250 1016 2283 in
1042 2252 1201 2284 oratione
1219 2250 1294 2284 Do-

311 2311 440 2346 minica
461 2319 538 2341 mox
556 2306 712 2338 additur:
743 2301 787 2337 Et
806 2302 944 2335 remitte
961 2301 1064 2336 nobis
1089 2302 1207 2335 debita
1228 2314 1293 2336 no-

312 2370 380 2397 stra
394 2388 402 2402 ‚
430 2359 517 2393 sicut
532 2363 563 2390 ct
580 2368 642 2389 uos
661 2353 893 2394 remittimus,
919 2359 982 2386 etc.

443 2457 661 2501 Dominica
679 2454 795 2495 XVI.
813 2458 905 2506 post
924 2453 1158 2495 Trinitatis.

587 2529 818 2571 liv-angelium
840 2527 955 2562 Lucae
973 2527 1008 2560 7.

367 2600 418 2637 E!
429 2601 575 2649 sactum
596 2601 644 2630 est
663 2593 837 2641 deinceps,
855 2593 980 2627 thatin
995 2592 1186 2651 civifflstm,
1202 2608 1293 2642 quae
1317 2615 1321 2655 ι
1347 2609 1522 2646 postremo
1541 2600 1614 2633 vult
1634 2611 1708 2632 cam
1726 2601 1770 2634 ita
1786 2602 1937 2636 similem
1964 2603 2038 2637 fieri
2061 2603 2224 2647 imaginis
2239 2602 2323 2638 Filii
2345 2614 2348 2634 t

417 2656 562 2686 uocatur
587 2645 723 2685 Naim,
766 2650 796 2679 et
829 2644 932 2678 ibant
958 2657 1034 2678 cum
1061 2656 1098 2678 eo
1121 2642 1295 2693 dist-epuli
1316 2659 1323 2695 Ι
1347 2652 1430 2692 Dei,
1465 2659 1498 2687 et
1523 2651 1612 2697 ipsas
1636 2651 1843 2687 afflictiones
1865 2665 1937 2688 esse
1958 2653 2158 2689 testimonia
2187 2655 2323 2690 sutum
2344 2671 2346 2675 >

892 84 1016 119 1¹111L.
1045 82 1162 121 MEL.
1189 85 1398 121 SCRIPTA
1426 85 1726 122 EXEGETICA.

2245 94 2320 130 368

1440 171 1516 207 eius
1534 171 1659 214 mulli,
1687 177 1718 207 el
1739 171 1848 207 turba
1874 172 2033 220 copiosa.
2087 167 2180 208 Cam
2203 181 2322 212 aulem

1441 223 1752 271 appropinquaret
1781 228 1908 270 portae
1943 222 2122 265 civitatis,
2162 237 2232 259 ecce
2262 226 2323 261 dc.

1434 274 1592 323 functus
1625 286 1640 307 e
1675 273 1859 314 erebalur,
1889 271 2004 319 filius
2038 274 2166 308 unicus
2193 278 2322 312 maln’s
2350 285 2356 291 '

1439 337 1548 365 suae,
1573 328 1604 358 et
1649 336 1710 359 aec
1725 323 1836 358 vidua
1854 330 1952 367 erat,
1979 329 2010 358 el
2031 324 2140 358 turba
2165 327 2322 362 civitatis

1443 374 1561 409 mulla
1573 375 1657 409 'cum
1674 374 1758 409 illa.
1809 374 1862 409 Et
1879 388 1956 410 cum
1977 372 2125 409 vidisset
2148 387 2226 410 eam
2241 375 2323 412 Do-

1442 425 1583 465 minus,
1619 424 1872 460 misericordia
1904 431 2022 460 molas
2046 430 2096 459 est
2121 438 2208 472 erga
2233 439 2324 469 eam,

1440 482 1470 511 et
1496 474 1594 510 dixit
1617 474 1680 510 illi
1688 490 1696 508 .·
1723 474 1820 511 Noli
1828 476 1931 524 flere.
1983 475 2036 509 Et
2050 478 2198 511 accessit
2214 489 2257 512 ac
2273 483 2324 512 le-

1442 526 1525 573 tigit
1547 525 1719 562 loculum.
1770 525 1828 560 Hi
1851 531 1992 568 autem,
2025 527 2091 574 qui
2108 527 2325 575 pot-labant,

1441 582 1625 612 steterunt.
1688 575 1741 610 Et
1763 577 1837 610 ait:
1872 575 2109 617 Adolescens,
2143 577 2214 612 tihi
2233 576 2325 619 dico,

1442 640 1563 674 surge.
1616 627 1669 661 Et
1687 625 1816 661 resedit
1833 632 2019 668 mortuus,
2031 631 2062 661 el
2079 628 2190 675 coepit
2213 628 2326 677 loqui,

1444 683 1475 712 et
1493 676 1590 712 dedit
1617 677 1725 712 illum
1750 679 1867 712 matri
1886 690 1987 713 suae.

1445 741 1565 763 omnes
1584 729 1712 768 timor,
1745 733 1776 762 et
1798 727 2013 775 glorificant
2026 728 2170 769 Deum,
2206 728 2327 765 dicen-

1444 784 1512 813 tes:
1525 777 1627 826 Quia
1644 776 1830 827 Propheta
1847 792 2008 826 magnus
2024 780 2185 814 surrexit
2204 780 2242 814 in
2261 793 2327 815 no-

1445 829 1521 871 bis,
1563 835 1593 863 et
1617 830 1706 878 quia
1728 829 1834 865 Deus
1861 831 2023 864 visitavit
2044 830 2184 878 plebem
2207 843 2327 870 suam.

1443 879 1498 913 Et
1517 880 1606 914 exiit
1633 878 1693 915 hic
1715 893 1833 915 sermo
1856 881 1894 915 in
1922 880 2129 915 universam
2146 879 2327 916 Iudaeam

1444 929 1487 965 de
1503 942 1561 970 eo,
1590 935 1620 965 el
1637 930 1676 964 in
1695 943 1833 965 omnem
1845 930 2050 976 finitimam
2069 932 2262 979 regionem.

1416 980 1532 1016 Huius
1552 980 1744 1026 ‚Evangelii
1778 983 1875 1017 locus
1904 995 1998 1017 unus
2030 990 2079 1017 est
2113 983 2328 1029 principalis,
2364 1002 2369 1008 -

1344 1032 1554 1067 miraculum
1576 1030 1732 1074 Christi,
1771 1034 1866 1078 quod
1889 1045 2014 1077 magna
2039 1045 2120 1078 pars
2141 1031 2328 1069 hominum

1344 1083 1519 1118 existimat
1533 1089 1670 1118 tantum
1685 1084 1728 1116 ad
1754 1083 1897 1117 viduam
1920 1085 2019 1119 illam
2041 1085 2237 1129 pertinere,
2264 1097 2328 1119 cu·
2366 1084 2371 1091 ⁴

1345 1134 1399 1167 ius
1415 1135 1506 1168 filius
1520 1134 1744 1167 resuscitatus
1759 1140 1819 1170 est.
1855 1133 1924 1169 Sed
1941 1145 2007 1168 nos
2022 1141 2214 1170 statuamus
2224 1136 2329 1170 etiam

1344 1185 1388 1218 ad
1407 1197 1491 1225 nos,
1516 1191 1552 1218 et
1566 1184 1708 1230 quidem
1725 1184 1900 1228 singulos,
1914 1185 2103 1229 pertinere.
2153 1184 2218 1220 Est
2232 1186 2329 1220 enim

1345 1236 1604 1276 testimonium,
1640 1235 1734 1280 quod
1762 1234 1922 1270 Christus
1942 1235 2028 1270 velit
2052 1237 2212 1280 agnosci,
2249 1243 2329 1271 tau-

1318 1309 1319 1317 ,
1345 1298 1449 1332 quam
1469 1286 1680 1326 vivificator,
1698 1286 1917 1327 consolator,
1933 1292 1967 1320 et
1983 1286 2151 1330 pontifex,
2168 1286 2230 1332 qui
2249 1298 2329 1321 vere

1346 1343 1380 1370 et
1410 1337 1504 1370 ultro
1535 1336 1710 1370 afficiatur
1735 1333 1868 1370 nostris
1890 1337 2070 1370 aerumnis
2096 1343 2202 1383 atque
2225 1337 2329 1371 mise-

1346 1387 1427 1425 riis,
1454 1387 1536 1420 item
1562 1393 1730 1429 tanquam
1756 1387 1870 1421 victor
1892 1387 2042 1432 peccati,
2068 1394 2103 1422 et
2125 1388 2268 1428 mortis,
2295 1395 2329 1422 et
2380 1398 2381 1403 ¹

1344 1438 1453 1472 totius
1472 1437 1570 1480 regni
1590 1437 1737 1472 diaboli.

1445 1485 1509 1521 Est
1527 1487 1620 1521 enim
1638 1485 1723 1521 haec
1740 1488 1884 1533 propria
1905 1494 1938 1523 et
1958 1488 2145 1534 peculiaris
2167 1489 2329 1523 doctrina
2377 1482 2379 1498 ³

1346 1538 1549 1582 Evangelii,
1582 1539 1678 1583 quod
1703 1537 1799 1572 Deus
1830 1551 1912 1573 vere
1941 1539 2103 1584 respiciat
2129 1539 2275 1573 miseros
2297 1546 2331 1575 et
2375 1540 2378 1544 ’

1347 1589 1513 1629 afflictos,
1539 1589 1599 1634 qni
1617 1596 1698 1623 sunt
1714 1590 1869 1633 oppressi
1886 1590 2083 1631 aerumnis,
2108 1596 2141 1624 et
2159 1597 2331 1634 perterre-

1346 1640 1428 1673 facti
1444 1647 1631 1684 conspectu
1659 1647 1688 1672 et
1714 1651 1818 1674 sensu
1842 1641 2005 1688 propriae
2031 1641 2269 1685 indignitatis,
2294 1647 2329 1676 et

1347 1702 1432 1724 voce
1450 1691 1552 1733 legis,
1569 1702 1659 1735 quae
1674 1689 1951 1725 clamitatDeum
1970 1691 2071 1725 irasci
2089 1698 2232 1736 propter
2250 1703 2330 1737 pee-
2372 1696 2374 1699 ’

1348 1748 1475 1779 catum,
1493 1741 1579 1774 etin
1598 1741 1694 1775 talib.
1711 1741 1835 1785 poenis
1850 1739 1943 1775 nihil
1961 1742 2125 1775 nisiiram
2137 1740 2200 1776 Dei
2210 1749 2331 1777 osten-

1347 1792 1411 1827 dit.
1465 1790 1537 1825 Nec
1554 1791 1625 1824 ulla
1641 1798 1691 1825 est
1711 1791 1890 1831 doctrina,
1916 1804 2005 1838 quae
2028 1793 2188 1827 ostendat
2211 1804 2330 1827 veram

1347 1842 1623 1876 consolationem
1641 1842 1676 1874 in
1696 1839 1750 1874 his
1767 1843 1954 1879 aerumnis,
1972 1843 2039 1875 nisi
2049 1843 2120 1876 sola
2132 1841 2331 1877 voxEvan-

1347 1893 1427 1936 gt-lii
1445 1893 1577 1936 prolata
1601 1903 1663 1936 per
1680 1891 1810 1925 Filium
1828 1890 1913 1933 Dei,
1946 1890 2030 1926 hacc
2053 1900 2199 1928 testatur
2216 1893 2329 1928 Deum

1347 1955 1427 1976 vere
1442 1943 1611 1985 respicere
1627 1953 1865 1981 aerumnosos,
1883 1955 1946 1977 nec
1963 1952 2146 1988 propterea
2162 1955 2221 1978 eos
2239 1944 2329 1979 abii-

1346 2005 1445 2033 cere,
1478 1994 1571 2038 quod
1595 1992 1665 2026 sint
1687 1992 1843 2036 indigni,
1878 2001 1911 2028 et
1937 1995 2053 2028 meriti
2079 2002 2210 2039 poenas
2233 1995 2328 2039 legis,

1345 2045 1405 2077 sed
1424 2044 1512 2077 velle
1528 2055 1649 2077 eorum
1668 2044 1839 2085 misereri,
1854 2045 1914 2089 qui
1925 2046 2132 2089 confugiunt
2142 2048 2185 2079 ad
2198 2045 2328 2081 Filium

1345 2095 1593 2134 mediatorem,
1620 2100 1652 2127 et
1669 2095 1817 2129 credunt
1835 2095 1900 2128 sibi
1924 2103 2069 2140 propter
2089 2097 2204 2141 ipsum
2228 2097 2327 2141 igno-

1346 2145 1395 2179 sci
1409 2146 1502 2178 iuxta
1523 2144 1790 2189 promissiones,
1803 2152 1837 2179 et
1854 2144 1918 2179 hac
1935 2147 2001 2180 fide
2018 2148 2221 2181 invocantes
2239 2147 2328 2182 velle

1345 2195 1528 2234 exaudire,
1554 2195 1641 2229 sicut
1659 2195 1807 2230 dicitur:
1837 2195 1934 2231 Beati
1951 2198 2010 2243 qni
2028 2199 2167 2243 lugent,
2190 2198 2273 2244 quia
2290 2195 2327 2232 hi

1345 2246 1622 2281 consolationem
1637 2246 1819 2291 accipient.

1448 2295 1494 2331 Et
1511 2304 1548 2331 ut
1565 2297 1807 2331 testimonium
1825 2298 1881 2331 fiat
1896 2298 2112 2340 evidentius,
2132 2299 2211 2333 ideo
2226 2311 2327 2344 prae-

1345 2348 1448 2393 cipue
1473 2347 1662 2383 Ecclesiam
1691 2355 1827 2393 oportet
1854 2359 1926 2382 esse
1961 2349 2151 2383 subiectam
2174 2351 2269 2385 cruci
2293 2356 2326 2386 et

1346 2399 1524 2433 aerumnis
1543 2398 1658 2432 omnis
1673 2399 1827 2442 generis,
1854 2399 1935 2443 quia
1952 2400 2027 2434 vult
2044 2411 2118 2433 eam
2147 2408 2180 2435 et
2202 2400 2326 2446 poeni-

1346 2450 1491 2484 tentiam
1524 2450 1560 2482 in
1592 2446 1646 2482 his
1676 2461 1853 2489 exercere,
1885 2457 1917 2484 et
1942 2462 2128 2493 agnoscere
2151 2463 2190 2485 ac
2212 2451 2326 2487 odi-e

1347 2508 1544 2545 peccatum,
1587 2500 1669 2533 item
1700 2499 1774 2533 vult
1805 2502 1956 2535 exerceri
1982 2502 2262 2542 invocationem.
2291 2507 2325 2537 d

1346 2563 1498 2585 crescere
1521 2550 1625 2583 fidem
1650 2549 1910 2585 misericordiae
1939 2559 1971 2587 et
2005 2553 2221 2597 praesentiae
2247 2552 2325 2594 Dd,

2041 678 2181 725 Accepit
2206 685 2326 714 autem
2355 694 2358 700 ·

2399 2108 2409 2686 λΑΛ-..ηιιιιιιοι-ιΊ---η---ι

2397 1551 2409 2051 ἀνιῐπῑνθΑΡ-Ρητη.
