2409 2915
109 86 208 122 1129

103 179 336 216 cognoscunt,
380 172 476 205 iuxta
512 171 619 204 illud:
663 169 768 203 Fides
801 182 842 203 ex
872 171 996 205 auditu
1027 177 1090 205 est.

104 223 171 258 Sed
197 223 280 256 fides
306 223 383 257 ficta
406 234 477 255 non
502 221 611 255 credit
634 221 732 254 omni
752 222 877 262 verbo;
906 233 988 255 vera
1006 222 1090 255 fides

103 274 202 307 omni
220 275 328 306 verbo
339 273 462 312 credit,
478 279 660 316 propterea
675 272 777 305 etiam
790 273 887 305 novit
899 271 1024 307 Deum.
1038 292 1090 299 ——

102 324 252 367 Quart0‚
276 325 375 368 impii
392 324 558 365 fatentur,
586 335 658 356 esse
675 320 788 356 Deum
801 350 809 363 ,
836 324 895 356 sed
914 324 995 369 quia
1015 336 1087 357 non

102 382 253 413 norunt,
281 375 416 418 fingunt
432 385 511 407 eum
530 373 632 408 talem
651 384 742 412 esse,
770 375 909 419 qualem
927 386 1086 418 compre-

103 423 227 459 hendit
257 426 362 466 ratio,
397 423 462 457 hoe
495 432 561 465 est,
597 424 657 469 qui
684 426 862 467 permittat
885 436 949 458 nos
972 425 1087 467 nobis,

101 482 141 509 ut
177 476 271 509 iuxta
309 475 533 520 prudentiam
569 482 725 508 nostram
760 487 923 509 curemus
954 483 1085 516 nostra,

99 527 326 571 sentiumque
349 527 438 560 sicut
460 526 512 559 illi
538 524 742 570 Sophoniae
766 527 899 570 primo:
927 526 1008 560 Non
1034 528 1085 560 fa-

101 577 169 611 ciet
192 578 281 610 bene
306 577 491 617 dominus,
517 589 589 610 non
617 577 718 610 saciet
742 577 845 612 male.
895 576 1084 621 Propterea

100 627 288 672 rapiuntur
321 629 363 661 ad
396 639 498 672 opes,
543 629 585 660 ad
620 627 768 669 gloriam
802 630 993 672 parandam
1019 635 1081 663 etc.

101 677 185 711 ltem
198 705 207 719 ,
235 690 313 711 cum
340 690 441 712 nosse
459 677 573 711 Deum
591 679 635 711 sit
651 678 757 716 scire,
785 679 880 723 quod
897 679 999 712 faciat
1017 679 1083 712 mi-

95 729 327 769 sericordiam,
348 737 380 763 et
408 729 599 769 iudicium,
633 728 832 762 Hieremiae
852 728 933 770 lX.‚
962 730 997 762 id
1023 737 1084 771 est,

97 780 192 824 quod
220 780 350 814 iudicet
373 786 552 824 peccatum
578 786 611 813 et
628 780 834 813 misereatur
852 781 1082 822 credentium,

95 830 149 863 illi
183 843 245 863 nec
270 831 357 864 iram
381 831 455 864 eius
478 842 543 863 nec
567 830 841 863 misericordiam
868 831 1082 876 concipiunt,

95 880 174 914 ideo
200 892 264 914 nec
287 888 468 921 metuunt,
501 893 566 914 nec
590 882 758 921 credunt,
793 882 853 914 sed
878 882 991 915 fidunt
1014 882 1081 915 sibi

94 931 189 976 ipsis.
241 931 394 965 Econtra
411 933 459 977 pii
478 939 626 972 norunt,
655 930 767 964 Deum
783 932 897 965 facere
911 932 1080 966 iudicium

95 989 128 1016 et
149 983 445 1023 misericordiam,
473 983 508 1015 id
526 990 597 1023 est,
624 983 718 1015 fideli
739 984 843 1016 corde
858 990 890 1017 et
909 995 988 1016 vere
1005 995 1080 1016 cre-

94 1034 203 1074 dunt,
230 1034 325 1078 quod
351 1034 434 1067 odio
460 1031 587 1067 habeat
610 1040 767 1077 peccata,
795 1040 827 1066 et
851 1041 988 1077 peccata
1007 1046 1079 1067 esse

93 1084 211 1117 omnia
244 1096 349 1128 opera
380 1082 554 1125 humana,
590 1091 623 1118 et
650 1095 789 1117 rursum
816 1096 896 1117 vere
920 1087 1080 1126 credunt,

92 1135 187 1179 quod
211 1134 417 1168 misereatur
441 1147 583 1176 eorum,
610 1135 670 1179 qui
687 1146 722 1167 se
742 1135 792 1167 illi
810 1136 973 1169 credunt:
999 1136 1077 1169 ideo

91 1186 228 1219 timent.
288 1184 373 1219 ltem
397 1187 440 1219 de
463 1197 572 1220 manu
596 1186 670 1219 eius
694 1185 813 1219 omnia
829 1186 921 1219 bona
940 1187 977 1219 in
994 1187 1078 1227 vita,

92 1243 221 1276 morte,
249 1236 414 1269 omnibus
434 1237 653 1280 temporibus
675 1243 706 1269 et
735 1237 871 1269 casibus
887 1244 1078 1280 expectant.

91 1285 150 1320 Sic
171 1287 293 1320 definit
309 1287 471 1321 notitiam
489 1288 542 1320 sui
563 1287 703 1320 Psalmo
720 1285 920 1321 LXXWL:
948 1287 1079 1321 Narra-

89 1337 180 1371 bunt
203 1338 283 1370 filiis
307 1339 398 1378 suis,
425 1345 463 1371 nt
484 1345 618 1381 ponant
634 1338 670 1369 in
693 1337 768 1370 Deo
786 1349 881 1380 spem
900 1349 1018 1376 suam,
1047 1344 1079 1370 et

91 1399 163 1420 non
190 1388 446 1421 obliviscantur
471 1400 618 1431 operum
642 1387 727 1424 Dei,
760 1393 792 1419 et
819 1389 981 1421 mandata
1003 1388 1078 1421 eius

89 1438 291 1483 exquirunt.
313 1458 365 1463 —
417 1438 496 1472 Non
517 1438 730 1481 cognovistis
749 1449 848 1475 eum,
876 1439 948 1473 scil.
964 1450 1078 1483 neque

88 1488 259 1521 iudicium
281 1500 394 1533 neque
410 1489 688 1522 misericordiam
708 1488 783 1521 eius
802 1488 960 1523 scientes.
1016 1489 1078 1522 Fi-

89 1539 156 1572 lius
182 1539 281 1572 novit
306 1546 457 1583 patrem,
486 1551 567 1581 ergo
589 1551 730 1580 omnes,
759 1539 819 1583 qui
838 1539 873 1571 iu
896 1539 967 1572 filio
984 1547 1076 1575 sunt.

87 1587 133 1623 Et
149 1590 176 1622 si
195 1590 314 1623 dixero
329 1598 402 1627 etc.,
430 1590 512 1634 quia
531 1591 614 1623 fides
629 1596 795 1633 operatur
810 1590 1075 1623 consessionem.

123 1687 317 1724 Abraham
341 1688 546 1733 επιιΙΙανίΙ,
575 1694 612 1723 ut
638 1687 769 1723 videret
794 1687 887 1723 diem
911 1703 1037 1733 meum,

87 1768 121 1801 id
147 1774 216 1804 est,
241 1767 492 1800 revelationem
519 1766 605 1805 mei,
632 1765 690 1810 qui
709 1766 922 1800 desideravit
950 1778 1074 1800 conso-

86 1819 251 1851 lationem
278 1829 318 1850 ex
342 1817 572 1861 promissione
597 1818 640 1849 de
664 1814 824 1857 Christo,
853 1818 873 1852 i.
893 1830 920 1852 e.
948 1819 991 1850 «le
1017 1830 1074 1850 re-

86 1868 252 1902 missione
285 1875 516 1912 peccatornm.
571 1865 615 1900 Et
649 1867 758 1908 vidit,
799 1875 903 1913 atque
934 1869 1073 1911 gavisus

85 1927 151 1960 est3
195 1919 344 1959 scilicet,
384 1918 517 1962 accepit
547 1917 844 1957 consolationem,
886 1932 967 1963 ergo
999 1932 1071 1953 non

84 1976 245 2003 mortuus
269 1976 328 2002 est.

451 2080 587 2134 Caput
623 2083 699 2123 lx.

298 2169 350 2205 Ei
371 2170 594 2218 praeteriens
621 2169 727 2206 Iesus
752 2169 854 2208 vidit.

150 2250 244 2295 Quia
260 2249 314 2282 lex
331 2248 503 2293 promittit
522 2248 614 2281 hona
631 2248 734 2281 bonis
746 2275 755 2290 ‚
783 2256 815 2283 et
832 2249 989 2283 minatur
1004 2249 1067 2284 tri-

80 2304 146 2339 stia
171 2301 290 2340 malis,
323 2300 412 2333 ratio
429 2299 478 2332 sic
503 2299 651 2342 colligit:
688 2297 746 2333 hic
762 2299 952 2343 affligitur,
985 2312 1066 2344 ergo

82 2359 242 2400 peccator
267 2359 317 2386 est
341 2357 374 2384 et
390 2363 408 2383 a
426 2349 500 2384 Deo
519 2351 682 2391 reiectus;
711 2348 769 2384 hic
785 2351 985 2385 fortunatus
1004 2358 1065 2391 est,

80 2417 161 2449 ergo
192 2403 273 2448 pius
297 2408 366 2443 est,
398 2408 432 2435 et
456 2400 531 2434 Deo
557 2398 695 2435 charus.
766 2400 864 2443 Quin
890 2408 922 2435 et
946 2409 1064 2436 nostra

79 2457 170 2490 ratio
195 2453 244 2488 sic
261 2453 353 2497 apud
370 2463 442 2485 sese
466 2452 587 2485 sentit:
616 2450 692 2485 Deo
711 2449 838 2485 charus
861 2464 957 2493 sum,
982 2454 1064 2498 qnia

78 2509 280 2542 fortunatus
303 2515 398 2543 sum3
426 2503 520 2537 Deus
540 2503 614 2536 odit
632 2514 705 2543 me,
732 2503 812 2548 quia
830 2503 964 2546 affligit.
1017 2501 1063 2537 Et

77 2569 156 2592 cum
180 2556 276 2589 videt
299 2553 413 2598 palam
437 2553 554 2586 omnia
577 2553 678 2586 malis
703 2554 853 2587 secunda
871 2565 960 2594 esse,
988 2566 1063 2587 me-

77 2610 182 2643 liores
211 2605 336 2648 affligi,
371 2605 516 2638 damnat
544 2604 714 2638 iudicium
746 2604 829 2645 Dei,
857 2611 960 2647 negat
991 2605 1063 2638 Dei

77 2657 300 2706 providentia
317 2667 372 2690 res
388 2652 560 2689 humanas
576 2655 661 2700 regi.
715 2654 756 2689 In
772 2653 979 2690 Ecclesiaste
997 2655 1063 2691 Sa·

389 85 474 121 XII.
530 54 920 121 ANNOTATIONES
946 83 1013 120 ET
1038 82 1318 121 CONCIONES
1347 85 1396 120 IN
1423 85 1607 124 EVANG.
1636 86 1847 125 IOANNIS.

2032 91 2126 126 1130

1140 170 1262 203 lomon
1289 172 1409 205 eadem
1431 180 1636 216 argumenta
1661 174 1807 208 rationis
1828 176 2030 220 perstringit
2049 188 2122 220 cap.

1141 219 1221 253 lX.:
1257 220 1333 255 Hoc
1364 224 1552 267 pessimum
1582 232 1632 259 est
1661 226 1752 260 inter
1776 227 1912 267 omnia,
1945 239 2034 272 quae
2057 228 2123 260 sub

1139 271 1212 304 sole
1243 271 1348 310 fiunt,
1382 275 1462 318 quia
1487 276 1605 308 eadem
1632 278 1766 310 cunctis
1788 278 1966 311 eveniunt.
2021 277 2124 311 Unde

1139 328 1172 355 et
1197 323 1301 355 corda
1326 324 1477 357 filiorum
1507 324 1689 359 hominum
1719 327 1913 371 implentur
1934 329 2067 361 malitia
2089 335 2121 362 et

1138 380 1340 417 contemptu
1370 375 1407 407 in
1440 376 1508 408 vita
1537 388 1617 417 sua,
1651 385 1682 411 et
1709 386 1787 425 post
1812 375 1896 411 haec
1922 380 1965 411 ad
1992 379 2123 412 inferos

1137 424 1367 460 deducentur.
1420 425 1462 459 lit
1479 427 1580 460 amici
1593 427 1654 461 lob
1669 436 1973 471 argumentantur:
1998 429 2122 463 Pecca-

1138 481 1194 508 tor
1217 486 1271 512 eS,
1298 487 1379 517 ergo
1396 477 1570 519 affligeris.
1626 478 1664 511 ln
1683 477 1772 512 banc
1788 481 1994 514 sententiam
2016 481 2120 513 etiarn

1138 523 1203 558 hoc
1245 525 1321 558 loco
1355 535 1531 571 quaerunt
1561 529 1742 573 discipuli:
1783 529 1873 572 Quis
1905 531 2121 574 peccaverit?

1138 575 1256 619 ipsene
1287 588 1426 618 caecus,
1467 591 1510 611 an
1545 580 1729 626 parentes?
1769 581 1850 625 quia
1883 582 1995 624 primo
2020 594 2120 625 prae-

1136 633 1235 670 cepto
1262 627 1417 661 minatur
1435 627 1546 669 Deus,
1576 630 1838 664 vindicaturum
1863 643 1898 664 se
1921 632 1956 664 in
1981 633 2118 666 tertiam

1135 684 1167 711 et
1182 684 1342 722 quartam
1362 681 1635 722 generationem.
1687 681 1931 715 Memorabilis
1949 681 2006 716 hic
2024 683 2121 715 locus

1135 735 1202 767 est,
1230 735 1262 762 et
1286 730 1328 761 ad
1354 731 1630 764 confirmandam
1656 732 1777 773 fidem,
1806 745 1849 766 ne
1873 734 1909 765 in
1928 733 2119 766 afflictione

1134 779 1374 823 desperemus,
1408 781 1489 825 quia
1513 793 1681 826 pauperes
1703 784 2002 826 evangelizantur,
2028 791 2059 817 et
2076 796 2119 817 ne

1134 829 1289 863 sinamus
1321 831 1494 864 dimoveri
1522 845 1586 865 nos
1610 846 1627 865 a
1655 835 1838 867 vocatione
1864 835 1994 871 nostri.
2039 846 2119 868 cnm

1135 881 1292 914 videmus
1323 882 1369 914 ob
1402 883 1522 915 oculos
1557 885 1687 926 positos
1718 885 1922 927 opulentos,
1955 886 2120 925 celebres,

1133 943 1283 975 quorum
1320 933 1452 965 similes
1491 945 1563 966 esse
1605 935 1752 977 cupiunt
1784 936 1944 968 infirmae
1975 944 2119 970 mentes.

1133 981 1283 1025 Propter
1299 980 1365 1015 hoc
1383 984 1585 1016 scandalum
1603 985 1714 1018 crucis
1730 997 1830 1029 saepe
1843 985 1971 1019 Psalmi
1989 994 2020 1020 et
2032 986 2119 1020 Pro-

1132 1029 1260 1076 phetae
1289 1034 1526 1069 consol:mtur.
1588 1035 1813 1071 Ps211m.lV.:
1852 1036 1958 1070 Multi
1983 1038 2118 1078 dicunt,

1134 1083 1212 1128 quis
1233 1085 1386 1118 ostendit
1403 1085 1506 1118 nobis
1523 1086 1641 1119 bona?
1694 1086 1819 1122 Psalm.
1838 1086 2002 1121 LXXlt.:
2030 1087 2119 1121 Ecce

1133 1134 1198 1177 ipsi
1218 1142 1415 1177 peccatores
1432 1143 1462 1169 et
1479 1138 1744 1170 abundantesin
1757 1139 1873 1171 seculo
1886 1139 2119 1172 obtinuerunt

1132 1185 1286 1218 divitias,
1339 1185 1386 1219 Et
1408 1187 1500 1221 dixi:
1528 1187 1622 1230 Ergo
1646 1189 1720 1220 sine
1738 1201 1838 1222 causa
1857 1189 2039 1223 iustificavi
2058 1201 2117 1222 cor

1132 1247 1260 1269 meum.
1313 1235 1501 1280 Propterea
1512 1236 1674 1271 Christus
1691 1241 1893 1283 respondet:
1923 1240 2042 1285 Neque
2058 1237 2116 1273 hic

1133 1286 1306 1329 peccavit,
1334 1299 1447 1332 neque
1471 1297 1630 1331 parentes
1658 1290 1748 1330 eius,
1779 1303 1849 1323 non
1869 1292 1960 1335 quod
1980 1291 2116 1334 simpli-

1131 1336 1217 1369 citer
1241 1348 1313 1368 non
1339 1335 1528 1372 habuerint
1553 1347 1753 1382 peccatum,
1781 1341 1878 1384 (nam
1905 1342 1938 1374 id
1965 1339 2021 1374 hic
2044 1354 2115 1374 non

1131 1387 1330 1430 quaeritur,
1358 1394 1390 1420 et
1414 1397 1590 1430 peccatum
1615 1390 1703 1422 infra
1723 1392 1758 1423 in
1778 1392 1981 1433 parentibus
1997 1392 2116 1434 argui-

1131 1436 1224 1481 tur),
1258 1438 1315 1470 sed
1347 1450 1419 1470 non
1443 1439 1541 1477 ideo,
1576 1440 1657 1484 quia
1683 1442 1877 1484 peccarint,
1916 1439 1971 1475 hic
1995 1452 2116 1475 caecus

1131 1494 1195 1521 est:
1227 1487 1294 1520 Dei
1328 1489 1509 1522 voluntate
1541 1490 1592 1523 illi
1625 1503 1708 1523 crux
1732 1492 1894 1535 imposita
1922 1500 1989 1533 est,
2022 1500 2053 1526 et
2075 1500 2116 1526 ut

1130 1538 1341 1581 glorificetur
1366 1537 1460 1573 Deus
1486 1552 1547 1584 per
1571 1541 1695 1584 ipsum.
1757 1541 1825 1575 Hic
1850 1555 2008 1583 causam,
2044 1556 2114 1576 non

1131 1589 1239 1632 ipsius
1270 1597 1451 1636 peccatum
1484 1599 1646 1624 causatur
1674 1590 1854 1631 Christus,
1892 1595 2040 1635 docens,
2075 1601 2114 1627 ut

1130 1639 1302 1682 patienter
1324 1641 1558 1674 sustineamus
1583 1643 1800 1677 voluntatem
1818 1645 1904 1684 Dei,
1931 1651 1965 1677 et
1986 1645 2045 1689 qni
2065 1645 2114 1677 sic

1129 1691 1245 1724 ferunt
1267 1692 1405 1734 operari
1430 1692 1465 1724 in
1490 1692 1579 1733 illis,
1607 1693 1842 1728 tentationum
1859 1696 2012 1728 fructum
2029 1707 2114 1728 con-

1126 1747 1323 1785 sequuntur
1335 1740 1379 1787 ¹).
1432 1742 1619 1777 Manifesta
1646 1752 1727 1778 sunt
1751 1757 1855 1789 opera
1871 1746 1936 1779 Dei
1963 1746 1999 1779 in
2025 1747 2113 1780 tole-

1128 1792 1303 1825 rantibus:
1335 1792 1370 1826 id
1403 1800 1470 1832 est,
1505 1794 1542 1826 in
1573 1792 1639 1828 boc
1668 1797 1796 1829 tentari
1823 1803 1978 1838 sanctos,
2011 1803 2050 1830 ut
2071 1808 2111 1830 ex

1128 1843 1321 1876 tentatione
1354 1851 1566 1886 cognoscant
1603 1847 1820 1881 voluntatem
1858 1846 1934 1881 Dei.
2003 1847 2110 1882 Rom.

1126 1892 1183 1928 V.:
1227 1892 1384 1927 Afflictio
1414 1896 1624 1938 potentiam,
1660 1898 1826 1941 patientia
1855 1899 2112 1943 probationem,

1127 1943 1149 1977 i.
1176 1956 1204 1977 e.
1229 1944 1466 1986 cognitionem
1491 1946 1632 1980 divinae
1655 1948 1857 1984 voluntatis,
1921 1947 1983 1983 Et:
2019 1947 2111 1982 Dili-

1124 1994 1286 2036 gentibus
1318 1994 1431 2028 Deum
1471 1997 1589 2031 omnia
1628 2007 1862 2043 cooperantur
1899 2001 1934 2033 in
1968 2001 2111 2039 bonum,

1126 2044 1226 2079 Rom.
1247 2044 1346 2081 Vlll.

1228 2094 1318 2139 Quis
1347 2098 1518 2140 peccavit,
1555 2099 1751 2144 (siqnidem
1778 2101 1830 2133 lex
1858 2101 1959 2144 punit
1987 2112 2108 2147 pecca-

1125 2144 1250 2192 tores),
1282 2144 1338 2180 hic
1361 2155 1421 2182 aut
1445 2157 1605 2192 parentes
1627 2151 1717 2191 eins,
1744 2157 1782 2184 ut
1807 2163 1927 2184 caecus
1950 2163 2108 2185 nascere-

1125 2197 1204 2230 tur'?
1224 2217 1267 2223 —
1316 2197 1385 2232 Sed
1403 2205 1443 2233 ut
1460 2201 1703 2234 manifestetur
1720 2208 1781 2236 etc.
1795 2228 1804 2242 ,
1832 2202 1854 2235 i.
1872 2214 1899 2236 e.
1917 2202 1994 2236 ideo
2012 2203 2106 2236 cruci

1123 2247 1275 2291 affigitur
1289 2248 1337 2289 ²),
1373 2256 1411 2283 ut
1434 2262 1562 2283 nomen
1587 2250 1652 2284 Dei
1676 2252 1711 2284 in
1738 2264 1777 2285 eo
1801 2251 2023 2295 glorificetur.
2057 2273 2105 2278 —

1124 2297 1229 2332 Venit
1259 2311 1348 2339 nox,
1389 2300 1462 2332 scil.
1493 2301 1554 2333 ubi
1585 2314 1656 2334 non
1692 2303 1886 2346 apparebo,
1920 2315 1997 2336 cum
2033 2315 2104 2337 non

1121 2349 1592 2392 praedicaturEvangelium.
1646 2352 1760 2394 Quam
1778 2354 1838 2386 ‹liu
1855 2366 1930 2386 snm
1950 2354 1985 2386 in
2000 2367 2105 2387 mun-

1119 2400 1182 2440 do,
1210 2400 1232 2435 i.
1251 2412 1279 2434 e.
1298 2412 1402 2444 quam
1420 2402 1480 2434 diu
1497 2403 1719 2446 praedicatur
1735 2401 1978 2447 Evangelium.
2032 2403 2105 2438 Ge-

1118 2450 1229 2484 nerali
1247 2451 1419 2484 sententia
1438 2452 1592 2497 vindico,
1622 2454 1714 2486 diem
1732 2466 1802 2488 esse
1813 2454 1842 2496 3)
1860 2452 2104 2499 Evangelium,

1152 2569 1180 2596 ¹)
1200 2568 1264 2591 Tnb.
1291 2569 1317 2592 et
1341 2573 1395 2598 qno
1421 2568 1463 2591 sic
1487 2567 1603 2599 fertmt,
1637 2575 1752 2599 operam
1777 2570 1806 2595 in
1831 2572 1891 2596 illis
1915 2573 2101 2598 tentationem

1183 2603 1329 2633 fructum.
1358 2602 1425 2632 quin
1448 2603 1586 2632 sequitur.

1148 2636 1177 2661 2)
1197 2643 1282 2660 cruce
1301 2636 1450 2667 aflliyitur·
1470 2636 1578 2660 videtur
1598 2637 1773 2662 scribendum
1795 2645 1866 2663 esse.

1147 2671 1178 2699 3)
1197 2672 1262 2695 Tub.
1283 2678 1343 2695 esse
1363 2672 1504 2701 oportere.
