2409 2915
83 120 158 154 817
336 115 422 152 ΧΠ.

484 112 873 152 ANNOTATIONES
900 113 965 151 ET
990 114 1270 152 CONCIONES
1298 115 1348 152 IN
1375 115 1559 155 EVANG.
1586 119 1862 159 MATTHAEL

2038 129 2111 162 818

82 201 270 248 pientiam,
296 201 465 236 iustitiam
490 208 524 236 et
546 200 713 235 laetitiam
740 207 934 242 aeternam,
962 201 1064 235 sicuti
1089 203 1093 253 J
1117 200 1154 284 ip
1175 211 1276 235 socru
1295 198 1389 285 Psstri
1408 204 1583 247 proposita
1608 212 1673 239 est:
1701 214 1800 242 sanat
1815 207 1990 245 Dominus
2008 213 2102 256 peri-

1090 259 1092 298 ξ
1116 251 1295 285 citantem
1342 254 1415 286 ebri
1439 255 1700 298 ardentissima,
1737 265 1774 292 ut
1804 260 1869 303 ipsi
1896 269 1929 295 et
1954 265 2098 297 caeteris

81 253 218 299 inquit:
255 251 330 296 Ego
357 253 465 286 vitam
490 259 667 285 aeternam
691 252 736 284 do
763 252 822 284 eis.
876 250 922 285 Et
945 253 1064 285 omnia

80 301 166 338 baec
187 303 342 348 Baptista
375 314 444 336 una
474 313 558 335 voce
587 301 786 346 complexus
810 302 941 347 inquit:
974 301 1064 335 Ecce

81 366 192 398 agnus
219 353 282 387 Dei
313 353 373 398 qui
405 352 499 386 tollit
531 359 669 395 peccata
698 353 834 385 mundi.
896 351 1063 386 Nominat

80 403 238 449 Baptista
255 402 433 438 Christum
453 413 582 446 agnum
608 414 667 441 eo,
695 403 790 447 quod
809 402 948 436 victima
966 403 1063 437 futu-

82 467 143 489 rus
172 460 278 496 esset,
310 452 424 498 qualis
447 459 519 486 erat
542 454 635 496 apud
662 452 810 487 Iudaeos
834 454 1062 491 consuetudo,

82 512 123 540 ut
149 516 256 549 agnos
284 503 442 548 quotidie
469 514 572 536 mane
597 510 629 537 et
654 504 791 547 vesperi
815 510 1005 537 mactarent
1029 510 1062 537 et

81 555 258 590 offerrent.
287 553 357 587 Sed
372 553 532 588 nominat
549 551 639 587 hanc
652 554 828 588 victimam
844 564 973 596 agnum
986 554 1062 595 Dei,

81 612 121 640 ut
142 605 315 639 discernat
338 604 381 636 ab
406 615 496 646 agno
516 601 670 637 Aaronis
686 611 718 638 et
736 604 874 638 victima
891 604 1060 639 Levitica.

81 654 237 700 Vultque
259 653 474 698 significare,
501 667 574 687 non
591 666 662 688 esse
678 655 855 688 victimam
874 652 1060 688 hominum

79 706 244 739 mandato
266 711 327 738 aut
349 705 445 738 iussu
469 705 707 745 offerendam,
732 706 791 738 sed
816 705 1059 738 admirabilem

78 755 176 788 illam
199 762 233 789 et
256 766 419 798 magnam
441 755 619 790 victimam
633 783 642 796 ,
669 756 866 789 ordinatam
885 762 917 789 et
932 755 1061 789 sancti-

77 805 214 840 ficatam
237 805 426 847 divinitus,
452 806 623 840 immensa
644 807 803 840 bonitate
828 806 931 840 nobis
955 812 988 840 et
1006 817 1060 840 sa-

77 856 145 892 luti
161 863 301 890 nostrae
316 868 335 889 a
352 855 427 890 Deo
445 857 622 892 donatam.

178 905 286 950 Quod
301 918 386 940 vero
404 907 502 940 addit
519 905 693 952 Baptista:
723 905 795 950 Qui
813 907 905 941 tollit
922 913 1059 950 peccata

78 957 227 999 mundi,
262 964 451 1002 utrumque
482 955 765 1001 comprehendit:
800 958 948 991 sustinet
976 955 1060 990 haec

78 1007 220 1042 victima
243 1019 391 1052 poenam
415 1019 478 1051 pro
502 1008 626 1049 nohis,
651 1014 683 1042 et
707 1015 885 1052 peccatum
908 1020 946 1041 ac
964 1019 1061 1040 mor-

78 1064 149 1092 tem
172 1070 316 1103 prorsus
333 1058 467 1099 abolet,
495 1059 654 1092 restituta
673 1058 761 1099 vita,
788 1058 919 1092 iustitia
939 1064 972 1091 et
989 1058 1061 1091 lae-

78 1108 157 1144 titia
172 1115 324 1142 aeterna.
375 1106 421 1142 Et
434 1109 523 1142 fiunt
535 1109 600 1142 ista
615 1108 735 1142 omnia
753 1107 818 1142 boc
830 1109 953 1149 modo,
980 1120 1059 1141 cum

77 1159 147 1192 fide
169 1160 295 1193 merita
318 1156 424 1192 huius
447 1159 608 1193 victimae
627 1159 825 1199 intuemur,
853 1166 886 1193 et
900 1158 1060 1192 consola-

78 1209 215 1244 tionem
238 1209 454 1254 propositam
478 1207 795 1254 apprehendimus,
823 1216 917 1243 certo
943 1216 975 1242 et
993 1220 1061 1242 no—

79 1260 242 1294 minatim
271 1257 338 1293 hoc
368 1266 577 1300 statuentes,
610 1271 674 1292 nos
703 1260 859 1303 accipere
883 1259 1061 1292 remissio-

79 1321 161 1343 nem
192 1317 411 1354 peccatorum
440 1317 585 1354 propter
612 1310 849 1342 obedientiam
880 1316 913 1342 et
937 1309 1061 1342 merita

77 1358 225 1393 Domini
251 1360 363 1393 nostri
387 1359 464 1393 Iesu
482 1358 631 1399 Christi,
658 1360 718 1404 qui
742 1359 884 1392 victima
908 1370 972 1402 pro
994 1371 1060 1391 no-

78 1410 134 1443 bis
154 1411 266 1443 factus
289 1416 357 1450 est,
385 1416 447 1445 etc.
499 1408 594 1443 Haec
614 1411 657 1442 de
680 1410 773 1442 dicto
797 1407 909 1443 Isaiae
931 1407 997 1442 hoc
1022 1409 1060 1441 in

75 1459 153 1494 loco
176 1459 362 1494 sufficiant.

180 1509 288 1553 Quod
311 1521 393 1544 vero
420 1507 621 1543 Matthaeus
649 1510 693 1543 de
717 1510 850 1543 morbis
871 1521 1059 1553 corporum

77 1561 182 1602 citat,
209 1573 283 1593 non
307 1567 439 1604 pugnat
461 1573 540 1594 cum
564 1567 682 1594 nostra
705 1561 938 1604 expositione:
967 1560 1061 1593 tollit

77 1612 172 1645 enim
182 1608 343 1645 Christus
360 1618 562 1656 utrumque,
579 1617 757 1654 peccatum
769 1618 801 1644 et
818 1617 952 1645 caetera
969 1610 1061 1643 mala

78 1662 221 1700 omnia,
254 1673 341 1706 quae
370 1668 451 1694 sunt
480 1662 609 1704 peccati
643 1662 876 1704 stipendium,
908 1661 1062 1701 morbos,

78 1720 247 1752 mortem,
277 1723 405 1755 poenas
423 1718 600 1754 aeternas,
630 1712 718 1745 bella
743 1718 774 1745 et
800 1711 952 1756 reliquas
968 1711 1061 1743 cala-

78 1763 225 1796 mitates.
289 1761 422 1806 Estque
456 1762 653 1794 firmissime
686 1763 926 1801 statuendum,
972 1761 1061 1794 velle

79 1824 159 1846 eum
183 1813 286 1845 etiam
311 1812 347 1844 in
371 1812 536 1856 periculis
559 1809 664 1845 huius
691 1812 781 1845 vitae
813 1811 988 1850 invocari,
1028 1817 1062 1845 et

78 1863 148 1907 peti
166 1869 268 1906 atque
280 1862 468 1906 exspectari
483 1863 611 1904 abipso
630 1863 865 1906 corporalium
883 1861 1062 1895 calamita-

78 1920 153 1946 tum
185 1912 454 1955 mitigationem.
515 1911 604 1946 Nam
637 1913 698 1945 etsi
721 1911 876 1946 Ecclesia
906 1913 1061 1945 subiecta

77 1970 127 1997 est
145 1963 260 2003 cruci,
286 1969 403 1996 tamen
426 1963 502 1997 vult
528 1974 603 1996 eam
625 1974 762 1996 servare
788 1962 899 1996 Filius
915 1963 1002 2005 Dei,
1028 1969 1062 1996 et

77 2020 261 2058 propterea
280 2013 415 2056 mitigat
430 2025 561 2057 poenas
583 2021 617 2047 et
635 2025 820 2047 aerumnas
838 2011 943 2047 huius
960 2014 1062 2053 vitae,

79 2065 168 2097 dans
188 2061 338 2107 hospitia
356 2071 390 2098 et
406 2065 537 2097 victum
556 2065 804 2104 necessarium,
825 2071 859 2098 et
877 2064 1062 2097 necessitas
1085 2083 1087 2097 ¹,

80 2112 208 2147 horum
227 2115 401 2147 bonorum
424 2115 567 2148 evidens
591 2127 629 2148 ac
654 2115 836 2148 manifesta
859 2121 920 2150 est.
972 2113 1060 2147 Nam

82 2164 121 2197 in
147 2165 388 2207 procreatione
409 2171 442 2198 et
468 2166 675 2199 educatione
702 2165 894 2198 liberorum
923 2176 1061 2197 necesse
1086 2174 1088 2197 ἱ

81 2221 132 2248 est
159 2214 296 2259 aliquos
337 2225 408 2248 esse
442 2215 584 2248 nidulos
619 2216 885 2255 convenientes,
929 2222 961 2248 et
994 2215 1087 2246 alia=

1085 2202 1088 2232 λ

80 2265 281 2299 adiumenta
307 2265 516 2303 mediocria,
541 2272 580 2299 ut
603 2266 761 2298 videmus
787 2266 890 2299 etiam
917 2265 1062 2298 avicniis
1086 2269 1088 2278 '

82 2327 163 2349 snos
186 2316 328 2349 nidulos
354 2315 564 2349 necessarios
587 2328 675 2348 esse:
709 2322 825 2359 postea
852 2323 888 2349 ut
914 2313 1061 2363 provehi

82 2365 202 2399 idonei
225 2364 385 2403 homines
411 2367 452 2398 ad
478 2367 674 2399 docendum
701 2366 853 2409 possint,
889 2367 1061 2408 plurimo-
1086 2392 1087 2399 1

83 2428 161 2449 rum
181 2428 263 2449 nsns
281 2424 384 2460 atque
399 2428 525 2460 operae
543 2417 782 2462 requiruntur.
839 2416 986 2458 Propter
1000 2414 1061 2448 has

82 2474 116 2500 et
139 2468 267 2500 multas
298 2467 383 2499 alias
411 2467 542 2500 similes
570 2479 707 2505 causas,
742 2467 817 2500 vult
842 2467 935 2500 Dens
957 2467 1060 2499 etiam

84 2529 272 2561 corporum
292 2517 381 2550 bona
400 2529 462 2551 suo
475 2518 730 2561 sapientissimo
741 2518 887 2550 consilio
900 2518 1062 2557 tribuere,

84 2575 123 2600 ut
145 2569 259 2601 vivete
294 2565 453 2601 homines
479 2570 628 2612 possint,
661 2569 720 2613 qni
747 2570 906 2601 docendo
930 2576 961 2601 et
985 2568 1062 2600 aliis

87 2617 266 2652 laboribus
297 2619 414 2660 generi
446 2616 601 2652 hnmano
638 2627 670 2653 et
702 2619 863 2662 inprimis
890 2617 1061 2651 Ecclesiae

88 2669 250 2702 serviant.

135 2720 314 2753 Hrnxrn.
333 2721 436 2753 Orza.
466 2718 550 2755 Vm..
569 2722 660 2753 xlv.

308 2668 353 2702 Et
377 2669 489 2712 imago
516 2667 643 2702 horum
668 2670 828 2703 omnium
852 2669 1060 2713 pulcerrima
1085 2697 1088 2707 ,

1116 299 1313 345 hospitibus
1346 303 1382 335 in
1418 312 1586 347 apparatu
1619 307 1687 339 cibi
1719 315 1750 341 et
1781 307 1923 354 hospitii
1957 314 2096 350 serviat.

1116 351 1188 385 Nos
1205 364 1287 385 vero
1304 350 1386 386 haec
1402 353 1474 395 ipsa
1494 356 1650 399 exempla
1669 357 1797 391 intueri
1815 372 1854 393 ac
1875 363 2095 398 considerare

1115 403 1229 441 decet,
1256 409 1295 436 ut
1320 403 1575 445 intelligamus,
1607 418 1668 439 cur
1692 420 1829 450 pacem,
1857 412 2008 455 victum,
2036 428 2094 447 va-

1114 453 1306 486 letudinem
1328 455 1570 498 commodam,
1604 463 1637 490 et
1660 464 1791 491 caetera
1816 460 1907 495 hona
1938 467 2095 508 corporis

1113 510 1271 547 petamus
1287 510 1319 537 et
1335 511 1582 547 exspectemus.
1636 505 1783 549 Quoties
1808 509 1953 545 intueris
1978 516 2095 549 infan-

1113 554 1205 587 tulos
1234 560 1332 594 tuos,
1367 555 1570 596 considera,
1604 557 1732 601 quibus
1763 570 1801 592 ac
1832 564 1971 605 quantis
1991 566 2093 600 bonis

1113 604 1170 637 isti
1186 604 1387 647 indigeant,
1409 617 1496 650 quae
1514 606 1626 639 officia
1641 608 1824 653 utriusque
1842 615 2005 655 parentis,
2024 623 2093 650 tam

1112 654 1219 698 patris
1249 667 1353 699 quam
1383 655 1523 696 matris,
1549 658 1741 701 requirant.
1783 659 1930 705 Propter
1954 662 2018 698 hos
2040 667 2096 700 in-

1111 705 1265 737 fantulos
1284 705 1368 738 scito
1393 712 1426 738 te
1441 712 1557 749 petere
1573 714 1748 750 oportere,
1768 716 1808 744 ut
1828 712 1898 746 vita
1922 714 1985 748 tibi
2010 728 2094 760 pro-

1112 761 1272 798 rogetur,
1298 763 1338 789 ut
1358 756 1470 789 victus
1488 758 1702 791 necessarius
1724 760 1918 805 tribuatur,
1945 773 1981 799 ut
1998 769 2093 801 salu-

1112 805 1197 839 taris
1219 806 1264 839 sit
1287 806 1426 850 publica
1449 807 1670 850 gubernatio.
1733 808 1785 844 lta
1806 812 1905 846 vides
1927 814 2094 852 Ezechiae

1112 856 1185 899 regi
1203 868 1316 889 annos
1334 857 1426 890 vitae
1445 858 1646 904 prorogari,
1673 865 1713 892 ut
1728 861 1791 894 toti
1809 874 1917 904 regno
1936 867 2009 899 eins
2031 880 2096 910 gn-

1113 907 1272 940 bernatio
1301 918 1339 939 ac
1364 907 1434 940 vita
1456 908 1585 941 serviat
1610 915 1642 942 et
1668 910 1829 945 salutaris
1854 914 1909 950 sit.
1970 916 2008 949 ln
2034 920 2095 952 tali

1113 956 1333 990 invocatione
1350 963 1382 990 et
1393 959 1647 1001 exspectatione
1664 960 1840 995 bonorum
1857 968 2095 1010 corporalium

1113 1007 1215 1039 fidem
1235 1014 1390 1041 nostram
1417 1019 1657 1050 exerceamus,
1685 1017 1718 1044 et
1741 1013 1931 1056 cogitemus
1953 1021 2094 1062 quantis

1113 1058 1278 1101 periculis
1296 1064 1328 1091 et
1344 1057 1493 1091 miseriis
1511 1056 1594 1092 haec
1612 1070 1820 1096 aerumnosa
1845 1065 1914 1099 vita
1940 1071 2093 1112 exposita

1113 1108 1167 1141 sit.
1227 1107 1319 1142 Sunt
1347 1109 1383 1140 in
1417 1117 1602 1153 conspectu
1626 1110 1738 1151 bella,
1770 1113 1878 1147 fames
1903 1123 1934 1150 et
1958 1131 2093 1162 poenae

1114 1159 1201 1191 aliae
1221 1158 1516 1199 innumerabiles,
1541 1161 1670 1203 quibus
1691 1163 1845 1205 profecto
1862 1167 1999 1201 duriter
2016 1184 2094 1214 pre-

1113 1209 1260 1249 mimur,
1283 1209 1362 1241 ideo
1380 1210 1455 1243 vult
1472 1221 1536 1242 nos
1553 1209 1648 1244 Deus
1665 1223 1746 1245 cura
1763 1214 1878 1259 aliqua
1897 1218 2017 1253 talium
2036 1234 2096 1265 pe-

1113 1259 1305 1292 riculorum
1323 1259 1431 1299 affici,
1457 1272 1530 1292 non
1547 1261 1622 1294 vult
1639 1273 1702 1294 nos
1718 1264 1848 1297 ferreos
1871 1279 1961 1310 esse,
1988 1278 2020 1304 et
2039 1273 2095 1305 fu-

1113 1316 1231 1342 renter
1249 1309 1352 1341 nobis
1376 1310 1555 1343 cumulare
1579 1311 1686 1354 mala,
1723 1315 1779 1346 sed
1804 1315 1841 1347 in
1867 1322 2096 1356 conversione

1113 1370 1194 1390 vera
1215 1359 1290 1392 vult
1306 1370 1370 1391 nos
1388 1360 1556 1393 auxilium
1577 1368 1609 1394 et
1625 1362 1878 1405 mitigationem
1901 1381 2094 1411 poenarum

1113 1409 1156 1441 ab
1173 1409 1248 1453 ipso
1269 1417 1396 1453 petere,
1424 1410 1526 1443 sicuti
1544 1422 1604 1443 sua
1624 1411 1734 1454 ipsius
1754 1426 1838 1448 voce
1860 1429 1924 1450 nos
1942 1421 2095 1466 alloqui-

1113 1466 1171 1492 tur
1185 1466 1217 1492 et
1235 1467 1352 1492 vocat:
1379 1458 1639 1494 Convertimini
1656 1464 1699 1495 ad
1719 1475 1791 1504 me,
1818 1473 1850 1500 et
1867 1479 1929 1511 ego
1948 1482 2096 1506 conver-

1112 1516 1166 1542 tar
1190 1521 1262 1543 vos.
1325 1509 1410 1544 Vult
1436 1522 1500 1543 nos
1524 1522 1623 1553 agere
1647 1515 1898 1556 poenitentiam
1926 1526 1959 1553 et
1983 1534 2097 1557 mores

1113 1561 1318 1600 emendare,
1345 1561 1393 1593 sic
1410 1562 1585 1604 promittit
1601 1576 1639 1595 ac
1663 1564 1849 1606 pollicetur
1873 1579 1973 1603 suum
1998 1575 2099 1606 auxi-

1113 1610 1218 1649 lium,
1246 1611 1294 1643 sic
1310 1611 1402 1643 bona
1417 1618 1556 1644 aeterna
1575 1619 1607 1646 et
1625 1616 1820 1657 corporalia
1838 1628 1910 1651 sese
1932 1621 2096 1656 daturum

1113 1660 1274 1696 affirmat.

1215 1710 1261 1743 Hi
1278 1711 1427 1753 gemitus
1444 1711 1554 1745 nostri
1572 1712 1607 1745 in
1627 1725 1705 1747 vera
1723 1718 1952 1753 conversione
1964 1733 2096 1766 nequa-

1113 1772 1218 1806 quam
1253 1769 1355 1794 erunt
1384 1761 1506 1795 inanes
1529 1770 1589 1795 aut
1614 1762 1723 1806 irriti,
1765 1768 1824 1799 sed
1857 1769 2096 1814 impetrabunt

1114 1818 1207 1844 certo
1226 1813 1320 1855 quod
1339 1813 1498 1855 petimus,
1522 1812 1609 1846 sicut
1626 1814 1660 1846 in
1679 1815 1831 1858 imagine
1852 1820 1976 1854 viduae
1995 1824 2096 1858 toties

1113 1862 1282 1894 iniustum
1302 1863 1453 1895 iudicem
1472 1864 1729 1906 interpellantis
1753 1868 1952 1903 dulcissime
1971 1871 2096 1907 Domi-

1113 1923 1179 1945 nus
1197 1912 1307 1955 pingit
1327 1919 1359 1944 et
1377 1913 1544 1952 affirmat,
1573 1926 1660 1957 quae
1676 1923 1715 1949 nt
1730 1917 1877 1952 assiduis
1894 1922 2096 1967 interpella-

1113 1962 1271 1996 tionibus
1295 1969 1328 1996 et
1354 1964 1506 2007 quadam
1528 1965 1720 2006 pertinacia
1747 1970 1886 2002 tandem
1917 1979 2097 2019 extorquet

1113 2012 1301 2053 auxilium,
1334 2013 1381 2046 ita
1407 2020 1439 2045 et
1464 2025 1528 2046 nos
1551 2014 1647 2048 iubet
1671 2018 1896 2063 pertinaciter
1922 2031 2036 2066 petere
2062 2035 2094 2061 et

1113 2075 1251 2108 sperare
1268 2064 1358 2096 bona
1375 2070 1514 2097 aeterna
1533 2071 1565 2097 et
1583 2068 1788 2109 corporalia.

1214 2114 1314 2146 Hanc
1334 2115 1705 2149 commonefactionem
1728 2118 1769 2151 de
1792 2125 1966 2164 praesenti
1988 2126 2094 2159 mira-

1113 2165 1211 2202 cuIO,
1245 2164 1346 2197 etiam
1371 2164 1407 2196 in
1438 2166 1578 2199 caeteris
1611 2168 1759 2202 subinde
1783 2171 1837 2213 pia
1864 2175 2092 2211 meditatione

1115 2215 1277 2259 prosequi
1296 2227 1356 2248 vos
1375 2216 1491 2256 decet,
1516 2223 1552 2249 ut
1569 2218 1612 2250 sit
1638 2220 1870 2261 poenitentiae
1895 2230 1927 2256 ct
1949 2224 2092 2260 invoca-

1115 2265 1220 2298 tionis
1241 2266 1452 2299 exercitium.
1506 2266 1594 2299 Nam
1610 2275 1640 2300 et
1660 2275 1690 2301 te
1708 2270 1925 2305 invocantem
1946 2282 1977 2308 et
1995 2289 2090 2311 acce-

1113 2316 1252 2349 dentem
1281 2317 1366 2356 fide,
1399 2317 1517 2348 eadem
1546 2318 1760 2360 benignitate
1784 2319 1878 2355 Deus
1907 2327 2090 2362 auditurus

1113 2374 1180 2405 est,
1207 2379 1273 2411 qua
1292 2367 1366 2400 istis
1385 2367 1628 2399 invocantibus
1654 2382 1754 2412 opem
1781 2372 1869 2407 tulit.
1924 2375 2090 2421 Aequalis

1114 2425 1163 2450 est
1180 2416 1273 2450 Deus
1296 2428 1373 2458 erga
1399 2428 1535 2455 omnes,
1569 2419 1628 2461 qni
1654 2428 1686 2452 et
1711 2428 1861 2454 caeteros
1887 2434 1992 2459 vocat.
2049 2428 2089 2462 Et

1114 2465 1202 2500 lianc
1220 2469 1326 2511 ipsam
1343 2468 1388 2500 ob
1403 2479 1539 2500 causam
1558 2467 1736 2503 invitatae
1753 2480 1864 2513 vocat,
1884 2482 1918 2507 nt
1931 2479 2090 2512 omnium

1113 2519 1338 2557 misereatur,
1381 2518 1439 2562 qni
1465 2518 1531 2550 fide
1555 2520 1597 2550 ad
1630 2520 1742 2562 ipsum
1769 2523 1984 2566 confugiunt.
2039 2531 2088 2562 Ac

1113 2577 1287 2602 memento
1314 2568 1528 2600 vocationem
1556 2570 1787 2604 universalem
1814 2577 2024 2618 propositam
2053 2580 2088 2613 in

1113 2620 1205 2652 dicto
1222 2618 1440 2652 dulcissimo:
1472 2618 1596 2652 Venite
1614 2622 1655 2653 ad
1674 2634 1728 2653 me
1743 2635 1880 2661 omnes„
1908 2628 1966 2671 qui
1991 2629 2089 2663 labo-

1114 2671 1198 2703 ratis
1216 2677 1248 2703 et
1266 2669 1403 2703 onerati
1420 2669 1519 2707 estis,
1547 2682 1607 2709 ego
1627 2671 1777 2705 reficiam
1796 2686 1866 2707 vos.

1540 2717 1589 2753 52
