2409 2915
90 129 186 167 1009

188 215 353 252 Secundo
377 216 490 251 dicam
515 217 559 251 de
580 228 662 250 vero
681 228 759 251 usu.
813 215 1072 262 principaliter,

87 274 126 302 ut
155 267 248 310 dixi,
281 266 366 302 haec
399 280 505 302 coena
531 267 690 301 instituta
714 274 782 310 est,
813 275 853 302 ut
875 268 921 302 sit
943 279 1072 302 nervus

87 318 248 363 publicae
265 317 555 362 congregationis.

186 368 233 403 Et
263 376 438 403 sumentes
468 379 596 412 corpus
625 374 657 401 et
688 367 894 411 sanguinem
924 365 1069 402 Domini

85 418 155 452 sint
173 420 269 460 tales,
295 419 458 453 videlicet
475 416 637 452 homines
653 425 792 462 agentes
808 419 1070 463 poenitentiam,

84 481 157 501 non
196 470 267 503 sint
299 469 430 509 securi,
474 466 644 502 habentes
673 470 806 503 malum
838 470 1069 514 propositum,

84 520 167 564 quia
192 520 360 564 scriptum
384 526 448 553 est:
476 518 607 553 Probet
631 531 665 553 se
685 519 800 564 ipsum
817 517 943 561 homo,
969 527 1002 554 et
1019 520 1068 553 sic

83 570 128 603 de
159 570 220 604 illo
250 581 340 614 pane
370 570 486 604 edats
522 568 628 604 Item:
672 568 877 604 Esurientes
908 570 1068 615 implevit

83 620 197 654 bonis.
260 619 303 654 In
329 631 482 654 summa:
516 619 628 654 Nemo
652 621 790 655 accedat
814 620 969 655 retinens
992 632 1066 654 ma-

81 670 155 704 lum
176 671 416 714 propositum,
444 671 526 716 quia
543 677 593 705 est
611 671 779 705 donatum
791 698 800 712 ‚
827 678 864 705 ut
882 671 925 705 sit
941 671 1066 716 pignus

81 720 299 754 remissionis
322 729 564 765 peccatorum,
592 722 745 755 credent.
799 721 867 756 Sed
893 722 954 766 qui
977 721 1066 756 reti—

79 777 143 804 net
165 771 297 804 malum
320 772 562 816 propositum,
588 784 660 805 non
681 772 808 816 expetit
824 772 1064 806 remissionem

78 828 319 864 peccatorum,
347 824 405 855 sed
426 823 619 857 contemnit
637 821 750 856 Deum
762 849 771 863 ,
797 829 827 856 et
845 822 874 856 si
891 824 939 856 sic
953 823 1065 856 sciens

78 871 232 914 accedit,
268 872 393 907 irridet
416 871 612 907 Dominum
639 880 798 908 nostrum
819 872 934 907 Iesum
960 871 1064 907 Chri-

76 918 183 956 stum.

179 971 257 1007 Hoc
279 980 457 1018 peccatum
482 972 700 1008 horrendum
725 979 758 1007 et
781 985 853 1007 non
878 985 996 1008 rarum
1015 979 1065 1008 est

77 1022 181 1057 etiam
199 1025 291 1068 apud
309 1036 393 1065 nos,
420 1025 481 1070 qui
498 1037 662 1058 vocamus
679 1036 743 1057 nos
759 1022 1000 1067 Evangelicos.

179 1073 250 1109 Sed
276 1075 312 1107 in
330 1072 395 1108 hac
417 1076 488 1120 ipsa
507 1076 683 1109 sumtione
699 1075 867 1108 debemus
882 1076 986 1108 fidem
1004 1086 1062 1108 ex-

76 1123 182 1157 citare
195 1151 205 1165 ,
232 1125 326 1170 quod
345 1123 427 1159 haec
443 1126 571 1160 sumtio
587 1126 631 1159 sit
649 1125 824 1166 instituta,
851 1132 889 1159 ut
905 1126 949 1159 sit
964 1125 1062 1159 testi-

75 1174 237 1208 monium
249 1200 258 1214 ‚
285 1177 380 1220 quod
400 1188 480 1209 vere
499 1176 563 1210 tibi
580 1177 709 1209 dentur
727 1176 819 1209 bona
837 1176 1006 1220 promissa
1024 1175 1060 1208 in

77 1236 172 1258 novo
189 1225 416 1260 Testamento
443 1233 587 1270 propter
608 1227 719 1259 filium
736 1225 801 1259 Dei
828 1233 1006 1260 mortuum
1029 1233 1061 1260 et

75 1275 339 1322 resuscitatum,
372 1277 454 1321 quia
486 1284 599 1311 textus
629 1276 763 1322 inquit:
797 1275 867 1310 Hic
897 1283 947 1311 est
971 1276 1060 1310 calix

72 1325 156 1359 novi
176 1324 406 1362 Testamenti.

176 1375 439 1410 Testamentum
470 1383 587 1410 autem
618 1383 668 1410 est
696 1375 893 1417 ordinatio,
925 1375 963 1408 in
990 1387 1057 1419 qua

70 1425 265 1459 moriturus
287 1427 386 1460 alteri
411 1427 572 1460 attribuit
595 1425 867 1466 haereditatem,
895 1425 942 1460 ita
966 1425 1059 1458 filius

70 1474 137 1510 Dei
167 1476 340 1517 moriens,
374 1477 504 1511 meruit
531 1477 637 1511 nobis
668 1477 911 1511 remissionem
938 1487 1057 1520 pecca-

70 1534 200 1561 torum.
253 1525 300 1561 Et
324 1525 414 1561 hanc
436 1527 598 1561 attribuit
620 1528 744 1568 nobis,
771 1533 804 1561 et
827 1527 965 1561 addidit
989 1523 1057 1560 hoc

70 1577 326 1618 ministerium,
355 1578 651 1623 praedicationem
672 1576 857 1621 Evangelii
882 1585 915 1612 et
932 1577 1056 1611 Sacra-

71 1635 209 1669 menta,
235 1635 273 1662 ut
298 1640 359 1672 per
382 1627 449 1662 hoc
475 1629 708 1661 ministerium
733 1628 945 1672 accipiamus
970 1625 1055 1660 haec

70 1679 184 1718 bona,
210 1679 269 1712 sed
294 1691 354 1722 per
374 1679 490 1713 fidem.
543 1677 588 1712 Et
605 1676 689 1711 haec
704 1679 788 1711 fides
805 1690 878 1711 non
895 1678 944 1711 sic
960 1678 1054 1720 cogi-

70 1735 136 1767 tet,
176 1735 214 1763 tu
245 1729 373 1773 accipis
404 1729 645 1763 remissionem
680 1735 823 1772 propter
853 1726 920 1761 hoc
954 1734 1053 1761 tuum

71 1791 177 1823 opus,
216 1786 275 1813 aut
306 1778 397 1814 hanc
426 1786 521 1813 tuam
551 1779 784 1817 sumtionem‚
823 1779 882 1811 sed
913 1785 1055 1822 propter

70 1829 182 1864 filium
200 1829 285 1871 Dei,
313 1831 372 1876 qni
398 1842 460 1874 pro
485 1836 518 1862 te
542 1840 662 1873 passus
683 1836 731 1863 est
751 1829 786 1861 in
805 1841 923 1869 cruce,
950 1835 983 1862 et
1000 1840 1054 1861 re-

69 1881 237 1922 surrexit,
265 1888 298 1915 et
322 1887 442 1924 regnat
465 1881 509 1914 ad
532 1881 689 1913 dextram
709 1880 840 1913 aeterni
862 1878 994 1918 Patris,
1021 1886 1054 1913 et

69 1938 118 1966 est
143 1931 315 1965 mediator
338 1944 401 1976 pro
426 1931 546 1971 nobis,
575 1937 608 1964 et
631 1930 667 1962 in
690 1928 755 1963 hac
780 1929 956 1963 sumtione
971 1929 1053 1963 facit

67 1993 133 2016 nos
154 1983 311 2016 membra
333 1994 395 2016 sua
420 1988 454 2016 et
478 1981 639 2024 adiungit
655 1992 718 2014 nos
733 1980 820 2021 sibi,
848 1986 880 2014 et
898 1986 1054 2021 testatur,

67 2033 163 2079 quod
183 2032 336 2067 abluerit
352 2044 416 2066 nos
433 2032 603 2076 sanguine
619 2043 694 2065 suo.

168 2082 265 2117 Haec
287 2085 372 2117 fides
393 2084 437 2117 sit
460 2095 538 2116 vera
559 2082 752 2116 consolatio
776 2081 909 2125 agentis
928 2081 1052 2126 poeni-

66 2133 225 2169 tentiam.
283 2132 329 2168 Et
359 2140 443 2167 tunc
471 2133 620 2167 sentitur
646 2132 725 2166 viva
749 2139 782 2166 et
807 2133 933 2165 ardens
955 2132 1051 2170 fides,

68 2185 211 2231 quando
242 2191 293 2218 est
316 2195 418 2218 verus
441 2184 564 2224 dolor,
598 2184 637 2216 in
660 2194 731 2228 quo
754 2182 947 2216 consolatio
971 2194 1050 2215 sen-

67 2237 165 2271 titur.
229 2233 300 2270 Ubi
336 2242 387 2269 est
417 2234 583 2268 securitas
617 2239 651 2267 et
684 2233 843 2277 pigritia,
893 2233 942 2266 ibi
976 2244 1047 2266 non

66 2286 218 2321 sentitur
242 2285 456 2324 consolatio,
482 2291 515 2319 et
538 2295 611 2317 non
636 2283 878 2317 consideratur
903 2280 970 2317 hoc
994 2283 1049 2317 di-

65 2345 176 2373 ctum:
203 2336 406 2370 Esurientes
425 2335 584 2379 implevit
602 2334 717 2368 bonis.

167 2387 269 2422 Hanc
286 2387 484 2422 doctrinam
501 2392 593 2419 recte
610 2384 744 2418 debetis
761 2383 912 2421 discere,
939 2389 973 2417 et
989 2394 1048 2417 co-

67 2439 196 2484 gitare,
228 2439 313 2482 quid
344 2436 485 2472 intersit
513 2436 604 2470 inter
634 2446 696 2468 vos
723 2441 757 2468 et
779 2433 954 2478 Papistas,
986 2446 1048 2468 cur

64 2490 230 2525 accedant
247 2488 426 2533 Papistae,
452 2495 485 2522 et
502 2499 564 2521 cur
580 2497 642 2520 vos
657 2485 837 2520 accedatis.

168 2539 328 2584 Papistae
349 2539 519 2573 accedunt
533 2537 608 2571 sine
622 2535 838 2582 poenitentia
849 2561 859 2575 ,
882 2541 914 2568 et
930 2540 1045 2577 postea

66 2591 222 2635 fingunt,
253 2601 289 2624 se
317 2587 382 2623 hac
417 2588 619 2623 obedientia
648 2587 775 2621 mereri
805 2585 1045 2619 remissionem

65 2648 306 2686 peccatorum,
349 2646 382 2673 et
418 2637 486 2673 hoc
517 2650 623 2683 opere
653 2639 767 2672 deleta
797 2648 869 2670 esse
899 2643 1046 2681 peccata.

66 2691 136 2726 Hic
152 2703 249 2725 error
264 2690 460 2725 necessario
476 2690 648 2724 taxandus
661 2695 722 2723 est.

115 2745 290 2777 Maura.
319 2744 421 2776 Ona.
447 2742 529 2773 Vol„
557 2740 651 2774 XIV.

340 127 426 166 XII.
476 125 865 166 ANNOTATIONES
890 127 957 166 ET
981 126 1261 166 CONCIONES
1288 128 1339 165 IN
1365 127 1549 169 EVANG.
1577 130 1852 172 MATTHAEL

2007 141 2104 177 1010

1206 214 1279 249 Vos
1290 223 1403 250 autem
1417 217 1549 252 debetis
1562 221 1723 255 accedere
1734 233 1811 256 cum
1824 225 2048 269 poenitentia,
2068 236 2102 264 et

1122 266 1259 300 adferre
1281 264 1371 301 hanc
1392 268 1514 309 fidem,
1542 271 1635 314 quod
1652 280 1789 315 peccata
1806 275 1905 309 vobis
1921 278 2102 312 remittan-

1121 322 1190 356 tur,
1218 328 1290 350 non
1308 324 1451 361 propter
1465 326 1613 353 vestram
1629 323 1856 364 sumtionem‚
1883 328 1940 360 sed
1960 336 2102 373 propter

1121 367 1232 401 filium
1247 365 1335 408 Dei,
1365 368 1425 412 qui
1445 369 1571 403 meruit
1590 372 1829 407 remissionem
1846 387 1905 409 sua
1925 380 2099 421 passione:

1120 417 1203 452 velit
1234 424 1351 451 autem
1377 416 1467 452 hanc
1491 420 1700 454 sumtionem
1724 427 1926 460 memoriale
1947 435 1979 462 et
2001 431 2099 464 testi-

1119 467 1278 502 monium
1304 479 1376 501 esse
1399 480 1480 502 suae
1504 471 1768 514 promissionis,
1794 482 1826 508 et
1849 478 1932 511 velit
1952 491 2016 513 nos
2032 477 2099 514 hoc

1118 518 1319 553 testimonio
1339 519 1382 552 ad
1399 519 1500 553 fidem
1518 522 1742 564 exsuscitare,
1769 532 1801 558 et
1817 527 2033 564 confirmare.

1220 577 1362 618 Tertio,
1390 578 1427 611 in
1444 578 1507 613 ista
1524 580 1764 615 consolatione
1778 584 1881 617 etiam
1897 587 2025 622 debent
2040 601 2099 624 ac-

1117 627 1238 662 cedere
1262 628 1436 662 invocatio
1463 635 1495 662 et
1520 631 1709 672 gratiarum
1733 633 1842 675 actio,
1878 636 1982 671 debes
2004 640 2097 681 cogi-

1117 684 1205 711 tare:
1232 676 1322 712 Ecce
1346 679 1437 711 filius
1452 677 1519 712 Dei
1543 681 1621 714 fecit
1640 689 1672 714 te
1688 684 1883 717 membrum
1902 687 1954 719 sui
1973 700 2096 732 corpu-

1117 728 1183 772 ris,
1211 729 1288 762 vult
1312 735 1344 762 te
1367 741 1482 762 secum
1505 732 1668 765 accedere
1693 737 1735 765 ad
1762 733 1918 777 Patrem,
1945 750 2016 771 non
2043 741 2096 773 su-

1115 790 1215 822 gere,
1241 779 1318 813 vult
1343 787 1382 813 ut
1406 779 1564 821 invoces,
1592 789 1687 825 petas
1710 784 1951 820 remissionem
1977 801 2097 832 pecca-

1114 835 1243 869 torum,
1270 830 1377 864 vitam
1394 837 1580 871 aeternam,
1607 833 1777 867 auxilium
1794 835 1830 868 in
1847 833 1910 870 hac
1927 838 1995 872 vita
2013 851 2097 873 con-

1114 886 1166 914 tra
1184 877 1395 922 Diabolum,
1423 887 1455 914 et
1480 887 1601 915 contra
1623 883 1690 916 alia
1713 885 1822 925 mala,
1849 893 1943 930 petas
1961 891 2096 923 servari

1115 927 1326 969 Ecclesiam,
1354 937 1450 975 petas
1467 943 1586 975 pacem
1606 939 1639 967 et
1657 933 1724 966 alia
1741 935 1832 968 bona
1852 940 2054 974 necessaria.

1216 987 1302 1022 Item
1320 1000 1398 1032 agas
1416 989 1543 1031 gratias
1557 990 1654 1032 Deo,
1681 1004 1745 1035 pro
1762 991 1826 1027 hac
1843 994 2011 1030 immensa
2029 999 2097 1031 mi-

1115 1038 1322 1077 sericordia,
1351 1041 1444 1084 quod
1469 1051 1579 1082 genus
1603 1039 1796 1076 humanum
1822 1042 1887 1078 hoc
1909 1049 2015 1081 modo
2040 1061 2096 1082 re-

1114 1089 1243 1132 ceperit
1259 1096 1400 1133 propter
1418 1090 1541 1129 filium,
1567 1103 1646 1135 agas
1663 1094 1791 1134 gratias
1807 1095 1872 1137 ipsi
1890 1096 1974 1137 filio,
2002 1101 2097 1143 quod

1113 1139 1179 1172 fuit
1204 1151 1266 1183 pro
1291 1140 1393 1173 nobis
1415 1141 1638 1183 deprecator,
1671 1145 1763 1187 quod
1792 1145 1835 1178 sit
1861 1146 1971 1180 factus
1996 1150 2096 1183 victi-

1113 1201 1188 1228 ma,
1220 1191 1313 1234 quod
1344 1190 1485 1233 colligat
1511 1197 1543 1224 et
1568 1199 1680 1225 servet
1705 1192 1913 1237 Ecclesiam,
1946 1201 2039 1242 quod
2063 1207 2097 1234 te

1113 1239 1275 1283 recipiat,
1302 1241 1396 1285 quod
1420 1240 1482 1274 tibi
1506 1241 1716 1285 opituletur,
1743 1251 1774 1277 et
1791 1246 1900 1288 cogita
1919 1248 1962 1280 de
1979 1250 2096 1283 omni-

1113 1290 1177 1323 bus
1196 1290 1391 1331 beneflciis,
1418 1303 1507 1335 quae
1523 1293 1682 1336 quotidie
1699 1295 1838 1338 accipis.

1214 1347 1345 1391 Magna
1373 1350 1519 1383 coecitas
1541 1357 1609 1391 est,
1643 1352 1731 1385 velle
1757 1353 1870 1386 iuvari
1894 1367 1911 1387 a
1934 1355 2026 1397 Deo,
2061 1367 2095 1394 et

1112 1409 1183 1430 non
1209 1399 1299 1431 velle
1323 1398 1355 1431 ei
1378 1399 1506 1442 gratias
1528 1411 1646 1442 agere,
1673 1409 1705 1435 et
1730 1415 1910 1447 nunquam
1930 1409 2094 1449 profiteri,

1111 1448 1205 1492 quod
1229 1448 1288 1481 illa
1314 1449 1425 1487 bona,
1453 1461 1542 1494 quae
1560 1451 1705 1494 accipis,
1732 1453 1802 1486 sint
1820 1454 1918 1488 tibia
1936 1455 2011 1490 Deo
2030 1461 2094 1492 do-

1110 1504 1204 1532 nata.
1257 1498 1389 1532 Paulus
1416 1499 1501 1533 dicit
1536 1501 1566 1535 1.
1590 1498 1748 1535 Thessal.
1773 1503 1914 1538 ultimo:
1948 1506 2094 1552 Semper

1108 1549 1274 1592 gaudete,
1308 1550 1523 1584 incessanter
1551 1557 1665 1593 orate,
1700 1553 1737 1586 in
1769 1555 1935 1589 omnibus
1963 1560 2092 1600 gratias

1108 1598 1208 1643 agite.

1210 1649 1297 1684 Tria
1329 1650 1516 1694 praecipit:
1553 1650 1712 1685 Primum
1738 1653 1835 1690 iubet
1857 1659 2023 1700 gaudere,
2056 1661 2092 1695 id

1107 1706 1174 1739 est,
1200 1712 1272 1732 non
1297 1700 1398 1733 irasci
1415 1700 1508 1740 Deo,
1537 1702 1595 1735 sed
1620 1702 1651 1734 ei
1667 1703 1808 1738 obedire
1826 1706 1863 1740 in
1879 1710 2042 1744 secundis
2060 1719 2093 1746 et

1106 1750 1258 1783 adversis
1277 1750 1394 1784 rebus.

1206 1799 1370 1834 Secundo
1390 1801 1484 1836 iubet
1500 1812 1635 1847 semper
1650 1811 1766 1847 petere
1785 1809 1988 1845 necessaria.

1207 1857 1330 1892 Tertio
1348 1859 1445 1893 iubet
1465 1859 1569 1893 etiam
1586 1873 1687 1904 agere
1704 1865 1849 1906 gratias,
1877 1873 1908 1900 et
1925 1879 2090 1910 agnosce-

1105 1920 1142 1941 re
1166 1915 1201 1943 et
1221 1909 1340 1950 fateri,
1367 1911 1462 1955 quod
1486 1910 1545 1944 illa
1569 1912 1682 1952 bona,
1709 1926 1798 1959 quae
1821 1917 1995 1961 accipitis,
2020 1921 2090 1955 sint

1103 1960 1183 1993 data
1212 1971 1231 1993 a
1255 1959 1343 1995 Deo.
1397 1958 1442 1994 Et
1474 1958 1558 1994 haec
1589 1963 1766 2005 gratitudo
1795 1966 1991 2002 declaretur
2015 1983 2088 2005 non

1103 2010 1219 2043 solum
1259 2011 1393 2049 verbis.
1435 2012 1494 2044 sed
1532 2012 1637 2045 etiam
1677 2015 1857 2050 voluntate
1887 2019 2087 2056 obediendi.

1105 2059 1185 2094 Ideo
1218 2061 1420 2104 diligentius
1443 2062 1521 2096 Deo
1546 2063 1709 2105 obedias,
1743 2078 1787 2099 ne
1811 2067 1905 2102 velut
1929 2069 2087 2113 ingratus

1101 2123 1147 2144 sis
1163 2118 1360 2147 contumax.

1202 2169 1297 2204 Haec
1319 2171 1362 2204 de
1377 2182 1444 2205 usu
1460 2170 1675 2206 Sacramenti
1693 2173 1781 2207 bene
1795 2183 2024 2219 mementote,
2051 2187 2085 2214 et

1101 2220 1246 2264 singulis
1269 2221 1473 2262 dominicis,
1506 2223 1648 2267 quando
1674 2223 1710 2256 fit
1734 2227 1954 2265 communio,
1988 2230 2083 2273 cogi-

1101 2278 1168 2305 tate
1183 2271 1372 2306 vobiscum.
1425 2271 1519 2305 Haec
1537 2273 1602 2305 tria
1618 2280 1780 2316 oportere
1794 2276 1972 2321 coniungi,
1998 2291 2082 2323 poe-

1100 2322 1304 2360 nitentiam,
1338 2323 1440 2355 fidem
1465 2323 1501 2355 in
1528 2323 1786 2366 consolatione,
1821 2326 2080 2364 invocationem

1100 2379 1131 2406 et
1148 2373 1337 2416 gratiarum
1355 2373 1538 2406 actionem.

1200 2429 1291 2463 Volo
1308 2437 1340 2463 et
1352 2427 1442 2463 hanc
1455 2430 1731 2464 admonitionem
1743 2432 1887 2467 addere:
1916 2434 1956 2468 In
1967 2435 2078 2472 Paulo

1098 2481 1264 2526 scriptum
1300 2488 1366 2514 est:
1403 2479 1480 2513 Hoc
1511 2480 1612 2514 facite
1634 2482 1745 2516 donec
1770 2484 1919 2517 veniam.
1982 2485 2079 2522 Haec

1100 2533 1201 2565 verba
1233 2531 1498 2575 diligentissime
1527 2538 1756 2573 mementote,
1790 2534 1870 2577 quia
1894 2538 2077 2572 continent

1097 2582 1333 2616 dulcissimam
1359 2581 1649 2622 consolationem,
1683 2584 1776 2627 quod
1800 2582 1955 2619 Ecclesia
1977 2599 2077 2621 man-

1097 2645 1177 2666 sura
1202 2634 1265 2672 sit,
1292 2632 1403 2665 donec
1420 2632 1534 2665 veniet
1553 2629 1732 2673 Christus,
1760 2640 1792 2667 et
1810 2645 1844 2667 se
1863 2637 2020 2671 ostendet
2037 2640 2076 2672 in

1097 2684 1288 2718 novissimo
1304 2691 1336 2717 et
1353 2682 1484 2716 visibili
1503 2682 1645 2719 iudicio.
1699 2682 1803 2726 ltem,
1829 2687 1924 2730 quod
1943 2687 2075 2723 interea

1543 2731 1592 2766 64
