2409 2915
293 81 364 117 951

297 177 438 201 maneas
455 165 491 197 in
506 161 570 197 hac
579 161 733 196 Ecclesia
746 187 755 203 ‚
781 161 842 196 ubi
860 161 961 195 audis
976 162 1087 196 filium
1097 160 1173 202 Dei,
1200 160 1281 196 huic

299 218 430 250 inclina
447 226 580 248 aurem.

399 266 433 300 5.
487 263 655 309 Sequitur
683 273 795 307 poena
821 261 1033 305 impiorum,
1067 269 1100 297 et
1122 263 1283 296 nominat

299 318 480 355 tenebras,
514 326 601 359 quae
625 313 710 346 foris
734 319 834 353 sunt,
861 313 895 345 id
924 319 991 353 est,
1017 319 1110 346 extra
1137 325 1281 356 regnum

301 367 479 400 coelorum
505 371 587 398 sunt
613 365 794 403 tenebrae,
828 370 860 396 et
884 363 1014 395 stridor
1038 364 1219 406 dentium,
1248 364 1281 395 id

300 424 369 455 est,
397 414 586 449 horribiles
612 425 758 459 pavores
780 420 811 446 et
835 413 992 453 dolores,
1019 415 1061 445 ‹le
1081 414 1210 457 quibus
1225 426 1283 446 co-

300 469 467 511 gitemus,
494 473 531 499 ut
556 466 719 498 timentes
742 463 913 497 iudicium
933 470 965 497 et
982 464 1069 496 iram
1090 463 1173 504 Dei,
1200 476 1284 497 con-

299 524 478 551 vertamur
500 517 542 549 ad
562 514 696 553 Deum,
721 521 754 548 et
776 526 984 559 quaeramus
1011 512 1105 547 hunc
1125 522 1283 548 nostrum

301 579 490 612 sponsum,
524 566 635 600 filium
660 565 751 607 Dei,
786 576 866 598 vere
898 577 962 598 nos
996 565 1199 608 diligentem
1229 576 1285 598 ar—

302 619 400 653 denti
419 628 550 652 amore.

470 715 600 753 JtIulti
612 720 697 751 sunt
715 715 852 755 vocati,
878 715 990 763 pauci
1006 714 1115 750 electi.

504 793 710 829 Consolatio
728 801 776 828 est
793 801 827 828 et
844 794 1085 828 comminatio.

405 869 608 905 Consolatio
633 882 698 914 pro
721 869 807 913 piis,
834 869 894 913 qui
919 880 997 901 cum
1024 868 1145 902 vident
1160 868 1289 902 multos

302 922 466 962 deficere,
491 921 573 954 item
598 920 728 953 multos
751 919 786 951 in
806 917 960 951 Ecclesia
987 918 1103 951 vivere
1120 919 1156 951 in
1175 920 1289 952 mani-

303 972 399 1005 festis
416 971 617 1008 sceleribm,
645 969 888 1007 offenduntur,
916 975 947 1003 et
963 969 1143 1012 disputant
1162 981 1289 1008 secum,

303 1035 348 1056 au
372 1022 452 1056 talis
473 1028 590 1054 coetus
615 1019 724 1063 possit
748 1030 819 1052 esse
844 1031 925 1052 vera
950 1017 1105 1052 Ecclesia
1132 1019 1217 1061 Dei,
1252 1020 1288 1053 in

303 1085 372 1116 qua
390 1079 459 1105 tam
477 1071 578 1104 multi
595 1078 677 1104 sunt
692 1070 796 1110 leves,
821 1068 1070 1107 inconstantes.
1098 1070 1180 1104 item
1198 1071 1287 1104 alio—

303 1123 365 1167 qui
390 1121 616 1155 contaminati
640 1120 832 1153 manifestis
855 1120 1002 1155 delictis.
1056 1120 1123 1155 Sed
1143 1121 1178 1153 in
1196 1122 1288 1155 mul-

303 1173 348 1206 tis
386 1172 615 1206 concionibus
653 1170 765 1215 pingit
797 1169 960 1204 Christus
998 1171 1103 1204 talem
1139 1172 1287 1216 speciem

304 1223 498 1263 Ecclesiae,
531 1229 570 1256 ut
603 1221 795 1265 significet,
831 1222 868 1254 in
902 1219 966 1255 hac
997 1221 1066 1255 vita
1100 1221 1288 1255 Ecclesiam

306 1286 378 1308 esse
407 1281 441 1307 et
471 1273 543 1306 sore
577 1279 713 1306 coetum
745 1283 931 1316 magnum,
973 1271 1009 1304 in
1043 1285 1113 1317 quo
1146 1280 1227 1306 sunt
1259 1281 1291 1307 et

305 1331 409 1358 erunt
433 1323 535 1357 multi
561 1319 777 1369 hypocritae.
832 1322 900 1356 Sed
924 1330 1040 1356 tamen
1065 1323 1099 1355 in
1124 1320 1190 1356 hoc
1215 1323 1290 1367 ipso

306 1382 408 1408 coetn
441 1380 587 1407 sonante
611 1373 865 1415 Evangelium,
899 1379 950 1406 est
984 1380 1017 1405 et
1046 1373 1111 1406 erit
1135 1373 1290 1406 Ecclesia

306 1425 518 1464 electorum,
555 1429 587 1456 et
619 1435 690 1455 non
720 1423 818 1458 alibi.
875 1421 970 1456 Haec
1001 1423 1193 1457 consolatio
1219 1425 1293 1469 pri-

306 1487 404 1509 mum
422 1475 458 1508 in
476 1473 543 1508 hoc
561 1474 656 1507 dicto
676 1473 929 1507 consideranda
948 1479 1010 1507 est.

399 1558 569 1604 Sequitur
585 1557 813 1592 comminatio
831 1564 951 1590 contra
971 1558 1197 1601 negligentes.

410 1624 548 1661 Omnes
570 1625 863 1659 comminationes
887 1624 923 1667 in
948 1631 1018 1659 tota
1038 1625 1196 1658 doctrina
1217 1637 1294 1659 coe-

307 1677 382 1712 lesti
408 1689 426 1711 a
452 1676 626 1722 principio
650 1675 775 1709 mundi
798 1687 908 1720 usque
934 1676 1039 1709 finem
1066 1676 1145 1709 ideo
1166 1688 1294 1720 propo-

308 1736 461 1767 nuntnr,
487 1735 526 1761 ut
547 1727 657 1772 aliqui
682 1726 768 1760 moti
793 1726 1035 1760 admonitione
1051 1733 1083 1761 et
1100 1728 1295 1760 commina-

307 1781 403 1814 tione
435 1778 500 1813 Dei
536 1784 804 1819 convertantur,
848 1777 936 1812 sicut
966 1777 1120 1812 ostendit
1149 1775 1294 1812 historia

308 1830 427 1866 lonae.

413 1878 458 1915 Et
489 1890 609 1914 omnes
636 1877 927 1913 comminationes
949 1878 1192 1921 intelligantur
1216 1892 1293 1913 cum

311 1929 377 1964 hac
415 1930 638 1974 exceptione,
686 1930 779 1974 quod
818 1929 1002 1972 agentibus
1042 1930 1293 1972 poenitentiam

311 1981 407 2016 Deus
430 1981 512 2014 velit
537 1980 713 2013 remittere
735 1987 884 2023 peccata.
939 1975 983 2012 Et
1009 1980 1210 2014 conferatur
1226 1978 1295 2015 linc

311 2032 575 2065 iusiurandum:
605 2029 696 2062 Vivo
714 2041 793 2073 ego,
820 2030 904 2062 nolo
921 2037 1068 2063 mortem
1084 2032 1286 2074 peccatoris.

414 2082 481 2116 Sed
509 2079 566 2114 hic
588 2081 760 2114 obiiciunt
789 2081 907 2113 multi:
937 2080 974 2114 Si
998 2081 1120 2115 electio
1140 2080 1203 2115 Dei
1226 2083 1293 2115 sal-

312 2141 386 2174 vat,
424 2131 514 2165 nibil
550 2142 637 2175 opus
667 2137 716 2165 est
748 2137 864 2164 nostra
897 2132 1135 2165 conversione.
1187 2131 1232 2166 Et
1265 2133 1292 2166 si

312 2185 391 2229 quis
420 2195 492 2216 non
515 2189 565 2216 est
590 2182 735 2219 electus,
769 2179 859 2214 nihil
883 2183 1022 2225 prodest
1045 2183 1074 2215 ei
1100 2184 1291 2220 conversio,

312 2235 446 2268 Contra
488 2231 584 2266 hunc
619 2231 854 2276 perniciosum
884 2244 1036 2265 errorem
1071 2246 1208 2267 necesse
1243 2241 1288 2268 ost

309 2296 431 2319 omnes
450 2282 611 2316 homines
625 2290 716 2316 recte
734 2282 850 2316 doceri
865 2310 873 2322 ,
900 2290 931 2316 et
950 2284 1036 2315 bene
1055 2285 1267 2320 confirmari.

414 2334 465 2368 Ac
495 2334 647 2377 primum
679 2340 839 2367 teneatur
871 2331 954 2366 haec
984 2335 1119 2375 regola:
1155 2334 1224 2369 Nos
1250 2337 1292 2369 de

309 2386 492 2419 voluntate
507 2383 570 2418 Dei
589 2385 756 2417 debemus
773 2384 926 2417 iudicare.
945 2396 983 2417 ex
1001 2386 1107 2417 vortm
1126 2387 1291 2425 revelato,

308 2444 340 2470 et
367 2448 438 2469 non
465 2447 503 2468 ex
525 2435 606 2467 ullis
625 2435 700 2468 aliis
720 2435 1044 2477 imaginationibus.
1098 2435 1168 2469 Nec
1185 2438 1290 2471 ‹lebe—

306 2499 385 2522 mus
401 2497 568 2531 quaerere
583 2484 696 2519 Deum
713 2486 789 2519 sine
806 2485 913 2530 ipsius
933 2484 1137 2529 Evangelio.

410 2536 482 2571 lam
508 2537 543 2569 in
562 2535 752 2578 Evangelio
778 2536 916 2576 docuit,
944 2537 1123 2581 quomodo
1147 2538 1288 2582 recipiat

303 2587 504 2625 bominem.
545 2593 578 2620 et
619 2588 798 2631 quomodo
835 2587 979 2621 reiiciat.
1046 2586 1189 2621 Certum
1228 2597 1289 2629 est,

891 75 1017 114 PHIL.
1043 76 1158 113 MEL.
1192 75 1401 113 SCRIPTA
1435 73 1732 113 EXEGETICA.

2244 73 2319 110 952

1335 162 1435 197 Hanc
1453 163 1658 197 sententiam
1678 160 1910 195 firmissimam
1926 160 2087 201 retineas,
2113 171 2201 205 quae
2212 160 2318 193 etiam
2366 167 2369 198 ζ

1335 214 1409 245 sine
1436 214 1508 247 ulla
1534 214 1753 247 dubitatione
1778 211 1957 244 verissima
1981 217 2043 244 est.
2103 208 2149 244 Et
2173 211 2315 255 quando

1336 261 1440 297 homo
1469 264 1518 296 sic
1551 265 1696 298 discedit
1722 275 1761 295 ex
1788 261 1851 295 hac
1878 261 1966 299 vita,
2002 272 2106 303 agens
2132 261 2316 304 poeniten-

1336 315 1436 356 tiam,
1470 321 1503 346 et
1527 316 1691 355 credens,
1718 320 1803 347 tunc
1827 313 1903 346 sine
1925 312 1996 345 ulla
2022 311 2318 355 dubitationegest

1335 365 1475 398 electus,

1438 413 1589 457 Oportet
1620 420 1733 447 tamen
1765 415 1801 448 in
1834 412 1900 447 hac
1928 412 1998 446 vita
2023 412 2094 445 lieri
2118 412 2319 446 conversio·
2365 455 2369 458 ²

1336 477 1436 506 nem,
1470 465 1564 497 iuxta
1597 464 1702 497 illud:
1740 465 1796 499 Sis
1821 465 1932 498 fidelis
1955 475 2064 508 nsque
2088 464 2130 496 ad
2157 470 2319 498 mortem.

1341 515 1375 547 ld
1395 522 1460 548 est:
1492 514 1643 559 Incipias
1661 515 1697 548 in
1716 512 1780 548 hac
1799 515 1880 557 vita,
1907 522 1940 548 et
1958 515 1994 547 in
2011 520 2122 547 morte
2140 526 2213 547 non
2229 514 2320 559 abii-

1339 566 1408 599 cias
1423 566 1539 598 fidem.

1441 623 1592 658 Econtra
1617 624 1848 657 certissimum
1872 630 1921 658 est
1944 635 1983 656 ex
2006 622 2218 667 Evangelio,
2246 623 2322 656 dis-

1341 674 1467 718 plicere
1485 673 1559 707 Deo
1584 686 1721 715 omnes,
1746 675 1782 707 in
1803 675 1931 720 quibus
1946 686 2017 707 non
2035 682 2084 708 est
2104 673 2321 721 poenitentia
2354 672 2359 677 ’

1339 737 1398 757 sen
1432 725 1635 764 conversio,
1670 733 1701 759 et
1732 726 1791 770 qui
1825 731 2055 758 contemnunt
2077 723 2323 767 Evangelinm.

1339 774 1382 807 Et
1402 775 1428 807 si
1451 776 1528 820 quis
1546 776 1593 808 sic
1613 776 1757 809 discedit
1773 777 1847 809 sine
1867 775 2080 819 poenitentia
2099 781 2132 808 et
2149 775 2224 808 sine
2242 775 2323 813 fule,

1342 827 1369 858 is
1399 823 1492 859 haud
1524 826 1630 859 dubie
1662 827 1810 860 reiectus
1840 834 1909 866 est,
1942 825 2030 858 sicut
2061 822 2235 858 Iohannes
2266 825 2324 857 in-

1340 876 1432 921 quit:
1470 876 1542 918 Qui
1567 888 1638 909 non
1664 877 1773 911 credit
1798 877 1834 910 in
1859 876 2010 915 Filium,
2037 876 2089 909 ira
2113 874 2179 909 Dei
2204 881 2323 909 manet

1340 938 1444 971 super
1461 939 1552 960 eum.

1443 976 1537 1009 Haec
1558 977 1645 1010 scire
1671 978 1714 1010 de
1739 978 1918 1011 voluntate
1941 976 2006 1010 Dei
2032 983 2065 1010 et
2089 978 2131 1009 de
2155 975 2324 1009 electione

1340 1027 1394 1060 vel
1426 1027 1614 1061 reiectione
1646 1028 1727 1061 satis
1759 1035 1826 1067 est,
1870 1039 1933 1061 nec
1967 1028 2070 1061 aliam
2105 1027 2322 1060 volontatem

1342 1079 1518 1123 quaerito,
1554 1080 1612 1111 sed
1636 1079 1729 1111 iuxta
1754 1077 1821 1112 hoc
1843 1079 1988 1112 verbum
2019 1078 2192 1116 iudicato,
2227 1076 2325 1122 quod

1342 1141 1422 1162 vere
1439 1136 1489 1162 est
1507 1129 1648 1162 lucerna
1665 1135 1877 1165 sanctorum.

1445 1187 1626 1227 Secundo,
1654 1200 1731 1221 cum
1755 1186 1840 1222 haec
1862 1188 1966 1229 scias,
1993 1188 2087 1233 quod
2104 1185 2326 1220 verissimum

1343 1239 1404 1277 sit,
1441 1245 1598 1279 agentem
1631 1239 1882 1282 poenitentiam
1916 1247 1946 1272 et
1979 1240 2176 1272 credentem
2203 1234 2326 1279 recipi,

1344 1297 1376 1322 et
1401 1289 1548 1322 electum
1576 1301 1666 1329 esse,
1693 1291 1719 1323 si
1743 1291 1791 1322 sic
1814 1290 1978 1328 discedit,
2005 1297 2037 1323 et
2056 1289 2149 1333 quod
2167 1291 2327 1331 oporteat

1346 1340 1380 1371 in
1408 1337 1471 1371 liac
1496 1340 1563 1372 vita
1589 1341 1662 1372 fieri
1689 1341 1973 1373 conversionem:
2008 1340 2154 1383 incipias
2179 1347 2327 1371 conver-

1345 1389 1500 1429 sionem,
1535 1396 1567 1423 et
1592 1390 1818 1423 iureiurando
1843 1389 1907 1424 Dei
1935 1398 1966 1424 te
1993 1389 2200 1423 consoleris:
2237 1386 2327 1419 Vivo

1346 1452 1425 1480 ego,
1454 1440 1536 1472 nolo
1553 1448 1698 1474 mortem
1715 1441 1922 1485 peccatoris,
1951 1448 2013 1475 etc.
2032 1447 2064 1474 et
2081 1452 2152 1472 non
2170 1439 2215 1472 sis
2232 1437 2327 1470 blas-

1347 1488 1494 1532 phemus
1524 1497 1644 1524 contra
1676 1491 1786 1524 filium
1817 1489 1900 1531 Dei,
1945 1503 2017 1524 non
2049 1490 2196 1533 cogites,
2231 1487 2327 1533 quod

1346 1541 1473 1574 frustra
1492 1541 1616 1574 missus
1633 1541 1688 1576 sit.

1448 1589 1643 1625 confirmes
1668 1599 1701 1625 te
1724 1592 1826 1625 etiam
1852 1589 1907 1625 his
1933 1589 2224 1636 promissionibus
2245 1587 2329 1622 uni-

1347 1642 1554 1675 versalibus:
1598 1641 1724 1676 Venite
1756 1644 1798 1675 ad
1833 1655 1887 1676 me
1917 1654 2056 1683 omnes,
2099 1641 2160 1687 qui
2189 1640 2329 1673 tabora-

1348 1693 1390 1725 tis
1415 1699 1478 1726 etc.
1531 1691 1662 1726 Omnis
1686 1693 1746 1739 qui
1775 1693 1990 1727 invocaverit
2015 1704 2145 1726 nomen
2170 1688 2330 1730 Domini,

1348 1743 1464 1777 salvus
1481 1744 1555 1778 erit.
1609 1743 1703 1778 Deus
1721 1744 1795 1778 vult
1813 1757 1934 1778 omnes
1946 1742 2108 1778 homines
2118 1742 2231 1777 salvos
2244 1739 2330 1775 fieri.

1452 1801 1576 1836 Tertio
1608 1815 1680 1836 non
1712 1811 1908 1838 remoretur
1938 1811 1970 1838 te
2001 1801 2085 1836 haec
2115 1799 2332 1844 imaginatio,

1349 1853 1441 1897 quod
1469 1865 1540 1886 non
1567 1855 1675 1898 possis
1691 1855 1824 1887 efficere
1841 1855 2118 1889 conversionem.
2170 1850 2245 1886 1mo
2264 1862 2329 1894 po-

1349 1910 1417 1946 tes,
1444 1903 1519 1938 Deo
1543 1905 1702 1942 iuvante,
1730 1913 1759 1938 et
1782 1906 1854 1949 ipse
1871 1917 1950 1938 vere
1966 1905 2039 1938 vult
2059 1904 2195 1942 iuvare,
2222 1907 2255 1935 et
2273 1901 2329 1934 iu-

1349 1961 1402 1987 vat
1436 1962 1608 1998 petentes.
1643 1956 1736 1989 iuxta
1770 1956 1873 1988 illud:
1911 1956 2053 1998 Quanto
2085 1953 2195 1996 magis
2225 1951 2329 1985 Pater

1347 2005 1504 2038 coelestis
1521 2006 1615 2039 dabit
1628 2006 1800 2049 Spiritum
1813 2012 1970 2040 sanctum
1985 2003 2206 2050 petentibus?
2232 2000 2329 2036 Deus

1347 2067 1418 2088 non
1436 2056 1545 2099 cogit,
1573 2069 1644 2089 uon
1662 2055 1767 2090 trahit
1784 2064 1816 2090 te
1833 2057 1920 2090 sicut
1938 2057 2101 2100 lapidem,
2128 2065 2329 2099 repugnan-

1347 2112 1414 2139 tem
1432 2113 1463 2139 et
1481 2108 1671 2146 nolentem,
1698 2109 1755 2140 sed
1775 2115 1805 2141 te
1821 2120 1960 2152 (pioque
1979 2107 2065 2140 velle
2080 2112 2229 2150 oportet.
2284 2101 2330 2138 Et

1346 2159 1487 2200 quando
1511 2158 1562 2191 vis
1587 2165 1617 2191 rt
1643 2159 1749 2200 petis,
1777 2159 2006 2192 certissimum
2032 2166 2100 2197 est,
2127 2164 2159 2190 te
2183 2156 2227 2189 ab
2254 2154 2328 2198 ipso

1347 2208 1470 2242 iuvari.
1525 2207 1598 2241 llar
1623 2210 1880 2243 consolationes
1905 2221 1983 2242 vere
2005 2215 2086 2243 sunt
2111 2215 2143 2242 et
2169 2217 2328 2241 necessa-

1345 2259 1416 2292 riae
1450 2261 1631 2299 omnilms,
1667 2267 1698 2293 et
1724 2272 1889 2303 magnum
1918 2267 1950 2294 et
1978 2259 2198 2304 perspicuum
2223 2268 2328 2301 argu-

1345 2316 1501 2343 mentum
1525 2319 1592 2350 est,
1628 2312 1722 2357 quod
1748 2310 1841 2345 Deus
1866 2323 1945 2345 vere
1969 2311 2062 2344 iuvet
2087 2308 2328 2353 confugientes

1344 2361 1385 2393 ad
1406 2361 1530 2395 filium.

1446 2427 1484 2461 ln
1508 2429 1580 2462 Deo
1600 2441 1670 2462 non
1689 2435 1769 2462 sunt
1788 2428 2081 2463 contradictoriae
2101 2427 2312 2464 votum-tes.

1444 2477 1702 2513 promissiones
1720 2487 1799 2513 sunt
1818 2479 2044 2514 universales.

1443 2536 1538 2580 Ergo
1563 2539 1782 2572 verissimum
1804 2546 1874 2578 est,
1901 2540 1994 2584 qnod
2013 2549 2135 2573 omnes
2150 2537 2272 2582 recipit
2290 2544 2326 2572 et

1340 2588 1412 2623 volt
1440 2589 1579 2629 iuvare,
1605 2602 1683 2623 cum
1708 2590 1817 2623 ‹lit-at:
1846 2588 1993 2632 Omnis,
2023 2589 2083 2637 qui
2109 2588 2325 2624 invocaverit

300 2641 394 2685 quod
419 2638 563 2684 recipiat
579 2645 737 2682 agentem
755 2637 1004 2683 poenitentiam
1024 2645 1056 2674 et
1074 2640 1284 2675 credentem.
1309 2646 1314 2685 g
1339 2652 1467 2674 nomen
1486 2639 1650 2681 Domini,
1677 2642 1793 2675 salvus
1811 2641 1889 2678 erit.
