2409 2915
279 84 356 121 587

280 171 379 205 tibus
403 164 605 203 affectibus,
633 167 664 195 et
690 166 808 205 postea
834 158 1015 202 fingebant
1041 155 1090 189 sic
1114 153 1273 189 satisfieri

877 70 1002 106 PHIL.
1030 66 1146 104 MEL.
1175 64 1385 104 SCRIPTA
1412 64 1714 103 EXEGETICA.

2237 65 2311 102 588

1428 151 1589 188 Primum
1608 152 1693 186 dicit
1706 148 1888 186 Christus:
1915 149 1954 185 Si
1971 149 2050 196 quis
2068 161 2180 184 unum
2197 151 2241 185 de
2257 149 2312 186 his

283 221 366 264 legi,
394 215 537 262 quando
563 211 670 246 homo
695 210 782 244 foris
807 212 982 244 coerceret
1001 217 1128 241 manus
1152 213 1185 240 et
1206 204 1274 238 alia
1301 226 1303 258 ἰ
1326 204 1487 238 minimis
1520 204 1697 238 mandatis
1732 202 1896 242 solverit,
1930 207 1963 235 et
1993 201 2042 235 sic
2072 201 2230 235 docuerit
2253 209 2314 236 etc.

282 278 423 305 externa
446 265 614 305 membra,

283 332 357 356 esse
380 330 497 352 coram
519 315 615 356 Deo,
655 312 846 347 habentem
871 309 963 344 hanc
988 316 1167 343 externam
1197 318 1275 350 spe-

283 373 390 407 ciem,
425 375 457 402 et
481 365 573 400 nihil
599 364 753 399 sciebant
779 364 822 396 de
848 359 991 396 Christo
1013 366 1047 394 et
1069 361 1112 393 de
1137 357 1274 393 iusticia

283 422 375 456 fidet

385 478 455 514 Sed
474 476 646 511 docebant
664 474 768 508 talem
793 478 970 506 externam
991 470 1139 515 speciem
1153 496 1161 508 ,
1189 478 1277 513 quae

286 532 413 565 usitate
441 528 648 562 nominatur
677 531 816 558 externa
846 522 1051 567 disciplina,
1088 518 1277 564 ΕυΠετῑίὼε

286 581 384 629 δυῴῒ.
437 578 485 614 Et
504 577 596 611 nihil
613 576 778 609 dicebant
801 575 844 608 de
869 585 950 607 vera
970 572 1206 617 poenitentia,
1235 570 1278 603 (le

286 645 368 667 vera
387 629 607 668 humilitate,
635 627 677 660 de
695 623 859 667 Christo,
886 625 930 658 de
957 623 1094 657 iusticia
1118 622 1218 662 fidei,
1245 627 1279 654 et

286 686 329 718 de
355 682 486 727 gratia,
519 679 576 712 vel
597 679 639 711 de
664 677 736 710 illis
761 676 854 709 veris
878 674 1200 713 consolationibus,
1236 672 1279 705 de

287 735 417 780 quibus
435 730 694 766 concionantur
703 724 901 772 Prophetae
916 726 952 759 in
970 724 1276 769 promissionibus.

288 786 364 819 lmo
383 785 447 817 ista
465 782 556 816 dicta
573 781 617 813 de
635 779 720 813 fide:
758 779 875 812 Iustus
895 778 962 810 fide
987 787 1047 810 sua
1065 776 1177 814 vivet,
1212 774 1280 807 im-

288 835 447 882 piissime
477 831 773 875 corrumpebant,
815 829 903 862 sicut
928 838 1022 859 nunc
1047 831 1281 869 corrumpunt

289 885 413 921 ludaei
435 883 709 918 sceleratissime.
763 879 879 913 Iustus
903 878 970 910 fide
995 888 1056 910 sua
1083 877 1196 917 vivet,
1232 876 1281 909 sic

290 939 588 981 interpretantur,
623 930 867 975 unusquilibet
902 926 1050 961 honeste
1086 927 1210 960 vivens
1244 927 1281 960 in

291 1001 350 1023 sua
380 986 571 1029 religione,
599 983 670 1015 sive
695 980 867 1020 Iudaeus,
893 979 967 1012 sive
989 975 1182 1018 Ethnicus,
1209 977 1282 1010 sive

290 1036 561 1074 Mahometista‚
596 1033 702 1067 vivet.
769 1030 876 1063 Tales
900 1027 1096 1062 horrendas
1119 1025 1283 1072 blasphe-

290 1090 378 1123 mias
394 1088 531 1130 fingunt
549 1083 650 1129 impii
668 1080 847 1122 homiues,
877 1080 1021 1126 quando
1039 1079 1206 1113 amittunt
1228 1079 1284 1112 lu—

291 1153 365 1175 cem
386 1136 584 1180 Evangelii.

395 1195 488 1231 Ante
505 1193 570 1228 hos
586 1204 698 1227 annos
709 1188 881 1225 Monachi
898 1190 1003 1224 etiam
1019 1189 1086 1223 hos
1105 1187 1286 1238 pharisai-

292 1261 350 1284 cos
373 1249 512 1282 furores
537 1246 660 1279 eodem
684 1244 792 1276 modo
809 1242 900 1275 sicut
915 1239 1096 1274 Pharisaei
1114 1247 1146 1274 et
1165 1239 1286 1273 Iudaei

291 1303 509 1338 docuerunt,
551 1296 646 1341 quod
672 1300 815 1327 externa
837 1304 943 1336 opera
969 1292 1039 1335 legi
1060 1290 1127 1324 Dei
1150 1291 1286 1324 satisfa-

294 1353 406 1390 ciant,
434 1348 529 1394 quod
550 1345 659 1379 homo
684 1344 730 1378 sit
746 1344 857 1377 iustus
876 1342 938 1376 tali
956 1341 1163 1386 disciplina,
1190 1342 1286 1386 quod

294 1401 443 1435 interior
460 1396 722 1435 immundities,
749 1393 989 1427 dubitationes
1005 1393 1048 1426 de
1060 1391 1133 1425 Deo
1151 1398 1183 1425 et
1199 1392 1287 1425 aliae

294 1459 449 1486 errantes
467 1448 693 1493 cupiditates,
721 1446 836 1480 nubere
863 1442 1097 1488 nnorbenttidye
1122 1443 1286 1487 begitbcnl

296 1515 370 1537 non
398 1502 467 1535 sint
490 1505 641 1544 peccata.
700 1495 747 1530 Et
772 1493 863 1528 nihil
891 1496 1058 1528 dixerunt
1080 1495 1123 1526 de
1148 1494 1287 1527 iusticia

295 1553 393 1593 fidei,
429 1553 500 1584 imo
526 1561 621 1582 nunc
645 1558 786 1592 quoque
812 1546 1008 1579 defendunt
1033 1541 1098 1577 hos
1117 1544 1212 1588 ipsos
1233 1556 1288 1577 er-

295 1615 402 1638 rores.

397 1661 464 1696 Sed
498 1671 564 1692 nos
594 1656 651 1691 hic
684 1657 859 1689 discamus
893 1666 932 1688 ex
959 1654 1130 1688 concione
1153 1651 1287 1687 Christi

296 1725 418 1747 verum
450 1710 666 1744 intellectum
699 1707 802 1749 legis,
838 1706 933 1751 quod
957 1705 1120 1738 videlicet
1145 1705 1288 1737 damnet

296 1764 466 1798 exteriora
483 1762 573 1794 sacta
590 1758 765 1793 contraria
796 1757 881 1800 legi,
916 1763 946 1789 et
973 1755 1159 1788 interiores
1184 1754 1287 1787 incli—

297 1815 457 1849 nationes
475 1818 670 1857 pugnantes
689 1821 767 1842 cum
793 1808 880 1849 lege.
932 1805 978 1840 Et
997 1806 1166 1845 sciamus,
1194 1805 1289 1849 quod

298 1868 333 1899 iu
360 1863 425 1898 hac
451 1869 615 1905 corrupta
637 1867 762 1893 natura
782 1857 919 1891 Omnes
946 1857 1016 1889 sint
1041 1857 1091 1889 rei
1117 1857 1190 1889 irae
1212 1854 1291 1895 Dei,

298 1924 330 1950 et
350 1916 443 1961 quod
469 1925 572 1946 nemo
598 1917 701 1943 natus
733 1909 767 1941 in
794 1906 857 1940 hac
883 1907 1111 1950 corruptione
1137 1906 1291 1950 potuerit

298 1975 357 2000 aut
382 1965 489 2010 possit
512 1963 708 1996 satisfacere
736 1959 799 2001 logi
823 1957 902 1997 Dei,
934 1958 1024 1991 sicut
1042 1956 1173 1989 Paulus
1200 1957 1291 1989 clare

297 2018 384 2051 dicit
404 2016 510 2050 Rom.
527 2014 577 2049 8.:
604 2012 695 2046 Caro
714 2023 784 2043 non
803 2015 915 2054 potest
932 2008 1057 2041 subiici
1083 2008 1149 2050 legi
1170 2008 1249 2040 Dei.

401 2083 445 2117 Et
463 2081 554 2116 hanc
570 2080 767 2115 doctrinam
786 2078 872 2110 scire
890 2088 1027 2109 nect-sse
1045 2083 1107 2114 cst,
1128 2082 1165 2108 ut
1183 2087 1292 2118 agno-

298 2146 433 2170 scamus
457 2135 584 2167 iustam
611 2133 696 2164 iram
721 2137 753 2163 ct
781 2128 951 2161 iudicium
976 2125 1061 2165 Dei,
1095 2134 1127 2159 vt.
1149 2138 1292 2168 agamus

302 2185 577 2232 poenitentiam,
610 2190 641 2216 et
669 2180 913 2223 confugiamus
938 2179 979 2210 ml
1004 2177 1198 2211 Dominum
1227 2190 1292 2210 no-

301 2247 410 2273 strum
437 2236 551 2269 lesum
573 2231 766 2267 Christum.

301 2290 434 2323 iusticia
461 2287 561 2324 fidei,
588 2287 699 2317 donec
725 2288 867 2314 manent
892 2278 957 2312 hae
984 2281 1168 2318 trin-lirae,
1198 2280 1291 2324 quod

300 2342 409 2373 simus
426 2338 506 2371 iusti
528 2344 644 2370 nostra
665 2334 799 2367 iusticia
818 2339 849 2365 ct
867 2331 1071 2374 impletione
1089 2331 1189 2371 togis:
1222 2331 1292 2362 imo

301 2391 356 2424 hic
375 2401 474 2423 error
489 2389 618 2421 dircen·
638 2391 768 2428 pugnat
797 2395 876 2416 cum
900 2382 1061 2415 doctrina
1089 2383 1130 2413 dv
1158 2382 1292 2415 iusticia
1320 2399 1321 2404 ¹

1319 2457 1324 2546 Ι

300 2443 393 2475 fnlei.
440 2442 559 2483 Quare
580 2439 614 2471 in
633 2435 786 2470 Ecclvsia
806 2445 944 2467 necesse
962 2440 1010 2467 est
1028 2430 1123 2465 hunc
1141 2445 1293 2466 errorem

302 2505 400 2537 saepe
422 2499 454 2525 et
475 2490 659 2535 perspicue
679 2487 800 2521 taxari.

835 2227 881 2263 Et
907 2241 978 2261 uon
1005 2236 1117 2272 potest
1142 2229 1291 2270 intelligi
1319 2238 1322 2287 ⁴3
1347 2233 1500 2274 tionem,
1535 2238 1567 2264 et
1590 2232 1634 2265 de
1657 2229 1720 2264 hac
1753 2231 2014 2270 consolatione,
2046 2232 2140 2276 quod
2167 2233 2336 2268 deberent
2390 2259 2394 2266 .

672 261 721 296 Et
746 262 910 295 dicebant
934 257 1117 293 hominem
1139 257 1273 291 iustum
1327 255 1396 290 erit
1409 255 1581 289 minimus
1596 256 1634 288 in
1651 266 1761 299 regno
1779 253 1972 287 coelorum.

1431 305 1530 349 Quid
1549 312 1650 340 vocat
1665 305 1812 339 minima
1830 302 2020 338 mandata?
2063 301 2225 336 Profecto
2241 315 2315 338 ma-

1328 357 1423 390 xima
1446 363 1548 398 sunt,
1574 356 1750 391 dubitatio
1775 356 1813 389 in
1834 355 1939 390 corde
1961 356 2004 388 de
2022 352 2115 395 Deo,
2142 353 2318 397 securitas,

1329 419 1402 442 esse
1419 408 1495 442 sine
1511 408 1637 442 timore
1654 407 1740 449 Dei,
1767 418 1838 441 esse
1854 407 1998 451 plenum
2015 405 2178 449 superbia
2189 431 2198 445 ,
2225 404 2319 444 odio,

1330 459 1545 500 invidentia,
1580 456 1795 493 inordinatis
1823 457 2002 491 amoribus
2025 463 2088 491 etc.
2149 454 2207 489 An
2235 452 2320 490 haec

1331 517 1412 545 sunt
1425 510 1574 543 minima
1583 509 1600 542 ’ἓ

1433 560 1664 606 Respondent
1698 556 1880 593 Pharisaei
1901 559 1952 593 sic
1975 558 2223 604 loquebantur.
2275 555 2322 592 Et

1330 611 1508 647 Dominus
1547 612 1660 646 utitur
1691 611 1800 644 verbo
1832 610 2010 654 ipsorum,
2051 616 2091 643 ut
2121 608 2322 643 coecitatem

1332 675 1455 696 eorum
1480 669 1588 705 taxet,
1622 662 1722 708 quasi
1745 661 1855 696 dicat:
1886 660 1958 694 Vos
1979 659 2122 705 pessimi
2143 666 2177 694 et
2200 670 2323 704 super-

1333 714 1468 748 bissimi
1488 711 1693 760 hypocritae
1712 713 1845 746 vocatis
1863 711 2017 746 Minima
2034 709 2120 745 haec
2137 716 2233 745 tanta
2249 721 2324 744 ma-

1333 766 1384 806 la,
1420 777 1510 810 quae
1537 765 1640 799 valde
1670 764 1858 798 offendunt
1881 761 2017 802 Deum,
2052 769 2085 796 et
2117 773 2190 795 non
2215 760 2324 796 vultis

1334 827 1521 859 agnoscere
1535 816 1707 850 iudicium
1724 822 1756 848 et
1771 814 1859 849 iram
1877 813 1953 849 Dei.
2008 812 2091 847 tdeo
2107 824 2168 847 vos
2185 823 2325 858 quoque

1335 867 1433 901 eritis
1465 867 1606 901 minimi
1640 867 1677 899 in
1710 877 1819 909 regno
1843 863 1930 908 Dei,
1966 864 2002 896 id
2032 871 2103 905 est,
2136 863 2264 898 abiecti
2292 869 2326 897 et

1335 918 1494 952 damnati
1510 919 1554 952 ab
1570 915 1644 959 his,
1670 917 1731 963 qui
1749 923 1831 951 sunt
1849 916 1886 949 in
1903 927 2012 960 regno
2030 914 2107 950 Dei.

1687 1001 1847 1037 Altera
1875 1013 1988 1046 pars.

1440 1071 1517 1104 Nisi
1539 1070 1683 1104 excellet
1706 1069 1844 1103 iusticia
1866 1075 1999 1111 vestra,
2026 1079 2131 1113 supra
2153 1068 2328 1104 iusticiam

1338 1120 1622 1158 Pharisaeorum,
1644 1132 1718 1153 non
1734 1120 1914 1154 intrabitis
1926 1119 1963 1154 in
1976 1130 2123 1161 regnum
2137 1120 2329 1155 coelorum.

2357 1014 2369 1039 x
2353 758 2371 984 -w31‘o--0-—“
2357 735 2362 741 ⁴

1440 1171 1531 1207 Ecce
1563 1170 1621 1205 hic
1653 1171 1866 1205 discernitur
1895 1170 2034 1204 iusticia
2057 1168 2259 1205 Christiana
2285 1172 2328 1206 ab
2355 1186 2360 1188 ·

1338 1222 1532 1270 hypocrisi.
1584 1222 1653 1256 Hic
1677 1222 1823 1262 videtis,
1858 1222 1955 1267 quod
1981 1233 2055 1254 non
2077 1222 2199 1256 doceat
2222 1220 2330 1258 Chri-

1339 1282 1412 1308 stus
1439 1274 1661 1308 securitatem
1688 1273 1882 1309 carnalem,
1910 1279 1944 1306 et
1966 1284 2039 1305 non
2065 1273 2150 1307 velit
2174 1285 2238 1308 nos
2255 1286 2330 1308 ma-

1339 1337 1424 1359 nere
1440 1325 1545 1365 tales,
1571 1325 1604 1359 in
1623 1323 1733 1366 bicscm
1748 1324 1849 1367 robcn
1867 1322 2058 1368 furcbtloscn
2073 1324 2185 1368 mesen.

1340 1423 1438 1473 Quot
1455 1423 1574 1460 modis
1591 1425 1707 1471 igilur
1719 1422 1930 1458 antecelluit
1948 1423 2096 1459 iusticia
2125 1425 2162 1458 in
2185 1422 2331 1460 homine
2363 1442 2374 1457 -.

1714 1472 1964 1510 Christiano?

1685 1551 1849 1595 Quatuor
1871 1554 1996 1588 modis.

1445 1620 1604 1654 Primum
1622 1619 1866 1659 poenitentia,
1893 1621 1927 1653 id
1947 1627 2009 1660 est,
2038 1621 2129 1654 veris
2147 1622 2332 1656 doloribus

1344 1679 1489 1717 propter
1506 1678 1657 1715 peccata.
1713 1670 1792 1704 Non
1812 1678 1861 1704 est
1889 1673 2057 1705 securitas
2082 1672 2118 1704 in
2135 1672 2270 1707 Davide
2285 1673 2334 1706 si-

1343 1731 1402 1757 cut
1435 1723 1471 1755 in
1506 1721 1609 1761 Saul,
1650 1721 1765 1754 David
1792 1722 1861 1764 agit
1889 1723 2142 1764 poenitentiam
2165 1730 2198 1757 et
2225 1724 2332 1764 dolet,

1344 1774 1428 1807 Saul
1448 1772 1641 1807 contemnit
1658 1772 1828 1805 iudicium
1845 1770 1930 1812 Dei,
1957 1773 2011 1805 vel
2029 1773 2065 1805 in
2084 1785 2196 1817 poena
2213 1774 2332 1808 irasci-

1344 1832 1402 1859 tur
1419 1823 1507 1858 Deo.

1449 1874 1555 1907 Tales
1578 1880 1658 1906 sunt
1681 1874 1928 1906 universaliter
1955 1872 2179 1919 hypocritae,
2215 1874 2332 1920 furebtx

1344 1927 1417 1969 105,
1444 1923 1542 1968 stottg,
1571 1926 1633 1958 υιιῠ
1650 1925 1770 1959 mcincn
1797 1925 1836 1967 sic
1855 1924 1920 1965 stab
1945 1926 1991 1958 bie
2012 1924 2132 1969 rechten
2151 1925 2252 1966 senten
2279 1929 2332 1961 ber

1344 1976 1556 2019 (Ebristcnbcit
1572 1982 1626 2009 etc.

1450 2028 1613 2060 Secundo
1635 2026 1772 2059 excellit
1792 2025 1891 2060 Fide.
1944 2025 2045 2059 llanc
2070 2039 2214 2070 prorsus
2234 2028 2334 2071 igno-

1348 2086 1427 2111 rant
1453 2075 1675 2123 hypocritae.
1704 2077 1886 2110 consulunt
1910 2077 2082 2120 sibiipsis,
2112 2090 2184 2111 non
2209 2080 2333 2114 confu-

1346 2131 1447 2173 giunt
1463 2130 1504 2162 ad
1526 2128 1655 2162 Filium
1674 2128 1757 2167 Dei,
1778 2128 1840 2173 qui
1857 2134 1905 2161 cst
1922 2128 2112 2167 mediator,
2137 2130 2333 2173 gloriantur

1347 2192 1456 2214 sesua
1479 2180 1616 2223 justicia
1645 2180 1754 2213 iustos
1778 2191 1868 2217 csse,
1893 2179 1947 2211 vel
1973 2187 2081 2214 ruunt
2107 2181 2143 2213 in
2166 2181 2333 2226 despera-

1347 2284 1488 2317 crcderc
1529 2280 1690 2315 homines
1725 2282 1798 2314 ficri
1840 2282 1948 2315 iustos
1987 2282 2155 2326 imputata
2195 2284 2334 2319 iustitia

1348 2342 1491 2379 propter
1508 2331 1710 2371 Christum,
1740 2330 1830 2365 nihil
1850 2333 1962 2365 sciunt
1976 2360 1984 2370 ,
2011 2345 2073 2366 nec
2094 2334 2219 2369 volunt
2234 2336 2333 2372 scire.

1350 2385 1398 2419 lta
1419 2384 1532 2419 David
1553 2385 1659 2418 erexit
1678 2397 1713 2417 se
1736 2382 1799 2417 hac
1824 2384 1901 2417 fulv.

1451 2487 1594 2527 Tertio,
1622 2486 1859 2520 invocatione.
1909 2485 1955 2519 lli
1973 2487 2039 2520 soli
2058 2495 2203 2532 possunt
2219 2487 2333 2524 Deum

1955 2383 2039 2417 Saul
2065 2397 2136 2418 non
2161 2386 2274 2430 potuit
2297 2398 2334 2422 se
2386 2395 2390 2415 ²

1348 2438 1499 2480 erigere.
1516 2436 1597 2481 quia
1617 2434 1707 2469 hanc
1724 2434 1920 2467 doctrinam
1937 2447 2009 2468 non
2027 2436 2138 2470 voluit
2157 2437 2332 2480 amplecti.
2386 2446 2389 2455 '

405 2551 498 2584 llaec
518 2550 607 2587 dixi,
638 2555 672 2581 nt
694 2557 829 2580 summa
853 2545 960 2578 totins
986 2541 1090 2576 huius
1115 2544 1294 2576 concionis
1320 2578 1322 2584 ¹
1349 2541 1530 2579 invocare,
1558 2538 1617 2583 qui
1643 2544 1769 2581 agunt.
1794 2537 2046 2581 poenitentiam
2073 2545 2106 2573 et
2125 2540 2272 2575 credunt
2296 2541 2333 2574 iu
2384 2558 2386 2562 ·

303 2604 443 2646 planius
484 2601 712 2641 intelligatur.

303 2656 427 2686 «licam.

795 2597 896 2630 Nunc
935 2595 1089 2629 breviter
1122 2595 1165 2627 dc
1200 2602 1294 2627 textu
1320 2600 1322 2615 ¹
1348 2589 1543 2624 Christum.

1320 2654 1322 2660 ¹
1348 2642 1512 2675 credent?

1596 2588 1700 2624 Rom.
1722 2589 1793 2624 10..·
1824 2590 2015 2631 Quomodo
2033 2590 2248 2625 invocabunt
2264 2591 2331 2626 nisi
2384 2603 2386 2611 ¹
