2409 2915
262 113 311 148 89

267 197 386 235 diciis,
406 192 708 238 nondeTyranno
725 195 757 223 et
774 189 816 222 de
826 186 1033 224 Calumniis.
1061 188 1168 233 Regis
1182 202 1248 223 vox

268 255 319 281 est
343 245 536 284 divinatio,
568 242 720 279 scilicet,
753 252 833 274 cum
865 239 998 274 iudicat
1025 240 1120 275 iuxta
1145 241 1248 283 leges.

268 297 437 332 Nominat
451 295 558 339 igitur
573 291 828 325 divinationem
853 290 945 335 ipsas
967 291 1076 334 leges,
1105 298 1138 325 et
1156 291 1251 324 iudi-

271 349 324 382 cia
339 345 564 390 congruentia
580 343 734 386 legibus,
758 341 841 388 quia
857 341 947 384 leges
972 349 1055 375 sunt
1079 342 1250 387 sapientia

271 398 441 432 divinitus
457 400 667 428 monstrata:
697 405 779 426 nam
804 393 884 425 fons
905 393 1066 425 omnium
1085 390 1250 426 honesta-

272 460 349 481 rum
374 448 490 490 legum
507 452 557 479 est
573 443 788 487 Decalogus‚
820 443 881 487 qui
902 449 952 476 est
975 454 1111 477 summa
1135 444 1251 487 legum

270 498 497 532 naturalium.
549 493 596 529 Et
614 501 758 539 propter
778 491 870 526 hanc
888 504 1024 526 causam
1041 495 1195 538 primum
1220 500 1252 527 et

270 549 515 596 principaliter
536 545 738 590 praeposuit
759 543 852 578 Deus
869 544 989 587 generi
1006 542 1164 578 humano
1179 557 1252 577 ma—

272 599 453 643 gistratus,
481 605 520 632 ut
539 602 665 629 sonent
682 606 801 628 vocem
819 593 1005 638 Decalogi,
1030 602 1062 629 et
1078 596 1150 630 sint
1175 608 1253 629 exe-

270 657 437 695 quutores
468 649 505 681 in
537 658 661 694 poena.
720 644 859 678 Deinde
888 646 1037 681 armavit
1066 645 1162 680 Deus
1197 657 1255 679 eos

271 701 374 734 etiam
394 698 458 733 bac
474 704 661 743 potestate,
686 696 863 730 condendi
880 697 1039 740 proprias
1054 697 1164 741 leges,
1182 709 1255 730 non

272 757 469 794 pugnantes
492 760 570 782 cum
600 746 798 790 Decalogo,
831 748 890 780 sed
915 754 1087 781 extructas
1113 760 1153 781 ex
1181 747 1255 792 ipso

272 801 451 844 Decalogo
476 812 535 834 seu
553 797 908 838 demontrationibus,
927 809 988 832 seu
1005 798 1182 843 probabili
1200 810 1256 831 ra-

270 852 375 887 tione.

372 900 446 934 Has
463 900 617 933 rationes
640 906 679 933 ut
697 899 840 932 videant
862 899 1134 941 gubernatores,
1160 898 1256 932 Deus

271 953 471 997 aliquorum
489 962 610 993 regum
629 956 762 983 mentes
780 956 917 990 movet,
944 956 977 983 et
995 950 1054 983 dat
1071 949 1119 982 eis
1134 949 1256 993 singu-

271 1004 361 1036 lares
386 1008 522 1044 motus,
554 1007 593 1034 ut
622 1000 682 1033 alii
707 999 915 1033 excellentes
951 1000 1098 1033 artifices
1124 998 1257 1034 habent

271 1053 466 1097 singulares
485 1059 619 1091 motus,
647 1051 728 1096 quia
750 1050 846 1084 Deus
866 1051 914 1084 sic
935 1051 1011 1084 vult
1035 1062 1172 1084 servare
1198 1063 1257 1094 ge-

272 1116 338 1138 nus
371 1101 584 1143 humanum,
626 1101 788 1144 regendis
832 1101 1009 1134 mentibus
1048 1101 1255 1135 salutarium

271 1155 494 1202 principum,
530 1160 562 1186 et
587 1152 830 1185 excellentium
862 1152 1054 1192 artificum,
1089 1152 1178 1187 sicut
1200 1154 1256 1186 di-

271 1212 364 1239 ctum
383 1211 449 1238 est:
479 1202 526 1237 Ut
542 1203 634 1236 oculi
652 1203 794 1236 videant
810 1210 843 1237 et
859 1214 961 1236 aures
978 1203 1142 1245 audiant,
1160 1202 1256 1238 Deus

271 1256 353 1289 facit
366 1262 558 1298 utrunque.

372 1304 424 1340 Ita
440 1305 506 1339 suit
521 1304 709 1348 singularis
725 1310 842 1337 motus
858 1304 896 1337 in
908 1303 1118 1346 Salomone,
1144 1305 1254 1338 ratio-

271 1357 410 1391 cinante
426 1362 505 1390 utra
523 1362 610 1389 esset
625 1361 746 1388 mater.

370 1405 417 1442 Et
437 1417 558 1440 recens
581 1405 766 1449 Gonsagae
786 1406 956 1450 praesulis
975 1405 1256 1440 Mediolanensis

270 1458 440 1492 iudicium
465 1457 533 1491 fuit
555 1457 730 1500 singulare
755 1457 964 1500 exemplum.
1016 1456 1106 1491 Cum
1126 1456 1256 1501 Hispa-

271 1521 338 1543 nus
363 1508 558 1553 praefectus
583 1507 706 1552 oppidi
730 1508 795 1541 sub
820 1519 859 1541 eo
889 1514 1023 1542 teneret
1047 1508 1164 1541 virum
1189 1520 1255 1540 no-

270 1560 377 1594 bilem
402 1559 597 1603 captivum,
632 1566 665 1592 et
691 1558 845 1592 coniunx
870 1558 944 1592 eius
968 1566 1099 1603 peteret
1126 1559 1255 1592 libera-

272 1611 404 1644 tionem
432 1608 561 1653 captivi
586 1609 701 1642 oblata
727 1621 851 1652 magna
878 1610 1046 1652 pecunia,
1074 1609 1255 1653 Hispanus

270 1661 355 1705 petit
373 1667 552 1703 stuprum,
575 1660 670 1702 quod
688 1671 765 1691 cum
784 1659 1011 1699 obtinuisset,
1030 1660 1158 1693 deinde
1175 1661 1256 1693 red-

270 1712 323 1745 dit
343 1710 521 1754 captivum
549 1709 646 1751 prius
668 1708 904 1743 interfectum.
966 1707 1131 1752 Gonsaga
1157 1717 1254 1753 post-

271 1773 376 1807 quam
402 1758 468 1794 hoc
490 1758 648 1798 rescivit,
682 1758 796 1802 coepit
819 1757 1038 1802 Hispanum,
1074 1766 1106 1793 et
1141 1760 1256 1803 coe‘git

272 1824 350 1846 eum
383 1812 509 1844 ducere
544 1809 642 1841 illam
675 1809 870 1843 mulierem.
930 1809 1122 1854 Postquam
1146 1811 1257 1851 duxit,

272 1863 400 1896 deinde
418 1868 451 1894 et
466 1860 618 1894 iudicata
636 1858 834 1903 Hispanum
852 1859 994 1903 capitali
1010 1860 1184 1903 supplicio
1204 1861 1255 1894 af-

272 1913 372 1955 fecit,
399 1919 432 1946 et
446 1911 626 1945 facultates
641 1909 791 1954 Hispani
808 1910 949 1943 mulieri
964 1910 1138 1946 attribuit.

609 2026 744 2079 Caput
772 2027 911 2068 xvn.

322 2109 401 2158 Qui
420 2109 511 2144 celat
534 2109 695 2145 alienam
720 2107 908 2151 delictum,
943 2110 1102 2158 acquirit
1127 2110 1257 2145 amici-

374 2163 485 2195 ciam:
539 2162 604 2209 qai
642 2173 720 2195 vero
755 2159 884 2207 palam
915 2161 1033 2210 facil,
1078 2159 1257 2196 distrahit

371 2212 563 2259 prince'pcs.

327 2269 536 2317 Increpatt‘o
577 2269 787 2317 prudentem
830 2271 952 2317 magis
993 2272 1256 2321 perterrefacit,

374 2335 484 2370 quam
503 2327 640 2355 centum
655 2321 793 2370 plagae
809 2322 974 2356 stallum.

858 101 984 138 pun„
1010 101 1128 141 MEL.
1153 75 1362 140 semen
1389 101 1688 141 EXEGEthA.

2237 105 2288 141 40

1299 188 1625 235 comprehenditur:
1662 189 1701 225 Si
1724 191 1920 236 peccaverit
1934 189 1986 238 ιἰῐι
2007 196 2040 224 te
2062 189 2170 226 frater
2190 198 2286 234 tuus,

1299 252 1404 284 argue
1433 254 1512 276 eum
1543 243 1636 276 inter
1661 249 1695 276 te
1719 249 1753 276 et
1774 241 1902 286 ipsum.
1957 241 2120 275 Pastores
2147 249 2180 277 et
2212 243 2286 285 alii,

1300 293 1505 336 praesertim
1541 294 1603 339 qui
1637 291 1769 327 habent
1804 293 1959 326 officium
1995 292 2165 332 docendi,
2205 306 2286 328 cum

1301 343 1418 377 sciunt
1433 355 1547 377 errare
1570 344 1744 389 aliquem,
1770 351 1830 377 aut
1854 343 1987 388 alioqui
2011 343 2140 377 iniuste
2163 344 2287 384 facere,

1301 394 1454 438 primum
1477 396 1692 429 admoneant
1719 406 1797 427 eum
1830 394 2007 438 privatim.
2066 393 2105 428 Si
2127 394 2189 428 ille
2213 406 2287 428 non

1302 445 1465 478 emendat
1478 457 1532 486 se,
1559 452 1676 490 postea
1693 445 1753 478 fiat
1770 445 1943 478 accusatio
1961 445 2113 489 publica.

1406 502 1461 537 Sit
1475 510 1592 538 autem
1610 504 1647 536 in
1662 503 1838 537 monitore
1849 501 1989 537 Veritas
2003 509 2036 536 et
2046 501 2201 545 Candor,
2217 515 2292 537 non

1303 560 1447 599 quaerat
1470 555 1684 589 calumniose
1703 555 1798 599 quod
1829 551 2076 598 reprehendat.
2128 553 2292 589 Monitus

1304 605 1349 638 sit
1372 604 1515 646 docilis,
1539 617 1613 639 non
1639 612 1838 641 contumax.
1892 603 1933 637 ln
1961 611 2088 637 neutro
2115 604 2161 638 sit
2185 607 2291 651 φιλο-

1305 653 1440 696 νεικία,
1471 656 1509 689 id
1535 663 1604 698 est,
1638 656 1812 700 cupiditas
1838 655 2086 690 contentionis,
2145 655 2198 688 Ita
2225 654 2292 690 hoc

1306 707 1382 740 loco
1402 714 1582 751 praecepta
1601 708 1732 741 dantur
1750 714 1783 741 et
1801 706 1972 740 monitori
1989 713 2022 740 et
2039 706 2190 740 monito.

1407 764 1528 799 Malus
1543 772 1679 800 tantum
1690 766 1829 812 quaerit
1845 766 1949 806 rixas,
1964 765 2000 798 id
2019 771 2079 806 est,
2098 777 2171 799 non
2186 777 2294 811 quae-

1306 816 1352 849 rit
1378 816 1560 850 veritatem
1583 824 1617 851 et
1643 818 1789 852 salutem
1814 815 2012 854 Ecclesiae,
2044 816 2105 849 sed
2127 817 2202 850 sine
2223 817 2293 850 fine

1306 868 1444 908 turbas,
1471 874 1511 901 ut
1533 866 1642 901 Cleon
1671 875 1706 902 et
1728 866 1931 901 Alcibiades
1954 864 2106 901 Athenis
2139 867 2293 901 subinde

1308 919 1482 951 bellorum
1506 919 1640 952 semina
1665 925 1846 963 spargunt.
1908 915 2092 952 Omnibus
2115 919 2295 952 contradi-

1307 969 1431 1002 cebant
1461 967 1587 1014 Cynici
1621 976 1655 1003 et
1686 969 1910 1010 Academici,
1961 977 1994 1003 et
2026 980 2145 1002 recens
2180 969 2296 1011 Valla,

1307 1018 1490 1054 Cornelius
1500 1020 1669 1064 Agrippa,
1687 1018 1963 1061 Carolostadius‚
1981 1017 2171 1061 Osiander,
2186 1019 2294 1055 Stan-

1307 1082 1427 1111 carus,
1464 1077 1497 1104 et
1525 1071 1630 1105 multi
1653 1069 1786 1104 habent
1814 1071 1900 1104 tales
1929 1071 2109 1104 rixatrices
2137 1078 2293 1106 naturas.

1307 1120 1355 1153 Hi
1379 1133 1451 1154 non
1476 1128 1651 1166 quaerunt
1670 1122 1872 1161 veritatem,
1902 1122 1962 1154 sed
1988 1128 2079 1155 recte
2103 1122 2195 1156 dicta
2220 1129 2294 1156 arte

1307 1173 1519 1216 depravant,
1544 1179 1603 1206 aut
1620 1172 1821 1217 petulanter
1837 1179 1981 1206 movent
2002 1183 2075 1204 non
2098 1173 2293 1207 necessaria

1307 1223 1516 1264 certamina,
1544 1235 1608 1257 nec
1623 1223 1751 1256 moniti
1770 1223 1918 1261 cedunt,
1947 1223 2006 1255 sed
2030 1222 2208 1256 rabiosius
2231 1224 2293 1257 de—

1307 1275 1457 1307 fendunt
1475 1285 1622 1308 errores·
1677 1273 1730 1307 De
1749 1271 1804 1306 his
1818 1273 1904 1307 dicit
1921 1270 1987 1306 hoc
2009 1273 2086 1306 loeo
2105 1272 2296 1308 Salomon:

1308 1325 1427 1359 Satius
1445 1332 1497 1358 est
1519 1337 1702 1358 occurrere
1727 1335 1829 1358 ursae
1853 1324 1996 1358 orbatae
2020 1323 2162 1362 catulis,
2190 1337 2296 1370 quam

1307 1377 1414 1410 stulto
1439 1376 1476 1408 in
1500 1375 1652 1409 stulticia
1678 1387 1755 1416 sua,
1781 1381 1820 1409 ut
1842 1387 1920 1408 cum
1945 1375 2135 1409 fascinatus
2156 1374 2297 1420 Papista

1307 1427 1463 1461 defendit
1481 1426 1685 1461 manifestos
1705 1437 1854 1460 errores.

1408 1483 1590 1519 Damnant
1617 1485 1724 1528 igitur
1748 1482 1813 1518 hae
1829 1484 2023 1518 sententiae
2046 1484 2242 1518 calumnias
2265 1492 2299 1520 et

1307 1536 1534 1580 cupiditatem
1553 1536 1835 1575 contentionum,
1864 1542 1897 1568 et
1919 1535 2171 1580 pertinentiam
2188 1536 2225 1569 in
2243 1548 2298 1570 er-

1307 1587 1459 1622 roribus.
1513 1585 1738 1631 Praecipiunt
1755 1594 1871 1620 autem
1885 1613 1894 1630 ,
1925 1586 2059 1619 servari
2077 1586 2240 1621 ordinem
2260 1587 2298 1620 in

1308 1638 1571 1676 admonitione,
1597 1644 1632 1671 et
1655 1637 1780 1671 iubent
1797 1635 1959 1670 adhiberi
1983 1637 2185 1677 veritatem,
2213 1650 2298 1672 can—

1307 1689 1429 1721 dorem
1446 1697 1479 1722 et
1497 1685 1689 1722 ἒπιείκειαν
1701 1715 1710 1728 ,
1738 1694 1771 1721 et
1787 1687 1941 1721 monitos
1958 1687 2082 1722 iubent
2108 1700 2181 1722 esse
2197 1689 2296 1723 doci-

1307 1738 1374 1778 les,
1401 1738 1495 1771 iuxta
1518 1739 1668 1771 dictum:
1704 1738 1867 1771 Desinite
1892 1738 1981 1770 male
2012 1739 2139 1771 facere.
2194 1739 2297 1772 Item:

1309 1788 1413 1831 Agite
1444 1788 1699 1832 poenitentiam
1732 1794 1765 1821 et
1787 1787 1919 1821 credite
1942 1785 2149 1830 Evangelio.
2212 1787 2295 1823 Ideo

1308 1839 1452 1872 dicitur:
1501 1837 1574 1880 Qui
1608 1838 1696 1871 celat
1727 1838 1882 1871 alienum
1919 1837 2087 1872 delictum
2101 1865 2108 1878 ,
2143 1840 2295 1885 acquirit

1307 1888 1520 1929 amiciciam,
1548 1888 1582 1921 id
1599 1895 1647 1922 est
1659 1915 1668 1929 ,
1695 1889 1756 1934 qui
1777 1900 1856 1922 cum
1871 1889 1996 1922 ordine
2011 1890 2150 1924 monuit
2167 1902 2293 1925 erran-

1307 1947 1396 1978 tem,
1428 1946 1526 1973 sanat
1549 1951 1646 1980 eum,
1674 1951 1747 1973 non
1772 1940 2010 1974 tumultuatur
2033 1941 2191 1984 publice,
2218 1953 2294 1976 ser-

1308 1998 1366 2025 vat
1383 1988 1582 2030 hominem,
1597 1997 1631 2024 et
1647 1991 1709 2024 alit
1728 1991 1903 2035 publicam
1923 1992 2163 2026 concordiam.
2196 1991 2294 2028 Con-

1308 2050 1360 2077 tra
1378 2053 1460 2075 vero
1478 2042 1635 2085 neglecto
1655 2039 1721 2075 hoc
1738 2042 1864 2075 ordine
1881 2054 1921 2075 ex
1940 2042 2026 2075 rixis
2040 2043 2208 2077 oriuntur
2221 2045 2296 2078 dis-

1308 2093 1448 2127 cordiae
1467 2093 1692 2140 principum,
1719 2093 1810 2126 bclla
1835 2099 1868 2126 ct
1893 2093 2119 2135 vastationes,
2146 2094 2235 2130 sicut
2258 2095 2295 2129 iu

1309 2156 1412 2179 versu
1435 2142 1663 2189 Empedoclis
1686 2144 1832 2178 dicitur:

1395 2202 1499 2243 Φοιτᾷ
1516 2202 1549 2232 δὲ
1562 2200 1773 2241 βροτολοιγὸς
1786 2201 1852 2242 ἔρις
1867 2200 1972 2231 κενεὰν
1989 2203 2154 2240 λελακυῖα,

1393 2255 1476 2283 Vana
1498 2263 1602 2282 sonans
1625 2254 1721 2282 adfert
1743 2263 1846 2281 sacras
1871 2253 2015 2282 discordia
2039 2254 2152 2283 caedes.

1409 2321 1565 2356 Poenam
1582 2322 1685 2355 ctiam
1704 2319 1759 2354 hic
1776 2321 1900 2355 rixosis
1912 2320 2150 2354 monitoribus
2166 2327 2198 2355 et
2218 2333 2296 2355 mo-

325 2380 488 2415 Tanlum
507 2379 712 2415 discordias
731 2382 874 2429 quaerit
890 2381 1025 2419 malus,
1050 2386 1080 2415 e!
1101 2383 1256 2417 nuncius
1308 2375 1392 2408 ”5¹3⁵
1409 2374 1637 2408 denu'ldanl-
1691 2371 1851 2407 Nuntius
1866 2371 1978 2404 malm
1996 2378 2155 2406 occurret
2179 2372 2229 2413 ²3·
2257 2372 2293 2406 ld

374 2430 530 2466 crudelis
548 2438 701 2466 occurret
719 2433 761 2467 ei.

326 2491 464 2525 Allrlius
498 2496 547 2525 cst
578 2504 756 2526 occurrere
789 2503 895 2525 ursae
925 2490 1076 2526 orbatae
1110 2491 1281 2533 catulis„
1345 2529 1351 2534 j
1481 2528 1488 2534 ·
1644 2527 1650 2534 ,
1695 2527 1702 2533 ,
2198 2526 2206 2533 ‚
2258 2526 2265 2534 ⁶

1280 2528 1516 2577 taliquantliu
1559 2533 1781 2571 reprimitur,
1825 2532 1940 2558 tamen
1986 2525 2128 2558 tandem
2173 2533 2293 2561 vincit.

1280 2602 1281 2618 t
1303 2577 1470 2624 Ἰσχυρόν
1488 2577 1529 2613 τὸ
1546 2574 1700 2622 ἀληθές,
1731 2584 1767 2611 nt
1797 2576 1909 2621 inquit
1927 2573 2192 2612 Demosthenes.

375 2555 485 2589 quam
500 2542 613 2577 stulto
630 2544 667 2576 in
683 2556 751 2577 sua
771 2542 950 2578 slullisia.

375 2628 521 2661 vicinae
542 2637 620 2661 sunt
647 2629 856 2672 sententiae,
885 2637 914 2663 et
940 2630 1113 2673 pertinent
1132 2643 1254 2663 omncs

269 2682 310 2711 ad
342 2681 500 2712 ordint-m
532 2679 565 2711 in
602 2681 808 2717 indicando.
853 2681 973 2726 quiin
999 2682 1092 2715 (licto
1117 2680 1248 2715 Christi

1280 2419 1283 2440 ⁸
1308 2433 1367 2465 est,
1386 2426 1445 2471 qui
1465 2425 1652 2458 calumniis
1671 2431 1730 2459 aut
1750 2423 1945 2457 accendunt
1963 2429 2022 2455 aut
2042 2423 2142 2457 alunt
2159 2423 2295 2458 discor-

1307 2477 1399 2516 dias,
1426 2478 1567 2510 tandem
1584 2476 1720 2509 dabunt
1736 2485 1879 2519 poenas,
1909 2473 1991 2518 qnia
2011 2474 2139 2508 veritas
2157 2475 2293 2509 etiamsi

2246 2575 2291 2611 Et

1307 2629 1437 2663 Paulus
1453 2631 1548 2664 iubet
1565 2628 1757 2662 baert-ticos
1776 2634 1850 2671 post
1871 2639 1978 2660 unam
1999 2634 2031 2661 et
2057 2627 2202 2660 alteram
2226 2630 2291 2662 ad-

1278 2671 1280 2682 ⁵
1306 2683 1537 2715 monitionem
1561 2680 1680 2718 vitari,
1708 2686 1739 2712 ct
1762 2679 1827 2712 ait:
1859 2677 2005 2711 Peccant
2025 2675 2292 2726 atiroxara'xpc-
