2409 2915
76 87 173 123 1081
363 86 445 122 ΧΠ.
498 81 891 120 ANNOTATIONES
917 82 984 120 ET
1010 80 1291 120 CONCIONES
1319 82 1367 119 IN
1395 81 1578 120 EVANG.
1603 83 1814 121 IOANNIS.
2005 87 2101 120 1082

71 175 126 207 lex
143 173 296 207 ostendit
312 178 505 216 peccatum,
528 176 707 216 peccatum
725 171 903 214 cognitum
920 171 1059 207 occidit.
1084 178 1088 193 ¹
1112 170 1230 211 docet,
1271 171 1406 204 renasci
1432 171 1467 204 id
1500 183 1572 205 esse
1604 172 1698 217 quod
1733 172 1874 205 credere
1904 171 1941 204 in
1973 171 2095 211 filium,

72 223 131 258 Sic
147 224 286 258 Psalmo
302 222 445 258 XLIX.:
475 221 569 266 Ignis
593 222 630 254 in
653 228 842 266 conspectu
867 223 940 256 eius
959 235 1058 256 exar-
1111 232 1214 265 quem
1234 221 1376 255 exaltari
1393 229 1550 265 oporteat
1569 222 1658 256 sicut
1673 230 1881 267 serpentem.
1933 221 2022 255 Nam
2040 234 2094 255 re-

70 275 197 309 descet.
251 273 358 317 Quod
376 273 485 317 figura
501 273 671 316 serpentis
688 273 850 316 erigitur,
877 273 1058 317 significat,
1110 271 1185 305 nati
1220 271 1288 304 iam
1321 272 1437 306 sciunt
1467 273 1586 306 omnia
1620 285 1680 307 sua
1710 285 1815 316 opera
1841 279 1980 317 peccata
2004 284 2091 307 esse;

71 332 221 359 erectam
246 336 318 358 esse
339 324 484 367 figuram
507 323 655 367 peccati,
689 324 711 356 i.
731 336 759 356 e.
776 321 969 365 Christum,
995 325 1057 369 qui
1083 317 1085 358 ἶ
1110 322 1189 355 ideo
1214 323 1382 362 credunt,
1407 335 1442 355 se
1467 323 1707 357 misericordia
1725 325 1793 357 Dei
1819 324 1918 357 nullo
1941 335 2004 357 suo
2021 336 2093 356 me-

70 387 135 420 pro
149 375 253 409 nobis
268 376 379 409 sactus
395 381 445 408 est
464 381 656 419 peccatum.
708 373 778 408 Hic
800 382 960 409 mortuus
983 386 1056 408 ser-
1081 377 1084 442 ἱ
1108 373 1176 406 rito
1202 373 1393 407 iustificari.
1454 372 1654 415 Postremo,
1687 375 1769 419 quia
1795 375 1900 415 dixit,
1932 381 2093 418 oportere

69 437 155 470 pens
173 434 320 461 mortem
337 426 465 470 peccati
487 431 735 473 repraesentat.
786 423 833 459 Et
847 426 935 459 sicut
951 423 1055 459 Chri-
1081 443 1084 470 f
1108 423 1145 456 in
1163 420 1344 457 Christum
1360 423 1466 464 credi,
1494 424 1572 457 ideo
1592 425 1634 457 de
1653 437 1765 466 causa,
1787 436 1849 458 cur
1866 425 1901 457 in
1918 426 2091 457 mundum

70 485 143 511 stus
159 484 320 511 mortuus
337 482 386 510 est
403 482 546 520 propter
571 476 856 510 mortificandum
876 483 1054 521 peccatum
1080 475 1083 508 Ι
1108 474 1234 508 missus
1254 475 1316 515 sit,
1344 475 1448 508 latius
1466 475 1633 519 disputat.
1685 475 1744 509 Sic
1771 487 1852 518 ergo
1876 476 1977 510 dicit:
2008 475 2090 508 Ideo

68 528 106 561 in
129 540 233 561 carne
247 534 383 561 nostra:
411 527 458 561 ita
483 538 621 560 necesse
641 533 711 568 est,
737 534 769 560 et
786 539 850 560 nos
866 528 959 561 mori
973 539 1056 571 pro·
1107 525 1166 570 qui
1190 525 1228 558 in
1244 537 1299 558 me
1324 527 1488 564 credunt,
1517 526 1605 558 salvi
1626 533 1745 567 erunt,
1773 526 1856 570 quia
1878 537 1940 568 ego
1966 526 2092 559 missus

66 585 145 623 pter
159 578 441 612 mortificandum
458 585 636 622 peccatum
653 578 690 610 in
713 578 828 613 nobis.
881 577 950 612 Sed
970 575 1055 612 haec
1079 578 1083 618 ξ
1107 587 1203 617 sum,
1226 582 1265 610 ut
1282 577 1413 610 salvem
1430 578 1603 610 mundum
1615 604 1624 618 ,
1651 589 1723 610 non
1739 584 1778 611 ut
1794 576 1957 610 iudicem.

67 629 259 663 consolatio
279 635 340 669 est,
364 629 458 673 quod
476 628 615 669 scimus,
640 635 789 662 mortem
808 629 876 662 iam
892 641 964 662 non
982 641 1054 662 esse
1080 623 1082 667 ξ
1472 655 1487 676 Τ
1628 658 1633 665 ,
1697 658 1702 665 ,

66 686 228 720 mortem,
256 679 338 724 quia
356 679 430 723 ipse
445 679 633 713 resurrexit
648 685 680 712 et
699 686 876 723 peccatum
894 680 1052 713 extinxit.
1078 671 1081 710 !
1438 655 1528 693 ΛΟΠ
1557 663 1595 692 “l
1620 656 1765 693 md¹⁶e¹⁶

67 729 120 764 Ita
145 731 359 764 credendum
383 736 451 771 est,
486 730 569 775 quia
584 726 717 764 Christi
739 737 857 775 morte¹
873 737 1053 774 peccatum
1078 721 1081 732 ⁵

65 781 314 815 mortificatum
334 787 402 821 est,
429 781 532 814 nobis
547 787 726 824 peccatum
746 793 817 814 non
843 782 1050 814 obfuturum
1106 779 1198 822 pite,
1242 779 1303 811 ubi
1330 778 1476 811 dicitur:
1521 776 1629 811 Dedit
1659 790 1763 811 omne
1794 778 1965 812 iudicium
1998 778 2089 811 fili02

67 838 131 867 etc.
183 830 260 865 Hoc
282 839 348 871 est,
383 831 478 876 quod
505 831 553 864 ait
570 829 760 875 Propheta:
795 830 971 876 Absor-pta
1002 837 1053 865 est
1106 830 1205 862 item:
1247 828 1457 863 Potestatem
1493 829 1590 861 dedit
1621 827 1651 861 ei
1684 829 1855 862 iudicium
1884 829 1996 862 facere
2029 835 2092 862 etc.

17 879 21 882 ’
63 893 159 915 mors
174 881 211 914 in
229 882 374 916 victoria
391 889 455 917 etc.
484 882 635 925 Serpens
653 882 689 914 in
707 883 871 926 adspectu
888 882 1052 916 sanabat:
1106 879 1340 924 Respondeo:
1370 879 1429 913 Sic
1449 879 1551 912 dicit:
1581 878 1683 912 Misit
1708 879 1744 912 in
1769 880 1959 917 mundum,
1985 891 2092 924 quare

62 933 111 967 ita
125 930 287 966 Christus
305 933 488 976 adspectu,
520 933 543 968 i.
565 945 592 966 e.
609 933 676 965 fide
699 939 810 968 sanat.
864 932 923 967 Sic
946 945 1052 978 expo-
1106 931 1148 963 de
1166 931 1280 974 primo
1298 931 1451 963 adventu
1469 941 1531 962 suo
1550 929 1727 974 loquitur,
1753 942 1832 963 cum
1857 941 1930 962 non
1948 929 2092 967 iudicat,

63 984 117 1017 nit
131 981 293 1017 Christus
312 984 512 1027 adspectum
538 996 616 1016 cum
641 984 705 1017 ait:
742 981 872 1016 Omnis
895 983 956 1028 qui
978 995 1052 1017 cre-
1105 981 1323 1015 iudicaturus
1341 988 1457 1024 postea
1474 980 1536 1013 ubi
1553 980 1757 1024 apparuerit
1779 980 1816 1012 in
1833 980 2010 1014 maiestate
2027 987 2091 1014 etc.

63 1035 117 1068 dit
135 1034 172 1066 in
189 1046 289 1075 eum,
316 1046 390 1067 non
407 1041 536 1079 peccat.
573 1032 620 1067 Et
634 1032 770 1067 Esaias:
798 1032 961 1077 Cognitio
979 1035 1053 1067 eius
1105 1030 1209 1065 Item:
1244 1030 1406 1065 Chr-'stus
1430 1043 1503 1063 non
1526 1031 1622 1064 venit
1643 1037 1682 1064 ut
1705 1031 1857 1074 iudicet,
1886 1031 1968 1075 quia
1986 1030 2092 1069 venit,

61 1084 264 1119 iustificabit
278 1085 417 1119 multos.
468 1083 515 1118 Et
538 1083 594 1117 bic
619 1085 737 1125 vides,
766 1086 858 1129 quod
877 1082 969 1117 nihil
987 1085 1052 1118 tri-
1105 1089 1142 1115 ut
1168 1082 1342 1126 praedicet
1364 1080 1610 1125 Evangelium.
1664 1081 1740 1114 Lex
1763 1088 1898 1121 autem,
1926 1092 2014 1126 quae
2039 1081 2092 1113 iu—

62 1136 147 1170 buat
177 1136 344 1180 operibus
376 1137 543 1169 adversus
570 1135 702 1169 inferos
719 1142 752 1168 ct
778 1135 950 1169 iudicium
972 1134 1052 1169 Dei.
1105 1133 1217 1172 dicat,
1246 1133 1315 1166 iam
1337 1139 1437 1166 antea
1461 1131 1709 1165 condemnavit
1726 1143 1858 1167 omnes-

62 1186 119 1220 lbi
138 1186 212 1230 ipsa
229 1187 289 1219 illa
307 1187 399 1220 bona
417 1198 522 1230 opera
543 1193 646 1220 erunt
667 1186 770 1220 nobis
788 1186 889 1229 igniti
907 1197 1051 1229 serpen-

60 1244 129 1278 teS‚
157 1237 239 1282 quia
262 1237 485 1271 immunditia
510 1237 685 1270 bonorum
710 1248 856 1281 operum
878 1237 1051 1269 revelabi-

59 1295 130 1322 tur.
192 1287 355 1321 Summa:
401 1287 542 1321 Nullius
574 1287 711 1320 iusticia
742 1294 793 1321 est
815 1293 953 1331 accepta
976 1287 1050 1320 Deo
1104 1286 1126 1318 i.
1146 1298 1173 1318 e.
1198 1297 1273 1318 non
1297 1285 1404 1317 modo
1429 1296 1501 1316 non
1529 1284 1735 1324 damnatur,
1763 1284 1822 1317 sed
1847 1296 1892 1318 ne
1918 1284 2093 1318 iudicatur

60 1345 199 1383 praeter
214 1338 278 1371 filii
299 1338 483 1374 iusticiam
513 1338 625 1371 Filius
641 1338 816 1371 iusticiam
836 1348 933 1370 suam
952 1349 1050 1370 com-
1104 1336 1266 1381 quidem,
1294 1335 1316 1367 i.
1332 1346 1360 1367 e.
1377 1334 1584 1378 simpliciter
1600 1334 1630 1375 5)
1654 1335 1683 1367 ei
1711 1335 1795 1367 fides
1813 1335 2007 1380 imputatur
2026 1346 2088 1378 pro

59 1389 220 1422 municat
238 1388 487 1421 credentibus
478 1400 515 1420 in
530 1399 582 1426 se
616 1394 655 1420 ut
679 1395 711 1420 et
734 1387 801 1431 ipsi
826 1387 896 1421 sint
918 1387 1050 1431 accepti
1074 1357 1077 1425 i
1104 1386 1259 1425 iusticia,
1286 1384 1543 1430 ᾳηιίἰθειιηφιε
1559 1385 1628 1418 sint
1643 1396 1759 1428 opera.
1813 1384 1904 1418 Nam
1921 1386 2092 1419 iudicium

59 1438 145 1474 Deo.
180 1438 319 1472 Iusticia
337 1445 456 1472 nostra
474 1438 572 1472 nulla
589 1450 706 1471 coram
723 1437 798 1471 Deo
818 1444 955 1481 accepta
974 1438 1051 1478 erit,
1074 1428 1077 1476 ἶ
1102 1437 1159 1477 fit,
1198 1448 1277 1469 cum
1309 1435 1523 1469 conscientia
1547 1435 1590 1468 de
1617 1435 1781 1479 operibus
1819 1435 1892 1469 suis
1925 1436 2091 1479 disputat,

59 1490 170 1522 immo
188 1489 283 1533 ipsae
300 1489 457 1522 iusticiae
473 1495 610 1522 nostrae
627 1497 730 1523 erunt
746 1489 846 1531 igniti
863 1495 1077 1539 serpentes.
1075 1478 1207 1532 quam
1241 1485 1539 1519 conflictationem
1576 1492 1683 1519 totam
1711 1486 1876 1520 absorbet
1906 1487 2010 1524 fides,
2053 1492 2092 1518 ut

60 1542 182 1584 ltaque
203 1540 287 1572 fides
309 1546 378 1579 est,
407 1537 474 1572 hoc
499 1539 659 1577 credere,
703 1540 797 1583 quod
822 1536 985 1572 Christus
1007 1539 1076 1572 sit
1074 1549 1191 1582 quae
1224 1549 1296 1569 non
1330 1536 1449 1580 aliquo
1479 1537 1623 1580 proprio
1654 1548 1758 1580 opere
1781 1537 1885 1577 fidat,
1926 1537 1986 1570 sed
2017 1536 2092 1569 solo

62 1591 250 1630 exaltatus,
278 1596 316 1623 ut
334 1595 539 1633 conspectus
555 1600 620 1622 nos
635 1601 653 1622 a
671 1596 783 1622 morte
800 1589 936 1622 liberet.
1102 1586 1256 1622 Christo.
1317 1584 1363 1620 Et
1386 1584 1454 1620 hoc
1478 1587 1554 1619 loco
1579 1593 1629 1620 est
1653 1598 1814 1626 cernere,
1851 1588 1946 1632 quod
1971 1586 2092 1620 nullus

1103 1639 1146 1672 sit
1163 1649 1308 1682 operum
1327 1643 1501 1680 respectus
1528 1637 1600 1670 sive
1618 1637 1795 1671 bonorum
1818 1637 1891 1671 sive
1905 1638 2090 1672 malorum.

1208 727 1400 770 Quomodo
1424 727 1641 761 conveniunt
1667 725 1753 760 haec
1781 739 1861 761 cum
1887 728 2012 772 quinto
2035 739 2091 760 ca-

1249 1215 1328 1264 Qui
1350 1215 1459 1250 credit
1483 1216 1521 1249 in
1538 1228 1634 1258 eum,
1663 1228 1737 1250 non
1762 1214 1959 1258 iudicatur,

208 1670 271 1706 Sic
298 1671 392 1706 enim
419 1669 525 1705 Deus
552 1669 686 1706 dilexit
713 1669 902 1707 mundum.

161 1741 273 1775 Addit
292 1741 484 1780 rationem,
512 1752 619 1785 quare
642 1740 753 1773 filium
772 1746 930 1783 oporteat
954 1740 1050 1783 erigi,
1384 1718 1464 1767 Qui
1485 1733 1564 1755 ⁹³⁷⁰
1588 1732 1661 1755 '²⁰⁸
1686 1719 1809 1758 credit·

58 1793 142 1839 quia
157 1791 254 1826 Deus
272 1791 393 1824 dilexit
416 1792 611 1829 mundum,
640 1803 712 1823 non
737 1791 819 1836 quia
836 1802 901 1823 nos
918 1791 1050 1824 merui·
1204 1789 1302 1824 Sicut
1326 1801 1430 1832 supra
1456 1788 1563 1830 dixit,
1609 1801 1682 1822 non
1712 1790 1868 1824 iudicare
1898 1791 2089 1826 credentes,

56 1855 147 1878 mus.
211 1845 278 1876 Ista
308 1842 546 1886 praesumptio
577 1842 706 1875 amoris
730 1840 797 1875 Dei
829 1842 971 1885 proprie
1001 1848 1050 1875 est
1101 1841 1162 1874 i.e.
1179 1841 1358 1874 absorberi
1373 1840 1440 1872 fide
1458 1852 1599 1872 omnem
1616 1840 1889 1884 disputationem
1907 1841 2088 1875 conscien-

57 1895 162 1933 fides,
209 1894 253 1926 ad
285 1890 375 1926 hanc
406 1892 603 1927 inflammat
627 1892 758 1926 Paulus
790 1893 831 1925 ad
858 1891 963 1927 Rom.
990 1891 1048 1925 Va
1102 1892 1169 1926 tiae
1195 1892 1237 1925 de
1263 1891 1445 1935 operibus:
1490 1891 1536 1924 ita
1560 1888 1617 1924 hic
1638 1891 1884 1927 incredulitate
1911 1891 2090 1925 absorberi

56 1944 291 1980 Commendat
313 1942 408 1977 Deus
430 1941 635 1977 charitatem
662 1955 777 1983 suam;
805 1949 838 1976 et
861 1942 974 1978 Vnt:
1010 1943 1048 1977 Si
1101 1954 1223 1976 omnes
1248 1941 1503 1986 disputationes
1531 1941 1786 1983 conscientiae,
1818 1950 1852 1977 et
1881 1942 2087 1987 simpliciter

57 1995 154 2032 Deus
170 2007 233 2039 pro
249 1994 371 2033 nobis,
396 1994 476 2039 quis
497 2001 618 2029 contra
636 1993 727 2027 nos‘?
751 1993 811 2038 qui
836 1993 940 2027 etiam
965 2006 1049 2037 pro-
1101 1995 1285 2038 desperare
1309 1992 1556 2026 conscientiam
1571 1990 1613 2034 ⁶).

57 2047 137 2092 prio
154 2046 226 2079 filio
243 2057 315 2078 non
335 2045 500 2092 peperdt‘
1399 2074 1486 2109 Iam
1513 2074 1697 2110 iudicatus
1725 2081 1786 2118 esi,

187 2127 240 2164 Ut
260 2125 386 2172 filmm
410 2139 517 2161 suum
542 2131 771 2173 affigendum
800 2125 914 2163 daret·
1101 2147 1195 2180 iuxta
1219 2145 1307 2179 illud
1329 2143 1474 2179 Denter.
1498 2143 1651 2179 XWIL:
1692 2143 1765 2187 Qui
1789 2144 1912 2178 audire
1934 2145 2087 2178 noluerit

159 2195 394 2238 Unigenitum
419 2202 537 2235 vocat,
572 2201 610 2228 ut
642 2195 817 2228 discernat
839 2207 857 2228 a
874 2195 955 2228 filiis
985 2195 1047 2229 ad-
1099 2209 1161 2241 ego
1178 2197 1273 2230 ultor
1289 2196 1443 2229 existam.
1498 2194 1543 2229 Ut
1567 2195 1675 2228 infra:
1708 2194 1826 2228 Moses
1851 2202 1919 2235 est,
1953 2196 2013 2240 qui
2032 2208 2087 2229 ac-

58 2247 201 2293 optivis.
257 2246 358 2280 Misit
377 2244 471 2279 Deus
496 2245 628 2286 filium,
664 2245 686 2278 i.
704 2257 732 2278 e.
758 2245 855 2280 dedit
880 2258 958 2279 eum
983 2258 1046 2290 pro
1100 2255 1195 2281 cusat
1218 2259 1290 2281 vos.
1348 2245 1445 2279 Haec
1473 2253 1522 2279 est
1556 2252 1670 2279 autem
1701 2246 1970 2287 condemnatio,
2005 2247 2084 2290 quia

57 2298 208 2344 peccatis
240 2297 391 2337 nostris,
434 2303 466 2330 et
495 2297 615 2329 datum
651 2296 860 2339 glorificavit
890 2308 1046 2329 resurre-
1099 2299 1158 2333 lux
1172 2298 1269 2332 venit
1286 2298 1324 2330 in
1341 2297 1513 2330 mundum
1539 2307 1730 2339 coarguens
1754 2296 1873 2330 omnia
1898 2308 2002 2340 opera
2022 2294 2085 2329 ho-

57 2350 172 2384 ctione
193 2360 211 2382 a
227 2348 396 2388 mortuis,
422 2354 461 2381 ut
483 2346 691 2391 adimpleret
713 2347 845 2383 omnia.
900 2346 1045 2388 Iudicet,
1098 2350 1252 2390 minum,
1280 2355 1312 2382 et
1343 2348 1531 2381 ostendens
1557 2345 1730 2380 iusticiam
1759 2346 1860 2387 fidei,
1897 2353 1931 2380 et
1953 2347 2084 2379 dilexe-

57 2401 82 2435 i.
99 2412 127 2434 e.
148 2400 309 2439 damnet,
337 2399 424 2432 sicut
443 2398 506 2431 lex.
1098 2407 1180 2434 runt
1208 2398 1369 2432 homines
1398 2398 1505 2440 magis
1532 2397 1710 2434 tenebras,
1746 2397 1769 2431 i.
1787 2409 1815 2430 e.
1842 2409 1914 2430 non
1940 2405 2085 2440 egerunt

159 2449 237 2483 Hoc
255 2449 365 2493 capite
389 2449 592 2493 planissime
617 2448 787 2493 descripta
809 2455 859 2482 est
879 2448 1045 2482 iustifica-
1097 2450 1368 2495 poenitentiam,
1406 2449 1622 2481 duraverunt
1647 2447 1682 2480 in
1710 2447 1780 2480 suis
1806 2447 1970 2488 iusticiis,
1999 2459 2085 2493 quas

58 2502 120 2537 tio.
172 2500 331 2534 Primum
354 2500 448 2533 enim
477 2500 696 2544 propositum
723 2506 793 2538 est,
826 2499 1043 2532 nativitatem
1068 2495 1071 2531 Ι
1096 2503 1209 2536 lucem
1230 2512 1300 2534 esse
1317 2499 1497 2544 putabant.

58 2552 174 2586 carnis
192 2552 230 2584 in
248 2557 358 2585 totum
377 2551 597 2584 immundam
621 2563 711 2591 esse,
738 2562 811 2583 non
830 2562 927 2594 posse
944 2550 1044 2583 iusti-
1068 2551 1071 2594 ff
1094 2585 1312 2591 .—‚-ae„ffl

57 2602 153 2637 ficari
169 2602 238 2635 nisi
254 2608 404 2635 renatos.
433 2599 520 2634 Eam
539 2601 838 2646 regenerationem
855 2601 927 2633 fieri
945 2613 1044 2645 aqua,
1067 2598 1070 2638 l
1129 2632 1165 2660 5)
1186 2633 1272 2654 secer
1300 2631 1348 2660 qm·
1369 2629 1540 2659 simpliciter
1581 2629 1650 2659 quod
1670 2629 1794 2653 mendum
1815 2632 1856 2653 w

56 2653 122 2690 i.e.
141 2652 410 2688 mortificatione
425 2659 458 2686 et
478 2652 616 2697 spiritu,
643 2652 879 2698 quiviviflcat.
905 2651 1043 2686 Deinde
1066 2655 1069 2694 1
1129 2667 1159 2696 e)
1179 2648 1246 2690 rub.
1266 2649 1329 2690 c'um
1347 2645 1554 2689 conscientias
1833 2648 1840 2652 ”
1861 2648 1865 2652 ”
