2409 2915
77 122 151 161 765
324 121 407 158 ΧΠ.

467 119 860 159 ANNOTATIONES
888 121 955 157 ET
982 119 1264 158 CONClONES
1293 121 1342 158 IN
1370 121 1552 161 EVANG.
1582 123 1862 163 ΜΑΤΤΗΑΕΙ.

2031 127 2103 163 766

73 209 280 256 proprium,
306 207 436 244 hahere
457 209 616 249 divitias,
643 220 800 242 exercere
825 208 975 247 iudicia,
1003 220 1062 253 ge·
1116 208 1227 249 ciant,
1265 215 1339 242 tum
1365 217 1403 244 ut
1428 211 1600 254 plurimos
1625 209 1787 246 homines
1818 213 1958 247 avulsos
1981 225 1999 247 a
2024 212 2099 248 Deo

74 273 152 294 rere
169 261 411 304 magistratus,
437 267 502 294 etc.
526 260 560 293 id
578 266 645 300 est,
674 260 844 292 damnant
869 260 987 292 omnia
1013 260 1061 293 ci-

73 312 159 345 vilia
179 318 210 345 et
229 312 369 356 politica
387 311 513 346 officia.
575 307 725 344 Addunt
740 317 773 344 et
791 308 884 343 hunc
905 308 1060 344 horribi-

74 363 143 396 lem
159 374 198 396 ac
216 361 549 406 perniciosissimum
568 372 722 394 errorem
735 388 744 401 ‚
772 363 866 406 quod
891 361 926 394 in
953 362 1060 394 semel

74 414 252 447 conversis
273 420 348 457 post
366 411 580 455 baptismum
606 412 725 445 nullae
748 412 919 453 actiones,
947 425 1061 457 quan-

74 464 204 498 tumvis
220 464 407 498 sceleratae
431 473 471 496 ac
494 462 665 504 nefariae,
691 463 763 496 sint
780 470 936 507 peccata,
964 464 1057 508 quod

73 521 214 549 ruentes
229 520 349 548 contra
366 513 636 554 conscientiam,
665 520 781 547 tamen
801 514 871 547 sint
896 513 998 554 iusti,
1026 520 1059 547 et
1085 530 1086 533 ¹

72 566 246 600 retineant
262 563 435 608 Spiritum
454 570 634 606 sanctum,
668 566 762 609 quod
788 576 989 598 concessum
1015 565 1059 598 sit

72 616 184 650 cuivis
213 614 387 658 baptizato
420 615 604 659 indulgere
628 615 843 661 quibuslibet
866 616 1058 654 furoribus,

70 677 190 711 rapere
207 665 409 708 coniugem,
435 666 583 707 liberos,
608 666 789 700 facultates
805 666 970 707 alterius,
995 672 1057 700 etc.

168 730 265 765 Haec
290 731 491 775 prodigiosa
523 739 555 766 et
587 732 760 766 diabolica
792 732 916 767 deliria
942 733 1057 766 admi-

1116 261 1256 293 tandem
1282 262 1513 305 praecipitent
1537 263 1573 295 in
1599 270 1778 296 aeternum
1805 264 1966 305 exitium,
2000 265 2101 298 deni-

1115 323 1182 356 que
1209 311 1246 343 in
1270 308 1333 343 hac
1359 311 1430 344 vita
1454 312 1567 355 fugaci
1593 320 1626 347 et
1650 325 1856 348 aerumnosa
1879 316 2100 350 turbationes

1114 362 1287 399 assiduas,
1316 362 1484 395 continua
1511 364 1718 407 parricidia,
1752 372 1785 399 et
1811 366 1967 400 infinitas
1994 367 2099 400 mise-

1113 413 1182 445 rias
1198 412 1361 447 excitent.
1409 411 1719 455 Quemadmodum
1738 416 1914 460 palpando
1939 417 2010 451 fere
2036 419 2097 451 de-

1114 461 1331 507 prehendere
1348 463 1490 506 potestis
1504 463 1619 509 Papae
1642 471 1675 498 et
1693 463 2006 513 Anabaptistarum
2029 468 2098 502 im-

1112 514 1169 558 pia
1203 514 1386 547 mendacia
1416 521 1573 559 spectare
1607 522 1640 549 et
1666 515 1799 550 intenta
1825 528 1899 550 esse
1926 518 2031 551 etiam
2053 520 2097 552 ad

1113 565 1233 598 caedes
1249 577 1456 608 corporum,
1486 573 1519 600 et
1534 566 1805 600 dilacerationes
1822 574 1926 612 atque
1945 569 2098 602 eversio-

1113 627 1174 650 nes
1192 616 1537 660 rerumpublicarum
1553 617 1753 651 moliendas
1769 630 1808 652 ac
1824 618 2035 655 efficiendas.

1212 682 1393 718 Hactenus
1409 685 1594 719 audivistis
1609 713 1617 726 ‚
1642 698 1731 730 quae
1745 686 1788 720 sit
1805 687 1944 730 regula,
1972 699 2099 721 secun-

1111 737 1195 769 dum
1216 746 1321 780 quam
1339 736 1587 769 universaliter
1613 737 1783 770 iudicium
1807 738 1849 770 de
1873 739 2096 781 dogmatibus

69 789 164 817 scent
187 790 221 817 et
244 783 443 826 adiungunt
466 781 721 828 Anabaptistae
747 795 810 817 suo
837 785 989 827 dogmati
1014 785 1056 817 de
1082 790 1085 820 ἕ
1110 787 1184 820 fieri
1216 787 1359 827 debeat,
1401 793 1440 820 ut
1472 788 1650 832 quomodo
1673 786 2005 832 pseudoprophetae
2035 801 2096 823 seu

68 833 242 879 baptismo
260 834 505 878 parvulorum.

171 892 259 928 Cum
284 900 402 927 autem
430 893 676 938 unusquilibet
701 905 823 934 sanus,
862 901 894 929 et
917 895 1057 928 medio-

68 945 174 979 criter
192 944 391 987 intelligens
413 945 609 978 doctrinam
632 943 809 978 Ecclesiae
836 946 963 990 possit,
991 945 1054 979 Dei

1109 838 1188 871 falsi
1207 839 1365 871 doctores
1382 838 1593 880 agnoscendi
1616 838 1704 878 sint,
1743 850 1783 871 ex
1800 839 1974 873 fructibus
1997 840 2096 873 vide-

1111 889 1209 930 licet,
1236 901 1275 921 ex
1296 889 1480 922 manifesto
1505 889 1624 933 aliquo
1650 888 1760 933 impio
1785 890 1965 933 dogmate,
2000 892 2096 935 quod

1112 940 1329 983 impossibile
1347 947 1397 973 est
1415 941 1536 973 cadere
1560 939 1596 972 in
1617 938 1822 973 Ecclesiam.
1880 940 1949 974 Sed
1972 941 2095 974 falsam

67 996 256 1034 beneficio,
307 995 493 1041 perspicue
534 995 689 1028 iudicare
721 1007 759 1029 ac
794 995 1056 1040 deprehendere
1082 1013 1083 1016 =
1111 991 1306 1024 doctrinam
1334 988 1746 1034 Pseudoprophetarum‚
1780 997 1899 1036 postea
1924 991 2098 1025 comitan-

67 1044 132 1080 hos
150 1046 354 1080 manifestos
376 1046 513 1079 furores
528 1043 857 1093 Anabaptistarum:
886 1047 978 1081 idem
1004 1048 1057 1080 fa-

1110 1049 1168 1075 tur
1185 1041 1244 1074 alii
1263 1042 1412 1080 fructus,
1450 1043 1485 1074 in
1506 1042 1574 1074 vita
1593 1048 1625 1075 et
1648 1042 1822 1076 moribus:
1859 1054 1939 1075 cum
1955 1043 2095 1076 addun-

68 1098 135 1131 cile
150 1095 234 1131 hinc
251 1097 415 1140 colligere
433 1097 580 1140 poterit,
609 1097 681 1129 imo
705 1098 895 1131 certissime
920 1105 1056 1139 statuet,
1081 1091 1084 1124 Ι
1111 1100 1167 1125 tnr
1189 1092 1369 1125 erroribus
1394 1093 1575 1125 manifesta
1609 1099 1745 1136 peccata
1777 1105 1838 1126 seu
1871 1093 2017 1134 scelera,
2057 1101 2097 1128 ut

67 1145 134 1182 hos
150 1148 246 1193 ipsos
267 1148 494 1191 dogmatistas
515 1158 586 1181 esse
604 1146 956 1192 Pseudoprophetas,
992 1161 1056 1181 nec
1081 1136 1084 1167 Ι
1110 1143 1317 1183 seditiones,
1343 1149 1375 1175 θῑ
1395 1140 1602 1183 homicidia,
1628 1155 1715 1188 <1¹¹³ss
1732 1144 1836 1176 ⁰¹38OE
1855 1150 1937 1177 ⁵¹1¹st
1961 1145 2097 1189 perspi-

67 1200 111 1233 ad
128 1198 320 1232 Ecclesiam
342 1198 536 1243 pertinere,
562 1199 622 1231 sed
639 1199 764 1244 agitari
783 1211 799 1231 a
812 1198 993 1240 Diabolis,
1023 1206 1055 1232 et

67 1256 212 1294 propter
236 1247 321 1282 haec
345 1249 529 1282 manifesta
551 1249 648 1292 signa
677 1249 883 1291 fugiendum
905 1256 939 1283 et
960 1261 1054 1283 exse—

68 1301 239 1334 crandum
257 1311 329 1332 esse
342 1299 543 1342 contagium
557 1298 878 1343 Anabaptisticum:
905 1300 1055 1344 ideoque

66 1352 111 1384 de
133 1350 276 1384 caeteris
293 1349 450 1382 articulis
472 1349 754 1389 obscurioribus,
781 1357 840 1383 aut
857 1351 1054 1383 subtiliori-

67 1402 154 1441 bus,
187 1401 230 1433 de
254 1400 383 1445 quibus
410 1397 527 1432 adhuc
542 1399 701 1440 dubitat,
729 1401 875 1433 desertis
893 1401 1054 1434 fanaticis

65 1450 327 1495 Anabaptistis,
354 1450 474 1484 audiat
489 1450 640 1484 aliorum
658 1451 797 1494 piorum
815 1458 906 1485 recte
922 1452 1053 1485 docen-

65 1504 154 1538 tium
172 1501 422 1546 explicationes
438 1507 543 1547 atque
563 1501 704 1537 iudicia.

167 1569 247 1604 Hoc
263 1570 368 1603 modo
387 1570 557 1614 praecipit
576 1567 769 1613 Apostolus
790 1569 985 1605 1.10hann.
1001 1570 1052 1606 4.;

63 1621 213 1662 Dilecti‚
240 1633 284 1654 ne
308 1621 459 1654 credatis
476 1621 575 1654 omni
593 1620 765 1664 Spiritui,
793 1623 851 1655 sed
877 1623 1052 1666 explorate

65 1673 228 1719 spiritus,
255 1684 299 1704 an
317 1684 356 1704 ex
373 1670 449 1705 Deo
467 1672 554 1712 sint,
581 1678 644 1706 etc.

169 1730 415 1765 Certissimum
440 1737 491 1764 est
516 1737 654 1769 autem,
697 1742 773 1770 eos,
817 1732 877 1775 qni
903 1732 1054 1764 fideliter

66 1784 239 1818 admoniti
257 1794 274 1814 a
292 1781 360 1825 piis
376 1787 409 1813 et
425 1780 591 1819 eruditis,
618 1781 872 1814 contumaciter
894 1794 1053 1825 perseve-

66 1841 147 1868 rant
166 1834 202 1865 in
222 1832 426 1865 defensione
444 1831 551 1864 unius
571 1838 630 1865 aut
647 1831 803 1875 plurium
821 1832 1052 1866 articulorum

65 1883 300 1931 pugnantium
326 1894 404 1915 cum
429 1882 680 1922 fundamento,
721 1894 780 1915 seu
806 1896 885 1916 cum
918 1884 1052 1927 praeci-

64 1936 146 1981 puis
164 1934 337 1978 capitibus
354 1930 576 1966 Christianae
600 1933 798 1972 doctrinae,
826 1934 859 1966 id
879 1941 946 1974 est,
973 1947 1051 1968 cum

66 1987 158 2030 Lege
175 1985 296 2019 divina
312 1983 574 2027 seuDecalogo,
608 1983 819 2029 etSymbolo
835 1985 906 2018 sive
922 1986 1052 2019 articu-

66 2038 110 2071 lis
129 2037 228 2077 fidei,
252 2047 331 2078 eos,
360 2035 523 2079 inquam,
561 2036 753 2079 pertinaces
775 2037 974 2070 defensores
997 2049 1053 2070 er-

67 2100 208 2127 rorum,
249 2086 429 2119 verissime
454 2083 521 2119 Dei
550 2083 668 2119 hostes
690 2093 723 2120 et
744 2095 945 2120 excoecatos
970 2099 1052 2128 esse,

68 2138 193 2183 agitari
214 2149 231 2170 a
248 2136 434 2176 Diabolis,
460 2148 498 2169 ac
524 2137 659 2180 impelli
685 2149 725 2170 ex
750 2138 828 2171 aliis
853 2139 989 2171 deliriis
1014 2139 1050 2171 in

66 2192 148 2225 alia.
203 2187 319 2231 Quam
342 2187 517 2220 miseriam
540 2188 663 2220 talium
686 2189 919 2222 fanaticorum
940 2197 1053 2223 textus

67 2239 216 2276 lohann.
229 2240 264 2273 8.
283 2238 449 2271 describit
464 2238 672 2271 tristissimis
683 2240 811 2279 verbis,
830 2252 907 2273 cum
924 2240 1053 2273 dicitur

66 2290 228 2326 hostibus
240 2288 389 2325 Christi:
418 2288 491 2321 Vos
510 2301 548 2321 ex
568 2288 827 2333 patreDiaholo
847 2291 938 2324 estis.
973 2290 1054 2324 Ma—

66 2350 127 2377 net
156 2343 250 2376 enim
274 2342 310 2373 in
334 2352 474 2373 omnem
497 2340 739 2373 aeternitatem
765 2353 845 2374 vera
868 2341 969 2375 Pauli
1000 2354 1053 2374 re-

67 2394 148 2439 gula
174 2395 206 2428 1.
224 2389 386 2427 Corinth.
403 2391 454 2424 3.:
488 2390 776 2424 Fundamentum
802 2392 897 2425 aliud
924 2405 1053 2436 ponere

68 2457 173 2479 nemo
192 2450 322 2489 potest,
350 2449 489 2486 praeter
508 2442 561 2481 id,
586 2443 679 2486 quod
699 2443 851 2485 positum
872 2451 933 2484 est,
959 2445 1053 2489 quod

69 2502 120 2530 est
136 2495 231 2529 lesus
247 2492 420 2528 Christus.
482 2492 662 2537 Quicquid
690 2494 796 2537 igitur
820 2501 951 2537 pugnat
975 2507 1052 2527 cum

67 2545 134 2581 hoc
150 2547 400 2585 fundamento,
426 2543 460 2577 id
487 2545 635 2577 ducatur
660 2556 732 2577 esse
758 2552 883 2578 tetrum
907 2547 1053 2580 menda—

70 2598 162 2631 cium
179 2604 211 2630 et
228 2595 464 2640 perniciosum
482 2607 677 2636 venenum,
705 2597 798 2641 quod
822 2597 857 2628 in
881 2599 1052 2630 mnndum

71 2655 253 2692 propterea
282 2653 451 2690 spargunt
483 2653 516 2680 et
545 2654 713 2681 evomunt
743 2648 898 2680 furentes
923 2660 962 2681 ac
985 2648 1054 2681 sre-

70 2705 204 2732 mentes
224 2697 388 2738 Diaboli,
432 2709 509 2730 cum
533 2703 572 2730 ut
596 2697 713 2732 Deum
740 2699 954 2733 contumelia
979 2700 1052 2732 affi-

1110 1206 1193 1227 cuae
1210 1206 1247 1226 ac
1262 1194 1455 1237 peculiares
1472 1199 1576 1226 notae
1592 1194 1720 1226 mentis
1735 1194 1906 1228 fanaticae
1929 1201 1962 1228 et
1984 1195 2096 1238 agita-

1111 1252 1162 1277 tae
1187 1257 1204 1277 a
1232 1245 1409 1278 Diabolis.
1477 1244 1570 1287 Quia
1592 1244 1733 1277 fanatici
1760 1242 1844 1277 haec
1868 1246 2096 1290 quantumvis

1109 1295 1291 1328 manifesta
1310 1295 1440 1327 scelera
1461 1295 1674 1335 defendunt,
1701 1301 1733 1328 et
1753 1295 1900 1339 palliant
1916 1303 2096 1340 praetextu

1109 1346 1290 1378 doctrinae
1306 1357 1406 1386 suae,
1434 1345 1505 1378 imo
1532 1345 1690 1378 iactitant
1712 1357 1747 1378 se
1765 1346 1938 1379 divinitus
1954 1347 2096 1390 armari,

1109 1402 1141 1428 et
1159 1395 1376 1428 exstimulari
1393 1396 1564 1439 singulari
1583 1397 1737 1441 quodam
1756 1396 1829 1429 zelo
1846 1403 1878 1430 et
1895 1396 2028 1440 impetu
2052 1398 2095 1430 ad

1108 1444 1173 1480 hos
1191 1447 1343 1480 nefarios
1359 1453 1516 1481 conatus.

1212 1513 1370 1546 Tantum
1405 1514 1448 1547 de
1485 1513 1596 1547 dicto:

1108 1564 1303 1608 agnoscetis
1321 1574 1391 1599 eos,

1649 1512 1701 1546 Ex
1733 1513 1914 1559 fructibus]
1938 1513 2097 1559 ipsorum

1208 1630 1320 1664 Porro
1354 1630 1392 1662 in
1426 1636 1520 1663 textu
1558 1630 1754 1673 pinguntur
1787 1628 2097 1674 pseudoprohetae

1109 1682 1261 1724 imagine
1280 1682 1444 1725 luporum
1464 1680 1663 1724 rapacium,
1697 1681 1758 1725 qui
1779 1687 1897 1714 tamen
1920 1682 1957 1714 in
1978 1682 2095 1715 caulas

1111 1733 1266 1775 irrepant
1283 1732 1361 1765 tecti
1380 1731 1596 1764 vestimentis
1620 1731 1761 1772 ovium,
1787 1732 1822 1764 id
1850 1739 1916 1772 est,
1944 1744 2006 1775 per
2028 1730 2094 1778 hy-

1108 1783 1260 1827 pocrisin
1282 1789 1314 1816 et
1331 1780 1575 1826 sophisticam,
1604 1789 1771 1827 tanquam
1787 1782 1982 1825 singulares
1998 1796 2095 1816 com-

1108 1834 1371 1872 mendationes,
1412 1833 1594 1866 insinuent
1624 1844 1697 1866 sese
1727 1833 1764 1865 in
1796 1833 1933 1866 animos
1961 1834 2095 1877 populi.

1106 1884 1167 1917 Est
1184 1885 1277 1917 enim
1295 1884 1423 1927 duplex
1442 1881 1500 1916 hic
1517 1883 1679 1916 vestitus:
1706 1883 1899 1926 impostura
1921 1884 2097 1926 videlicet,

1107 1942 1138 1969 et
1161 1933 1375 1980 hypocrisis,
1412 1934 1449 1966 in
1477 1933 1702 1967 simulatione
1727 1933 1875 1977 insignis
1900 1935 2098 1979 probitatis,

1107 1985 1334 2026 humilitatis,
1361 1985 1679 2029 sanctimoniaeque
1702 1985 1818 2025 fictae,
1844 1991 1877 2018 et
1894 1983 2095 2030 sophistica,

1107 2037 1232 2070 fallens
1256 2036 1436 2080 imperitos
1460 2036 1550 2068 male
1575 2036 1720 2069 detortis
1746 2036 1944 2080 scripturis,
1973 2037 2008 2069 id
2035 2044 2095 2079 est,

1107 2087 1316 2121 testimoniis
1339 2084 1614 2130 Prophetarum,
1648 2085 1920 2130 Apostolorum,
1956 2094 1989 2121 et
2013 2100 2094 2121 eru-

1107 2139 1262 2172 ditorum
1297 2144 1455 2182 patrum,
1498 2149 1558 2170 sen
1589 2138 1774 2171 doctorum
1804 2136 2001 2178 Ecclesiae,
2039 2139 2095 2171 vel

1107 2189 1278 2223 mutilatis
1302 2189 1559 2233 truncatisque,
1584 2188 1639 2221 vel
1661 2188 1895 2229 calumniose,
1918 2200 1981 2221 nec
2000 2188 2094 2222 bona

1106 2241 1173 2273 fide
1195 2240 1327 2281 citatis,
1354 2247 1388 2274 et
1410 2240 1641 2280 inconcinne,
1669 2252 1687 2271 a
1714 2238 1831 2272 nativa
1853 2239 2024 2273 sententia
2050 2240 2094 2273 ad

1109 2291 1325 2335 peregrinam
1362 2298 1394 2324 et
1425 2291 1574 2324 alienam
1612 2289 1810 2323 translatis:
1864 2289 1946 2323 item
1979 2290 2094 2324 citatis

1107 2342 1257 2376 aliorum
1276 2342 1462 2385 exemplis,
1488 2340 1541 2374 vel
1564 2340 1872 2384 impertinentibus
1895 2346 1998 2385 atque
2022 2341 2094 2374 dis-

1108 2393 1295 2435 similibus,
1323 2394 1378 2426 vel
1397 2404 1468 2425 non
1483 2391 1759 2433 congruentibus
1775 2403 1853 2424 cum
1872 2392 2004 2434 regula,
2032 2403 2093 2426 seu

1107 2444 1254 2478 vitiosis.
1315 2442 1368 2478 Ac
1394 2441 1589 2488 hypocrisis
1615 2442 1757 2487 quidem
1785 2442 1862 2482 illa,
1896 2442 2093 2476 simulatio-

1108 2507 1175 2540 que
1193 2493 1414 2531 humilitatis‚
1435 2493 1635 2537 patientiae,
1652 2505 1690 2525 ac
1707 2493 1958 2526 sanctimoniae
1975 2493 2092 2526 omni-

1108 2547 1173 2580 bus
1191 2547 1363 2580 aetatibus
1381 2545 1471 2589 cepit
1489 2551 1591 2587 atque
1609 2543 1745 2587 decepit
1767 2543 2002 2587 plurimorum
2027 2541 2093 2578 ho—

1108 2598 1245 2631 minum
1262 2597 1409 2630 animos.
1463 2594 1510 2629 Ut
1527 2592 1727 2627 Manichaei
1746 2594 1950 2628 iactitabant
1972 2594 2093 2639 singu-

1107 2649 1196 2681 lares
1211 2647 1507 2689 illuminationes,
1536 2645 1766 2678 revelationes
1791 2652 1823 2678 et
1849 2645 2004 2687 afflatus,
2032 2657 2092 2679 seu

1107 2699 1294 2744 peculiaria
1317 2698 1492 2743 colloquia
1511 2709 1589 2731 cum
1608 2694 1695 2732 Deo.
1748 2694 1795 2729 Et
1811 2707 1875 2729 nos
1900 2696 1967 2741 ipsi
1991 2697 2094 2730 audi-
