2409 2915
257 71 331 107 859

363 152 501 190 Deinde
530 149 573 184 de
596 146 705 192 signis
735 144 934 190 respondet.
995 143 1077 178 Non
1102 144 1189 179 dicit
1211 155 1248 178 se

264 207 361 242 nulla
379 205 477 248 signa
495 202 659 235 daturum
678 209 761 231 esse.
815 196 890 230 lmo
911 195 1087 240 promittit
1109 195 1248 238 signum

265 257 423 291 omnium
441 262 615 286 summum
633 250 676 282 de
697 246 952 281 resurrectione
976 252 1010 279 et
1025 245 1160 279 excidio
1185 243 1253 278 hu-

265 309 320 341 ius
338 304 472 350 populi.
524 300 602 334 Hoc
619 298 809 342 significat,
837 308 917 330 cum
936 296 1001 332 ait:
1031 296 1188 330 Dabitur
1205 294 1254 328 eis

266 358 403 395 signum
425 354 528 387 lonae
543 347 752 394 Prophetae.
806 346 998 381 Habebunt
1019 347 1179 389 signum,
1207 345 1254 378 si-

266 393 323 441 cut
347 414 430 440 tunc
453 403 592 437 Ninive.
651 398 727 443 Ego
753 405 831 442 post
857 404 1004 431 mortem
1033 397 1254 435 reviviscam,

268 459 357 491 sicut
375 455 497 495 Ionas,
526 459 589 486 etc.
643 450 781 484 Deinde
796 446 855 481 hic
869 448 1021 493 populus
1037 453 1182 493 propter
1200 446 1256 479 in-

269 507 510 542 credulitatem
532 501 728 541 delebitur,
756 506 819 535 etc.

372 566 440 600 Sed
459 573 566 608 quare
584 559 685 594 dicit:
713 558 794 593 Non
813 556 958 591 dabitur
981 557 1077 590 aliud
1095 554 1258 599 signum?

272 618 347 652 Cur
363 617 412 650 sic
429 614 526 654 dicit,
544 623 622 646 cum
639 609 751 643 multa
766 608 834 642 alia
851 608 949 651 signa
965 608 1098 641 maiora
1114 605 1260 640 fecerit?

658 691 877 723 Respondet».

365 750 485 785 Prima
503 753 616 792 potest
633 757 705 780 esse
722 745 834 778 facilis
853 743 1055 788 responsio,
1083 742 1177 787 quod
1194 738 1262 774 hoc

274 803 319 837 sit
334 799 529 848 principale
544 798 686 845 signum
704 802 737 829 et
752 795 912 829 omnium
931 805 1121 833 summum,
1147 803 1263 825 resur-

259 853 384 890 .rectio
403 863 442 885 ex
457 856 582 887 morte,
607 854 641 882 et
656 845 722 880 hoc
741 846 924 889 praecipue
942 844 1123 877 confirmat
1140 853 1261 876 omnes

279 905 478 942 credentes,
512 899 594 945 quia
624 896 691 930 hoc
724 897 863 939 signum
900 894 1081 927 manifeste
1108 892 1264 926 ostendit

280 951 571 997 omnipotentiam
591 945 733 983 Christi.
763 946 848 979 ltem
866 942 1009 977 inchoat
1028 944 1135 977 vitam
1155 950 1265 977 aeter-

278 1017 359 1038 nam
378 1014 495 1037 coram
514 998 686 1037 Ecclesia,
713 1008 802 1042 quae
827 1002 912 1029 tunc
937 995 1023 1035 fuit,
1051 1006 1167 1028 coram
1185 992 1268 1027 Ma-

279 1056 332 1090 ria
349 1061 382 1088 et
399 1050 597 1096 Apostotis‚
625 1055 689 1083 etc.

382 1110 451 1145 Sed
469 1116 518 1142 est
533 1114 564 1141 et
582 1107 689 1140 altera
704 1104 899 1149 responsio,
926 1114 1035 1149 quare
1053 1103 1161 1137 dicat:
1185 1101 1267 1136 Non

280 1162 378 1197 aliud
404 1161 542 1204 siguum
562 1157 723 1199 dabitur,
760 1155 910 1195 scilicet,
937 1165 1140 1199 quanquam
1157 1153 1267 1187 multa

282 1214 390 1253 sancio,
416 1219 531 1245 tamen
556 1220 628 1242 non
653 1207 749 1241 aliud
775 1205 964 1249 pertinebit
987 1205 1030 1237 ad
1054 1205 1138 1238 istos
1155 1203 1270 1236 incre-

283 1264 406 1303 dulos,
432 1261 501 1294 nisi
522 1260 659 1303 signum
679 1257 797 1297 lonae,
819 1256 856 1289 id
876 1262 944 1296 est,
968 1255 1038 1287 nisi
1055 1254 1184 1287 deletio
1203 1251 1270 1286 hu·

283 1316 339 1348 ius
355 1313 451 1355 regni
464 1339 473 1353 ,
500 1321 589 1356 quae
607 1309 675 1343 erit
697 1306 938 1342 testimonium
950 1332 960 1347 ‚
987 1306 1083 1350 quod
1100 1316 1174 1338 non
1192 1305 1270 1337 sue-

282 1367 350 1399 rim
367 1357 689 1405 Pseudopropheta.
1188 1367 1196 1372 ·

391 1422 494 1455 lonas
517 1419 584 1452 fuit
607 1418 744 1460 signum
767 1414 958 1454 Ninivitis,
984 1413 1066 1458 quia
1091 1412 1271 1456 praedica-

285 1475 356 1512 vit,
384 1479 416 1506 et
431 1469 593 1513 allegavit
616 1466 857 1501 testimoninm
876 1464 1070 1498 vocationis
1086 1475 1168 1497 suae
1184 1463 1272 1495 libe-

286 1524 459 1559 rationem
487 1533 527 1554 ex
553 1525 662 1553 coeto.
729 1515 776 1550 Et
807 1515 1024 1561 praedicatio
1052 1514 1119 1549 suit
1143 1513 1274 1553 efficax,

288 1574 357 1609 hoc
374 1583 514 1618 quoque
530 1576 580 1603 cst
597 1569 747 1612 signum.

394 1631 489 1670 ltem,
514 1628 667 1661 minatus
683 1631 733 1659 est
749 1625 797 1658 eis
814 1623 969 1658 exitium.
1007 1620 1052 1655 Et
1071 1633 1273 1667 quanquam

289 1684 438 1717 dilatum
456 1687 505 1713 est
524 1678 695 1711 excidium
713 1682 856 1720 propter
875 1673 1139 1717 poeniteutiam,
1158 1679 1275 1705 tamen

288 1741 365 1779 post
383 1733 515 1776 aliquot
532 1740 642 1763 annos
659 1734 795 1772 recepta
808 1724 1022 1764 Idololatria,
1050 1723 1155 1771 periit
1170 1722 1276 1756 Nini--

290 1798 348 1824 ve,
375 1783 435 1817 60.
453 1780 555 1815 annis
569 1785 647 1824 post
665 1777 801 1811 lonam.

292 1856 465 1893 Ilislnria
492 1853 608 1888 Ionae
634 1850 788 1886 continet
813 1848 1012 1893 imaginem
1031 1844 1279 1893 praedicalio-

370 1908 447 1947 nis,
472 1903 679 1952 passionis,
707 1906 736 1935 e!
759 1897 1028 1934 resurrectionis
1047 1894 1203 1933 Christi,

685 1975 890 2005 Adplicate.

399 2035 442 2068 Et
459 2031 645 2067 adiiciatur
662 2027 760 2061 utilis
779 2023 995 2063 admonitio,
1025 2024 1119 2068 quod
1140 2030 1282 2067 propter

296 2083 550 2133 poenitentiam
563 2080 658 2113 Deus
675 2078 778 2111 etiam
796 2087 874 2109 suas
893 2074 1052 2119 proprias
1072 2074 1282 2118 praedictio-

296 2149 357 2172 nes
376 2140 526 2170 revocat,
554 2138 588 2165 et
604 2141 676 2163 non
695 2126 903 2171 exsequitur.
936 2125 1032 2157 Sicut
1049 2124 1211 2157 leromias
1223 2124 1282 2160 38,

297 2189 381 2222 (licit
399 2187 440 2219 ad
460 2179 682 2217 Sedesliiam:
712 2179 749 2211 Si
775 2176 885 2220 egeris
909 2175 1181 2219 poenitentiam,
1209 2188 1281 2209 non

299 2239 455 2284 capietur
477 2233 676 2267 Ierusalem.

432 2301 517 2336 Viri
535 2297 643 2333 Nini.
656 2297 726 2329 ilm‘
744 2297 892 2338 surgen!
910 2292 945 2325 in
965 2289 1110 2327 [tulisio.

422 2351 571 2398 Regina
591 2346 720 2382 Austri
735 2348 874 2389 surges.
903 2348 963 2378 elc.

389 2418 628 2455 Comminatio
648 2423 693 2448 est
716 2414 759 2446 ab
775 2411 942 2455 exemplis
958 2417 1080 2445 sumta.
1118 2409 1188 2443 Alii
1206 2423 1284 2453 ogo-

303 2482 384 2509 runt
403 2469 674 2517 poeniteutiam,
700 2465 758 2509 qui
783 2475 854 2495 non
875 2462 1040 2495 viderunt
1066 2467 1160 2493 tauta
1179 2463 1284 2494 mira-

302 2527 398 2564 cula,
427 2536 486 2556 nec
514 2527 644 2554 tantam
674 2513 921 2548 reu-lationem
951 2510 1159 2545 habueruut.
1215 2512 1285 2545 Vos

855 57 977 97 prun.
1007 55 1126 96 Man.
1152 55 1364 95 semri-A
1391 38 1693 97 anamma,

2214 60 2290 96 860

1404 144 1498 190 Ergo
1514 157 1661 190 magnae
1677 143 1780 180 vobis
1797 156 1932 190 poenae
1948 145 2172 190 impendent,
2198 147 2290 182 sicut

1302 195 1474 231 videmus.
1510 195 1703 230 Germania
1717 194 1844 230 habuit
1861 207 1986 240 magna
2003 196 2110 238 dona,
2126 208 2291 240 magnam

1303 246 1438 287 lucem,
1464 247 1654 286 maiorem,
1682 258 1788 292 quam
1814 253 1935 286 antea,
1963 252 2003 280 ut
2027 246 2128 280 fateri
2154 259 2293 281 necesse

1304 303 1366 331 est.
1419 295 1543 340 Coepit
1558 297 1658 331 abuti
1672 297 1744 331 illis
1760 297 1866 331 donis
1885 297 1926 330 ad
1944 297 2085 338 luxum,
2110 297 2154 331 ad
2172 309 2296 342 super-

1304 347 1419 388 biam,
1447 347 1489 381 ad
1506 347 1705 390 crapulam,
1727 354 1761 382 et
1775 349 1819 382 ad
1835 347 1902 381 alia
1922 347 2019 381 vitia.

1408 404 1492 440 Ideo
1517 411 1616 439 tanta
1644 417 1758 450 poena
1789 413 1904 440 secuta
1931 412 2000 447 est,
2035 412 2166 452 quanta
2191 405 2297 441 etiam

1307 468 1491 502 nunquam
1508 455 1575 490 fuit
1592 455 1631 489 in
1648 454 1852 493 Germania.

1386 532 1481 573 Cum
1506 542 1626 571 autem
1646 535 1857 572 immundus
1881 537 2037 586 spiritus
2060 537 2202 575 exierit.

1413 605 1501 640 Tria
1517 613 1601 642 sunt
1621 617 1749 650 genera
1767 606 1982 643 auditorum.

1416 655 1444 692 l.
1485 656 1647 690 Primum
1667 663 1751 690 sunt
1768 668 1912 701 prorsus
1926 668 1998 690 non
2017 664 2157 701 agentes
2173 657 2300 703 poeni-

1311 706 1479 748 tentiam,
1506 708 1568 752 qui
1586 714 1668 741 sunt
1686 713 1924 752 persecutores
1943 714 1976 741 et
1993 704 2121 743 hostes.

1416 763 1464 800 ll.
1517 764 1682 800 Secundo
1704 772 1787 799 sunt
1811 765 1893 803 alii,
1920 764 1982 810 qui
2007 765 2183 810 incipiunt
2201 777 2303 811 agere

1314 815 1568 861 poenitentiam
1581 842 1591 857 ,
1615 817 1674 849 sed
1692 817 1842 849 redeunt
1859 815 1901 848 ad
1922 815 2040 859 priora
2058 816 2153 850 vitia.

1418 872 1483 908 ΙΙΙ.
1525 873 1648 907 Tertio
1666 880 1747 907 sunt
1765 873 1865 917 pauci
1884 880 2024 917 agentes
2037 874 2305 919 poenitentiam,

1315 931 1348 959 et
1365 930 1628 969 perseverantes
1645 925 1684 957 in
1698 924 1766 957 fide
1783 930 1817 957 et
1835 924 1974 959 timore.

1419 982 1489 1016 Hic
1511 981 1598 1016 dicit
1616 982 1659 1015 de
1673 982 1826 1015 secundo
1844 992 1982 1024 genere.
2033 979 2082 1016 Et
2098 988 2147 1016 est
2164 983 2307 1017 terribi-

1318 1035 1362 1068 lis
1397 1033 1537 1067 concio:
1584 1031 1695 1065 Fiunt
1727 1030 1928 1064 novissima
1958 1030 2085 1078 peiora
2118 1033 2308 1076 prioribus.

1320 1084 1419 1119 Sicut
1437 1083 1565 1117 accidit
1582 1082 1816 1127 lerosolymae
1833 1088 1911 1126 post
1926 1082 2187 1117 crucifixionem
2202 1082 2309 1118 Chri-

1319 1135 1381 1175 sti,
1407 1141 1478 1168 tota
1496 1133 1624 1168 Iudaea
1648 1133 1714 1166 fuit
1732 1132 1833 1176 plena
1850 1132 2057 1175 impietatis,
2084 1134 2310 1176 seditionum,

1321 1185 1482 1220 caedium
1515 1191 1548 1218 et
1581 1183 1741 1217 omnium
1771 1180 2000 1216 horribilium
2026 1184 2213 1220 malorum.
2263 1184 2310 1220 Et

1321 1236 1404 1270 talia
1430 1243 1511 1269 sunt
1534 1235 1603 1267 iam
1627 1233 1801 1278 principia
1825 1234 1919 1277 apud
1941 1245 2023 1272 nos,
2059 1246 2148 1279 quae
2173 1235 2311 1269 utinam

1322 1286 1418 1321 Deus
1441 1285 1614 1319 emendet.
1683 1283 1777 1326 Quia
1803 1290 1894 1317 certe
1917 1295 2043 1327 magna
2065 1291 2098 1318 et
2124 1282 2311 1319 horribilia

1323 1343 1356 1370 et
1373 1335 1532 1369 inaudita
1551 1335 1641 1367 mala
1660 1341 1872 1378 sequentur,
1898 1334 1965 1368 nisi
1983 1333 2077 1368 Deus
2094 1346 2156 1369 sua
2175 1336 2311 1370 miseri-

1324 1386 1442 1421 cordia
1461 1396 1590 1430 pocnas
1606 1383 1791 1427 mitigabit.

1756 1475 1878 1500 causa.

1428 1535 1497 1570 Sed
1525 1547 1614 1580 quae
1637 1545 1738 1568 causa
1761 1541 1809 1568 est
1834 1540 2012 1568 tantorum
2037 1534 2209 1570 malorum
2235 1545 2315 1585 post

1327 1587 1482 1622 auditam
1506 1584 1830 1630 praedicationem?
1881 1582 2007 1618 Otium
2032 1591 2065 1619 et
2088 1587 2254 1621 securitas
2276 1589 2314 1622 in

1328 1636 1402 1679 his,
1429 1637 1489 1681 qui
1515 1643 1706 1680 coeperunt
1730 1647 1830 1678 agere
1850 1635 2121 1678 poenitentiam,
2147 1643 2179 1671 et
2195 1645 2314 1682 postea

1328 1688 1419 1723 fiunt
1433 1687 1703 1730 negligentiores
1718 1693 1751 1719 et
1767 1685 1893 1725 securi,
1920 1693 2094 1730 quaerunt
2110 1687 2318 1731 voluptates,

1329 1750 1429 1783 opes,
1464 1737 1667 1782 potentiam.
1735 1734 1812 1769 Hoc
1844 1735 1954 1769 otium
1978 1743 2010 1769 et
2036 1733 2126 1770 hane
2149 1739 2317 1773 securita-

1331 1797 1399 1824 tem
1432 1800 1510 1822 cum
1534 1787 1626 1820 videt
1652 1785 1842 1827 Diabolus,
1874 1786 2038 1830 irrumpit
2063 1793 2230 1832 tanquam
2255 1801 2318 1834 per

1331 1847 1468 1886 portam
1486 1838 1703 1883 patefactam.

1433 1897 1486 1931 De
1523 1895 1587 1929 hac
1623 1895 1808 1929 securitate
1843 1905 1944 1938 saepe
1976 1894 2061 1928 alias
2090 1895 2237 1939 dicitur,
2279 1906 2319 1934 ut

1306 1971 1307 1978 ,
1335 1946 1465 1983 Matth.
1485 1947 1560 1982 24:
1591 1945 1760 1988 Vigilate,
1787 1944 1868 1989 quia
1887 1945 2026 1978 nescitis
2045 1958 2111 1990 qua
2131 1944 2216 1981 hora
2234 1962 2319 1983 ven-

1334 2008 1433 2034 turus
1460 1998 1505 2031 sit
1530 1996 1717 2031 Dominus.
1781 1994 1886 2035 ltem,
1920 1995 1956 2027 in
1980 1996 2145 2039 parabola
2168 1999 2211 2032 de
2241 1999 2319 2042 ficu,

1335 2061 1423 2096 quae
1445 2048 1661 2083 eradicatur,
1689 2058 1766 2079 cnm
1785 2052 1861 2089 post
1879 2045 2050 2079 culturam
2069 2058 2142 2080 non
2161 2048 2225 2084 sert
2243 2051 2320 2085 l'ru-

1335 2108 1429 2135 ctum
1454 2106 1518 2134 etc.
1578 2095 1624 2130 Et
1650 2095 1829 2130 Ieremias:
1864 2093 2082 2131 Erubescere
2109 2099 2321 2143 nescierunt,

1336 2152 1392 2185 scd
1417 2150 1443 2182 si
1468 2161 1563 2182 nunc
1580 2145 1644 2181 hac
1662 2154 1776 2180 tantae
1792 2146 2005 2180 calamitates
2020 2159 2090 2181 non
2107 2148 2237 2185 faciunt
2256 2164 2320 2186 nos

1336 2201 1575 2236 modestiores,
1601 2204 1684 2231 tuuc
1702 2197 1856 2242 profecto
1874 2198 1985 2231 multo
2002 2199 2170 2233 tristiores
2188 2213 2320 2245 poenae

1337 2252 1488 2285 venient.
1558 2248 1673 2283 Erunt
1711 2261 1801 2281 nova
1833 2247 1923 2281 bella
1957 2248 2138 2287 intestina,
2178 2253 2321 2288 venient

1337 2302 1463 2340 Turci,
1495 2308 1528 2335 et
1551 2297 1640 2333 lianc
1661 2299 1908 2343 pulcerrimam
1932 2306 2064 2342 partem
2088 2301 2194 2334 totins
2216 2314 2321 2346 gene-

1338 2353 1384 2386 ris
1407 2351 1551 2385 humani
1566 2378 1574 2391 ,
1599 2349 1760 2383 videlicet
1777 2346 1950 2382 Ecclesias
1975 2349 2010 2382 in
2030 2349 2243 2390 Germania.
2267 2366 2322 2388 re-

1338 2404 1456 2446 digt-ut
1491 2403 1526 2435 iu
1554 2401 1750 2433 vastitatem
1775 2407 1806 2433 rt
1830 2399 2079 2441 solitudinem,
2113 2403 2201 2438 sicut
2227 2405 2321 2441 Asia.

1338 2454 1427 2487 sicut
1447 2453 1594 2486 Graecia
1615 2463 1707 2483 nunc
1727 2456 1806 2483 sunt
1827 2449 2047 2486 solitudines.

1441 2512 1520 2546 Non
1544 2521 1632 2556 opus
1653 2516 1702 2542 cst
1731 2509 1766 2541 iu
1791 2505 1855 2541 hoc
1881 2515 1974 2542 textu
1999 2510 2066 2543 alia
2089 2511 2324 2550 declaratione

302 2589 373 2609 non
411 2573 510 2614 agitis
545 2566 816 2615 poeniteutiam,
864 2575 942 2596 cum
987 2562 1135 2595 audiatis
1171 2562 1284 2605 ipsum
1311 2575 1315 2617 Ι
1341 2563 1535 2597 subtiliore.
1587 2560 1655 2594 Sed
1680 2571 1767 2603 opus
1793 2566 1841 2592 cst
1866 2560 2145 2595 consideratione
2170 2562 2240 2597 irae
2260 2565 2322 2600 Dei

303 2627 411 2658 tilium
433 2623 513 2661 Dei,
542 2633 620 2654 cuin
647 2616 792 2650 videatis
818 2614 955 2648 assidua
980 2612 1159 2646 miracula.

1309 2620 1315 2653 t
1340 2621 1371 2648 ct
1404 2613 1662 2657 excrnplorum,
1697 2617 1727 2643 ct
1762 2610 1890 2644 talibus
1921 2611 2123 2646 auditorum
2147 2616 2325 2660 cordibus,
