2409 2915
99 124 173 163 2¹05
350 123 432 159 XII.

99 208 208 244 Miles
231 206 415 244 discedens
439 215 530 243 recta
547 207 660 253 pergit
677 208 721 241 ad
740 219 855 251 regem
867 206 1086 253 Philippum,

98 267 220 296 narrat
243 261 489 304 naufragium,
524 259 629 292 iactat
650 269 732 292 suos
758 259 914 298 labores,
941 271 1085 304 exagge-

99 319 153 346 rat
177 312 350 356 pericula,
376 310 461 356 petit
483 309 679 357 praemium
695 310 857 355 aliquod,
883 311 943 343 sed
962 308 1084 354 hospi-

86 364 145 397 ,tis
174 363 383 397 beneficium
408 367 517 398 tacet,
551 360 607 393 cui
632 361 768 404 prolixe
792 361 973 408 pollicitus
998 368 1084 400 erat,

98 427 134 448 se
158 414 350 447 relaturum
373 422 445 445 esse
460 411 618 454 gratiam.
671 409 859 456 Philippus
876 412 973 445 iubet
988 413 1083 445 mili-

98 472 167 499 tem
191 471 224 498 et
248 469 390 508 propter
411 461 679 503 fortitudinem,
707 469 739 497 et
765 463 847 508 quia
868 463 956 496 bene
975 463 1081 496 meri—

98 523 154 550 tus
187 525 259 549 esse
289 513 493 551 videbatur,
527 524 567 546 ac
598 512 636 545 in
665 514 790 557 primis
821 514 852 547 ei
876 525 976 548 carus
997 521 1081 553 erat,

98 564 306 600 nominatim
343 570 460 608 petere
493 564 639 596 domum
672 570 705 597 et
737 564 989 608 possessionem
1021 576 1082 599 seu

97 616 217 650 villam
233 614 407 659 aliquam,
434 626 524 660 quae
541 626 637 648 nunc
653 622 808 656 vacaret,
835 622 868 649 et
885 627 902 648 a
921 627 999 659 rege
1017 628 1081 659 pro

96 666 244 700 arbitrio
261 665 412 699 conferri
429 671 555 710 posset.
592 664 683 698 Yide
699 666 785 711 quid
801 666 976 700 acciderit.
1009 666 1080 700 Ne-

94 717 182 751 bulo
199 716 263 750 iste
278 716 489 750 nominatim
507 716 593 761 petit
610 717 755 750 domum
772 723 805 750 et
821 717 1003 761 praedium
1019 729 1080 751 ru-

95 767 173 802 stici
204 767 392 801 servatoris
415 767 488 807 sui,
520 779 561 800 eo
587 768 681 812 quod
707 768 897 810 naufragus
920 769 964 801 ad
989 765 1080 801 hanc

94 819 218 852 villam
238 828 339 862 aegre
360 825 550 859 enatasset,
576 825 609 852 et
632 818 747 851 locum
773 819 980 861 insignitum
1005 831 1080 852 me-

93 869 206 902 moria
225 869 431 903 calamitatis
449 880 549 908 suae,
576 880 635 902 seu
652 875 773 903 testem
795 870 942 913 periculi
959 870 1078 912 singu-

93 920 160 953 lari
174 920 301 954 affectu
317 927 599 964 prosequeretur.
651 918 796 953 Interim
812 921 910 953 nulla
928 921 964 954 fit
981 932 1078 953 men—

91 971 141 1005 tio
164 971 325 1004 beneficii
344 982 405 1004 seu
423 970 621 1004 officiorum
640 971 778 1011 rustici,
806 972 865 1004 sed
882 971 1079 1004 dissimulat

92 1034 128 1056 se
150 1033 168 1056 a
191 1033 369 1067 quoquam
394 1021 593 1054 accolarum
621 1021 658 1054 in
684 1022 790 1054 tantis
808 1022 898 1055 vitae
914 1022 1079 1066 periculis

91 1073 253 1107 adiutum
275 1079 335 1105 aut
360 1078 553 1105 recreatum
579 1083 662 1106 esse.
733 1071 848 1105 Facile
874 1073 1036 1116 impetrat
1059 1084 1078 1105 a

91 1135 172 1168 rege
195 1123 355 1163 liberali,
382 1129 415 1156 et
437 1123 494 1156 cui
517 1123 652 1167 reliqua
679 1130 777 1156 erant
793 1124 910 1166 ignota
928 1125 970 1156 de
987 1123 1076 1166 agri-

91 1175 187 1208 colae
210 1174 375 1208 fidelibus
398 1173 540 1214 officiis,
574 1174 703 1218 quibus
727 1175 934 1216 naufragum
959 1185 1078 1207 serva-

91 1232 189 1258 verat
212 1231 245 1258 et
269 1230 497 1257 recreaverat.
541 1223 663 1268 Itaque
686 1231 784 1258 curat
809 1223 996 1268 Philippus
1023 1225 1076 1257 di-

91 1276 208 1320 ploma
235 1275 378 1318 confici,
407 1287 477 1319 quo
494 1274 692 1307 dominium
713 1286 773 1307 seu
790 1275 986 1318 proprietas
1004 1275 1078 1307 eius

89 1326 224 1370 praedii
241 1326 517 1359 confirmabatur
530 1325 647 1358 militi.
683 1323 786 1369 Isque
804 1325 842 1357 in
857 1326 963 1365 bona,
988 1337 1077 1369 quae

89 1376 280 1420 petiverat,
313 1375 435 1408 induci
459 1375 657 1410 iubebatur.
716 1374 813 1408 Haec
837 1387 916 1408 cum
941 1375 1077 1415 fierent,

88 1432 282 1471 occupante
304 1425 488 1469 praedium
506 1425 638 1465 milite,
663 1425 813 1458 rusticus
830 1426 994 1469 expulsus
1010 1426 1076 1459 bo-

88 1477 145 1511 nis
174 1488 249 1510 non
280 1476 363 1510 tulit
394 1475 585 1516 iniuriam,
619 1476 679 1508 sed
711 1475 852 1509 accessit
882 1477 923 1509 ad
958 1487 1074 1519 regem

86 1538 367 1562 commemorans
389 1538 451 1560 sua
472 1526 640 1559 beneficia
653 1553 662 1567 ‚
689 1533 809 1560 narrat
829 1538 864 1559 se
880 1527 987 1561 fuisse
1003 1539 1075 1560 ser-

86 1584 263 1617 vatorem,
298 1584 333 1611 et
362 1589 402 1611 ex
432 1577 534 1622 aquis
565 1584 744 1621 receptum
768 1578 976 1621 naufragum
1001 1585 1074 1611 toto

86 1629 206 1665 triduo
231 1628 386 1672 pavisse,
425 1628 566 1667 texisse,
601 1639 640 1660 ac
664 1628 794 1672 quibus
816 1628 971 1672 potuerit
998 1629 1075 1661 offi-

87 1680 151 1715 ciis
174 1679 303 1713 fovisse
328 1691 366 1712 ac
388 1689 578 1718 recreasse,
621 1679 782 1722 queritur
806 1678 976 1711 iniustum
1003 1690 1075 1711 csse

86 1731 131 1766 ab
158 1730 296 1774 ingrato
322 1729 468 1762 alumno
493 1740 528 1762 se
552 1740 616 1772 pro
639 1726 871 1773 hospitalibus
896 1729 1074 1762 beneficiis

87 1781 200 1816 excuti
225 1793 264 1814 ex
286 1787 432 1825 paterna
449 1779 679 1824 possessione.
732 1777 920 1823 Philippus
936 1781 1072 1823 cognita

87 1831 279 1867 nebulonis
308 1828 416 1864 huius
442 1830 586 1874 perfidia
621 1837 654 1863 et
678 1830 951 1874 ingratitudine,
985 1832 1072 1863 adeo

87 1882 213 1918 exarsit
235 1881 308 1923 ira,
333 1887 372 1915 ut
392 1881 540 1914 militem
561 1880 699 1915 iusserit
720 1882 757 1914 in
774 1881 913 1914 vincula
933 1882 1072 1925 coniici,

87 1942 119 1969 et
143 1939 262 1978 postea
290 1944 370 1966 cum
394 1931 591 1975 ignominia
614 1938 816 1965 exautorato
838 1932 997 1975 stigmata
1018 1933 1073 1965 in-

86 1985 162 2023 uri,
190 1995 229 2017 ac
248 1983 356 2017 fronti
381 1983 527 2016 inscribi
547 1980 632 2015 haec
650 1983 773 2016 verba:
801 1981 938 2026 Hospes
955 1983 1073 2025 ingra-

84 2045 153 2071 tus.
221 2033 411 2068 Praedium
451 2045 534 2066 vero
573 2033 685 2077 priori
722 2033 867 2066 domino
906 2033 1072 2076 restituit,

86 2086 200 2120 milite
225 2085 322 2118 exilii
352 2096 453 2118 causa
483 2084 596 2118 solum
627 2090 795 2117 vertente.
851 2082 903 2117 Ita
926 2085 1070 2128 perfidia

87 2136 216 2181 ingrati
241 2135 364 2168 militis
387 2135 511 2168 recidit
534 2135 571 2167 in
596 2135 706 2178 ipsius
730 2140 854 2179 caput,
883 2142 916 2168 et
940 2136 1071 2168 malum

87 2187 275 2222 consilium
303 2185 371 2218 fuit
396 2185 511 2218 autori
537 2185 788 2229 perniciosum.
856 2184 950 2218 Deus
977 2186 1070 2217 enim
1096 2209 1099 2224 ,

87 2245 136 2272 est
166 2236 377 2272 iustissimus
402 2236 524 2273 iudex,
560 2237 711 2279 puniens
735 2236 856 2279 poenis
879 2237 1071 2279 praesenti·
1096 2230 1099 2270 i

86 2291 152 2323 bus
174 2296 207 2323 et
229 2287 379 2321 aeternis
403 2286 518 2319 omnis
542 2286 678 2329 generis
704 2294 858 2330 peccata,
893 2286 929 2319 in
955 2287 1070 2319 omni-
1096 2274 1098 2327 ξ

86 2341 151 2374 bus
167 2350 239 2373 non
259 2338 442 2382 agentibus
461 2337 724 2381 poenitentiam.
1094 2332 1098 2403 i

189 2389 428 2433 Quamobrem
453 2388 611 2434 sequitur
630 2387 665 2420 in
686 2395 778 2421 textu
797 2385 881 2421 haec
898 2389 1070 2431 generalis

85 2441 222 2486 regula:
251 2439 331 2483 Qua
354 2451 518 2473 mensura
543 2439 656 2472 mensi
673 2439 825 2479 fueritis,
852 2441 971 2472 eadem
989 2441 1071 2472 red-

87 2494 188 2527 detur
217 2498 251 2525 et
279 2490 393 2526 vobis.
454 2489 550 2523 Deus
582 2497 621 2524 ut
645 2497 695 2523 est
721 2490 858 2534 sapiens
882 2502 919 2523 ac
948 2490 1070 2531 iustus,

86 2543 133 2578 ita
157 2545 257 2577 docet
282 2553 346 2575 nos
366 2553 524 2575 exercere
541 2548 644 2586 atque
661 2541 776 2574 colere
792 2541 961 2575 iustitiam
979 2541 1070 2574 inter
1093 2560 1096 2569 ·

87 2606 172 2635 nos,
196 2595 232 2627 id
258 2600 325 2633 est,
352 2592 597 2638 aequalitatem
622 2603 759 2625 servare
780 2593 815 2625 in
836 2604 906 2626 non
927 2592 1068 2625 laeden-
1093 2586 1096 2625 ἕ

89 2645 143 2678 dis
175 2644 271 2683 aliis,
312 2645 395 2677 item
437 2643 473 2676 in
512 2643 769 2680 contractibus,
811 2650 844 2676 et
877 2643 913 2676 in
944 2630 1096 2689 ordine}

88 2706 334 2738 personarum,
376 2707 419 2727 ne
455 2694 616 2739 cuiquam
661 2694 719 2728 fiat
757 2695 898 2728 iniuria.
966 2693 1068 2728 Hanc
1092 2733 1093 2736 Ἴ

135 2748 308 2778 atzmu-n«.
338 2748 440 2779 Orra.
466 2747 547 2777 vot.
578 2745 669 2777 XIV.

492 119 887 158 ANNOTATIONES
913 120 980 157 ET
1007 119 1287 158 CONCIONES
1314 121 1365 157 IN
1390 121 1568 161 EVANG.
1600 127 1880 168 MATTHAEL

2051 138 2121 175 706

1137 208 1384 253 aequalitatem
1408 221 1468 243 seu
1494 211 1663 247 iustitiam
1691 228 1769 250 cum
1791 231 1854 253 nos
1871 221 2060 265 violamus,
2089 235 2121 261 et

1137 271 1154 293 a
1177 271 1300 292 norma
1325 261 1535 317 praescripta
1556 265 1790 309 deflectimus,
1816 271 1889 315 ipse
1908 281 2023 309 tamen
2041 290 2120 321 per-

1136 316 1241 354 petuo
1273 317 1392 343 manet
1418 317 1549 353 lusum,
1583 315 1733 351 destruit
1756 321 1922 367 quicquid
1950 334 2000 360 est
2024 329 2120 362 iniu-

1136 367 1227 394 stum
1250 371 1311 393 seu
1329 360 1492 394 difforme
1509 374 1590 396 suae
1605 365 1816 404 iustissimae
1834 374 2005 410 voluntati
2052 392 2118 426 pn-

1137 411 1191 444 nit
1212 418 1244 445 et
1264 412 1356 444 delet
1381 411 1547 453 iniustos,
1583 426 1620 448 ac
1644 425 1738 451 certo
1763 430 1876 456 servat
1902 423 1995 461 hunc
2015 406 2118 463 ’ordi-

1136 474 1234 500 nem,
1276 462 1380 506 punit
1416 464 1601 511 suppliciis
1633 471 1874 509 praesentibus
1903 483 1937 509 et
1971 482 2118 515 aeternis

1134 524 1274 553 omnes,
1301 512 1361 557 qui
1388 525 1460 546 non
1486 523 1743 552 convertuntur
1766 522 1808 554 ad
1831 523 1958 570 ipsum.
2011 531 2057 564 At
2083 540 2119 566 tu

1133 563 1288 597 fortassis
1314 561 1399 596 haec
1423 571 1535 598 tecum
1559 568 1706 610 cogitas:
1734 569 1810 615 Ego
1832 574 1940 609 fretus
1962 584 2117 621 potentia

1134 626 1210 647 mea
1239 614 1462 661 aliquantum
1494 627 1650 658 premam
1677 617 1771 655 hunc
1794 623 2060 664 imbecilliorem
2086 642 2119 668 ct

1134 665 1356 705 inferiorem,
1383 670 1422 698 ut
1447 677 1564 709 geram
1588 681 1720 704 morem
1742 674 1879 715 animo,
1908 685 1939 712 et
1956 692 2020 723 pro
2036 683 2119 717 libi-

1133 717 1216 749 dine
1239 716 1452 749 conculcabo
1473 720 1615 762 quosvis
1634 721 1854 761 infirmiores.
1909 728 2005 771 Quid
2022 735 2117 769 enim

1133 763 1222 799 mihi
1251 767 1399 811 periculi
1424 767 1643 811 impenderet
1666 773 1710 806 ab
1732 774 1820 817 illis,
1853 791 2003 822 quorum
2030 797 2117 820 vana

1133 824 1183 851 est
1205 817 1281 851 sine
1308 818 1444 852 viribus
1469 819 1545 852 ira?
1598 821 1688 864 Quis
1712 836 1817 867 porro
1841 840 1988 871 poenam
2015 836 2118 870 talio-

1132 869 1186 901 nis
1211 881 1228 900 a
1252 881 1308 901 me
1331 870 1526 913 repeteret?
1578 870 1654 905 Hae
1678 876 1904 917 cogitationes
1927 891 2007 917 sunt
2023 885 2118 921 ludi-

1132 919 1208 952 bria
1227 925 1259 952 et
1276 919 1490 964 imposturae
1505 923 1837 967 perniciosissimae,
1866 933 1993 975 quibus
2008 938 2118 972 animi

1131 969 1369 1010 fascinantur,
1414 983 1573 1016 quaeque
1615 976 1870 1013 confirmantur
1904 994 1923 1016 a
1961 986 2116 1024 diabolo,

1131 1019 1208 1054 Etsi
1240 1021 1334 1054 enim
1364 1033 1498 1066 poenae
1528 1024 1707 1059 interdum
1735 1029 1956 1075 aliquamdiu
1982 1037 2117 1073 differri

1132 1071 1264 1112 solent,
1297 1078 1414 1106 tamen
1440 1073 1672 1109 certissimum
1701 1086 1767 1119 est,
1801 1084 2022 1120 cumulantes
2043 1101 2117 1124 sce-

1131 1122 1203 1154 lera
1232 1124 1374 1156 tandem
1405 1135 1589 1167 oppressos
1613 1123 1756 1162 haerere
1780 1130 1816 1164 in
1842 1136 1964 1175 poenis
1987 1142 2116 1174 atroci-

1131 1173 1214 1212 bus,
1242 1173 1337 1207 iuxta
1360 1174 1468 1208 illud:
1498 1174 1582 1209 Sera
1609 1183 1725 1212 tamen
1748 1182 1861 1216 tacitis
1884 1197 1996 1228 poena
2021 1193 2117 1227 venit

1132 1224 1290 1267 pedibus.
1349 1226 1401 1257 Ac
1423 1225 1632 1260 nominatim
1657 1230 1701 1262 de
1724 1234 1847 1273 poenis
1872 1241 2116 1281 corporalibus

1130 1273 1216 1306 dicit
1230 1274 1422 1315 Dominus,
1452 1274 1677 1315 Matt11.26,:
1707 1280 1778 1324 Qui
1801 1285 1958 1326 gladium
1975 1303 2116 1336 accepe-

1130 1324 1196 1361 rit,
1230 1325 1347 1367 gladio
1380 1326 1521 1368 peribit.
1584 1328 1670 1363 Item
1695 1328 1820 1367 Esaiae
1837 1335 1914 1371 33.:
1952 1339 2024 1374 Vae
2055 1324 2116 1388 qui

1129 1375 1329 1417 praedaris,
1355 1376 1436 1419 quia
1460 1376 1612 1410 vicissim
1634 1382 1852 1423 spoliaberis.
1904 1386 1950 1422 Et
1969 1391 2006 1424 in
2022 1392 2114 1427 libro

1129 1424 1322 1468 sapientiae
1347 1426 1390 1458 de
1416 1439 1528 1470 poena
1555 1429 1697 1464 talionis
1720 1433 1848 1469 diserte
1867 1439 2036 1486 scriptum
2053 1452 2103 1478 est

1129 1487 1201 1519 cap.
1224 1477 1299 1511 11.:
1329 1475 1396 1510 Per
1417 1490 1507 1522 quae
1528 1480 1607 1523 quis
1627 1490 1763 1525 peccat,
1791 1497 1854 1529 per
1871 1490 1991 1524 eadem
2011 1473 2117 1537 puni-³

1128 1533 1196 1583 tur.
1249 1526 1342 1560 Satis
1373 1529 1483 1563 multa
1514 1532 1670 1575 exempla
1702 1531 1833 1571 habent
1858 1551 1981 1574 omnes
2005 1541 2116 1579 histo-

1129 1589 1218 1617 riae,
1246 1584 1278 1611 et
1304 1584 1342 1611 ut
1367 1590 1440 1612 non
1464 1580 1694 1625 requirantur
1715 1598 1754 1618 ex
1775 1587 1894 1628 libris,
1923 1589 2007 1626 haec
2024 1604 2115 1630 aetas

1128 1628 1280 1671 plurima
1313 1628 1417 1662 nobis
1447 1632 1658 1674 suppeditat.
1720 1634 1796 1670 lmo
1819 1637 1981 1675 Ethnicis
2011 1646 2114 1680 etiam

1127 1678 1195 1711 suit
1217 1676 1284 1712 hoc
1309 1681 1625 1723 persuasissimum.
1681 1683 1768 1719 Inde
1784 1699 1989 1731 sparserunt
2006 1702 2039 1729 et
2058 1709 2114 1730 ce-

1128 1729 1311 1763 lebrarunt
1328 1727 1533 1764 huiusmodi
1550 1743 1695 1775 gnomas
1712 1744 1811 1771 natas
1828 1740 1872 1773 ab
1890 1745 2114 1786 experientia.

1127 1779 1241 1824 qualis
1272 1777 1329 1813 hic
1362 1787 1412 1815 est
1438 1780 1589 1816 Mimus:
1624 1784 1682 1819 Ab
1713 1788 1783 1821 alio
1813 1800 1988 1835 exspectes
2013 1783 2113 1831 alteri

1127 1831 1221 1874 quod
1248 1831 1379 1864 seceris.
1446 1829 1491 1865 Et
1515 1833 1552 1865 in
1578 1833 1611 1867 8,
1627 1837 1739 1880 capite
1760 1837 1989 1878 Ecclesiastae
2012 1847 2114 1883 Salo-

1127 1892 1209 1913 mon
1235 1881 1366 1926 inquit:
1395 1880 1570 1916 Homines
1591 1887 1704 1920 securi
1722 1889 1880 1925 furenter
1898 1906 1935 1928 ac
1952 1899 2114 1939 petulan-

1125 1938 1179 1965 ter
1203 1932 1296 1965 mala
1322 1938 1544 1977 perpetrant,
1571 1943 1754 1979 propterea
1778 1944 1872 1986 quod
1893 1957 2027 1988 poenae
2045 1951 2112 1983 dif-

1125 1982 1309 2022 feruntur,
1345 1995 1408 2016 nec
1438 1984 1507 2017 cito
1536 1988 1715 2027 profertur
1738 1998 1858 2026 contra
1883 1997 1994 2030 malos
2020 2000 2112 2033 iudi-

1125 2033 1236 2073 cium,
1270 2034 1330 2066 sed
1363 2033 1500 2078 sapiens
1522 2035 1687 2081 intelligit
1710 2047 1847 2086 tempus
1872 2052 1903 2079 et
1930 2048 2112 2092 iudicium,

1125 2090 1158 2116 et
1181 2095 1243 2126 ego
1269 2090 1362 2117 certo
1380 2085 1450 2118 scio
1469 2097 1599 2128 poenas
1617 2090 1722 2133 paulo
1738 2100 1815 2134 post
1830 2104 2009 2132 secuturas
2027 2114 2110 2139 esse,

1125 2145 1188 2166 nec
1211 2134 1285 2166 fore
1307 2140 1347 2168 ut
1365 2135 1427 2169 diu
1446 2137 1667 2173 differantur.
1722 2141 1817 2176 Haec
1838 2149 1957 2181 omnia
1975 2151 2110 2185 dehetis

1124 2184 1365 2226 considerare,
1392 2193 1425 2220 et
1442 2189 1584 2232 quando
1603 2192 1739 2225 sentitis
1756 2195 1908 2237 privatas
1926 2210 2110 2236 aerumnas

1124 2241 1229 2280 atque
1258 2236 1438 2276 miserias,
1472 2246 1532 2272 aut
1561 2241 1718 2282 publicas
1740 2245 1970 2287 calamitates,
2006 2252 2096 2286 bella

1125 2286 1354 2330 expilationes
1384 2288 1610 2331 immodicas,
1645 2303 1806 2328 annonae
1837 2299 2015 2334 caritatem
2049 2282 2109 2337 seii

1123 2337 1269 2378 samem,
1313 2345 1345 2371 et
1376 2340 1548 2386 reliquam
1584 2353 1776 2384 poenarum
1808 2348 1953 2391 molem,
1988 2353 2108 2387 discite

1123 2388 1246 2421 timere
1283 2388 1454 2423 iudicium
1494 2389 1577 2431 Dei,
1630 2393 1720 2435 agite
1760 2399 2032 2443 poenitentiam,
2077 2414 2105 2439 et

1123 2440 1308 2473 emendate
1331 2453 1443 2474 mores
1464 2452 1502 2474 ac
1526 2442 1643 2477 vitam.
1703 2443 1778 2480 Nisi
1804 2449 1897 2482 enim
1924 2457 2106 2489 conversio

1122 2497 1154 2523 et
1173 2503 1311 2523 morum
1331 2492 1530 2525 emendatio
1547 2501 1729 2538 sequetur,
1758 2500 1895 2533 accedet
1914 2503 1956 2534 ad
1978 2516 2105 2547 poenas

1121 2543 1319 2585 corporales
1343 2543 1601 2587 implacabiles,
1629 2553 1766 2579 aeterna
1795 2556 1825 2582 et
1854 2548 2033 2589 horribilis
2053 2557 2103 2591 ira

1121 2590 1197 2633 Dei,
1223 2593 1390 2625 abiiciens
1408 2602 1668 2637 perseverantes
1686 2597 1719 2630 in
1738 2600 1924 2635 sceleribus
1941 2604 1975 2637 in
1994 2614 2104 2641 aeter-

1121 2655 1205 2677 num
1232 2644 1397 2677 exitium:
1427 2646 1519 2690 quod
1544 2644 1638 2678 Dens
1662 2659 1723 2690 pro
1750 2650 1916 2686 immensa
1947 2656 2104 2692 bonitate

1120 2705 1180 2729 sua
1198 2701 1340 2739 propter
1355 2695 1466 2728 filium
1483 2697 1672 2731 clementer
1688 2711 1705 2732 a
1723 2701 1823 2734 nobis
1839 2712 1979 2740 avertat.
2035 2708 2101 2743 Sed

1568 2746 1615 2782 45
