2409 2915
297 121 371 159 275

298 218 379 244 nes,
406 212 437 238 et
464 202 630 247 patefacta
655 199 818 233 voluntas
843 195 928 236 Dei,
956 205 993 231 ut
1018 196 1122 231 Deut.
1140 195 1174 231 4.
1191 196 1282 231 dici-

299 264 371 291 tur:
400 254 477 288 Non
499 260 549 286 est
564 252 632 285 alio
650 250 745 283 natio
768 257 836 283 tam
855 248 1024 291 gloriosa,
1051 259 1140 293 quae
1159 245 1282 280 habeat

301 306 414 340 Deum
432 303 793 348 appropinquantem,
821 299 910 332 sicut
927 297 1021 332 Deus
1045 304 1164 332 noster
1186 299 1283 331 adest

299 356 463 390 omnibus
481 353 583 386 nobis
600 350 844 385 invocantibus
860 361 951 383 eum.

399 403 478 438 Huc
506 404 574 437 iam
599 401 846 447 promissiones
871 411 992 433 omnes
1009 398 1219 441 colligantur
1247 397 1282 429 in

299 463 370 490 tota
387 455 567 498 scriptura.
621 451 812 495 Praecipua
832 461 912 483 vero
935 449 1144 492 proponitur
1162 448 1198 480 in
1218 445 1282 479 ho-

298 507 420 540 dierna
443 505 610 543 lectione,
635 502 837 536 confirmata
861 500 1088 533 iureiurando
1106 497 1189 531 Filii
1206 496 1283 532 Dei.

300 558 415 590 Amen
449 566 552 588 amen
586 553 664 586 dico
690 551 808 588 vobis,
839 549 1018 595 Quicquid
1038 549 1206 592 petieritis
1222 560 1284 592 pa—

299 615 386 642 trem
404 606 441 638 in
458 605 601 638 nomine
623 614 720 642 meo,
747 601 846 634 dabit
868 601 979 635 vobis.
1033 598 1144 632 Petite
1169 605 1202 631 et
1228 610 1284 631 ac-

301 657 451 700 cipietiS.
505 653 635 687 Omnis
651 653 712 697 qni
739 651 822 696 petit
839 650 972 694 accipit.
1025 649 1131 683 Item:
1159 648 1198 683 Si
1219 646 1285 681 ho-

299 708 410 740 mines
427 711 575 750 possunt
594 701 800 737 hominibus
817 702 909 734 bona
924 702 1023 740 dare,
1051 705 1183 745 quanto
1210 710 1285 731 ma-

300 757 352 800 gis
376 763 474 799 pater
490 762 602 789 vester
628 753 786 787 coelestis
813 752 910 785 dabit
933 751 1104 795 Spiritum
1126 756 1283 783 sanctum
1310 756 1313 790 ζ

299 807 510 852 petentibus¹
564 804 667 839 ltem:
699 803 824 836 Venite
841 803 883 835 ad
902 813 956 834 me
975 812 1114 840 omnes,
1144 799 1205 844 qui
1233 800 1285 832 la—
1311 791 1314 864 ἱ

298 858 442 892 boratis.
492 856 597 890 Item:
628 854 754 888 Invoca
774 865 827 886 me
846 852 883 884 in
901 852 956 885 die
971 849 1230 888 tribulationis,
1253 856 1287 883 et

300 908 445 952 eripiam
468 914 510 940 te.

299 959 343 992 sti
360 959 508 992 assidua.

300 1009 418 1042 muni:
473 1006 587 1040 Amen
604 1005 682 1038 dico
700 1003 817 1041 vobis,
846 1001 898 1035 De
917 1013 1125 1046 quacunque
1145 1012 1181 1033 re
1203 1012 1287 1034 con—

300 1059 451 1093 sentient
470 1058 558 1095 duo,
586 1054 753 1100 quicquid
776 1059 912 1097 petent,
939 1053 1008 1087 fiet.

403 1115 476 1149 llas
503 1113 752 1158 promissiones
778 1121 916 1145 necesse
947 1117 997 1144 est
1030 1110 1173 1154 inspici,
1207 1109 1288 1154 quia

301 1167 475 1202 dubitatio
502 1166 536 1197 in
557 1163 773 1208 precatione,
799 1174 844 1195 an
862 1161 961 1194 Deus
985 1161 1130 1205 recipiat
1154 1166 1290 1193 nostras

301 1228 438 1261 preces,
464 1222 514 1249 est
539 1214 658 1258 impia.
713 1213 796 1246 Ideo
819 1212 1004 1254 scribitur,
1033 1211 1133 1244 Petat
1150 1211 1186 1244 in
1212 1210 1289 1244 fide.

302 1267 375 1301 Iam
398 1265 454 1300 hic
483 1266 693 1309 cogitemus,
729 1275 833 1309 quam
867 1262 967 1307 pauci
999 1260 1159 1295 homines
1189 1273 1289 1306 prae-

302 1325 393 1352 stent
418 1316 511 1350 hunc
538 1316 671 1350 cultum
696 1314 782 1349 Deo.
844 1312 930 1347 Ideo
952 1323 1076 1355 magna
1101 1324 1201 1346 causa
1229 1319 1290 1349 est,

302 1381 365 1403 cur
389 1368 481 1401 dicat
497 1366 675 1407 Psalmns,
704 1366 822 1399 Deum
849 1375 922 1397 non
949 1363 1127 1396 invocant.
1181 1361 1289 1395 Pauci

302 1419 396 1452 enim
414 1419 461 1450 sic
478 1418 648 1451 accedunt
671 1417 712 1449 ad
738 1415 967 1459 precandum,
996 1425 1073 1447 cum
1093 1413 1186 1446 bona
1205 1424 1290 1446 con—

303 1469 446 1503 scientia
464 1474 496 1501 et
514 1468 600 1505 fide,
628 1473 665 1501 ut
683 1472 836 1501 statuant
853 1464 961 1508 recipi
981 1475 1060 1497 suas
1079 1475 1206 1507 preces,

704 1551 749 1574 De
769 1549 891 1574 tertio.

405 1603 567 1636 Tertium
594 1608 643 1635 est
669 1602 762 1634 sides.
815 1600 883 1634 Hic
907 1601 1089 1633 sciendum
1107 1605 1176 1638 est,
1203 1596 1288 1641 quid

304 1661 447 1688 vocetur
470 1654 562 1685 fides.
624 1651 783 1685 Primum
817 1652 900 1684 fides
926 1651 1144 1691 intelligatur
1166 1648 1291 1681 fiducia

305 1703 603 1739 reconciliationis
646 1703 796 1735 donatae
837 1708 980 1746 propter
1013 1699 1215 1739 Christum,
1260 1705 1292 1731 et

304 1756 398 1801 quod
425 1761 566 1798 propter
590 1751 686 1786 hunc
711 1752 940 1786 mediatorem
967 1758 1000 1785 et
1019 1750 1216 1795 pontificem
1235 1761 1292 1782 ae-

303 1813 424 1839 ternus
442 1805 535 1839 Deus
550 1804 695 1847 accipiat
714 1810 849 1836 nostras
868 1814 994 1846 preces.
1031 1801 1130 1834 Hanc
1149 1811 1291 1843 genera-

307 1857 374 1889 lem
393 1857 494 1889 fidem
513 1866 646 1887 necesse
666 1861 715 1887 est
733 1854 861 1886 adferri
881 1852 1030 1885 inomni
1059 1851 1291 1884 invocatione.

307 1906 389 1940 Ideo
414 1904 470 1938 hic
494 1905 620 1937 diserte
644 1903 801 1936 additum
826 1910 890 1936 est:
920 1902 1098 1946 Quicquid
1125 1901 1293 1944 petieritis
1318 1925 1319 1942 ,

306 1964 438 2001 patrem
464 1956 498 1987 in
517 1955 659 1987 nomine
676 1966 770 1991 mem
796 1953 828 1985 id
848 1960 917 1992 est,
945 1964 1016 1985 non
1034 1951 1159 1983 fiducia
1177 1951 1292 1992 digni·
1318 1989 1322 2004 Ι

305 2008 384 2042 tatis
403 2012 553 2045 vestrae,
580 2006 638 2038 sed
666 2004 790 2036 fiducia
815 2003 1017 2036 mediatoris
1033 2000 1186 2042 Christi,
1214 2001 1293 2046 qnia

307 2069 444 2091 necesse
462 2063 509 2089 est
531 2055 641 2089 teneri
661 2055 814 2097 regulam
830 2081 837 2094 ,
864 2055 956 2098 qnod
979 2065 1051 2086 non
1077 2053 1121 2086 sit
1140 2062 1294 2084 accessus

306 2111 347 2142 ad
374 2115 506 2152 patrem
525 2113 723 2142 aeternum,
744 2105 808 2137 nisi
830 2117 889 2149 per
908 2104 1056 2143 Filium,
1083 2103 1171 2136 sicut
1189 2102 1294 2136 Rom.

307 2159 342 2194 5.
367 2159 512 2191 dicitur:
550 2156 616 2189 Per
642 2154 734 2188 hunc
760 2153 927 2188 hahemus
954 2165 1137 2186 accessum.
1193 2151 1292 2185 ltem:

308 2210 486 2242 llahentes
512 2207 614 2240 talem
641 2206 862 2250 pontificem,
894 2206 1097 2238 accedamus
1123 2205 1165 2236 ad
1193 2201 1292 2237 thro—

308 2273 392 2293 num
411 2259 549 2300 gratiae.
603 2257 706 2290 item:
737 2258 883 2300 Semper
901 2256 1041 2293 vivens,
1071 2262 1108 2289 ut
1128 2255 1294 2297 interpel-
1320 2259 1322 2269 '

308 2312 350 2343 let
372 2324 432 2354 pro
454 2309 568 2341 nohis.

410 2368 503 2401 llaec
523 2367 627 2408 igitur
644 2367 728 2399 fides
746 2366 910 2399 discernit
932 2371 1120 2408 peccantes=
1149 2363 1294 2397 ludaeos

310 2429 340 2454 et
359 2420 504 2457 ‘l'urr;.s‚
522 2425 551 2450 et
570 2431 689 2449 olom-s
708 2415 873 2449 hahentes
894 2417 1019 2448 malam
1036 2415 1295 2452 conscientiam,

310 2470 507 2513 lix-pocritas
530 2476 561 2501 et
578 2466 796 2500 Christianos
816 2480 893 2499 rere
912 2467 1125 2499 invocantes-
1167 2464 1295 2504 ludaei,

310 2522 444 2554 'l‘urcae
472 2519 666 2560 gloriantur
693 2532 726 2551 se
753 2520 912 2550 invocare
940 2516 1052 2549 Deum
1078 2517 1294 2549 conditorem

310 2585 446 2608 rernm,
476 2570 664 2614 etquidem
683 2570 783 2601 valde
807 2569 1010 2612 superbiunt
1043 2566 1104 2600 hac
1122 2568 1293 2599 doctriua.
1320 2585 1322 2592 ι

310 2625 401 2666 qnod
429 2633 536 2653 111111111
563 2619 674 2652 Deum
703 2620 905 2656 nenninent,
940 2621 996 2650 sed
1035 2631 1104 2650 non
1132 2619 1293 2650 invocant

311 2673 422 2707 Deum
454 2679 631 2704 aeternum
660 2679 790 2715 patrem
819 2670 898 2703 Filii
931 2669 1024 2702 missi
1050 2677 1081 2703 ct
1115 2668 1293 2703 constituti

895 111 1021 147 PfflL.
1047 109 1163 147 MEL.
1192 108 1400 148 SCRIPTA
1427 107 1724 147 ExEGETtCA.

564 905 668 946 Item,
694 904 846 936 multum
866 902 1001 935 iuvabit
1018 900 1216 944 deprecatio
1231 900 1287 933 iu-

563 955 662 993 ltem,
690 951 819 987 Matth.
841 953 897 985 18.
913 953 956 985 de
972 951 1172 995 precatione
1190 962 1285 983 com-

2245 111 2319 148 276

1333 195 1553 239 mediatoris,
1587 195 1661 230 imo
1686 194 1917 229 mediatorem
1943 195 2059 240 ipsum
2086 195 2219 230 Filium
2244 195 2317 229 Dei

1334 245 1546 280 contumelia
1570 246 1745 288 afficiunt,
1771 246 1851 280 ideo
1869 257 1942 279 non
1957 246 2132 280 invocant.
2182 245 2320 280 Deinde

1335 294 1504 330 habentes
1519 297 1738 341 propositum
1755 297 1942 341 peccandi,
1959 309 2032 330 non
2049 303 2195 341 possunt
2205 295 2319 330 Deum
2362 332 2366 337 ,

1335 347 1498 380 invocare
1509 373 1518 387 ,
1535 357 1608 379 non
1623 347 1795 380 accedunt
1811 347 1853 380 ad
1870 345 1984 381 Deum
2001 359 2063 392 per
2078 347 2320 386 mediatorem,

1334 405 1368 431 et
1395 403 1476 431 sunt
1497 397 1572 430 sine
1594 397 1681 437 fide,
1709 403 1747 431 ut
1766 394 1941 431 Iohannes
1959 398 2096 443 inquit,
2126 398 2158 430 1.
2172 394 2246 430 loh.
2266 396 2319 430 δη

1335 447 1374 482 Si
1390 459 1450 481 cor
1464 454 1624 480 nostrum
1642 459 1714 480 non
1739 448 1948 482 condemnat
1966 460 2049 486 nos,
2075 447 2240 481 fiduciam
2258 444 2322 480 ha-

1336 498 1458 531 bemus
1474 499 1516 530 ad
1535 496 1667 538 Deum,
1693 503 1757 531 etc.
1810 496 2012 539 Postremo,
2042 496 2259 543 hypocritae,
2283 497 2321 530 id

1337 556 1406 589 est,
1433 548 1634 581 accedentes
1658 547 1784 580 fiducia
1806 558 1887 581 suae
1909 549 2108 592 dignitatis,
2133 549 2189 582 vel
2214 547 2321 581 dubi·

1336 605 1466 639 tantes,
1499 598 1582 643 quia
1600 604 1796 642 agnoscunt
1824 609 1922 631 suam
1946 599 2213 643 indignitatem,
2248 609 2322 631 non

1337 649 1507 683 accedunt
1524 649 1567 681 ad
1584 649 1722 689 Deum,
1748 659 1821 681 non
1839 660 1919 681 vere
1935 649 2112 684 invocant.
2165 648 2235 682 Sed
2259 648 2323 681 ad-

1337 710 1457 733 versus
1483 695 1568 731 haec
1591 710 1728 732 necesse
1756 705 1806 732 est
1829 698 1958 732 adferri
1979 697 2068 732 hanc
2085 699 2206 737 fidem,
2235 709 2324 743 quae

1339 748 1497 793 agnoscit
1512 747 1627 782 Deum
1647 749 1821 792 placatum
1837 760 1912 781 esse
1933 762 1994 793 per
2009 749 2160 789 Filium,
2187 755 2219 782 et
2233 748 2325 782 fidu-

1338 801 1390 833 cia
1417 798 1522 833 huius
1548 799 1770 840 mediatoris,
1803 799 1943 834 invocat
1968 807 2002 834 et
2029 800 2132 844 petit,
2157 805 2190 832 et
2206 798 2327 832 statuit
2354 812 2374 822 ··

1339 850 1446 894 accipi
1472 860 1590 897 preces
1610 856 1764 887 nostras,
1790 856 1822 882 et
1845 848 1920 882 Deo
1946 851 2098 894 placere,
2124 861 2188 883 nec
2210 849 2328 882 irritas

1340 912 1430 941 esse,
1455 899 1590 933 etiamsi
1604 906 1747 933 eventus
1765 900 1819 932 vel
1837 900 2069 942 differuntur,
2097 900 2152 933 vel
2174 911 2246 933 non
2270 910 2327 933 re-

1340 950 1515 999 spondent
1534 956 1672 983 nostrae
1689 949 1904 992 cogitationi.

1440 999 1509 1033 llic
1530 1000 1633 1033 etiam
1659 1001 1808 1033 tenenda
1831 1007 1879 1034 est
1905 1000 2090 1041 doctrina,
2118 1001 2213 1045 quod
2241 1000 2328 1034 fides
2377 1002 2383 1008 “

1342 1052 1513 1096 quaedam
1549 1057 1643 1094 petat
1674 1051 1749 1083 sine
1778 1050 1998 1089 conditione,
2039 1052 2212 1095 quaedam
2242 1062 2327 1084 vero

1342 1113 1420 1135 cum
1439 1101 1556 1146 aliqua
1573 1101 1785 1134 conditione.
1839 1100 1925 1135 Sine
1942 1101 2146 1135 conditione
2176 1101 2329 1145 petenda

1342 1159 1375 1186 et
1397 1151 1610 1199 expectanda
1627 1158 1711 1185 sunt
1726 1151 1804 1193 illa,
1831 1152 1874 1184 de
1894 1151 2022 1196 quibus
2038 1151 2268 1191 nominatim,
2295 1158 2330 1185 et

1342 1202 1539 1246 specialiter
1564 1213 1722 1246 expressa
1749 1209 1800 1236 est
1821 1202 1986 1235 voluntas
2006 1199 2092 1240 Dei,
2125 1203 2219 1246 quod
2245 1199 2330 1235 haec

1343 1253 1415 1297 ipsa
1432 1253 1643 1286 nominatim
1667 1253 1813 1286 daturus
1835 1253 1898 1293 sit,
1926 1252 2107 1293 videlicet,
2135 1263 2223 1297 quae
2247 1258 2331 1286 sunt

1344 1303 1485 1348 propria
1506 1301 1712 1347 Evangelii,
1739 1303 1980 1337 remissionem
2005 1309 2245 1349 peccatorum,
2273 1313 2330 1336 re-

1343 1353 1647 1392 conciliationem,
1675 1354 1902 1387 donationem
1921 1353 2074 1396 Spiritus
2089 1353 2199 1387 sancti
2225 1359 2258 1387 et
2276 1352 2330 1385 vi-

1344 1411 1399 1437 tae
1429 1411 1601 1437 aeternae.
1661 1403 1757 1437 Haec
1787 1416 1865 1437 cnm
1901 1405 2069 1448 petimus,
2104 1404 2330 1437 statuendum

1344 1461 1393 1488 est
1411 1466 1490 1487 vere
1506 1466 1544 1487 ea
1561 1453 1664 1487 nobis
1682 1454 1868 1498 praestari,
1895 1461 1929 1487 et
1945 1453 2004 1486 illa
2022 1453 2095 1497 ipsa
2123 1454 2190 1486 fide
2205 1453 2329 1498 accipi,

1344 1516 1432 1549 quae
1465 1516 1529 1537 nos
1560 1504 1597 1537 in
1632 1505 1822 1548 pavoribus
1847 1504 2066 1545 consolatur,
2100 1504 2194 1538 iuxta
2223 1504 2330 1538 illud:

1346 1555 1524 1589 iustificati
1544 1556 1612 1587 fide
1628 1566 1746 1599 pacem
1763 1553 1933 1588 habemus
1951 1561 2015 1588 etc.

1447 1604 1486 1638 ln
1512 1605 1681 1649 petitione
1709 1617 1826 1638 rerum
1852 1605 2089 1652 corporalium
2114 1614 2252 1637 necesse
2281 1610 2333 1638 est

1345 1656 1474 1689 adferri
1498 1656 1600 1688 fidem
1629 1656 1846 1698 generalem,
1871 1656 1966 1700 quod
1984 1654 2078 1688 Deus
2102 1655 2165 1689 tibi
2189 1655 2232 1688 sit
2249 1665 2332 1699 pro-

1347 1707 1457 1751 picius
1474 1713 1506 1739 et
1523 1706 1671 1753 accipiat
1688 1717 1807 1750 preces
1824 1712 1918 1746 tuas,
1941 1706 2001 1739 sed
2022 1706 2064 1738 de
2083 1717 2120 1739 re
2137 1706 2228 1749 ipsa,
2243 1716 2333 1750 quae

1346 1756 1557 1790 nominatim
1576 1756 1724 1800 petitur,
1754 1768 1823 1789 non
1841 1756 2007 1790 statuitur
2027 1756 2102 1789 sine
2117 1755 2332 1794 conditione,

1346 1808 1427 1852 quia
1444 1808 1479 1840 in
1500 1807 1742 1851 corporalibus
1758 1807 1952 1847 aerumnis,
1980 1807 2148 1839 debemus
2164 1806 2334 1840 obedien·-

1347 1859 1430 1891 tiam
1455 1858 1547 1897 Deo,
1579 1858 1667 1891 sicut
1693 1855 1806 1890 David
1834 1858 1954 1901 pulsus
1981 1857 2016 1889 in
2044 1857 2207 1897 exilium,
2244 1857 2332 1901 petit

1347 1909 1487 1953 quidem
1505 1919 1539 1940 se
1558 1908 1695 1943 reduci,
1722 1909 1779 1940 sed
1806 1914 1919 1940 tamen
1944 1908 2060 1941 addit:
2090 1907 2127 1941 Si
2149 1919 2221 1940 non
2240 1907 2334 1941 votet

1347 1971 1401 1991 me
1424 1957 1519 1991 Deus
1550 1959 1734 1998 reducere,
1770 1958 1826 1991 fiat
1853 1959 1948 2003 quod
1976 1958 2040 2002 ipsi
2072 1957 2194 2002 placet.
2256 1956 2332 1991 lmo

1348 2006 1431 2042 haec
1451 2015 1500 2041 est
1517 2009 1704 2050 singularis
1721 2009 1890 2052 sapientia
1910 2007 2096 2047 Ecclesiae,
2110 2009 2332 2042 etiamsinon

1347 2059 1519 2102 contingit
1559 2059 1721 2093 liberatio
1748 2059 1956 2103 corporalis,
1989 2066 2105 2093 tamen
2133 2071 2204 2092 uon
2231 2071 2333 2093 ruere

1348 2110 1383 2143 in
1401 2110 1700 2154 desperationem,
1717 2110 1753 2142 in
1772 2108 2006 2154 blasphemias
2018 2135 2026 2147 .
2044 2117 2102 2143 aut
2118 2111 2239 2143 odium
2252 2109 2334 2151 Dei,

1348 2162 1407 2193 sed
1434 2161 1518 2202 erigi
1547 2161 1631 2200 fnlc,
1661 2173 1699 2193 ac
1723 2161 1874 2194 retinere
1907 2161 2147 2194 remissionem
2175 2167 2333 2205 peccato-

1349 2224 1446 2250 rum,
1482 2219 1512 2243 et
1537 2223 1631 2254 spem
1665 2212 1756 2245 vitae
1779 2219 1939 2245 aeternae
1966 2220 2111 2248 certam,
2148 2212 2229 2256 quia
2253 2222 2333 2246 cum

1349 2263 1398 2294 ira
1421 2261 1481 2294 Dei
1501 2263 1543 2295 sit
1562 2263 1649 2295 insta
1668 2263 1834 2295 adversus
1854 2270 1989 2306 peccata
2007 2270 2137 2301 nostra,
2165 2262 2333 2295 debemus

1348 2313 1583 2345 obedientiam
1608 2313 1642 2345 iu
1662 2325 1786 2356 poena.

1451 2365 1517 2395 Sed
1550 2365 1691 2396 difficilev
1720 2372 1768 2397 est
1801 2363 1836 2395 in
1869 2363 1928 2396 tali
1957 2363 2148 2396 certamine
2185 2363 2334 2396 retinere

1350 2416 1470 2451 fidem,
1500 2423 1535 2447 ut
1555 2415 1637 2446 Saul
1658 2416 1841 2447 frustratus
1866 2425 1925 2456 spe
1942 2414 2106 2447 victori-ie
2131 2425 2254 2457 prosus
2268 2424 2333 2458 op—

1350 2466 1515 2508 primitur
1530 2464 1791 2508 desperatione„
1820 2465 1943 2505 rogitat
1968 2477 2001 2497 se
2020 2466 2192 2498 abiectum
2220 2475 2292 2497 esse
2313 2475 2332 2497 a

1351 2517 1442 2554 Deo,
1480 2528 1540 2548 nec
1566 2516 1674 2548 credit
1701 2516 1765 2547 silui
1797 2515 1924 2547 remitti
1960 2523 2116 2558 peccata,
2150 2522 2182 2548 et
2207 2515 2243 2547 in
2269 2512 2333 2548 hac

2116 2565 2164 2600 lta
2188 2564 2333 2609 plurimi

1349 2631 1385 2649 ex
1406 2617 1640 2660 impatientia,
1668 2623 1696 2648 et
1720 2624 1860 2660 propter
1876 2629 2010 2650 moram
2029 2624 2134 2649 ruunt
2154 2617 2189 2649 iu
2210 2617 2333 2660 despe-

1350 2670 1521 2701 rationem
1555 2675 1587 2702 ct
1613 2674 1792 2701 aeternum
1817 2668 1972 2703 exitium.
2032 2667 2099 2701 Sed
2128 2667 2332 2701 inculcanda
2357 2695 2361 2701 .

1349 2567 1590 2608 desperatione
1616 2566 1680 2599 silvi
1701 2573 1847 2598 niortem
1865 2567 2058 2602 consciscit.
