2409 2915
312 88 383 124 531
911 77 1037 113 PHIL.
1063 75 1180 112 MEL.
1209 73 1418 112 SCRIPTA
1444 73 1742 111 EXEGETICAa
2257 81 2333 117 532

398 168 605 201 Reimannus
626 165 658 196 in
682 163 843 204 Catalogo
864 162 939 192 bibl.
963 161 1078 191 Theol.
1105 160 1223 200 p.323.
1249 159 1288 190 de
1311 159 1374 189 hoc
1403 159 1510 189 libello
1532 158 1611 189 Mel.
1634 159 1696 189 hoc
1726 160 1799 189 tulit
1829 159 1999 189 iudicium:
2035 165 2115 199 „est
2143 163 2332 200 opuseulum

317 229 359 251 ex
382 229 437 249 ore
459 216 616 248 Auctoris
637 220 830 255 exceptum,
859 213 1107 252 interpolatum,
1135 221 1199 241 non
1223 209 1418 249 expolitum,
1454 218 1514 239 nec
1539 208 1578 238 ad
1602 209 1788 240 coronidem
1811 209 2005 249 deduc-tum,
2035 212 2106 241 sola
2129 211 2279 243 editionis
2301 219 2336 243 et

317 270 512 309 antiquitate
535 273 569 297 et
590 267 725 297 raritate
747 261 1067 296 commendandum.''
1111 261 1202 301 (vid.
1227 259 1368 291 Strobel.
1392 259 1411 288 l.
1436 259 1454 289 l.
1479 269 1508 298 p.
1523 259 1592 297 67.)

401 342 492 380 Nos,
521 341 575 380 qui
596 340 740 370 libellum
770 339 803 368 in
831 337 982 367 manibus
1012 335 1185 366 habuimus
1208 339 1239 364 et
1264 333 1423 373 legimus,
1455 330 1609 361 iudicium
1630 331 1803 363 Reimanni
1832 334 1944 373 utique
1974 334 2234 374 comprobamus.
2277 336 2339 367 Est

318 392 531 432 opusculum,
554 400 596 420 ex
619 389 850 427 manuscriptis
874 385 1078 427 quorundam
1101 385 1340 421 studiosorum,
1363 391 1478 421 parum
1503 381 1688 419 doctorum,
1711 384 1928 423 compilatum.
1974 384 2090 424 Stylus
2114 396 2133 415 a
2150 385 2338 416 Melantho-

317 443 369 472 nis
392 442 555 482 elegantia
575 445 606 470 et
630 440 866 479 perspicuitate
889 447 990 477 saepe
1013 437 1151 475 alienus,
1173 444 1280 474 neque
1296 433 1443 472 discipuli
1469 433 1588 471 ubique
1607 432 1758 471 Magistri
1781 433 1868 463 dicta
1889 440 1979 465 recte
2001 436 2206 466 intellexisse
2221 435 2339 466 videu-

317 498 380 521 tur.
437 491 629 530 Quanquam
657 492 757 530 igitur
779 488 968 529 Heri-ayins
997 488 1057 518 has
1087 485 1343 525 „annotationes
1367 485 1397 513 iu
1422 483 1628 512 Mattliaeum
1653 483 1803 520 operibus
1826 485 2046 515 Melanthonis
2070 487 2219 516 Basileae
2243 487 2342 518 editis
2366 522 2371 526 ᾗ
2408 481 2409 488 ¹

317 543 472 574 inscruit,
504 551 563 571 nos
586 547 695 571 tamen
719 541 805 569 hunc
828 539 973 568 libellum
996 548 1059 568 non
1086 537 1252 576 potuimus
1280 535 1402 564 habero
1426 534 1506 563 satis
1531 532 1594 561 fide
1620 532 1751 573 dignum
1784 538 1815 563 ct
1848 536 1988 574 genuina
2012 536 2096 566 dicta
2120 537 2342 568 Melanthonis
2363 534 2382 568 ’,

319 592 529 623 referentem.
574 591 690 629 Neque
715 590 896 628 Pom-erus,
924 598 1025 629 gener
1048 585 1284 623 Melanthonis,
1308 584 1413 623 potuit
1437 593 1456 613 a
1478 593 1514 612 se
1538 584 1730 622 impetrare,
1762 588 1797 613 ut
1820 583 1905 615 hunc
1928 586 2069 616 libellum
2092 588 2242 626 operibus
2265 587 2343 618 Me-
2375 600 2383 620 ,-

259 659 262 662 -
319 642 484 671 lanthouis
507 640 727 680 Vl'itebergae
750 639 848 669 editis
870 639 1039 669 insereret.

405 714 448 743 [t
470 723 550 743 vero
573 713 733 743 Lectores
756 713 816 751 ipsi
841 713 947 752 aliquo
973 712 1066 741 modo
1089 709 1230 740 iudicare
1254 708 1293 738 de
1316 707 1422 737 libello
1445 712 1600 746 possent,
1623 712 1750 745 partem
1772 708 1856 747 eius,
1879 713 1915 739 ut
1938 709 2089 749 exemplo
2113 710 2166 750 sit,
2189 710 2241 742 hic
2264 710 2343 742 dare

320 763 500 803 voluimus,
523 773 639 804 nempe
662 763 786 794 scholia
805 764 934 802 integra
957 763 989 792 in
1012 766 1109 801 caput.
1133 759 1313 790 secundum
1335 764 1368 788 et
1393 759 1525 788 tertium
1547 758 1718 789 Matthaei.

456 1041 715 1084 (EXCERPTA
744 1042 805 1075 Ex
834 1040 1235 1074 ANNOTATIONIBUS
1263 1041 1378 1073 P11111.
1406 1040 1510 1071 MEL.
1538 1039 1587 1070 IN
1614 1038 1913 1072 EVANGEMUM
1942 1039 2207 1080 MATTHAEL)

702 1156 837 1208 Caput
871 1156 924 1197 Π,
1191 1184 1210 1201 0
1362 1153 1422 1185 ille
1443 1151 1502 1186 hic
1525 1152 1667 1196 incipit,
1701 1159 1734 1185 et
1757 1152 1952 1186 absolvitur
1975 1159 2109 1196 morte,
2136 1152 2276 1186 nullum
2301 1153 2347 1186 ad

1365 1205 1467 1237 deum
1486 1209 1536 1236 est
1553 1203 1636 1243 iter,
1662 1209 1800 1247 praeter
1824 1200 1909 1235 haec
1931 1203 2034 1235 anxia
2057 1202 2220 1247 suspiria.
2273 1201 2349 1237 Do-

1364 1266 1485 1287 cemur
1505 1253 1623 1298 itaque
1643 1265 1683 1286 ex
1701 1265 1770 1298 quo
1788 1253 1941 1296 pendere
1961 1264 2025 1286 nos
2041 1260 2217 1298 oporteat,
2242 1251 2349 1288 Chri-

1363 1311 1455 1338 stum
1471 1311 1594 1338 natum
1612 1315 1684 1337 esse
1700 1303 1736 1336 in
1755 1301 1976 1344 Bethlehem,
1999 1301 2067 1338 hoc
2083 1310 2144 1345 est,
2171 1304 2350 1348 perveniri

320 1347 502 1404 Primum
519 1368 654 1412 Magis,
681 1367 749 1403 hoc
767 1377 816 1404 est
834 1369 948 1404 Persis
975 1368 1207 1415 sapientibus,
1236 1371 1309 1404 sive
1363 1355 1405 1386 ”d
1425 1355 1529 1387 deum
1547 1366 1619 1387 ¹¹⁰⁰
1638 1354 1706 1386 ”3⁵1
1731 1366 1792 1397 per
1808 1351 1988 1411 Christum
2010 1362 2132 1388 ”amm
2148 1353 2348 1411 in.Be²hl⁰'

319 1419 560 1454 sacerdotibus
575 1419 728 1453 ostendit
745 1420 840 1454 Deus
855 1421 1082 1462 salvatorem,
1109 1434 1179 1467 quo
1199 1422 1308 1465 signi-
1333 1455 1335 1463 Ι
1362 1402 1453 1437 hem·
1490 1405 1544 1437 Ad
1564 1401 1668 1444 hune,
1695 1405 1982 1461 quandoquidem
2000 1411 2104 1461 natus
2119 1410 2169 1438 est
2185 1402 2349 1463 mpedi-

320 1472 458 1509 ficaret’
498 1470 602 1503 eniam
629 1468 811 1504 Christum
848 1471 884 1504 in
912 1479 1031 1514 gemes
1067 1480 1188 1506 natum
1223 1484 1306 1508 esse·
1362 1452 1498 1496 lehem,
1533 1452 1601 1488 hoc
1624 1462 1692 1495 est,
1727 1461 1832 1488 natus
1855 1466 1893 1487 m
1919 1454 2125 1490 infirmitate
2147 1466 2261 1490 carnis
2281 1467 2348 1490 no-

1333 2232 1337 2333 ἒ

1333 2353 1337 2381 l

367 1231 462 1271 Cum
471 1241 592 1321 ῗαὲυε
610 1241 698 1271 esset
713 1234 820 1271 Iesus
847 1236 886 1270 in
903 1233 1138 1279 Bethlehem,
1165 1234 1308 1270 ciuitate

499 1301 520 1321 u
550 1299 593 1321 ae
616 1296 680 1324 etc.

318 1523 439 1566 Atque
456 1527 495 1553 ut
512 1527 611 1554 antea
627 1516 863 1563 Evangelista‚
892 1522 975 1567 quid
996 1519 1156 1556 Christus
1172 1523 1307 1556 venerit
1361 1513 1471 1547 str³e²
1498 1506 1774 1549 cons⁰g¹endum
1794 1511 1855 1541 εει·

317 1570 461 1611 docuit,
487 1571 534 1604 ita
555 1572 662 1603 modo
687 1571 874 1605 adumbrat
891 1573 1112 1605 vocationem
1139 1580 1306 1606 nostram.

317 1620 479 1655 Primum
505 1621 602 1654 stella
621 1621 754 1661 oritur,
781 1619 847 1655 hoc
863 1630 931 1660 est,
958 1623 1018 1655 lux
1035 1624 1206 1667 quaedam
1228 1636 1306 1656 coe-

318 1669 434 1711 lestis,
463 1682 552 1715 quae
569 1683 647 1703 cum
667 1672 702 1704 in
722 1673 882 1705 tenebras
906 1673 1088 1713 inciderit,
1112 1686 1177 1707 nos
1202 1674 1306 1707 nobis

319 1729 400 1755 ante
424 1721 545 1755 oculos
561 1720 679 1765 ponit,
705 1729 737 1755 et
762 1722 818 1755 siti
835 1722 985 1766 quadam
1004 1721 1146 1755 divinae
1170 1722 1306 1755 miseri-

318 1772 460 1805 rordiae
487 1772 615 1812 afficit,
648 1772 760 1805 anxiis
785 1772 945 1816 suspiriis
969 1772 1190 1810 animorum,
1219 1784 1307 1817 quae

318 1834 401 1855 vere
424 1822 541 1856 Deum
570 1823 712 1863 sitiunt,
738 1831 930 1867 quaerunt,
962 1823 1109 1855 ubinam
1135 1823 1179 1856 sit
1201 1821 1307 1857 Chri-

319 1879 394 1906 stus
411 1873 581 1911 salvator,
609 1873 670 1916 qui
693 1879 796 1905 natus
815 1879 864 1905 est
883 1884 941 1905 rex
957 1872 1190 1911 Judaeorem,
1225 1885 1307 1906 avo-

321 1930 375 1956 cat
392 1933 457 1954 nos
475 1922 518 1954 de
533 1921 702 1954 creaturis
724 1922 781 1954 lux
795 1948 803 1960 ,
827 1930 863 1955 ut
881 1923 965 1967 quid
986 1935 1024 1955 ex
1042 1923 1090 1956 eis
1108 1924 1223 1956 solatii
1250 1936 1308 1956 ca-

320 1973 473 2017 piamus.
527 1966 573 2005 Et
590 1968 636 2005 ita
657 1983 721 2004 nos
746 1972 848 2005 nobis
866 1972 1036 2013 ostendit,
1064 1981 1100 2007 ut
1118 1981 1238 2017 captus
1257 1982 1307 2007 ta-

321 2035 402 2056 men
429 2029 573 2055 naturae
598 2034 670 2054 non
696 2021 827 2060 videat,
855 2025 949 2068 quod
974 2024 1015 2056 ad
1035 2025 1139 2057 deum
1164 2024 1230 2058 iter
1250 2025 1308 2065 sit,

321 2085 385 2117 per
406 2073 552 2106 obscura
579 2073 768 2117 quaedam,
800 2079 831 2106 et
854 2085 991 2116 semper
1014 2082 1135 2108 contra
1163 2082 1308 2109 naturae

321 2123 486 2165 affectus,
513 2123 729 2168 consiliaque
745 2123 842 2156 ducit
859 2124 1022 2167 spiritus,
1049 2136 1114 2158 nec
1139 2125 1308 2159 sentimus

321 2185 387 2206 nos
404 2171 470 2205 uisi
489 2172 572 2206 vitia
589 2181 724 2211 nostra,
751 2174 908 2219 adeoque
932 2186 1004 2207 non
1020 2175 1160 2208 videtur
1184 2187 1309 2209 recon-

322 2223 437 2257 tiliari
456 2224 560 2263 deus,
587 2230 626 2258 ut
649 2221 757 2267 magis
774 2224 903 2258 irritari
923 2231 1065 2268 putetur
1082 2227 1177 2259 deus.
1213 2225 1308 2260 Haec

321 2283 440 2318 pugna
455 2272 599 2317 spiritus
618 2281 649 2307 et
666 2282 811 2308 naturae
828 2281 978 2314 nostrae,
1005 2276 1159 2319 primum
1179 2276 1308 2321 frangit
1362 2280 1450 2312 3¹¹³·
1486 2270 1633 2313 perinde
1655 2277 1694 2304 ¹¹¹
1716 2268 1872 2304 ECCleffl'
1904 2270 1941 2303 in
1965 2271 2115 2316 speeiffln
2138 2280 2350 2319 mnt‘mpno

322 2332 357 2358 et
386 2323 566 2365 humiliat,
594 2324 699 2367 Quod
726 2325 823 2358 carni
849 2326 1061 2366 iucundum,
1088 2338 1210 2367 suave,
1243 2329 1308 2361 ho·
1361 2320 1488 2362 spirim
1514 2321 1655 2366 fndyla·
1716 2320 1797 2364 QUO
1821 2332 1924 2355 sensu
1948 2329 1980 2355 el
2005 2321 2175 2367 propheta
2202 2335 2347 2369 parvm
2382 2336 2392 2359 ³

322 2387 430 2413 num,
460 2386 581 2407 verum
609 2375 722 2408 visum
744 2383 812 2417 est,
839 2374 906 2410 hoc
920 2377 1116 2417 marcescit,
1144 2378 1309 2419 invisum,
1362 2371 1469 2410 ¹¹3¹il.
1506 2369 1731 2416 Evangelista
1759 2383 1842 2405 vero
1878 2372 2030 2408 revelato
2066 2374 2137 2408 iam
2167 2374 2347 2422 mysterio,
2386 2388 2389 2395 ¹

322 2426 456 2458 malum
474 2426 623 2458 mendax
644 2426 692 2464 fu,
717 2427 829 2461 donec
845 2428 931 2460 adeo
949 2439 1034 2472 pura
1051 2427 1110 2461 fiat
1128 2441 1226 2461 mens
1244 2427 1308 2462 ho-
1362 2433 1537 2464 ¹¹¹³¹¹6¹¹³¹¹h

322 2475 449 2513 minis,
476 2483 514 2509 ut
538 2473 629 2508 nihil
648 2484 783 2521 praeter
801 2478 943 2511 anxium
960 2478 1172 2512 desiderium
1190 2479 1246 2512 ‹lc-i
1273 2480 1308 2513 in
1686 2513 1692 2521 ,
1995 2515 2002 2524 ,

325 2539 363 2559 ea
380 2527 612 2571 relinquatur,
638 2535 671 2561 et
689 2540 768 2561 cum
786 2526 957 2576 propheta
975 2529 1083 2563 dicat:
1112 2528 1231 2562 Omne
1248 2531 1309 2563 de·
1413 2511 1466 2548 Ut
1484 2517 1515 2547 ει
1531 2525 1595 2560 ‘8⁰
1612 2525 1752 2548 “emam
1769 2518 1799 2548 θ’
1817 2512 1966 2550 ⁰d⁰7⁶m
1986 2514 2110 2554 ‘Hum-

325 2577 493 2610 siderium
523 2589 639 2610 meum
671 2586 751 2613 aute
784 2586 836 2619 te,
863 2579 963 2613 item:
999 2580 1307 2623 Quemadmodum
1465 2579 1676 2626 Exemplum
1696 2582 1887 2627 impietatis
1904 2584 2083 2628 proditum
2098 2589 2161 2618 ent.
2211 2582 2271 2619 Sic
2286 2596 2347 2621 ⁸0-
2382 2608 2385 2614 ·

327 2628 502 2663 desiderat
519 2638 641 2662 cervus
658 2631 700 2664 ad
717 2631 832 2665 sontes
847 2643 1019 2676 aquarum
1036 2639 1099 2667 etc.
1153 2631 1308 2667 Affectus
1362 2631 1475 2666 lemus
1496 2632 1636 2677 pietatis
1658 2633 1808 2678 speciem
1833 2634 1999 2670 omnibus
2020 2634 2150 2670 nostris
2171 2635 2347 2682 cupidita-

1410 1596 1465 1632 Et
1489 1602 1527 1632 tu
1544 1595 1761 1632 Bethlehem
1788 1602 1885 1632 terra
1902 1595 2024 1639 Iuda,
2051 1610 2259 1649 nequaqum
2279 1599 2351 1635 νηί-

1514 1661 1618 1682 mma
1641 1661 1676 1683 es
1691 1657 1755 1686 etc.

1461 1714 1624 1750 Micheae
1640 1715 1676 1751 5.
1728 1715 1773 1751 Et
1790 1723 1828 1751 tu
1845 1713 2053 1752 Bethlehem
2069 1715 2253 1759 Euphranta
2267 1730 2350 1761 par-

1360 1762 1465 1796 vulus
1481 1774 1517 1796 es
1532 1763 1569 1796 in
1584 1763 1744 1796 millibus
1762 1763 1860 1801 luda,
1887 1775 1975 1808 quae
1993 1764 2096 1798 lectio
2113 1766 2216 1809 plane
2232 1767 2351 1802 diver-

1363 1825 1398 1847 sa
1419 1821 1470 1848 est
1487 1815 1531 1847 ab
1548 1812 1793 1858 Evangelistae
1818 1813 1980 1850 lectione.
2031 1815 2101 1849 Sed
2125 1814 2182 1850 hic
2205 1824 2350 1852 senten-

1361 1865 1445 1898 tiam
1461 1865 1571 1907 magis
1587 1876 1691 1910 quam
1707 1865 1812 1897 verba
1828 1864 1960 1900 retulit.
1995 1864 2085 1899 Nam
2103 1866 2131 1899 si
2147 1867 2239 1910 legas
2254 1869 2348 1913 apud

1362 1913 1582 1959 prophetam,
1611 1927 1671 1958 per
1690 1915 1999 1957 interrogationem
2019 1917 2266 1952 admirationis
2281 1930 2349 1953 no-

1361 1972 1450 2005 tam,
1484 1964 1588 1999 Tune
1614 1963 1846 1999 Bethlehem?
1881 1966 1979 2011 quasi
2003 1967 2114 2006 dicat,
2148 1975 2241 2003 certe
2264 1981 2350 2007 non.

1364 2014 1482 2057 Quare
1501 2016 1600 2049 non?
1635 2015 1815 2059 Quoniam
1835 2028 1874 2049 ex
1893 2022 1925 2049 te
1942 2014 2029 2050 mihi
2049 2019 2259 2062 egredietur,
2285 2023 2348 2066 qui

1363 2067 1407 2100 sit
1424 2066 1626 2100 dominator
1640 2067 1676 2099 in
1698 2066 1815 2100 lsrael.
1865 2065 1968 2101 Hanc
1983 2066 2177 2113 emphasim
2193 2071 2350 2106 reddidit

1361 2114 1607 2159 Evangelista‚
1633 2118 1752 2151 addita
1770 2118 1976 2160 negatione,
2003 2120 2086 2164 quia
2109 2116 2262 2155 bociam
2280 2121 2350 2155 im-

1362 2167 1495 2211 pletum
1512 2175 1598 2209 erat,
1624 2169 1719 2213 quod
1739 2175 1838 2201 antea
1857 2167 2026 2214 propheta
2045 2171 2228 2215 praedixit.
2259 2170 2349 2207 Cae-

1363 2225 1475 2252 terum
1501 2219 1648 2263 parvula
1669 2227 1719 2254 est
1735 2216 1943 2253 Bethlehem
1965 2221 2098 2265 specie,
2124 2222 2252 2267 spiritu
2273 2235 2350 2258 ma-
