2409 2915
215 72 310 105 1203

221 169 255 190 se
283 156 319 188 iu
340 167 418 188 eum
437 165 572 191 secure,
601 153 660 186 ubi
681 152 847 186 bonitatis
865 153 937 186 eius
956 160 1096 196 gustum
1114 152 1208 185 fece-⁴

222 214 315 241 runt.

221 258 327 289 modo
360 261 394 288 et
420 252 724 287 Hierem.XXXl.
757 254 926 299 scriptum
959 262 1024 288 est:
1069 252 1206 287 Omnes

224 312 369 340 noscent
385 317 439 337 me
458 311 533 343 etc„
562 317 634 338 non
651 304 791 337 docebit
806 305 860 337 vir
876 305 1074 353 proximum
1094 316 1208 343 suum,

226 359 246 390 i.
272 369 301 389 e.
331 362 559 399 cognoscetur
583 354 696 395 Deus,
728 355 754 388 si
789 355 882 388 intus
907 357 1030 389 doceat
1055 354 1208 400 Spiritus

224 413 372 440 sanctus.
430 405 479 438 lta
505 412 537 439 et
560 403 616 438 hic
638 405 701 438 ait:
731 404 837 439 Venit
860 404 963 447 hora,
990 418 1069 439 cum
1093 405 1208 453 palam

225 459 350 503 loquar
372 457 490 492 vohis.
524 456 559 489 id
586 462 654 494 est,
686 457 816 490 donato
843 455 979 501 Spiritu
1004 463 1125 490 sancto
1151 468 1210 489 co-

226 507 397 552 gnoscetis
432 513 576 550 patrem.
629 505 669 539 ln
706 507 767 540 illo
801 507 857 540 die
890 507 1030 552 petetis;
1069 507 1210 550 cognito

227 560 295 591 iam
321 556 517 601 Evangelio
551 557 587 590 in
618 569 696 591 meo
721 558 866 591 nomine
891 558 1032 602 petetis,
1068 558 1211 596 scilicet,

226 611 294 642 iam
322 610 461 652 cognito
485 606 679 652 Evangelio
704 608 915 650 didiceritis,
950 610 1044 655 quod
1059 611 1110 642 'sit
1133 608 1211 642 osfi-

225 673 316 693 cium
339 671 467 693 meum.

324 775 375 811 Et
399 790 471 811 non
500 775 578 811 dico
602 776 719 817 cobis,
755 776 857 825 quod
876 790 940 825 ego
968 778 1117 824 rogabo.

330 861 452 905 Quid?
504 862 636 895 Annon
656 861 853 906 interpellat
874 861 1036 897 Christus
1054 875 1116 906 pro
1134 875 1214 895 sau-

228 913 308 950 ctis,
336 925 412 945 cum
435 913 663 956 supradicat:
693 912 767 955 ligo
785 914 914 956 rogaho
932 914 1090 957 patrem'.>
1144 913 1214 948 Re.-

229 965 400 1007 spundeo:
425 961 586 996 Christus
615 961 669 995 hic
691 971 815 1008 acquat
840 964 905 996 silai
931 965 1054 998 fratres
1077 977 1157 998 suns
1183 971 1215 998 et

230 1013 457 1055 cohaeredes,
493 1014 573 1058 quia
600 1011 731 1046 Christi
766 1012 961 1049 haereditas
994 1022 1042 1048 est
1069 1028 1214 1059 regnum

230 1073 260 1098 et
289 1065 533 1098 sacerdotium.
586 1063 679 1097 Sunt
702 1071 735 1098 et
758 1077 854 1106 reges
873 1073 907 1099 et
925 1068 1119 1100 sacerdotes
1135 1078 1215 1099 san-

231 1116 294 1153 cti,
328 1116 451 1148 fratres
484 1122 515 1147 et
547 1112 758 1149 cohaeredes
783 1114 926 1151 Christi.
982 1116 1091 1152 vocnt
1121 1118 1214 1150 cuim

231 1167 352 1199 fratres
379 1165 467 1199 Psal.
484 1165 597 1201 XXl.:
633 1165 792 1199 Narrabo
819 1180 948 1201 nomen
974 1174 1072 1202 tuum
1097 1168 1215 1201 fratri-

230 1219 295 1250 bus
313 1218 407 1249 meis.
460 1215 615 1249 Proinde
631 1214 714 1251 haec
732 1231 772 1251 eo
792 1219 986 1263 pertinent,
1011 1227 1050 1253 ut
1067 1220 1216 1253 sciamus

231 1276 322 1302 certo
347 1269 390 1300 :ul
415 1279 480 1300 uos
504 1267 680 1312 pertinere
703 1269 994 1314 promissionem,
1021 1283 1087 1315 qua
1112 1270 1217 1314 polli-

231 1326 344 1356 cetur,
373 1325 504 1362 patrem
521 1319 766 1353 exauditurum
783 1332 854 1353 esse
869 1328 1059 1364 precantes,
1114 1321 1216 1354 Vult-

231 1382 298 1414 que
314 1367 496 1408 Christus,
523 1381 559 1402 se
583 1382 654 1402 non
681 1371 794 1419 sol-um
811 1383 951 1413 rogare,
982 1372 1001 1404 i.
1021 1385 1048 1404 e.
1067 1372 1216 1415 promis-

232 1421 366 1453 sionem
384 1420 567 1453 sacertlotii
585 1432 656 1452 uon
673 1423 714 1452 ad
731 1421 844 1453 solum
864 1423 1056 1464 pri-tinere,
1079 1423 1137 1454 sed
1158 1433 1218 1465 per

234 1471 347 1514 ipsum
372 1472 412 1503 ad
440 1481 561 1503 omnes
585 1470 708 1504 fratres
731 1483 823 1507 suos,
879 1470 1009 1512 Porro,
1039 1484 1112 1505 eam
1133 1484 1216 1504 con-

231 1522 399 1555 ditionem
418 1533 480 1565 per
496 1521 610 1564 ipsum
627 1522 769 1561 adiecit,
797 1534 874 1554 cum
894 1523 1023 1567 iuquit:
1053 1522 1144 1565 Quia
1164 1535 1217 1555 me

231 1573 369 1605 amastis
394 1579 425 1605 et
449 1571 665 1611 credidistis,
693 1572 715 1605 i.
737 1585 765 1606 e.
792 1573 874 1617 quia
896 1574 965 1606 mei
990 1573 1113 1607 fratres
1137 1574 1216 1606 facti

231 1623 326 1663 estis;
356 1635 436 1656 narn
456 1623 521 1655 fide
539 1623 790 1665 coniungimur
807 1621 960 1658 Christo.

334 1705 379 1740 Et
396 1719 466 1740 non
487 1706 579 1739 dico:
603 1706 709 1750 Quod
727 1719 788 1750 ego
808 1709 938 1751 rogabo
954 1716 1085 1753 patrem
1103 1711 1145 1743 de
1157 1722 1218 1742 vo-

233 1760 303 1795 bis,
338 1759 358 1790 i.
385 1771 413 1793 e.
440 1759 533 1803 quod
557 1759 598 1791 ad
626 1770 679 1791 me
703 1759 816 1791 solum
839 1760 1007 1803 pertineat
1033 1761 1218 1803 promissio

233 1809 429 1843 sacerdotii.
490 1809 583 1851 Quia
618 1821 679 1842 vos
712 1823 764 1842 me
795 1811 952 1851 amastis;
985 1812 1102 1857 itaque
1127 1819 1216 1845 amat

234 1872 294 1893 vos
321 1867 462 1904 propter
487 1873 557 1899 we.
586 1872 657 1893 non
684 1868 828 1904 propter
851 1863 975 1896 merita
993 1869 1118 1897 vestra.
1174 1861 1218 1896 Et

234 1911 450 1949 credidistis„
488 1911 568 1955 quia
600 1923 617 1943 a
651 1911 728 1945 Deo
763 1912 871 1952 exivi,
907 1914 928 1947 i.
953 1925 981 1946 e.
1012 1914 1220 1954 credidistis,

234 1963 326 2007 quod
352 1961 479 1994 missus
497 1973 573 1993 sum
590 1962 633 1994 ad
652 1962 839 1995 salvandos
856 1975 924 1996 vos.
981 1963 1091 1997 Porro
1104 1992 1112 2003 ,
1145 1977 1218 1997 crc-

234 2015 315 2045 dere
340 2009 520 2046 Christum
547 2013 593 2045 ita
622 2012 766 2045 missum
793 2026 882 2053 csse,
917 2021 965 2047 cst
992 2012 1084 2050 haud
1112 2007 1219 2048 ‹liihie

234 2063 381 2102 sentire,
406 2063 624 2096 solunintem
640 2064 752 2109 patris
769 2076 859 2105 esse,
887 2066 1063 2099 remittere
1083 2074 1219 2111 peccata

234 2121 375 2158 propter
385 2112 577 2147 Christum.
620 2113 721 2147 Nunc
737 2115 877 2155 scimus,
898 2118 991 2161 quod
1010 2118 1075 2150 scis
1091 2118 1221 2159 omnia,

235 2174 263 2199 et
290 2178 362 2199 nou
385 2176 472 2208 opus
497 2172 545 2198 est
572 2165 634 2199 tibi
655 2173 739 2206 etc..
772 2168 866 2211 quod
893 2170 1119 2202 anteverteris
1144 2181 1221 2210 nos,

234 2229 311 2249 cum
332 2216 500 2249 vellemus
520 2216 733 2261 interrogare
753 2225 814 2252 etc.

400 2330 515 2367 Modo
539 2331 703 2374 credilis,
736 2345 806 2367 cccc
830 2334 921 2367 veni!
946 2331 1053 2374 hura.

236 2420 268 2451 id
289 2426 334 2452 est
348 2447 356 2458 ,
384 2419 493 2451 nolite
509 2418 613 2451 fidcrc
631 2419 695 2453 isto
715 2426 828 2452 vestro
848 2420 974 2453 rolmrc
992 2429 1054 2456 ctr.

337 2484 380 2520 Et
414 2498 485 2517 nnn
516 2498 592 2518 sum
624 2486 735 2523 sotus,
773 2487 854 2531 quia
881 2494 1134 2530 paterinorum
1161 2499 1221 2527 cst,

235 2537 374 2577 stitit-et,
401 2549 602 2582 quanquam
623 2537 801 2571 xiclrluitur
820 2550 873 2571 mc
892 2539 1083 2584 reliquisse.
1120 2539 1164 2574 l't
1185 2542 1219 2574 iu

234 2601 289 2619 me
308 2601 424 2632 parom
446 2585 621 2627 habeatis,
650 2589 722 2624 sril.
741 2597 861 2623 contra
879 2592 1082 2625 scandalum
1097 2593 1220 2627 crucis.

797 67 921 104 pun..
950 65 1066 103 MEL.
1093 64 1303 102 SCRIPTA
1332 39 1632 105 ExssGETmA.

370 203 484 248 Atque
514 201 578 236 hoc
610 210 658 236 est
692 216 770 236 vere
801 215 901 236 nosse
932 211 1080 247 patrem,
1115 215 1204 248 quo-
1232 208 1234 225 ἱ

2146 77 2242 113 1204

1596 181 1731 234 Caput
1766 183 1907 225 xvll.

1576 259 1687 296 Pater
1711 265 1804 299 venit
1827 262 1934 308 hora,

1261 330 1409 372 scilicet,
1444 343 1522 364 cum
1549 332 1704 366 mundus
1728 333 1908 368 damnabit
1933 346 2002 368 me.
2068 334 2247 371 Hactenus

1263 382 1383 415 multis
1405 382 1586 415 miraculis
1609 383 1655 415 ita
1678 383 1876 425 glorificasti
1901 397 1973 424 me,
1997 392 2034 419 ut
2050 388 2174 421 mundi
2193 388 2248 421 iu-

1263 432 1393 465 dicium
1421 434 1702 476 redargueretur.
1762 433 1865 467 Nunc
1886 435 1967 480 quia
1993 437 2141 471 videbor
2164 439 2247 471 reli-

1264 490 1338 516 ctus
1361 495 1432 516 esse
1451 495 1469 516 a
1487 490 1519 516 te
1536 490 1575 517 ut
1591 483 1790 526 crucifigar,
1817 497 1942 529 quaeso
1961 498 2081 522 rursus
2098 489 2248 522 clarifica

1264 546 1339 574 me,
1373 541 1411 568 ut
1435 534 1588 567 vicissim
1610 541 1670 568 tua
1695 535 1806 577 gloria
1831 535 1944 579 palam
1967 537 2041 576 flat,
2069 540 2151 584 quia
2177 551 2249 572 non

1264 592 1377 630 potest
1402 592 1500 628 pater
1517 585 1723 628 glorificari,
1749 585 1818 618 nisi
1836 583 1902 619 hoc
1918 585 1983 619 filii
1999 590 2115 623 verbo.
2168 589 2251 624 Cla-

1265 635 1360 669 rifica
1385 636 1497 669 filium
1523 643 1643 676 tuum,
1671 636 1693 671 i.
1712 648 1739 670 e.
1762 636 1832 669 iam
1850 636 2058 671 morientem
2075 641 2252 681 resuscita,

1266 693 1305 720 ut
1328 686 1421 720 filius
1445 693 1526 720 tuus
1547 687 1712 720 clarificet
1736 695 1786 726 te,
1812 687 1848 720 id
1875 693 1943 728 est,
1967 694 2007 722 ut
2029 700 2176 734 regnum
2195 702 2251 723 ac-

1267 750 1402 782 cipiam.

1484 819 1536 855 Ut
1554 819 1667 865 filius
1691 825 1774 854 tuus
1799 819 1972 866 clarificet
1997 827 2040 858 le.

1372 885 1521 920 Duobus
1549 888 1763 930 argumentis
1791 887 1916 924 utitur.
1975 888 2079 922 Prius
2108 897 2177 928 est,
2217 897 2256 924 ut

1268 937 1361 971 filius
1389 938 1552 972 clarificet
1576 945 1628 977 te,
1662 939 1684 971 i.
1701 951 1730 972 e.
1750 945 1791 972 ut
1812 939 2015 973 inclarescat
2041 939 2152 983 gloria
2175 939 2254 976 Dei.

1268 990 1385 1034 Atque
1411 989 1492 1022 ideo
1518 996 1680 1022 causatur
1703 987 1770 1022 hoc
1791 999 2052 1033 argumentum,
2075 997 2114 1024 ut
2129 991 2256 1024 confin-

1269 1047 1339 1073 met
1367 1040 1598 1075 conscientias
1620 1047 1820 1074 sanctorum
1844 1042 2012 1075 adversus
2039 1041 2256 1083 scandalum,

1269 1091 1418 1132 scilicet,
1447 1098 1488 1125 ut
1512 1103 1556 1124 ne
1577 1091 1757 1131 dubitent,
1784 1091 1871 1136 quin
1889 1090 1984 1125 Deus
2000 1091 2257 1135 glorificaturus

1271 1142 1315 1176 sit
1334 1153 1474 1175 nomem
1499 1154 1620 1182 suum,
1647 1141 1784 1176 tametsi
1811 1154 1905 1176 nunc
1927 1142 2142 1183 dissimulet,
2170 1143 2256 1176 tole-

1270 1200 1323 1227 rat
1360 1191 1654 1237 blasphemantes.
1724 1191 1888 1227 Alterum
1918 1200 2165 1238 argumentum
2196 1200 2258 1234 est,

1270 1251 1310 1278 ut
1341 1244 1421 1277 ideo
1450 1244 1639 1287 glorificet,
1677 1256 1720 1277 ne
1750 1256 1816 1277 nos
1840 1256 2044 1288 pereamus,
2079 1251 2259 1290 tantopere

1271 1296 1343 1329 sitit
1365 1295 1514 1329 salutem
1542 1301 1698 1328 nostram
1721 1293 1893 1329 Christus.
1958 1294 2030 1329 Iam
2055 1302 2089 1329 et
2111 1293 2178 1329 hoc
2203 1295 2259 1329 in-

1270 1346 1363 1378 dicat
1395 1347 1575 1390 quomodo
1599 1346 1644 1379 sit
1668 1346 1938 1388 glorificandus,
1973 1357 2098 1390 nempe
2121 1346 2188 1386 sic,
2220 1353 2259 1380 ut

1270 1395 1418 1439 accipiat
1447 1406 1611 1438 regnum,
1643 1396 1864 1440 vivificetque
1897 1409 2036 1434 omnes,
2071 1408 2159 1441 quos
2190 1397 2258 1430 sibi

1271 1447 1368 1479 dedit
1399 1452 1509 1490 pater.
1570 1445 1669 1479 Sicut
1701 1446 1826 1479 dedisti
1855 1447 1886 1480 ei
1908 1453 2113 1491 potestatem
2142 1447 2258 1481 omnis

1272 1496 1406 1534 carnis,
1434 1496 1458 1529 i.
1478 1507 1505 1528 e.
1530 1496 1649 1529 omnia
1666 1497 1845 1529 subiecisti
1864 1497 1928 1530 sub
1946 1497 2095 1541 pedibus
2111 1497 2202 1537 eius,
2226 1504 2260 1532 et

1272 1547 1384 1581 fecisti
1408 1543 1606 1580 haeredem.
1659 1547 1708 1582 Ut
1732 1548 1789 1580 det
1813 1547 1921 1580 vitam
1945 1555 2120 1581 aeternam
2143 1548 2260 1582 omni-

1272 1599 1356 1637 bus,
1385 1609 1473 1643 quos
1498 1598 1624 1631 dedisti
1650 1598 1697 1637 ei,
1725 1598 1747 1631 i.
1765 1610 1794 1631 e.
1817 1605 1856 1632 ut
1879 1598 2033 1633 vivificet
2056 1599 2162 1632 corda
2180 1610 2262 1633 suo-

1272 1661 1348 1683 rum
1364 1656 1578 1682 sanctorum.

1461 1732 1562 1767 Haec
1587 1738 1637 1767 est
1666 1738 1786 1767 aulem
1815 1733 1889 1767 vita
1913 1738 2076 1769 aeterna.

1375 1800 1472 1844 Quid
1490 1801 1640 1840 iusticia,
1663 1801 1747 1846 quid
1767 1801 1837 1834 vita
1851 1807 1991 1835 aeterna
2003 1800 2058 1842 sit,
2079 1797 2264 1835 hicEvan-

1272 1853 1352 1897 getii
1376 1852 1472 1886 locus
1491 1852 1694 1897 planissime
1713 1852 1866 1897 exponit.
1920 1849 1983 1885 Est
1999 1859 2115 1886 autem
2133 1863 2263 1895 cogno-

1272 1915 1365 1938 scere
1384 1902 1497 1937 Deum
1520 1915 1581 1948 per
1596 1901 1791 1937 Christum.
1844 1901 2064 1947 Cognoscere
2088 1914 2171 1936 vero
2187 1914 2262 1936 cre-

1274 1956 1357 1988 dere
1387 1962 1455 1995 est,
1489 1954 1584 1988 iuxta
1618 1954 1705 1987 illud
1734 1953 1858 1988 Esaiae
1877 1952 1959 1987 lll.:
1994 1951 2159 1997 Cognitio
2189 1953 2264 1986 eius

1274 2005 1423 2040 salvabit
1447 2005 1587 2038 multos.
1642 2004 1702 2038 Est
1727 2004 1834 2048 igitur
1852 2004 1926 2048 ipsa
1944 2003 2014 2037 vita
2030 2011 2170 2037 aeterna
2188 2015 2265 2037 cre—

1273 2058 1370 2095 dere,
1400 2056 1494 2101 quod
1512 2055 1607 2088 Deus
1629 2055 1739 2089 nostri
1759 2055 1923 2088 misertus
1939 2054 1982 2088 sit
2002 2061 2145 2099 propter
2156 2051 2265 2088 Chri-

1273 2115 1386 2147 stum,
1420 2113 1451 2140 et
1484 2107 1590 2140 fidere
1614 2105 1701 2139 Deo.
1756 2105 1863 2140 Ratio
1896 2105 2020 2145 sentit,
2055 2116 2110 2139 res
2140 2115 2263 2139 omncs

1274 2158 1419 2193 fortuito
1448 2157 1551 2196 ferri,
1585 2169 1699 2203 neque
1724 2157 1910 2203 quicquam
1934 2156 2065 2200 negotii
2094 2156 2172 2191 Deo
2198 2167 2264 2190 no-

1275 2210 1409 2243 biscum
1435 2220 1528 2246 csse,
1555 2208 1634 2242 ideo
1662 2209 1797 2250 ignorat
1821 2206 1956 2245 Deum,
1985 2216 2015 2241 et
2040 2215 2169 2241 truiere
2191 2214 2261 2241 tam

1276 2262 1366 2294 hona
1384 2272 1488 2306 quam
1505 2260 1595 2292 mala
1614 2260 1743 2294 iudicat
1760 2259 1925 2293 accidere.
1968 2257 2062 2291 Mala
2082 2258 2261 2292 conscien-

1277 2313 1321 2346 ti..
1357 2319 1387 2345 et
1422 2311 1576 2344 sentiens
1607 2310 1776 2343 iudicium
1801 2309 1886 2348 Dei.
1921 2307 2034 2342 Deum
2066 2322 2128 2354 pro
2160 2320 2263 2342 saevo

1277 2364 1391 2396 indict=
1416 2370 1551 2395 tantum
1579 2359 1702 2400 hahet,
1730 2369 1759 2395 vt
1786 2373 1864 2394 cum
1889 2360 2010 2403 ini-ipit
2035 2360 2101 2392 silvi
2118 2360 2269 2405 mederi,

1276 2415 1411 2458 placare.
1431 2413 1545 2446 Deum
1571 2420 1719 2446 comitur
1742 2413 1908 2456 operibus
1927 2410 1980 2452 ¹),
2009 2423 2120 2455 neque
2144 2417 2261 2443 tamen

1276 2477 1431 2510 uuquam
1481 2465 1634 2508 parificat
1680 2462 1950 2498 conscientiam.
1999 2474 2136 2504 semper
2175 2461 2261 2495 odit.

1275 2529 1411 2561 semper
1434 2515 1521 2559 sugit
1538 2514 1670 2554 Deum,
1700 2527 1770 2547 nou
1794 2514 1866 2547 fidit
1889 2526 1947 2550 co.
1975 2511 2065 2546 nihil
2083 2514 2127 2546 ab
2146 2525 2185 2546 eo
2204 2524 2261 2544 cx-

1312 2660 1338 2684 t)
1359 2662 1443 2684 Scri-t·
1473 2660 1582 2689 npu'but.
