2409 2915
257 86 273 121 t
283 83 353 120 107

256 169 412 214 cogimur
439 168 583 201 obedire
606 165 834 206 vocantibus,
861 179 906 200 ne
930 167 1016 212 quid
1039 167 1146 201 stulto
1171 167 1244 200 zelo

844 80 971 117 PHtL.
1002 56 1119 117 Mssn
1147 79 1359 118 semem
1385 80 1686 120 ExEGETch.

2185 86 2286 125 2108

1299 169 1355 202 isti
1374 181 1446 203 non
1464 170 1601 213 legunt3
1629 181 1694 204 nos
1711 180 1832 203 sumus
1849 169 2084 213 intelligentes
2101 170 2284 211 libertatis,

256 227 447 259 tentemus,
475 219 564 252 sicut
580 217 667 252 Saul
693 216 821 250 invasit
839 215 1070 255 Gabaonitas.
1121 217 1166 251 Et
1188 215 1246 251 hic
1270 210 1273 273 1
1298 220 1350 253 illi
1374 232 1448 254 non
1470 228 1568 262 sunt;
1600 232 1681 264 ergo
1707 232 1772 254 nos
1795 232 1915 255 sumus
1939 221 2005 254 filii
2023 219 2108 254 Dei:
2136 233 2216 255 cum
2233 228 2284 256 ta-

254 269 417 306 Christus
437 275 594 314 expectat
613 268 843 302 vocationem.

511 366 739 403 Iudaeorum
763 367 990 415 scenopegia.

358 447 542 481 Secundus
559 447 656 479 locus
671 443 777 479 buius
794 445 928 489 capitis,
982 444 1095 482 Levit.
1112 445 1245 479 XXIII.

257 498 468 532 describitur
491 498 618 530 festum
644 497 971 537 tabernaculorum,
995 504 1033 530 ut
1051 497 1095 531 sit
1112 509 1245 530 memo-

256 550 342 583 riale
366 548 594 593 profectionis
615 559 654 580 ex
679 547 858 592 Aegypm,
882 559 961 580 cum
987 548 1023 580 in
1047 549 1183 582 deserto
1208 549 1244 580 in

257 599 484 635 tabernaculo
517 598 664 632 servarit
694 609 751 631 eos
779 597 962 638 dominus,
997 599 1033 632 in
1063 611 1132 644 quo
1160 606 1245 643 typo

257 652 409 696 primum
427 650 732 695 consyderandum
751 655 819 687 est,
847 649 1032 683 dominum
1054 650 1089 682 in
1108 647 1173 682 hoc
1190 650 1246 681 in-

257 702 409 736 stituisse
438 706 667 734 monumenta
695 699 892 733 eductionis
922 712 962 733 ex
994 699 1174 745 Aegypto,
1207 707 1246 733 ut

257 759 394 786 revocet
429 752 466 784 in
499 750 706 783 memoriam
735 750 984 794 promissiones
1009 752 1169 795 patribus
1192 751 1245 783 fa-

257 811 339 837 ctas.
401 800 564 836 Abrahae
597 808 687 834 terra
709 801 880 845 promissa
906 809 954 834 cst
979 808 1011 834 et
1034 813 1171 842 semen,
1208 801 1245 834 in

257 867 326 900 quo
357 854 654 887 benedicerentur
685 864 807 885 omnes
836 859 968 894 gentes.
1028 853 1131 885 Iacob
1164 864 1245 894 pro-

257 958 369 989 donec
402 955 557 994 veniret,
595 954 654 998 qui
685 954 730 986 sit
763 953 954 996 expectatio
980 953 1150 996 gentium.

257 1004 325 1040 hoc
357 1006 510 1050 populus
541 1004 671 1048 accepit
698 1011 846 1044 terram,
880 1010 918 1037 ut
942 1011 1137 1048 expectaret
1164 1017 1247 1049 pro-

1270 276 1273 381 ·
1297 283 1378 304 men
1396 269 1456 306 hic
1472 272 1596 305 fratres
1611 271 1756 308 reiiciat.

1400 345 1452 381 Ut
1478 351 1509 380 et
1533 345 1710 394 discipuli
1730 347 1788 381 lui
1809 345 1955 381 videant
1979 358 2088 395 opera
2108 351 2184 382 lua.

1401 405 1492 439 Vide
1516 407 1646 452 quibus
1670 405 1841 441 machinis
1865 414 2069 452 oppugnent
2092 405 2286 443 Christum.

1296 456 1456 490 Primum
1490 458 1585 502 quod
1619 457 1748 492 referat
1771 459 2047 502 discipulorum,
2082 465 2120 491 ut
2142 458 2285 492 illorum

1297 507 1382 541 fides
1407 508 1668 542 confortaretur
1691 509 1830 552 publica
1848 506 1980 543 Christi
2006 509 2136 553 gloria;
2160 520 2285 543 secun-

1270 546 1273 577 Ξ
1298 559 1362 597 do,
1390 559 1417 592 si
1443 559 1521 591 fidis
1544 559 1703 600 veritati,
1731 571 1793 592 cur
1817 571 1890 592 non
1914 560 2078 603 producis
2094 560 2130 592 in
2149 559 2288 593 lucem?

1271 648 1273 653 Ι
1298 609 1393 642 iuxta
1417 609 1505 643 illud
1525 611 1618 655 quod
1637 621 1743 654 supra
1761 610 1894 643 dictum
1912 617 1978 644 est:
2008 609 2080 653 Qui
2097 610 2178 644 facit
2195 609 2287 643 veri-

1270 691 1273 706 ,
1299 667 1402 694 tatem
1435 661 1531 694 venit
1562 661 1603 694 ad
1637 661 1761 694 lucem.

1270 710 1273 726 ³
1299 711 1411 744 causis
1433 723 1506 744 non
1530 712 1645 745 rudiat
1661 711 1692 755 ⁵)
1708 709 1889 749 Christus,
1916 712 1999 757 quia
2016 711 2069 744 illi
2090 712 2189 746 iustis
2205 724 2288 745 cau·

1827 659 1896 694 Hic
1923 661 2022 701 vide,
2057 673 2161 706 quam
2188 661 2288 695 iustis

2220 760 2287 796 Dei

1298 762 1344 795 sis
1366 774 1438 795 non
1462 762 1609 805 gloriam
1634 761 1700 796 Dei
1726 764 1786 796 sed
1809 775 1908 796 suam
1933 763 2159 807 quaerebant.

1271 845 1274 860 ¹
1299 813 1463 847 voluntas
1482 819 1575 851 erat,
1603 825 1674 846 non
1695 813 1882 857 glorificari
1901 814 2088 847 carnaliter
2104 811 2287 847 Christum

1272 874 1274 895 ι
1299 876 1415 897 coram
1440 865 1592 897 mundo:
1627 865 1777 898 fratrum
1805 865 1968 897 voluntas
1990 870 2080 905 erat,
2117 871 2155 898 ut
2178 863 2288 908 glori-

257 903 434 949 phetavit,
462 904 537 937 sore
562 910 600 937 ut
621 915 693 935 non
711 904 888 936 auferetur
904 908 1078 946 sceptrum
1098 904 1141 936 de
1160 902 1245 936 Iuda
1272 911 1275 944 ς
1299 914 1462 948 ficaretur
1487 915 1685 950 carnaliter,

1205 952 1246 986 1¹¹
1272 994 1275 1022 1
1300 964 1534 999 voluntasDei
1547 967 1724 1010 sequenda
1737 973 1798 1006 est,
1817 965 1992 1009 sicutipse
2004 963 2288 1000 testaturMauh‚

1741 914 1790 948 lta
1817 927 1887 947 non
1916 926 2017 948 causa
2037 915 2200 955 nonius,
2227 915 2287 948 sed

1298 1015 1450 1051 XXVL:
1479 1017 1536 1049 An
1563 1023 1680 1059 putas,
1708 1018 1802 1062 quod
1828 1029 1900 1050 non
1925 1028 2066 1060 possum
2088 1028 2209 1061 rogare
2227 1028 2288 1060 pa-

256 1057 402 1091 missum
421 1054 602 1089 Christum
629 1066 668 1087 ex
694 1055 826 1087 semiue
850 1067 926 1089 suo,
980 1054 1062 1089 ldeo
1085 1067 1164 1088 cum
1183 1056 1247 1089 ad·-
1272 1067 1275 1099 ᾗ
1299 1074 1410 1108 trem,
1443 1074 1482 1101 ut
1508 1065 1669 1101 exhibeat
1691 1065 1780 1100 mihi
1804 1075 1885 1107 cm,
1913 1068 2091 1113 quomodo
2117 1079 2198 1112 ergo
2223 1069 2289 1100 im,

255 1114 448 1141 monentur
469 1106 698 1150 profectionis
721 1118 761 1139 ex
780 1104 939 1151 Aegypto
956 1103 1022 1139 hoc
1040 1113 1246 1140 monentur:
1272 1102 1275 1133 ἕ
1300 1118 1481 1163 phu-entur
1497 1118 1716 1163 scripturae?

255 1157 364 1198 Ecce,
392 1158 429 1190 in
454 1155 545 1191 hanc
571 1163 700 1190 terram
724 1157 821 1190 missi
850 1157 950 1197 estis,
978 1156 1039 1190 ubi
1063 1158 1167 1191 duret
1192 1169 1245 1190 re-

254 1222 362 1255 gnum
385 1209 498 1242 donec
515 1207 632 1241 veniet
649 1205 829 1247 Christus,
857 1207 918 1253 qui
934 1208 1043 1241 salvet
1061 1220 1134 1242 vos.
1189 1207 1248 1242 Sic

255 1269 325 1297 tota
361 1262 414 1295 lex
445 1266 478 1293 et
509 1271 630 1293 omnes
654 1259 871 1292 ceremoniae
896 1266 977 1292 sunt
1007 1259 1042 1292 in
1065 1257 1246 1293 Christum

254 1314 417 1348 directae.
454 1310 648 1346 Promissio
662 1317 748 1350 erat,
766 1310 925 1343 futurum
940 1317 977 1344 ut
993 1310 1247 1343 benedicentur

254 1376 375 1399 omnes
399 1371 529 1407 gentes.
584 1360 656 1395 Lex
683 1362 762 1393 data
788 1368 856 1396 est.
890 1372 979 1404 quae
1001 1372 1075 1393 non
1100 1361 1247 1393 benedi—

254 1417 353 1449 cebat
378 1416 437 1447 sed
463 1413 713 1451 maledicebat,
741 1423 849 1455 quare
873 1411 947 1454 ipsa
972 1411 1027 1444 lex
1052 1423 1124 1443 non
1145 1417 1195 1444 est
1211 1411 1246 1443 id

256 1467 422 1505 verbum,
452 1477 523 1509 quo
551 1463 760 1497 benedictus
781 1462 824 1495 sit
852 1461 968 1495 Israel.
1022 1459 1117 1504 Ergo
1140 1469 1249 1495 resta-

256 1518 315 1551 bat
338 1517 434 1549 aliud
460 1516 618 1549 verbum.
674 1513 744 1547 lam
771 1510 838 1547 hoc
854 1524 995 1557 quoque
1013 1512 1248 1555 significatum

256 1575 324 1605 est,
354 1567 447 1611 quod
473 1566 555 1610 quia
575 1562 690 1598 adhuc
711 1563 947 1598 tabernaculis
964 1564 1133 1596 utendum
1151 1569 1249 1601 esset,
1275 1590 1277 1600 1

256 1619 415 1651 noudum
455 1616 669 1659 accepissent
704 1614 974 1659 promissionem
1009 1613 1166 1656 patribus
1197 1613 1249 1646 fa-

257 1678 362 1704 ctam:
399 1669 487 1701 sicut
516 1669 559 1700 ad
587 1666 767 1700 Hebraeos
797 1668 839 1699 de
864 1665 1080 1699 sabbatismo
1103 1671 1135 1698 et
1160 1671 1251 1698 terra

258 1720 426 1765 promissa
446 1719 656 1763 disputatur.

396 1819 540 1855 Transi
562 1817 648 1853 hinc
672 1824 702 1853 el
729 1816 819 1853 vade
845 1819 883 1852 in
910 1817 1103 1857 Iudaeam.

358 1898 502 1935 Tertius
526 1895 632 1931 huius
655 1896 776 1940 capitis
793 1897 889 1929 locus
907 1903 975 1934 est,
1003 1908 1143 1929 carnem
1162 1895 1251 1929 velle

256 1953 444 1998 glorificari
474 1947 682 1987 carnaliter,
725 1959 795 1980 uon
831 1947 1005 1989 crucifigi,
1050 1954 1087 1980 ut
1121 1945 1249 1981 Mauh.

259 2003 357 2039 XVl.
383 2003 506 2037 Petrus
532 2001 664 2045 inquit:
696 1998 797 2032 Absit
822 2010 839 2030 a
866 2005 915 2036 te,
944 1998 1105 2039 domiue3
1135 2006 1167 2032 et
1188 1999 1248 2031 filii

259 2055 431 2089 Zebedaei
455 2049 584 2087 Mauh.
603 2051 697 2091 XX.,
725 2063 802 2083 cum
829 2056 946 2082 tamen
972 2056 1133 2093 oporteat
1158 2047 1250 2084 hanc
1276 2060 1277 2063 ’

260 2113 465 2141 vetustatem
498 2102 653 2146 crucifigi
681 2108 712 2135 et
738 2099 942 2139 intermori,
978 2107 1015 2133 ut
1038 2101 1149 2142 gloria
1177 2101 1251 2141 Dei,

261 2159 282 2192 i.
307 2170 334 2191 e.
362 2157 504 2201 spiritus
529 2154 755 2198 glorificetur.
812 2150 963 2194 Oportet
992 2152 1084 2184 euim
1114 2163 1177 2185 nos
1202 2152 1248 2185 si-

262 2209 361 2243 miles
386 2208 457 2241 lieri
486 2205 648 2247 imaginis
675 2201 826 2243 (jbristi,
863 2202 966 2236 l'tom.
985 2201 1080 2238 Vlll.
1116 2202 1248 2237 volunt

260 2268 375 2294 aute-m
407 2257 594 2301 glorificari
625 2255 711 2289 citra
745 2266 882 2287 crucem
918 2266 989 2286 non
1024 2253 1074 2286 illi
1100 2261 1249 2291 tantum,

261 2311 320 2355 qui
350 2311 462 2354 palam
488 2319 604 2341 coram
627 2307 761 2339 mundo
787 2305 983 2347 gloriantur
1004 2305 1192 2338 carnaliter
1207 2307 1249 2338 de

262 2374 365 2395 carue
398 2359 551 2397 Christi,
594 2365 630 2390 ut
673 2370 690 2390 a
730 2358 864 2389 mundo
908 2356 1075 2399 recipiant
1118 2369 1249 2389 merce-

262 2416 359 2452 dem,
387 2413 444 2444 sed
469 2419 499 2444 et
525 2411 566 2449 ii,
594 2409 652 2453 qui
680 2421 795 2441 coram
817 2406 891 2440 Deo
915 2407 1113 2447 gloriantur
1135 2408 1176 2439 dn·
1197 2408 1248 2440 iu-
1276 2444 1277 2450 ἵ

264 2465 372 2497 sticiis
404 2463 493 2500 suis,
527 2461 687 2494 noli-ntes
719 2458 921 2491 mortificari
956 2471 991 2490 se.
1022 2465 1052 2491 et
1079 2459 1250 2496 damnari,

264 2516 360 2559 quasi
385 2514 464 2547 iusti
492 2513 576 2546 sint:
605 2511 801 2543 cuiusmodi
828 2516 907 2541 sunt
938 2510 1007 2547 illi,
1036 2521 1123 2555 quos
1148 2508 1247 2542 loan-

266 2580 323 2598 nes
352 2567 523 2607 insta-pat:
554 2562 670 2595 Nolite
695 2562 827 2596 dicero.
858 2561 917 2592 tilii
939 2558 1101 2593 Abrahae
1117 2572 1250 2600 sumus,

265 2618 324 2651 im,
346 2629 406 2647 uo:
426 2627 544 2648 sumus
561 2614 711 2658 populus
727 2619 865 2645 sanstus
883 2609 1106 2650 christianus,
1134 2611 1250 2645 Turta

267 2681 337 2700 nnn
371 2668 465 2699 itru·⁴
504 2679 567 2698 nos
596 2665 742 2707 legimus
765 2671 798 2697 ct
819 2663 983 2697 audimus
1007 2661 1251 2706 Evangdium,

1273 1322 1276 1346 ι
1301 1317 1383 1349 prae
1405 1306 1484 1339 aliis
1506 1306 1698 1340 salventur.

1425 1192 1553 1243 Neque
1579 1195 1674 1228 enim
1691 1194 1838 1243 sralres
1863 1194 1940 1229 eius
1967 1192 2164 1230 credebant.

1402 1253 1543 1289 Scilicet
1568 1256 1655 1289 adeo
1671 1255 1769 1289 nulla
1788 1261 1837 1289 est
1855 1255 2117 1299 praerogativa,
2144 1266 2212 1300 qua
2229 1254 2290 1288 alii

1759 1306 1840 1340 Non
1865 1306 1959 1339 enim
1985 1312 2036 1340 est
2061 1317 2291 1350 personarum

1301 1357 1455 1400 acceptio
1486 1357 1578 1401 apud
1605 1356 1737 1394 Deum,
1773 1369 1845 1389 non
1873 1357 2055 1399 cognatio,
2088 1369 2160 1389 non
2186 1357 2290 1397 dona,

1301 1419 1373 1440 non
1405 1419 1530 1451 opera,
1565 1408 1623 1440 sed
1649 1407 1732 1440 fides
1757 1414 1823 1446 est,
1859 1408 1919 1451 qui
1945 1407 2118 1442 iustificat.
2184 1406 2290 1440 Notat

1301 1465 1418 1492 autem
1455 1458 1492 1490 in
1523 1457 1691 1491 fratribus
1723 1458 1844 1501 populi
1878 1458 1963 1501 legis
1993 1457 2289 1498 incredulitatem,

1274 1525 1277 1576 ι
1302 1509 1397 1541 unde
1428 1509 1602 1541 discamus
1627 1509 1788 1541 timorem
1814 1514 1847 1541 et
1871 1508 1993 1548 fidem3
2028 1508 2210 1546 timorem,
2246 1520 2291 1541 ne

1302 1566 1565 1592 contemnentes
1587 1559 1734 1591 verbum
1758 1558 1805 1591 sic
1823 1569 2061 1599 exmecemur,
2094 1565 2132 1593 ut
2149 1558 2215 1602 ipsi
2233 1571 2292 1592 ex-

1303 1610 1429 1643 caecati
1450 1617 1548 1651 sunt;
1578 1610 1702 1647 fidem,
1730 1617 1768 1642 ut
1784 1609 1998 1652 gaudeamus
2014 1610 2168 1650 credere,
2195 1610 2291 1655 quod

1303 1661 1456 1705 populus
1480 1661 1556 1694 sine
1574 1661 1743 1704 operibus
1762 1666 1922 1704 acceptus
1940 1660 1995 1695 sit.
2049 1659 2192 1694 Tractat
2207 1658 2292 1694 haec

1275 1734 1280 1769 ἱ
1302 1711 1433 1746 Paulus
1452 1713 1494 1745 ad
1514 1710 1620 1746 Rom.
1641 1710 1700 1747 lx.
1719 1718 1751 1745 et
1770 1710 1831 1744 Xl.

1276 1780 1279 1807 Σ
1492 1785 1652 1835 Tempus
1677 1799 1794 1821 meum
1820 1784 1984 1822 nondum
2009 1785 2115 1823 cenil.

1276 1851 1279 1878 i
1407 1846 1565 1892 Tempus
1589 1859 1728 1885 meum,
1761 1847 1893 1881 scilicet
1920 1859 1989 1892 quo
2017 1845 2191 1890 glorificer
2211 1852 2293 1881 aute

1276 1886 1279 1945 ἶ
1304 1910 1454 1933 crucem.
1509 1897 1665 1940 Tempus
1688 1904 1804 1932 autem
1831 1904 1984 1932 vestrum
2011 1909 2149 1941 semper
2166 1903 2215 1930 est
2233 1909 2294 1941 pa-

1304 1957 1440 1989 ratum,
1474 1949 1604 1982 scilicet
1638 1949 1697 1994 qui
1727 1949 1876 1991 gloriam
1901 1949 2095 1982 secundum
2118 1947 2293 1982 mundum

1303 2001 1482 2046 quaeritis.
1502 2022 1549 2028 -—
1589 2000 1668 2033 Non
1689 2000 1783 2032 euim
1801 2006 1916 2044 potest
1935 2000 2090 2032 mundus
2106 2005 2182 2036 etc..
2210 1998 2293 2044 quia

1302 2052 1448 2086 studetis
1478 2051 1614 2095 placere
1638 2051 1787 2084 muiido.
1849 2049 1932 2084 Filii
1956 2048 2021 2083 Dei
2044 2061 2116 2082 non
2139 2049 2207 2082 nisi
2232 2061 2294 2094 per

1303 2115 1440 2137 crucem
1459 2102 1712 2145 glorificantur.
1768 2100 1851 2134 Ideo
1867 2098 2031 2135 Christus
2047 2107 2160 2143 negat,
2189 2112 2293 2134 suum

1275 2185 1278 2194 ,
1303 2161 1440 2198 tempus
1459 2155 1591 2187 adesse.
1646 2152 1752 2187 Rom.
1771 2150 1884 2187 Villa
1913 2148 2133 2186 l‘oliaeredes
2147 2149 2295 2192 Christi,

1303 2206 1329 2239 si
1348 2207 1452 2238 modo
1471 2204 1716 2248 compatimur.
1755 2201 1802 2237 Et
1819 2203 1917 2236 alias:
1947 2202 2018 2243 Qui
2034 2202 2124 2235 volet
2137 2202 2291 2236 animam

1303 2269 1400 2290 suam
1427 2257 1581 2294 salvare,
1611 2256 1731 2299 perdet
1756 2266 1842 2289 eam.
1898 2253 1979 2287 Filii
2006 2253 2130 2287 muudi
2157 2253 2292 2297 glorifi-

1303 2315 1428 2341 cantur
1459 2308 1534 2341 siue
1567 2319 1686 2346 cruce,
1723 2306 1799 2339 ideo
1835 2312 1970 2349 tempus
2002 2316 2124 2338 eorum
2156 2315 2292 2348 semper

1303 2361 1411 2394 adest.

1511 2434 1612 2483 Quia
1637 2446 1743 2483 opera
1765 2433 1841 2468 eius
1862 2429 1966 2466 mala
1988 2436 2082 2465 sunl.

1407 2495 1473 2530 llic
1511 2497 1653 2530 damnat
1684 2492 1845 2530 Christus
1877 2503 1983 2536 opera
2015 2491 2151 2525 mundi.
2221 2489 2290 2526 Sed

1305 2549 1485 2594 quomodo
1508 2548 1682 2581 muudum
1709 2545 1832 2579 vocat?
1859 2542 1995 2577 Omnes
2013 2555 2087 2582 cos,
2115 2541 2290 2589 quierant

1339 2676 1368 2698 t»)
1389 2675 1455 2700 rub.
1478 2675 1602 2700 nudent.
1622 2676 1648 2697 ct
1666 2673 1755 2697 addo:
1775 2672 1912 2704 utor-iuri.
