2409 2915
257 107 306 143 47

360 185 578 222 Nominatim
612 192 695 214 vero
723 178 826 212 dicit:
865 173 1013 210 Perculi
1033 172 1249 208 subsanna-

262 247 373 280 tores,
406 239 443 272 id
470 243 540 274 est,
577 231 740 267 atrociter
770 229 1038 273 delinquentes,
1072 225 1134 271 qui
1168 234 1248 257 cum

262 301 396 338 poenae
423 287 654 322 differantur,
681 279 858 325 Epicureo
880 284 1061 313 contemtu
1087 275 1251 309 derident

262 339 540 377 admonitiones,
567 340 603 368 et
627 333 719 367 fiunt
742 330 966 368 furiosiores,
999 334 1040 362 ut
1066 338 1179 372 poena
1208 324 1253 358 sit

264 389 502 436 conspectior,
527 391 566 421 ut
582 383 731 418 dicitur:

556 435 715 463 Tolluntur
738 432 767 459 in
790 431 900 467 altum,

433 489 474 519 Ut
496 488 580 526 lapsu
604 485 737 524 graviore
760 487 856 510 ruant.

367 541 488 575 Altera
504 549 586 586 pars
602 535 704 570 dicti:
732 531 915 567 Correctio
932 531 1025 575 apud
1044 529 1254 574 prudentem

264 600 366 637 auget
392 590 594 628 scientiam,
627 585 801 629 significat
832 595 906 616 non
930 593 1053 615 omnes
1076 577 1256 613 emendari

266 643 434 687 exemplis
459 637 747 681 castigationum,
773 634 833 667 sed
859 633 1017 678 aliquos,
1044 643 1117 664 non
1142 629 1256 663 surio—

266 707 342 735 sos,
370 693 430 738 qui
449 691 600 726 audiunt
614 685 898 725 admonitiones,
928 691 959 718 et
977 682 1103 716 moniti
1121 681 1256 715 obtem—

265 751 398 791 perant.

629 846 767 899 Caput
794 845 894 885 XX.

321 935 454 970 Aurem
476 930 682 966 audientem
709 933 740 962 et
762 925 907 961 oculum
927 921 1122 963 videntem,
1152 921 1261 956 Deus

365 984 465 1034 facil
488 977 679 1028 utrunque.

375 1063 414 1096 ln
437 1058 692 1106 gubernatione
724 1053 818 1088 felici
847 1051 930 1084 haec
955 1051 1026 1084 duo
1053 1060 1261 1083 concurrere

272 1121 429 1160 oportet:
472 1111 573 1144 Bona
607 1106 756 1142 consilia
790 1101 1085 1146 gubernantium,
1119 1107 1152 1134 et
1177 1100 1261 1132 obe-

271 1165 442 1201 dientiam
460 1160 595 1207 populi.
644 1156 689 1192 Et
707 1163 887 1199 utrunque
905 1152 991 1185 dicit
1009 1151 1179 1186 Salomon
1198 1151 1262 1183 do-

272 1215 432 1251 numDei
454 1224 536 1246 esse.
591 1208 657 1249 Ut,
688 1205 852 1240 ieremias
873 1210 947 1237 erat
963 1204 1078 1237 bonus
1094 1201 1261 1241 monitor,

271 1269 331 1302 sed
356 1277 428 1299 non
454 1262 606 1297 babebat
635 1270 752 1303 regem
776 1252 987 1289 Zedechiam
1012 1255 1263 1297 obtemperan-

273 1327 360 1358 tem,
394 1316 473 1349 ideo
505 1311 752 1355 Hierosolyma
787 1307 900 1340 deleta
935 1312 996 1340 est.
1048 1303 1174 1338 Esaiae
1198 1303 1262 1336 ob-

273 1367 492 1413 temperabat
523 1359 712 1401 Ezechias,
767 1358 846 1391 ideo
881 1356 1004 1390 civitas
1034 1362 1168 1389 servata
1203 1361 1263 1389 est.

274 1419 370 1454 Haec
386 1424 435 1451 est
456 1413 662 1460 principalis
681 1409 854 1444 sententia
869 1405 977 1441 huius
995 1406 1190 1441 dulcissimi
1208 1405 1264 1438 di-

274 1471 336 1505 cti:
369 1469 499 1503 Aurem
514 1465 714 1499 audientem
736 1468 769 1495 et
784 1459 928 1493 oculum
949 1458 1141 1495 videntem,
1168 1455 1263 1490 Deus

274 1522 357 1555 facit
374 1527 566 1562 utrunque.

378 1570 503 1604 Monet
529 1573 661 1605 autem,
688 1575 762 1597 non
785 1561 898 1595 solum
922 1560 1091 1604 sapientia
1108 1556 1264 1592 bumana

277 1623 348 1666 regi
380 1620 522 1666 politias
547 1624 579 1650 et
606 1613 847 1652 oeconomiam,
883 1612 942 1644 sed
971 1611 1161 1655 petendum
1194 1620 1266 1642 esse

275 1673 448 1708 auxilium
465 1668 531 1701 Dei
547 1675 580 1700 et
600 1667 637 1698 in
654 1665 772 1697 dando
789 1662 956 1700 consilio,
985 1669 1016 1694 et
1034 1661 1071 1693 in
1087 1659 1266 1693 flectendis

277 1720 520 1757 voluntatibus
543 1715 729 1749 hominum
754 1713 796 1745 ad
817 1710 1076 1747 obedientiam,
1105 1716 1137 1742 et
1159 1711 1195 1740 in
1212 1720 1267 1740 re-

277 1774 399 1819 gendis
416 1768 616 1807 eventibus,
643 1765 733 1798 sicut
751 1761 915 1796 Ieremias
931 1760 1064 1805 inquit:
1093 1759 1173 1793 Scio
1194 1757 1267 1792 Do-

279 1826 373 1859 mine
390 1821 485 1868 quod
514 1830 586 1851 non
604 1822 654 1850 est
668 1813 824 1847 hominis
843 1811 897 1844 via
915 1812 1000 1845 eius.
1056 1809 1160 1843 Item:
1191 1808 1267 1842 Nisi

279 1875 454 1909 Dominus
472 1866 707 1904 aedificaverit
723 1865 881 1897 domum.
918 1862 1024 1895 Item:
1050 1860 1267 1894 Commenda

280 1928 358 1961 Deo
376 1925 467 1956 viam
485 1929 599 1958 tuam,
627 1925 659 1951 et
675 1927 773 1960 spera
794 1915 829 1947 in
847 1925 945 1953 eum,
972 1919 1004 1945 et
1024 1912 1096 1955 ipse
1117 1911 1228 1944 saciet.

381 1974 569 2009 Caeterum
585 1977 618 2002 et
636 1968 768 2001 dictum
788 1963 990 1999 Salomonis
1017 1963 1051 1995 in
1070 1974 1195 2006 genere
1213 1973 1269 1994 ac-

280 2024 578 2063 commodandum
605 2027 654 2053 est
672 2019 713 2051 ad
732 2027 854 2050 omnes
881 2014 1087 2047 excellentes
1111 2013 1271 2052 artifices,

281 2089 433 2125 quorum
452 2080 587 2108 mentes
605 2069 793 2103 inveniunt
819 2074 851 2100 et
870 2063 1143 2109 deprehendunt
1161 2064 1271 2097 multa

282 2132 318 2163 in
339 2128 471 2162 artibus
487 2123 679 2159 divinitus,
708 2131 795 2164 quae
814 2117 874 2150 alii
893 2128 965 2149 non
987 2122 1155 2152 cernunt,
1184 2115 1273 2147 sicut

282 2183 318 2213 in
337 2177 489 2213 Daniele
506 2175 653 2208 dicitur:
684 2170 780 2204 Deus
798 2169 855 2201 dat
873 2167 1083 2212 sapientiam
1103 2165 1272 2210 sapienti-

283 2234 362 2269 bus¹
389 2237 420 2262 et
442 2225 623 2261 scientiam
644 2220 936 2263 intelligentibus.

333 2328 484 2366 JIalum
511 2331 579 2366 est,
613 2323 754 2357 malum
786 2327 835 2355 es!
861 2320 1005 2359 dicunt.
1041 2333 1118 2354 cum
1144 2323 1272 2354 tenent.

387 2377 462 2413 Sed
473 2382 667 2425 postquam
686 2373 888 2407 mm'scrunl
907 2371 1068 2406 laudan!
1085 2376 1147 2406 etc.

388 2455 571 2498 Quantum
589 2451 662 2484 fin-ri
688 2456 799 2494 potest
827 2449 970 2481 morbos
996 2454 1134 2481 nostros
1161 2446 1275 2480 consi-
1299 2471 1302 2502 ἦ

286 2510 469 2547 dei-emus,
488 2511 525 2537 ut
546 2504 665 2548 aliquo
685 2501 790 2534 modo
810 2512 867 2532 eos
884 2500 1110 2541 corrigamus.
1139 2497 1277 2531 Omnes

286 2559 379 2591 enim
406 2562 584 2588 nascentes
607 2553 718 2586 multa
749 2551 832 2585 vitia
862 2551 1045 2583 uobiscum
1073 2550 1276 2584 adserimus.

288 2606 473 2643 lutei-haec
483 2613 532 2639 est
543 2604 722 2638 fastidium
732 2603 906 2635 bonorum
921 2601 1275 2646 praeseutiuin.quod
1300 2598 1302 2645 j

287 2660 400 2693 oritur
420 2657 471 2689 vel
491 2669 528 2690 ex
548 2656 743 2689 mobilitate
761 2661 792 2688 et
813 2653 1046 2687 inconstantia
1067 2652 1194 2691 animi,
1220 2652 1275 2685 vel

858 89 983 125 PHIL.
1010 84 1130 124 MEL.
1156 81 1367 122 SCRIPTA
1394 79 1695 118 EXEGETICA.

2242 79 2291 115 48

1303 182 1343 203 ex
1362 167 1634 212 defatigatione,
1661 166 1717 200 vel
1741 177 1782 199 ex
1799 164 2041 210 impatientia,
2066 175 2145 198 cum
2163 163 2291 198 offensi

1304 219 1484 265 aliquibus
1515 217 1772 258 incommodis,
1811 216 2046 250 mutationem
2081 215 2288 260 appetimus,

1303 271 1382 305 Hoc
1400 270 1581 304 fastidium
1599 275 1720 303 taxant
1737 267 1867 301 multae
1885 265 2098 301 sententiae:

1390 319 1482 360 Optat
1503 319 1651 358 Ephippia
1671 319 1721 348 bos
1743 318 1846 357 piger,
1867 323 1948 356 optat
1969 325 2053 345 arare
2075 316 2215 345 caballus.

1404 376 1452 412 Et
1476 378 1659 423 Apologus
1680 377 1774 421 apud
1792 373 1972 420 Aesopum
1990 381 2100 416 extat,
2120 375 2164 408 de
2179 371 2294 408 Asino

1307 429 1458 464 subinde
1482 436 1641 463 mutante
1672 427 1914 461 conditionem
1939 427 1977 460 in
2002 426 2189 461 deteriora.
2249 423 2295 458 Et

1308 477 1496 525 Sophoclis
1521 491 1642 514 versus
1664 485 1746 512 sunt
1767 477 1806 510 in
1834 478 1959 512 Aiace:
1996 476 2106 512 Stulti
2130 474 2295 510 homines

1308 544 1381 565 non
1418 539 1613 575 agnoscunt
1645 530 1801 569 bonum,
1843 529 1927 562 dum
1963 527 2001 561 in
2032 528 2197 561 manibus
2230 533 2297 565 est,

1309 583 1517 627 priusquam
1535 581 1723 619 amittunt,
1745 585 1862 624 postea
1878 579 2004 612 amissa
2020 579 2234 612 desiderant.

1412 647 1575 694 Denique
1598 646 1729 690 singuli
1745 646 1783 678 in
1809 645 1931 690 seipsis
1951 642 2223 688 deprehendunt
2246 650 2299 677 ta-

1311 701 1358 734 lia
1383 698 1523 732 fastidia
1552 697 1746 743 praesentis
1775 703 1902 735 status,
1939 696 2028 729 sicut
2060 702 2094 729 et
2119 695 2179 728 ille
2204 695 2299 739 apud

1313 750 1521 784 Terentium
1546 749 1682 795 inquit:
1719 747 1841 782 Nostri
1863 753 2003 781 nosmet
2024 747 2192 791 poenitet.
2251 743 2300 779 Et

1311 801 1577 836 usitatissimum
1595 807 1662 838 est,
1689 798 1887 844 praeseutia
1902 798 2050 842 imperia
2073 809 2174 841 aegre
2196 797 2302 836 ferre,

1313 859 1346 886 et
1364 858 1526 896 appetere
1551 851 1637 889 alia,
1664 850 1754 884 sicut
1771 851 1865 895 apud
1882 847 2133 895 Thucydidem
2151 847 2300 882 dicitur:

1313 901 1368 938 ἀεὶ
1388 901 1428 937 τὸ
1445 899 1568 948 παρὸν
1584 899 1701 947 βαρὺ.

1394 960 1574 995 Adversus
1591 958 1958 994 hancinstabilitatem
1977 959 2178 992 animorum
2194 957 2303 991 multa

1314 1019 1494 1056 praecepta
1521 1011 1649 1045 tradita
1680 1018 1762 1044 sunt
1784 1011 1906 1044 divina
1934 1012 1977 1044 de
2003 1010 2184 1055 patientia.
2236 1007 2301 1043 Ut:

1314 1062 1568 1097 Humiliamini
1585 1062 1651 1095 sub
1668 1061 1804 1105 potenti
1828 1073 1936 1095 manu
1952 1060 2030 1096 Dei.
2086 1061 2192 1095 ltem:
2222 1058 2304 1093 Non

1315 1120 1534 1147 murmurate
1549 1114 1718 1146 adversus
1736 1111 1862 1146 Deum.

1415 1179 1461 1213 Et
1510 1176 1757 1223 philosophica
1803 1179 1846 1212 de
1888 1177 1998 1210 animi
2049 1177 2304 1212 moderatione:

1315 1229 1497 1278 Στέργειν
1512 1227 1558 1264 τὰ
1574 1226 1756 1275 παρόντα.
1811 1229 1916 1263 Item:
1947 1228 2053 1271 Quod
2076 1228 2133 1268 sis,
2160 1239 2232 1262 esse
2247 1239 2308 1261 ve-

1314 1283 1378 1323 lis,
1412 1279 1575 1326 nihilque
1600 1281 1713 1314 malis.
1773 1277 1822 1314 Et
1849 1291 1971 1313 versus
1995 1286 2045 1312 est
2065 1277 2305 1324 Pythagorae:

1316 1328 1370 1368 ὦν
1386 1330 1435 1367 ἂν
1449 1333 1588 1378 μοῖραν
1606 1330 1696 1376 ἔχεις
1710 1327 1853 1376 ταύτην
1870 1329 1944 1376 ἔχε,
1974 1326 2065 1375 μήδ’
2093 1325 2306 1377 ἀγανάκτει.

1315 1399 1363 1435 Et
1385 1399 1571 1444 Stigelius:

1359 1460 1404 1489 Sis
1427 1459 1540 1495 asinus,
1563 1465 1769 1495 quemcunque
1791 1458 1903 1484 asinum
1926 1465 1987 1485 sors
2008 1466 2112 1495 aspera
2134 1456 2214 1494 fecit,

1445 1510 1500 1543 Qui
1525 1508 1639 1547 placide
1662 1514 1771 1536 sortem
1794 1508 1877 1536 serre
1900 1508 1970 1545 scit,
1994 1508 2045 1537 ille
2068 1509 2153 1547 sapit.

1319 1570 1424 1604 Item:
1452 1568 1592 1603 Sufficit
1609 1567 1680 1600 diei
1702 1567 1846 1600 asssictio
1865 1579 1941 1601 sua.

1420 1634 1469 1670 Et
1485 1635 1662 1669 Pindarus
1680 1635 1926 1668 venustissime
1942 1643 2080 1676 monet,
2106 1648 2186 1669 eum
2209 1637 2313 1670 bonis

1318 1689 1411 1721 mala
1438 1686 1591 1719 admixta
1617 1685 1706 1723 sint,
1742 1686 1834 1718 bona
1862 1688 2081 1731 excerpenda
2105 1693 2139 1720 et
2160 1687 2312 1721 fovenda

1321 1749 1405 1779 esse,
1431 1743 1465 1769 et
1482 1743 1556 1768 arte
1571 1736 1736 1767 lenienda
1754 1736 1864 1767 mala:

1446 1792 1480 1823 ἓν
1502 1790 1589 1832 παρὰ
1613 1789 1735 1821 ἐσθλὸν
1757 1790 1884 1830 πήματα

1449 1841 1564 1873 σύνδυο
1589 1842 1732 1871 δαίονται
1755 1843 1886 1881 βροτοῖς

1449 1891 1628 1923 ἀθάνατοι·
1653 1891 1688 1922 τὰ
1711 1893 1770 1931 μὲν
1793 1888 1838 1923 ὧν
1862 1891 1899 1924 οὗ
1923 1893 2067 1924 δύνανται

1451 1942 1556 1981 νήπιοι
1581 1942 1692 1984 κόσμῳ
1717 1944 1825 1983 φέρειν
1849 1941 1914 1974 ἀλλ’

1449 1992 1570 2034 ἀγαθοὶ
1596 1993 1632 2024 τὰ
1656 1993 1735 2024 καλὰ
1760 1995 1929 2034 τρέψαντες
1953 1994 2021 2031 ἔξω.

1433 2063 1535 2097 Hanc
1562 2070 1672 2097 artem
1703 2064 1740 2096 in
1763 2064 1833 2097 vita
1868 2065 2097 2098 necessariam
2129 2065 2316 2100 diseamus.

1327 2115 1490 2150 lusticiae
1514 2122 1562 2149 est
1588 2127 1667 2148 cum
1696 2115 1913 2157 gratitudine
1940 2117 2101 2160 amplecti
2121 2118 2317 2160 praesentia

1325 2168 1428 2200 bona.
1465 2166 1600 2201 Deinde
1619 2167 1828 2210 prudentiae
1845 2175 1876 2201 et
1891 2168 2098 2202 tobrantiae
2116 2175 2184 2207 est,
2208 2181 2317 2215 quae-

1327 2219 1407 2251 dam
1431 2219 1653 2251 incommoda
1670 2219 1851 2251 moderate
1872 2219 1980 2257 serre.
2008 2231 2051 2252 ne
2068 2219 2185 2253 stultis
2202 2226 2316 2253 muta·

1328 2269 1484 2303 tionibus
1502 2269 1580 2313 plus
1600 2268 1681 2301 mali
1700 2281 1934 2313 accersamus,
1964 2277 2002 2303 ut
2027 2277 2146 2302 monet
2172 2269 2317 2304 Perian-

1327 2322 1406 2355 der:
1434 2318 1485 2365 μὴ
1503 2321 1607 2365 κακῷ
1625 2318 1741 2354 κακὸν
1757 2320 1814 2355 tu).

1430 2394 1484 2429 Ad
1502 2393 1592 2428 lianc
1616 2396 1812 2429 doctrinam
1836 2395 2006 2429 reseratur
2028 2403 2058 2430 et
2079 2395 2161 2430 baec
2179 2404 2319 2432 senten-

1329 2448 1374 2480 tia
1392 2446 1612 2482 Salomonis.
1642 2459 1709 2491 qua
1729 2447 1869 2490 proprie
1888 2454 1978 2480 taxat
1996 2448 2134 2483 fastidia
2154 2461 2318 2494 praesen·
2348 2439 2358 2448 ο

1329 2499 1417 2531 tium
1436 2499 1630 2537 bonorum,
1656 2504 1689 2531 et
1708 2498 1879 2540 significat
1897 2499 2021 2533 amissa
2040 2511 2161 2533 rursus
2178 2501 2317 2535 ‹teside-

1329 2551 1398 2582 rari
1424 2557 1453 2583 et
1481 2549 1625 2594 requiri.
1681 2547 1870 2582 Rosci-atur
1894 2557 2007 2583 autem
2029 2549 2094 2585 hoc
2114 2552 2246 2586 dictum
2272 2553 2314 2586 ad

1330 2601 1444 2633 locum
1462 2611 1684 2635 communem
1708 2601 1751 2632 dv.
1775 2601 1915 2633 fastidio
1937 2602 2190 2645 praesentium.
2220 2610 2254 2637 et
2274 2605 2317 2637 de

1330 2653 1515 2696 patientia,
1543 2664 1631 2696 quae
1650 2657 1718 2690 est,
1746 2651 1834 2684 velte
1853 2653 1997 2686 obedire
2014 2652 2087 2687 Deo
2110 2654 2144 2687 iu
2163 2651 2217 2687 liis
2233 2667 2317 2689 one-
