2409 2915
111 111 182 146 129
663 108 727 143 Xl.

105 207 179 229 non
195 195 336 239 prodest
352 193 525 229 sceleratis
539 194 702 228 scelerate
719 194 849 234 facere,
877 195 958 240 quia
976 202 1090 229 tamen
1117 201 1120 213 ‘

106 253 239 280 certum
261 253 311 280 est
330 258 388 280 eos
404 245 541 290 puniri,
570 251 604 278 et
619 244 668 278 ibi
686 246 883 290 exemplum
902 247 1091 289 providen-

104 297 173 330 tiae
188 295 255 331 Dei
271 297 494 341 conspicitur.
548 295 597 330 Ita
618 308 687 329 una
714 308 792 340 pars
809 296 1017 330 obiectionis
1034 309 1089 330 ra-

104 348 201 381 tione
218 347 363 381 iudicari
382 354 504 390 potest,
531 354 568 381 ut
585 346 688 380 etiam
707 347 743 379 in
761 347 932 390 poematis
949 348 1089 382 dicitur.

104 398 188 432 Sera
203 406 318 433 tamen
335 397 447 432 tacitis
463 409 572 442 poena
588 397 684 431 venit
703 398 860 441 pedibus.

205 473 326 509 Altera
349 486 429 519 pars
453 474 680 515 obiectionis,
714 474 798 519 quid
822 475 865 507 de
890 475 992 508 honis
1016 475 1086 518 fiat,

104 537 176 559 non
203 525 379 559 iudicatur
407 522 561 559 humana
591 525 781 569 sapientia,
819 526 878 558 sed
910 525 947 557 in
978 527 1084 559 verbo

102 574 168 610 Dei
194 576 373 620 proposita
397 582 449 610 est
471 576 555 620 ipsis
579 576 762 614 liberatio,
789 575 826 608 in
853 588 919 620 qua
943 577 1010 609 fide
1028 589 1085 610 ac-

100 626 351 671 quiescendum
369 633 429 661 est.
482 627 592 666 Abel,
620 626 796 670 Baptista,
823 634 954 660 norunt
971 626 1084 660 Deum

100 688 173 710 esse
197 677 348 719 iustum,
375 684 408 711 et
432 684 612 722 expectant
629 678 782 711 futuram
800 675 976 711 Ecclesiae
995 678 1083 711 libe-

100 728 272 761 rationem
295 735 328 761 et
353 729 520 768 salntem,
549 730 591 761 de
615 740 683 773 qua
707 728 909 762 testificatur
927 740 1082 761 resurre-

100 779 169 812 ctio
186 778 269 812 Filii
286 778 370 819 Dei,
397 786 429 813 et
452 780 603 813 aliorum
628 786 850 819 sanctorum,
876 787 906 812 et
932 779 999 811 alia
1015 779 1083 811 mi-

99 830 244 863 racula*
234 842 271 862 in
289 829 456 866 Ecclesia.
510 829 593 864 Ideo
611 837 644 864 et
661 830 746 862 alibi
764 830 880 875 inquit
897 829 1082 863 Salomon:
1108 833 1112 881 1

100 879 196 914 lusto
222 892 298 925 spes
319 888 368 915 est
393 881 430 914 in
455 889 576 915 moute.
628 880 672 914 Et
689 880 751 914 Iob
775 881 908 925 inquit:
936 879 1112 914 Etiamsi

99 931 234 965 occidet
264 944 336 971 me,
369 932 516 976 sperabo
548 933 584 965 in
617 944 707 965 eum.
765 932 822 966 Sic
849 930 1003 965 Ecclesia
1029 943 1083 964 re-

97 983 245 1025 spondet
263 984 305 1016 ad
326 983 423 1016 illam
442 983 686 1017 obiectionem.

201 1048 269 1083 Sed
294 1050 376 1094 quia
402 1050 618 1083 differuntur
642 1060 795 1092 poenae,
822 1048 941 1082 crescit
966 1049 1001 1080 in
1018 1045 1083 1081 ho-

98 1100 255 1133 minibus
279 1101 446 1134 securitas
471 1108 503 1134 et
525 1100 682 1133 andacia.
735 1098 837 1132 Hanc
855 1099 1032 1144 querelam
1051 1105 1083 1132 et

99 1148 156 1184 hic
182 1151 308 1185 intexit
334 1151 523 1191 Salomon,
552 1152 632 1196 quia
658 1162 730 1183 non
754 1151 821 1183 cito
847 1150 883 1182 fit
906 1151 1082 1183 decretum

99 1209 221 1235 contra
253 1202 342 1234 mala
373 1203 481 1240 facta,
517 1208 674 1235 aestuant
697 1201 882 1233 hominum
909 1201 1012 1232 corda
1040 1201 1081 1232 ad
1110 1216 1112 1231 η

98 1254 263 1286 scelerate
286 1253 500 1287 faciendum.
554 1251 646 1285 Huic
667 1251 828 1296 querelae
848 1262 970 1283 rursus
986 1251 1084 1284 addit

97 1303 309 1337 solutionem
335 1310 366 1336 et
382 1303 692 1336 adseverationem.
746 1300 894 1334 Etiamsi
915 1301 976 1334 diu
995 1302 1083 1334 tole-

99 1361 223 1387 rantur
252 1352 429 1394 scelerati,
467 1366 585 1387 samen
615 1353 703 1393 scio,
737 1353 831 1397 quod
860 1352 925 1385 erit
949 1352 1082 1385 bonum

98 1405 302 1439 timentibus
318 1403 450 1445 Deum¹
478 1406 537 1449 qui
557 1405 682 1438 timent
701 1415 718 1436 a
735 1403 822 1436 facie
842 1403 935 1442 eius,
963 1409 996 1436 et
1011 1415 1082 1436 non

98 1456 164 1490 erit
186 1456 321 1489 bonnm
345 1455 454 1500 impio
479 1467 542 1488 nec
566 1455 872 1499 prolongabuntur
899 1453 972 1486 dies
998 1454 1082 1493 eius,

96 1508 155 1540 sed
183 1507 272 1541 sicut
290 1507 415 1540 umbra
437 1507 637 1540 transibunt
656 1505 715 1550 qni
734 1517 804 1537 non
821 1505 944 1538 timent
960 1505 1082 1537 faciem

98 1558 183 1592 eius,
237 1557 345 1592 Docet
370 1558 477 1601 igitur
499 1557 692 1595 Salomon,
729 1568 771 1588 ne
794 1555 918 1588 offensi
942 1555 1002 1588 illa
1028 1556 1084 1587 in-

98 1608 307 1653 aequalitate
332 1608 367 1641 in
392 1607 456 1641 hac
481 1609 549 1641 vita
575 1608 777 1640 deficiamus
795 1619 813 1639 a
832 1605 924 1646 Deo,
951 1607 1010 1638 sed
1028 1618 1083 1639 ac-

100 1659 318 1703 quiescamus
342 1659 378 1691 in
406 1660 512 1692 verbo
529 1657 613 1697 Dei,
641 1659 734 1702 quod
760 1657 933 1700 promittit
955 1657 1084 1689 libera-

100 1710 252 1750 tionem,
287 1715 320 1742 et
347 1709 494 1741 salutem
526 1708 645 1747 iustis,
680 1718 812 1750 poenae
840 1718 921 1739 vero
946 1707 1084 1739 denun-

101 1759 241 1792 ciantur
267 1758 402 1802 impiis,
439 1766 471 1792 et
498 1760 606 1791 verbo
632 1765 664 1791 et
688 1757 856 1799 exemplis
881 1756 1084 1790 manifestis.

100 1809 182 1842 ldeo
213 1810 256 1842 de
289 1809 412 1852 poenis
440 1809 548 1842 multa
581 1814 698 1841 extant
730 1807 820 1840 dicta
855 1807 957 1840 etiam
992 1808 1084 1852 apud

100 1861 238 1903 poetas,
267 1866 305 1893 ut
324 1860 416 1903 apud
435 1858 690 1892 Claudianum:

182 1928 278 1965 Saepe
302 1926 370 1954 mihi
394 1926 508 1954 dubiam
533 1927 620 1954 traxit
643 1925 789 1954 sententia
813 1930 952 1958 mentem,
1112 1927 1114 1943 ¹

183 1980 327 2006 Curarem
349 1978 448 2015 superi
472 1984 583 2014 terras,
612 1986 648 2005 an
673 1977 770 2004 nullus
793 1977 900 2003 inesset

183 2030 307 2065 Rector,
337 2034 367 2055 et
390 2029 500 2055 incerto
525 2028 653 2055 fluerent
676 2026 808 2054 mortalia
831 2035 909 2061 casn,

184 2081 258 2108 Nam
283 2089 346 2107 cnm
371 2079 501 2116 dispositi
525 2079 689 2116 spectabam
713 2076 833 2104 foedera
857 2075 966 2111 mundi,

184 2132 439 2168 Praescriptosque
463 2130 550 2157 maris
575 2130 649 2156 fines
669 2129 796 2165 annique
821 2132 943 2159 meatus,

779 108 1078 145 ENARRATIO
1115 110 1165 145 IN
1200 111 1576 151 ECCLESIASTEN.
1625 140 1628 141 γ

1110 1019 1112 1022 >
1137 1007 1378 1034 momentanea
1398 1001 1634 1044 compensatio
1653 1001 1720 1040 fiet,
1749 1003 1805 1034 sed
1823 1009 1974 1036 aeterna.

1110 1052 1381 1086 'refutationem
1419 1050 1704 1096 comprehendit,

188 2182 225 2209 Et
248 2182 320 2209 lucis
344 2182 493 2218 noctisque
517 2181 611 2216 vices,
641 2187 709 2208 tnnc
732 2179 827 2206 omnia
850 2178 935 2205 rebar

185 2233 311 2261 Consilio
335 2232 448 2259 firmata
470 2231 542 2267 Dei,
572 2231 621 2268 qui
645 2231 711 2267 lege
734 2230 842 2257 moveri

185 2285 305 2320 ffidera,
335 2285 384 2321 qui
408 2283 509 2320 fruges
533 2282 646 2309 diverso
670 2288 803 2319 tempore
832 2281 919 2316 nasci,

184 2337 239 2369 Qui
264 2336 370 2364 variam
394 2333 532 2361 Phoeben
556 2332 651 2359 alieno
674 2332 790 2360 iusserit
812 2332 881 2368 igne

186 2386 351 2424 Compleri,
381 2383 540 2421 Solemque
564 2392 632 2415 suo,
663 2381 829 2418 porrexerit
852 2380 935 2407 undis

1114 2250 1117 2274 Ι

1114 2299 1117 2316 l

1114 2321 1117 2341 l

1114 2347 1117 2365 ι

185 2439 313 2473 Littora,
344 2436 483 2464 tellurem
506 2433 600 2461 medio
624 2433 771 2461 libraverit
796 2439 862 2458 axe.
1115 2419 1119 2520 ἲ

188 2486 248 2515 sed
271 2495 334 2514 eum
359 2493 406 2512 res
428 2483 575 2511 hominum
600 2487 678 2509 tanta
702 2481 825 2519 caligine
850 2479 925 2507 volui

189 2538 374 2576 Aspicerem,
406 2535 558 2572 laetosque
583 2533 630 2561 diu
655 2533 761 2561 florere
784 2536 933 2565 nocentes,

187 2589 356 2626 Vexariqne
381 2587 461 2624 pios,
494 2594 592 2613 rursus
616 2584 759 2612 labefacta
783 2582 903 2610 cadebat

188 2639 334 2677 Reliigio,
364 2643 526 2673 causaeque
549 2635 624 2662 viam
649 2643 704 2661 uon
729 2638 832 2671 sponte
857 2631 1000 2669 sequebar

189 2691 331 2725 Alterius,
355 2697 444 2716 vacuo
467 2695 542 2724 qnae
565 2685 674 2713 semina
699 2693 817 2713 currere
841 2688 917 2710 motu

107 2738 282 2769 Mnawrn.
313 2736 414 2766 Orsa.
441 2732 522 2762 Voc.
553 2730 645 2761 XIV.

1114 2216 1116 2233 ἦ
1144 2191 1323 2223 materiam
1354 2190 1616 2233 ingrediantur,

1114 2277 1117 2283 .
1143 2241 1288 2275 recitant
1306 2241 1556 2278 dubitationes,
1582 2241 1758 2273 interdum
1775 2240 2056 2281 asseverationes,
2078 2250 2126 2282 nt,

2061 124 2132 157 130

1227 197 1387 235 Adfirmat,
1416 209 1611 239 magnumque
1636 213 1724 232 noras
1745 213 1800 242 per
1821 205 1908 234 inane
1932 207 2036 243 figuras

1227 248 1354 276 Fortuna
1376 259 1433 277 non
1456 257 1520 278 arte
1543 253 1621 289 regi,
1651 263 1725 291 quae
1749 256 1866 284 numina
1889 265 1975 284 sensu

1225 295 1434 336 Ainbiguo‘vel
1458 301 1538 328 nulla
1560 308 1642 338 putat
1666 305 1712 332 vel
1737 306 1833 334 nescia
1857 307 1956 334 nostri.

1223 349 1346 376 Abstulit
1369 349 1447 377 hunc
1470 350 1588 378 tandem
1611 352 1721 380 Rusfnii
1744 364 1839 391 poena
1862 357 2015 384 tuinultum

1223 399 1409 437 Absolvitque
1432 400 1525 437 Deos,
1554 402 1609 430 iam
1634 412 1691 429 non
1713 404 1750 431 ad
1773 406 1897 434 culmina
1921 416 2016 434 reruni

1222 449 1345 478 Iniustos
1369 452 1493 478 crevisse
1517 460 1640 489 queror,
1670 454 1811 482 tolluntur
1833 456 1860 482 in
1886 457 1985 492 altum,

1222 500 1262 528 Ut
1286 500 1366 537 lapsu
1391 502 1524 537 graviore
1549 508 1644 531 ruant.

1188 609 1284 644 Sunt
1301 611 1392 645 iusti
1405 611 1538 659 quibus
1554 616 1655 647 mala
1675 611 1856 649 accidunt.

1237 696 1451 730 Immoratur
1475 696 1653 731 institutae
1677 699 1840 731 concioni
1864 700 1906 733 de
1933 702 2119 744 providen-

1135 747 1202 788 tia,
1234 754 1267 780 et
1298 748 1423 790 repetit
1455 749 1670 789 doctrinam,
1707 749 1743 780 iu
1775 762 1841 792 qua
1871 757 1920 783 est
1947 763 2122 786 assevera-

1136 798 1201 832 tio:
1231 797 1311 831 Non
1334 805 1517 842 propterea
1545 800 1739 841 negandam
1766 811 1837 832 esse
1854 801 2123 844 providentiam,

1136 848 1270 882 etiamsi
1289 861 1420 892 poenae
1438 850 1684 883 sceleratorum
1705 850 1938 890 differuntur,
1966 861 2021 884 ant
2041 855 2119 886 iusti

1139 901 1174 932 in
1195 898 1258 932 liae
1277 901 1345 932 vita
1366 907 1586 943 premuntur.
1605 939 1607 941 Ι
1640 900 1692 933 Ac
1710 912 1789 933 vera
1807 901 1970 935 refutatio
1989 910 2038 936 est
2056 905 2120 936 oh-

1138 951 1316 990 iectionis‚
1359 957 1488 983 restare
1519 951 1615 983 alind
1645 950 1836 991 iudicium,
1878 952 1915 984 in
1947 965 2015 997 quo
2049 966 2120 986 non

2021 1002 2120 1037 Hanc

1753 1064 1830 1085 cnm
1866 1053 1962 1086 iubet
2000 1055 2120 1087 timere

1136 1102 1270 1140 Deum,
1305 1110 1336 1135 et
1369 1103 1468 1144 ponit
1501 1103 1809 1136 asseverationem:
1847 1101 1946 1137 Bene
1977 1108 2042 1138 erit
2075 1105 2120 1138 ti-

1136 1152 1315 1185 mentibus
1333 1151 1466 1186 Deum.
1521 1153 1588 1187 Sed
1614 1155 1707 1197 quod
1732 1155 1867 1198 quaerit
1892 1152 2044 1188 humana
2066 1168 2120 1188 sa-

1138 1204 1267 1246 pientia
1294 1216 1429 1243 causas,
1455 1216 1562 1248 quare
1582 1204 1664 1237 insti
1686 1216 1785 1248 saepe
1803 1205 1938 1239 duriter
1957 1218 2120 1249 preman—

1137 1262 1194 1288 tur
1211 1263 1242 1288 et
1263 1255 1343 1286 mali
1363 1255 1524 1297 floreant,
1552 1255 1686 1287 vanitas
1703 1262 1763 1292 est,
1793 1256 1826 1287 id
1847 1263 1908 1298 est,
1929 1257 2050 1290 irritus
2069 1258 2120 1289 la-

1136 1306 1220 1345 bor,
1252 1306 1332 1350 quia
1359 1302 1426 1337 hoc
1450 1305 1637 1338 consilinm
1657 1304 1720 1338 Dei
1748 1318 1819 1338 non
1845 1306 2026 1340 invenitur
2048 1308 2120 1340 acie

1137 1353 1312 1389 humanae
1345 1356 1489 1395 mentis,
1524 1357 1582 1388 sed
1610 1353 1785 1388 Ecclesiae
1817 1358 2006 1400 patefactae
2040 1365 2120 1391 sunt

1136 1418 1257 1440 causae
1281 1407 1317 1439 in
1345 1418 1469 1449 genere
1497 1413 1640 1450 propter
1665 1418 1749 1450 quas
1775 1407 1866 1439 cruci
1888 1407 2041 1441 subiecta
2061 1416 2120 1443 est.

1137 1465 1174 1491 ut
1190 1469 1251 1490 suo
1270 1457 1346 1490 loco
1366 1457 1504 1490 dicitur.

1240 1532 1340 1567 Iubet
1371 1533 1478 1576 igitur
1501 1533 1689 1573 Salomon,
1723 1533 1850 1566 omissa
1879 1531 1944 1567 liae
1974 1535 2122 1580 inquisi-

1137 1585 1232 1617 tione
1259 1582 1432 1617 humanae
1454 1584 1622 1622 rationis,
1649 1596 1791 1616 manere
1811 1585 1846 1616 in
1866 1585 1991 1618 timore
2007 1585 2071 1619 Dei
2089 1594 2121 1620 et

1137 1636 1378 1679 praesentibus
1402 1635 1506 1667 donis
1523 1634 1588 1667 Dei
1612 1635 1707 1668 iuxta
1731 1642 1910 1678 praecepta
1931 1636 2001 1673 uti,
2031 1637 2122 1676 cibo,

1138 1692 1242 1729 potu,
1271 1685 1454 1717 vocatione
1478 1685 1638 1728 politica,
1665 1685 1899 1717 oeconomica.
1952 1685 2047 1718 Haec
2072 1694 2121 1720 est

1139 1747 1272 1767 summa
1291 1735 1414 1778 longae
1433 1734 1643 1767 narrationis
1660 1735 1694 1766 in
1712 1732 1777 1766 lioc
1796 1734 1870 1778 ipso
1886 1736 2006 1779 capite.
2050 1735 2121 1769 Ex-

1139 1786 1269 1818 cruciat
1300 1786 1392 1817 enim
1425 1783 1508 1817 haec
1539 1785 1696 1829 quaestio
1729 1796 1850 1817 omnes
1874 1783 2053 1827 homines,
2089 1795 2122 1821 et

1139 1837 1240 1869 multi
1274 1836 1354 1880 quia
1389 1835 1508 1868 vident
1539 1847 1594 1868 res
1619 1836 1788 1868 secundas
1815 1836 1987 1868 malornm
2013 1844 2045 1870 et
2068 1850 2121 1870 res

1141 1888 1304 1919 adversas
1332 1887 1526 1926 iustorum,
1563 1886 1714 1927 cogitant
1740 1897 1811 1917 non
1839 1897 1910 1919 esse
1934 1888 2122 1929 providen-

1112 1947 1114 1961 =
1140 1937 1222 1970 tiam
1247 1932 1304 1969 sed
1331 1937 1502 1969 excellens
1524 1937 1634 1969 robur
1659 1937 1738 1968 fidei
1765 1943 1813 1968 est
1840 1933 1894 1969 his
1918 1940 2123 1980 spectaculis

1112 2002 1115 2036 ᾗ
1140 2001 1211 2021 non
1230 1988 1341 2030 frangi
1355 2015 1362 2025 ,
1390 2000 1428 2020 ac
1444 1988 1595 2020 retinere
1612 1999 1727 2019 veram
1745 1986 1959 2029 agnitionem
1978 1988 2063 2032 Dei,
2092 1998 2124 2022 et

1113 2039 1115 2084 J
1141 2046 1318 2081 expectare
1344 2038 1526 2072 indicium.

1579 2035 1712 2070 Eadem
1735 2037 1857 2070 concio
1880 2038 2019 2080 copiose
2037 2041 2124 2072 reci-

1141 2097 1234 2123 tatur
1258 2089 1293 2121 in
1313 2087 1450 2121 Psalmo
1467 2088 1541 2121 36.;
1571 2087 1650 2120 Noli
1677 2088 1856 2120 aemulari.
1910 2087 1955 2122 Et
1978 2091 2123 2123 studiosi

1142 2140 1384 2177 considerent,
1412 2139 1474 2172 ubi
1492 2142 1611 2182 poetae
1628 2146 1687 2172 ant
1705 2138 1763 2171 alii
1781 2139 1965 2182 scriptores
1983 2140 2017 2172 in
2035 2138 2124 2174 lianc

1652 2196 1690 2222 nt
1724 2201 1823 2232 saepe
1850 2190 1903 2222 fit:
1949 2190 2123 2224 interdum

1143 2292 1274 2325 Discite
1297 2292 1471 2324 iusticiam
1497 2291 1644 2331 moniti,
1671 2297 1705 2324 et
1729 2302 1801 2322 non
1826 2302 1988 2333 spernere
2013 2293 2125 2326 divos.

1116 2372 1117 2383 ,
1143 2341 1187 2376 Et
1208 2342 1414 2376 Aristoteles
1439 2343 1475 2374 in
1493 2339 1695 2375 Rhetoricis
1720 2341 1838 2374 recitat
1858 2339 2046 2375 Stesichori
2072 2344 2125 2375 di-

1144 2401 1253 2427 ctnm:
1289 2393 1472 2427 Neminem
1503 2393 1632 2425 afficias
1658 2391 1800 2425 iniuria.
1870 2391 1961 2433 Quia
1990 2393 2127 2426 cicadae

1145 2451 1270 2478 canent
1295 2442 1362 2477 hoc
1387 2444 1422 2476 in
1450 2443 1598 2487 campis,
1628 2443 1661 2476 id
1688 2449 1755 2481 est,
1783 2453 1950 2485 pauperes
1971 2445 2125 2485 oppressi

1146 2496 1182 2528 in
1200 2495 1272 2529 suis
1287 2496 1378 2539 agris
1397 2501 1523 2527 sonant
1539 2491 1600 2528 has
1618 2494 1776 2540 querelas
1793 2499 1824 2525 et
1842 2499 1981 2526 movent
2001 2491 2128 2533 Deum,

1146 2553 1185 2580 ut
1200 2547 1323 2590 puniat
1343 2553 1522 2591 tyrannos.
