2409 2915
104 116 180 152 ⁷09
358 115 440 152 ΧΠ.

103 202 182 236 cat‘?
208 209 249 236 ut
273 202 422 236 fateatur
440 199 504 235 hos
528 211 600 234 esse
625 211 828 233 communes
852 200 1088 244 plurimorum

103 250 289 287 hominum
314 253 474 293 morbos,
507 249 704 295 philantiam
730 251 861 284 scilicet
886 257 919 285 et
941 252 1088 285 maledi-

103 304 273 345 centiam,
307 303 436 349 quibus
456 303 512 342 fit,
545 307 585 335 ut
608 313 789 335 censuram
823 303 866 335 de
887 302 966 336 aliis
991 315 1088 336 acer-

102 355 238 389 biorem
263 361 418 398 agentes,
452 352 562 387 multa
588 358 728 393 notare,
769 364 927 397 carpere,
968 365 1088 398 repre-

102 403 275 446 bendere,
320 404 512 438 reformare
546 403 706 448 plerique
737 410 986 445 consuescant,
1019 404 1086 438 sibi

101 469 186 491 vero
203 456 287 501 ipsis
299 454 530 488 blandiantur
549 460 580 487 et
599 454 800 496 ignoscant,
829 467 893 488 nec
910 466 998 499 opus
1015 467 1086 488 esse

101 505 348 541 reformatione
380 505 435 538 vel
458 505 705 539 emendatione
728 505 957 541 arbitrentur.
1010 504 1086 539 Imo

101 558 308 602 plerumque
332 555 475 595 accidit,
511 561 550 589 ut
565 555 767 590 foedissima
786 563 942 590 monstra
967 554 1086 589 homi-

98 620 204 649 num,
230 607 362 651 polluta
387 607 576 640 sceleribus
599 607 797 650 insignibus
820 614 853 641 et
870 608 1087 649 enormibus,

98 664 271 693 conentur
286 669 359 691 non
375 658 489 691 solum
509 669 605 692 suam
623 658 878 702 turpitudinem
890 665 1086 700 extenuare,

96 709 276 753 mitigare,
301 708 492 749 occultare,
518 715 550 742 et
571 709 615 742 ab
632 709 743 742 oculis
764 706 949 743 hominum
969 721 1084 743 remo-

96 771 194 801 vere,
222 759 281 793 sed
298 759 401 793 etiam
419 757 586 793 nonnihil
604 760 889 801 existimationis,
906 772 1084 793 commen-

97 810 253 845 dationis
279 817 312 844 et
332 810 472 844 fucosae
497 811 668 854 gloriolae
694 811 881 856 consequi,
910 810 1084 845 invidiose

95 867 130 896 et
147 861 362 895 calumniose
377 862 616 905 exaggerando
635 862 938 907 exulcerandoque
953 873 1083 895 naevos

94 917 156 946 aut
170 911 372 946 verruculas
388 910 574 946 hominum
591 912 798 946 inferiorum
815 913 869 945 vel
881 913 1082 946 tenuiorum

95 962 257 997 minusve
280 963 514 1007 gratiosorum
526 990 534 1005 ‚
561 963 622 1007 qui
640 970 755 997 tamen
772 974 994 1009 nequaquam
1012 970 1081 997 tam

95 1013 320 1053 enormibus,
343 1021 383 1049 ut
406 1025 567 1048 censores
586 1014 658 1054 illi,
685 1014 826 1057 flagitiis
853 1013 1083 1047 contaminati

94 1071 192 1099 sunt:
227 1064 364 1098 etiamsi
393 1062 526 1099 habent
556 1076 634 1098 suas
659 1066 828 1110 quasdam
852 1064 1084 1106 infirmitates,

95 1116 233 1157 sordes,
266 1122 372 1161 atque
394 1116 568 1155 maculas,
604 1121 636 1148 et
661 1115 792 1150 alicubi
814 1116 869 1149 vel
896 1115 1080 1149 imbecilli-

94 1173 182 1207 tate,
208 1165 265 1200 vel
282 1178 422 1207 errore,
449 1166 504 1199 vel
528 1166 739 1209 negligentia
764 1166 852 1210 lapsi
878 1173 911 1200 et
932 1163 1083 1199 halluci-

93 1217 169 1251 nati
185 1224 286 1257 sunt,
312 1223 371 1250 aut
390 1214 558 1250 nonnihil
577 1217 680 1250 etiam
707 1218 752 1251 ab
770 1215 916 1251 honesto
933 1217 1083 1250 deflexe-

94 1274 197 1309 runt,
232 1268 320 1301 sicut
344 1279 448 1301 nemo
471 1265 658 1302 hominum
689 1275 739 1302 est
768 1267 872 1301 etiam
906 1267 1083 1301 sanctissi-

93 1330 254 1359 morum,
280 1318 342 1362 qui
365 1330 438 1351 non
462 1329 563 1361 saepe
587 1325 704 1362 peccet
727 1317 845 1362 aliqua
868 1317 1083 1357 infirmitate,

92 1369 336 1412 ignoratione,
360 1368 571 1409 omissione,
595 1375 654 1402 aut
671 1367 902 1410 negligentia:
931 1367 1004 1400 imo
1021 1368 1081 1412 qui

90 1430 166 1453 non
195 1417 322 1453 habeat
348 1418 477 1452 multos
500 1419 638 1462 lapsus,
673 1418 782 1452 multa
807 1429 881 1452 non
907 1418 998 1452 levia
1021 1419 1082 1452 de-

91 1470 194 1509 licta,
222 1476 335 1504 errata
355 1476 389 1504 et
406 1469 580 1503 scandala.

194 1570 244 1606 Ut
258 1573 294 1607 2.
312 1569 400 1614 Reg.
413 1570 471 1605 16.
489 1582 566 1604 cum
577 1569 691 1605 David
709 1569 852 1614 pellitur
870 1570 907 1604 in
924 1570 1082 1613 exilium,

89 1622 284 1657 maledicus
293 1621 409 1656 semei
419 1622 567 1655 exsultat
577 1621 726 1665 gestiens
740 1621 859 1655 animo
871 1622 1081 1665 gladiatorio

89 1675 130 1717 in
152 1673 342 1713 iacentem,
368 1672 468 1706 cuius
492 1672 690 1705 calamitate
714 1672 925 1713 delectatur,
961 1673 1082 1706 incur-

91 1737 189 1766 rere,
217 1735 429 1768 omnemque
445 1722 556 1756 animi
573 1722 818 1764 virulentiam,
846 1723 1082 1765 acerbitatem,

93 1783 128 1810 et
143 1771 442 1821 ἐπιχαιρεκακίαν
459 1785 631 1814 evomere,
650 1780 842 1814 scurratur‚
866 1774 936 1817 agit
955 1774 1080 1808 trium-

91 1825 199 1872 phos,
232 1826 378 1859 insultat
401 1831 434 1858 et
459 1824 580 1858 illudit
604 1824 635 1857 ei
665 1824 860 1858 manifestis
889 1825 1082 1866 sarcasmis,

92 1878 257 1922 egredere
280 1876 334 1909 vir
349 1875 582 1919 sanguinum,
610 1875 746 1920 inquit,
774 1882 875 1909 vocat
898 1873 1080 1910 hominem

91 1928 357 1966 turbulentum,
385 1926 561 1960 sitientem
580 1926 716 1960 cruoris
733 1932 765 1959 et
781 1926 996 1960 seditiosum.
1032 1925 1082 1960 Et

90 1979 259 2014 usitatum
277 1984 328 2012 est
343 1977 410 2022 piis
425 1977 492 2011 hoc
508 1977 676 2016 accidere,
696 1977 792 2022 quod
809 1977 894 2011 dicit
910 1977 1079 2012 Salomon

91 2029 263 2065 Proverb.
287 2026 366 2065 25.:
398 2027 495 2062 Fons
517 2029 679 2062 turbatus
695 2040 825 2069 coeno,
852 2034 885 2061 et
903 2028 1079 2071 scaturigo

91 2080 265 2115 lutulenta
282 2086 332 2113 est
347 2080 460 2113 iustus
473 2080 600 2112 cadens
615 2091 676 2113 seu
691 2079 809 2123 lapsus
824 2091 941 2112 coram
958 2079 1080 2124 impio.

93 2130 135 2165 ln
150 2129 217 2165 hoc
235 2131 329 2164 dicto
347 2130 560 2174 proponitur
575 2131 691 2173 imago
718 2129 931 2163 iudiciorum
950 2130 1078 2164 mundi

90 2184 134 2217 de
156 2179 324 2216 Ecclesia.
384 2179 434 2214 Ita
467 2180 560 2213 enim
590 2181 677 2214 solet
704 2181 799 2221 fieri,
832 2181 930 2224 impii
958 2187 1080 2214 tenent

90 2233 238 2278 imperia
257 2239 288 2265 et
314 2243 418 2276 opes,
445 2231 573 2264 florent
597 2231 771 2274 potentia,
798 2231 908 2273 gratia
934 2238 967 2265 et
998 2232 1077 2275 glo—

88 2285 160 2326 ria3
195 2283 345 2329 proinde
362 2288 544 2326 conspecta
566 2281 683 2326 aliqua
707 2281 910 2315 infirmitate
935 2293 995 2315 seu
1017 2283 1079 2315 de-

89 2335 269 2370 formitate
293 2341 351 2368 aut
375 2333 503 2377 tragica
525 2332 720 2366 calamitate
741 2332 899 2376 piorum,
926 2334 1079 2377 gaudent

91 2386 159 2421 sibi
184 2385 400 2420 occasionem
427 2384 580 2418 oblatam
611 2383 839 2420 traducendi,
875 2390 908 2417 et
934 2396 1078 2428 exagge-

93 2437 194 2472 randi
220 2448 341 2470 eorum
366 2435 451 2469 vitia
477 2434 685 2479 afflictisque
708 2434 942 2467 maledicendi
964 2442 997 2469 et
1021 2436 1078 2467 in-

92 2488 265 2522 sultandi:
295 2487 386 2526 imo,
412 2494 579 2531 tanquam
605 2485 764 2518 sensibus
789 2496 923 2518 summa
950 2486 1078 2520 iucun-

92 2539 200 2573 ditate
217 2538 388 2583 perfusis‚
414 2544 445 2571 et
467 2537 648 2580 voluptate
672 2536 770 2582 quasi
797 2535 965 2575 titillatis,
994 2537 1077 2570 effe-

92 2596 220 2624 runtur
238 2589 388 2630 laetitia,
418 2595 450 2622 et
472 2589 728 2621 subsannantes
750 2588 930 2621 venenatis
953 2588 1078 2622 ironiis

94 2647 340 2684 prosternunt,
375 2639 601 2680 conculcant,
634 2645 737 2684 atque
771 2645 953 2683 proterunt
985 2639 1077 2674 cala-

94 2698 246 2727 mitosos.

497 111 890 150 ANNOTATIONES
917 113 981 148 ET
1009 111 1291 150 CONCIONES
1320 115 1370 151 IN
1393 115 1576 155 EVANG.
1604 120 1887 161 MATTHAEI.

2057 132 2131 168 710

1168 249 1176 257 ⁶
1243 198 1339 235 Haec
1366 203 1485 237 omnia
1511 206 1777 250 conspiciuntur
1803 213 1915 247 oculis
1945 221 1977 250 et
2009 219 2127 262 quoti-

1141 250 1246 284 diana
1265 252 1479 296 experientia
1495 258 1781 300 comprobantur.

1241 315 1290 352 At
1305 326 1426 353 contra
1441 321 1511 365 piis
1526 329 1609 356 nota
1628 324 1672 358 sit
1689 327 1850 363 voluntas
1867 329 1943 373 Dei,
1961 331 1997 367 hi
2015 337 2126 372 sciant

1140 369 1321 426 quomodo
1342 381 1378 403 se
1394 381 1531 414 gerere,
1558 385 1625 418 qua
1642 377 1883 415 moderatione
1900 390 1933 417 et
1950 388 2124 431 aequitate

1139 430 1249 452 animi
1266 417 1330 454 hos
1347 420 1548 466 triumphos
1571 431 1604 458 et
1627 437 1816 463 sarcasmos
1843 432 1932 467 ferre
1960 437 2109 472 debeant

1139 475 1282 505 teneant
1311 470 1394 505 item
1425 485 1524 507 veras
1555 481 1588 508 et
1617 476 1734 511 firmas
1766 483 2039 529 consolationes,
2080 465 2124 523 ne

1138 520 1347 564 frangantur
1371 523 1500 557 animis
1525 533 1669 571 propter
1699 529 1889 573 impiorum
1918 537 2112 573 calumnias

1139 572 1386 613 contumelias,
1413 575 1589 618 convicia,
1615 584 1648 611 et
1670 579 1818 615 iniustas
1843 569 2124 629 imprecationesi

1138 621 1272 663 Porro,
1306 624 1548 660 consideretur
1572 627 1736 672 inprimis
1769 634 1887 677 regula
1912 647 1973 670 seu
2001 641 2124 675 admo-

1138 673 1226 707 nitio
1243 671 1301 707 hic
1317 675 1446 709 tradita
1463 678 1505 710 de
1523 679 1649 713 ordine
1673 681 1807 718 iudicii.
1862 685 1919 720 Tu
1939 689 2043 724 debes
2068 693 2125 725 in-

1137 721 1264 758 choare
1283 726 1571 761 reformationem
1592 736 1625 764 et
1640 743 1822 767 censuram
1835 748 1854 769 a
1870 743 1903 770 te
1915 738 2001 782 ipso,
2027 743 2124 786 prius

1138 775 1250 808 exime
1269 777 1402 810 trabem
1427 790 1467 811 ex
1491 785 1553 812 tuo
1577 782 1699 821 oculo,
1728 792 1845 828 postea
1870 789 2043 826 curiosius
2069 794 2124 828 in-

1137 825 1228 871 spice
1244 827 1410 861 festucam
1427 828 1465 862 in
1482 830 1584 863 oculo
1602 832 1754 869 alterius.

1238 892 1371 931 Extant
1391 903 1508 931 autem
1524 898 1676 942 plurima
1701 902 1792 937 dicta
1812 905 1915 939 etiam
1938 908 1975 942 in
1991 908 2122 946 Ethni-

1136 957 1257 979 corum
1275 947 1633 992 sapientissimorum,
1660 965 1748 997 quos
1764 955 1866 989 civile
1882 958 2052 994 iudicium
2069 976 2124 998 ra-

1136 996 1244 1031 tionis
1262 998 1410 1039 erudiit,
1436 999 1548 1033 literis
1565 1007 1597 1034 et
1614 1007 1872 1049 monumentis,
1896 1010 2024 1054 quibus
2042 1011 2124 1049 haec

1136 1047 1339 1088 curiositas,
1368 1049 1499 1083 iniusta
1516 1050 1766 1098 inaequalitas,
1792 1063 1826 1091 et
1841 1063 2050 1102 perversitas
2068 1066 2122 1099 iu-

1136 1099 1311 1132 diciorum
1330 1098 1621 1144 reprehenditur,
1647 1111 1680 1138 et
1698 1106 1920 1152 deploratur,
1948 1113 2110 1151 videlicet

1137 1150 1231 1195 quod
1262 1150 1365 1185 multi
1396 1151 1467 1185 sint
1497 1152 1583 1186 tales
1607 1153 1720 1188 Momi
1752 1165 1784 1191 et
1800 1171 1961 1195 censores
1983 1145 2122 1208 passim,

1136 1201 1197 1246 qui
1227 1208 1399 1236 conentur
1425 1202 1513 1236 alios
1538 1203 1744 1248 reformare,
1779 1210 1823 1242 de
1845 1212 1976 1256 quibus
1999 1196 2122 1252 acerbe⁷

1136 1251 1312 1290 iudicant,
1340 1252 1408 1285 sibi
1432 1252 1517 1296 ipsis
1541 1266 1622 1288 vero
1646 1268 1717 1290 non
1736 1260 1850 1294 solum
1867 1272 2032 1309 parcant,
2061 1271 2119 1303 sed

1136 1302 1241 1334 etiam
1265 1302 1515 1345 blandiantur,
1549 1311 1582 1339 et
1605 1307 1694 1340 mire
1717 1309 1886 1353 placeant.
1943 1314 2037 1351 Hinc
2060 1320 2119 1353 illa

1135 1351 1280 1385 Catonis
1319 1353 1509 1394 sententia,
1549 1357 1667 1398 pueris
1707 1359 1811 1394 etiam
1848 1364 2122 1403 familiarissime

1136 1409 1239 1436 nota:
1291 1401 1412 1447 Turpe
1451 1410 1501 1437 est
1536 1406 1672 1440 doctori
1702 1421 1781 1443 cum
1812 1413 1912 1457 culpa
1944 1418 2123 1463 redarguit

1135 1454 1263 1498 ipsum.
1318 1452 1559 1488 Veruntamen
1585 1468 1647 1501 ego
1670 1460 1811 1495 unicam
1833 1464 2002 1502 duntaxat
2020 1469 2122 1505 Salo-

1135 1504 1251 1537 monis
1268 1515 1422 1548 gnomen
1441 1505 1717 1552 interpretabor,
1742 1519 1774 1545 et
1793 1525 2006 1560 proponam,
2034 1534 2122 1566 quae

1135 1567 1214 1589 cum
1237 1555 1396 1599 singulos
1417 1557 1462 1589 ad
1480 1559 1735 1600 poenitentiam
1754 1560 1932 1608 hortetur,
1959 1570 2060 1605 debet
2077 1575 2121 1607 ab

1134 1618 1352 1651 unoquoque
1385 1613 1538 1640 vestrum
1561 1609 1748 1653 diligenter
1771 1615 1877 1656 disci,
1911 1620 2122 1667 penitusque

1134 1657 1325 1741 mgmoriae
1357 1658 1539 1700 mandari,
1574 1666 1606 1693 et
1635 1668 1768 1696 attente
1791 1667 2013 1714 multumque
2036 1685 2120 1707 con-

1133 1719 1162 1741 s1
1191 1719 1294 1742 erari.

1236 1773 1296 1809 Sic
1319 1776 1491 1823 praecipit
1516 1775 1687 1813 Salomon
1711 1780 1880 1820 Proverb.
1902 1788 1976 1822 18..·
2006 1789 2121 1827 Iustus

1135 1826 1171 1859 in
1196 1826 1372 1870 principio
1398 1834 1578 1861 accusator
1596 1837 1646 1865 est
1661 1832 1734 1873 sui,
1761 1841 1878 1877 postea
1895 1837 2045 1884 inquirit
2060 1856 2121 1878 seu

1134 1877 1291 1921 explorat
1309 1878 1520 1921 proximum.
1573 1878 1674 1914 Hanc
1691 1885 1848 1925 regulam
1866 1898 2034 1933 perpetuo
2053 1896 2121 1929 cir-

1134 1928 1303 1961 cumferte
1329 1928 1474 1969 animis,
1500 1935 1533 1962 et
1555 1931 1596 1963 ad
1619 1942 1694 1965 eam
1718 1935 1869 1971 subinde
1886 1942 2109 1984 respicientes

1133 1986 1301 2023 tanquam
1319 1975 1385 2012 hoc
1401 1979 1502 2012 freno
1519 1987 1653 2015 mentes
1671 1991 1703 2018 et
1720 1985 1858 2030 linguas
1874 1992 1992 2033 regite.
2048 1975 2121 2029 Ini:

1132 2029 1181 2063 tio
1207 2029 1376 2062 debemus
1401 2029 1435 2061 in
1455 2042 1520 2063 nos
1537 2030 1630 2075 ipsos
1649 2033 1846 2079 inquirere:
1874 2041 2003 2085 singuli
2020 2057 2118 2080 suam

1132 2079 1392 2121 infirmitatem,
1427 2092 1508 2114 suos
1539 2093 1673 2117 errores
1707 2093 1740 2120 et
1773 2088 1906 2133 lapsus,
1948 2105 2007 2128 sua
2038 2110 2113 2141 pec-

1133 2137 1207 2164 cata
1229 2137 1436 2173 agnoscant,
1462 2138 1566 2177 atque
1589 2135 1792 2179 deplorent,
1819 2152 1857 2174 ac
1875 2154 1946 2176 sese
1963 2146 2116 2187 primum

1132 2181 1282 2226 puniant
1304 2187 1337 2214 et
1359 2183 1556 2218 emendent.
1611 2184 1698 2219 Nam
1724 2188 1884 2233 inspiciat
1909 2193 1995 2228 mibi
2020 2200 2116 2242 quis-

1132 2243 1199 2277 que
1226 2232 1262 2264 in
1285 2244 1386 2266 suum
1409 2233 1544 2275 sinum,
1569 2242 1601 2269 et
1625 2236 1661 2269 in
1687 2249 1758 2271 sese
1777 2241 1981 2285 descendat,
2010 2255 2048 2282 ut
2068 2259 2117 2285 est

1132 2283 1168 2316 in
1191 2281 1404 2325 Proverbio,
1437 2290 1512 2318 tum
1538 2297 1681 2320 suorum
1706 2289 1872 2326 vitiorum
1893 2306 1933 2328 ac
1956 2299 2115 2335 sordium

1131 2341 1339 2378 consepectu
1371 2336 1630 2378 commonefiet,
1662 2350 1706 2372 ne
1736 2347 1864 2377 temere
1895 2345 2043 2391 iudicet,
2076 2365 2115 2386 ac

1131 2396 1310 2419 censuram
1333 2387 1376 2419 de
1399 2386 1476 2419 aliis
1495 2387 1710 2422 acerbiorem
1727 2400 1814 2432 agat.
1867 2394 1986 2430 Tuum
2005 2401 2115 2442 ipsius

1131 2448 1190 2470 cor
1212 2436 1358 2484 plenum
1375 2443 1424 2470 est
1440 2437 1604 2480 caligine,
1632 2443 1762 2474 carnali
1780 2447 1980 2487 securitate,
2009 2452 2114 2485 «lubi-

1130 2487 1304 2522 tationum
1341 2487 1522 2526 fluetibus,
1566 2490 1715 2524 flammis
1749 2494 1940 2530 inordinati
1972 2505 2100 2537 amoris

1131 2538 1407 2579 malevolentiae,
1435 2539 1519 2579 odii,
1548 2541 1734 2586 multiplici
1753 2546 1960 2587 negligentia
1978 2552 2011 2584 in
2031 2532 2112 2587 sun:

1130 2589 1245 2623 ctione
1270 2601 1329 2622 seu
1354 2589 1537 2623 vocatione
1560 2597 1629 2624 tua.
1686 2590 1729 2626 Et
1756 2597 1908 2637 profecto
1933 2604 2113 2643 pauciores

1130 2647 1211 2674 sunt
1234 2652 1339 2687 quam
1356 2647 1543 2684 putentur,
1569 2643 1627 2687 qui
1647 2644 1784 2678 deducti
1803 2649 1843 2680 ad
1863 2649 2114 2694 inspectionem

1133 2691 1205 2733 sui,
1233 2704 1304 2724 non
1330 2691 1480 2734 insignia
1506 2699 1538 2752 ‘J
1556 2695 1711 2728 enormia
1734 2696 1814 2731 vitia
1833 2699 1900 2734 sint
1920 2703 2112 2748 deprehen-

1445 2740 1492 2775 45
1524 2754 1527 2756 ·
