2409 2915
121 115 171 150 97
679 115 740 151 XI.

223 201 316 246 Ergo
342 199 426 236 haec
449 201 570 235 concio
588 201 790 236 Salomonis
815 200 1020 247 prophetica
1044 211 1105 243 est,

121 260 156 287 et
184 265 252 287 vox
278 253 398 286 divina
420 252 457 284 in
482 250 637 286 Ecclesia
663 252 728 286 Dei
752 255 795 287 de
818 254 937 287 futuro
961 254 1105 294 iudicio,

122 304 237 349 qualis
260 311 311 338 est
334 303 455 337 concio
471 301 553 335 Filii
571 301 635 336 Dei
662 303 697 336 in
722 304 834 348 capite
851 302 979 340 Mauh.
996 303 1056 341 25.
1073 312 1105 339 et

122 355 159 388 in
185 355 263 389 aliis
281 354 379 388 locis.
431 352 513 386 Non
533 353 640 397 igitur
656 351 712 388 hic
730 355 821 388 liber
837 354 1037 389 Salomonis
1054 356 1103 389 le-

122 407 256 449 gendus
279 410 345 444 est,
374 410 411 438 ut
434 402 583 438 Cratetis
605 411 664 438 aut
686 404 838 439 Senecae
858 404 1037 449 Epistolae
1061 407 1103 439 de

121 461 299 490 contemtu
321 455 546 499 divitiarum,
575 461 606 489 et
626 454 886 489 Monachorum
914 457 1039 500 scripta
1060 458 1102 490 de

120 505 316 541 desertione
339 506 514 539 societatis
534 506 716 550 politicae,
750 507 809 540 sed
834 507 993 541 doctrina
1018 507 1102 542 fidei

118 563 167 591 est
185 556 227 589 de
245 556 375 590 iudicio
394 554 483 600 Dei,
510 563 542 590 et
559 558 602 590 de
618 557 842 591 distinctione
860 557 1049 602 impiorum
1069 565 1101 592 et

116 606 312 646 Ecclesiae,
341 614 374 641 et
395 607 487 641 inter
509 605 703 641 horrendas
727 609 949 642 confusiones
965 609 1100 652 generis

116 655 265 692 humani
290 658 444 692 ostendit
465 658 553 691 iram
568 657 633 692 Dei
652 660 938 700 contumacibus,
965 667 997 693 et
1015 672 1098 693 con-

116 709 324 743 solationem
346 709 424 753 piis.
464 707 618 754 Ideoque
641 710 795 753 prolixae
819 717 897 743 sunt
924 711 1097 744 narratio-

116 771 179 793 nes
203 760 451 794 confusionum
476 767 509 793 et
533 761 801 804 scandalorum,
836 767 873 794 ut
895 768 1011 805 postea
1035 762 1097 794 do-

115 817 210 855 ceat,
245 822 466 856 nequaquam
498 822 538 843 ex
564 808 618 844 his
644 812 847 854 spectaculis
874 812 910 844 in
936 810 1000 845 hac
1027 812 1097 845 vita

116 861 344 896 iudicandum
368 872 440 894 esse
464 862 506 893 de
528 862 709 896 voluntate
725 861 808 903 Dei,
837 864 894 895 sed
914 863 1010 895 firma
1029 863 1096 895 fide

114 913 374 946 assentiendum
407 923 478 945 esse
512 911 588 945 voci
615 910 762 946 divinae
787 920 818 946 et
851 913 999 946 verbum
1030 912 1094 946 Dei

114 971 276 1008 oportere
311 974 478 996 normam
508 974 579 996 esse
608 964 766 997 omnium
800 964 1028 997 consiliorum
1063 970 1096 997 et

114 1015 312 1054 actionum,
346 1014 435 1047 sicut
458 1014 626 1058 scriptum
649 1021 715 1048 cst:
744 1011 917 1048 Lucerna
947 1015 1095 1059 pedibus

115 1066 202 1099 meis
219 1065 366 1099 verbum
386 1072 499 1101 tuum.

214 1141 360 1175 Necesse
380 1148 429 1175 est
447 1142 555 1184 igitur
574 1141 608 1173 in
627 1139 733 1174 huius
757 1141 838 1174 libri
863 1141 1012 1175 lectione
1029 1154 1094 1176 no-

111 1194 201 1226 visse
225 1204 399 1225 summam
426 1192 607 1225 doctrinae
633 1192 900 1232 ecclesiasticae,
933 1193 975 1225 de
999 1205 1095 1225 crea-

112 1245 210 1278 tione
233 1242 359 1275 mundi
382 1249 415 1275 et
438 1240 612 1285 hominis,
642 1243 685 1274 de
704 1242 801 1286 lapsu
819 1240 1024 1284 hominum,
1052 1245 1095 1276 de

112 1294 225 1328 causis
250 1292 506 1333 calamitatum,
539 1293 581 1325 de
607 1293 858 1336 promissione,
893 1300 926 1326 et
951 1294 994 1326 de
1016 1293 1095 1327 Me—

111 1346 267 1381 diatore,
294 1350 439 1387 propter
460 1355 562 1388 quem
583 1351 615 1377 et
634 1355 696 1387 per
713 1355 816 1387 quem
835 1356 955 1376 rursus
972 1343 1093 1377 Eccle-

111 1396 161 1430 sia
178 1394 375 1438 colligitur,
403 1395 446 1427 de
463 1394 530 1426 fide
547 1394 737 1438 accipiente
755 1395 995 1428 remissionem
1016 1407 1094 1438 pec-

111 1453 289 1486 catorum,
315 1446 358 1478 de
380 1445 453 1488 lege
473 1445 560 1485 Dei,
587 1445 630 1478 de
651 1445 721 1478 vita
745 1451 905 1485 aeterna,
933 1446 976 1478 de
998 1445 1093 1478 iudi-

111 1498 165 1531 cio
189 1503 384 1541 postremo,
417 1497 460 1529 de
483 1496 607 1539 poenis
632 1496 782 1529 aeternis
806 1496 1016 1541 impiorum,
1051 1497 1093 1529 de

111 1549 221 1582 salute
241 1547 392 1591 piorum.
447 1545 548 1579 Hanc
567 1553 675 1579 totam
693 1547 889 1580 doctrinam
908 1547 1093 1591 complecti

111 1609 249 1632 necesse
278 1604 345 1637 est,
380 1610 457 1630 cum
482 1598 525 1629 de
549 1598 770 1639 providentia
795 1598 932 1631 dicitur.
1002 1597 1092 1631 Cum

113 1649 206 1682 enim
232 1648 456 1681 confusiones
479 1648 515 1679 in
541 1645 605 1680 hac
629 1648 726 1680 brevi
751 1648 821 1680 vita
841 1649 1023 1691 caliginem
1039 1649 1092 1681 of-

111 1700 262 1732 fundant
291 1698 486 1737 mentibus,
520 1704 558 1730 ut
587 1698 705 1730 minus
735 1705 878 1731 cernant
902 1699 1091 1742 providen-

111 1751 215 1788 tiam,
243 1759 380 1781 necesse
405 1755 456 1781 est
480 1748 608 1780 intueri
629 1748 725 1791 illam
741 1748 884 1780 alteram
902 1749 1027 1787 vitam,
1056 1748 1090 1780 in

109 1811 177 1844 qua
202 1798 390 1831 discrimen
415 1797 480 1830 erit
503 1797 638 1831 illustre
662 1798 835 1831 malorum
860 1805 891 1832 ct
916 1799 1091 1831 bonorum

108 1851 146 1882 in
167 1849 266 1883 omni
284 1848 498 1882 aeternitate.

212 1924 476 1960 Consideranda
492 1932 542 1958 est
557 1931 671 1957 autem
684 1925 788 1957 series
804 1924 956 1968 partium
971 1924 1007 1956 in
1024 1921 1093 1956 hoc

108 1977 200 2010 libro
217 1976 430 2011 Salomonis.
484 1975 589 2008 Prius
606 1976 726 2009 recitat
742 1975 956 2008 obiectiones
968 2000 976 2013 ‚
1005 1986 1092 2019 quae

110 2029 276 2061 videntur
294 2027 470 2060 adversari
490 2026 731 2070 providentiae
743 2053 751 2066 ,
779 2033 812 2059 et
830 2026 866 2058 in
883 2023 949 2058 hac
966 2026 1091 2058 recita—

108 2080 206 2113 tione
241 2078 397 2122 prolixus
422 2085 490 2119 est,
526 2078 606 2122 quia
630 2088 774 2120 magnos
799 2083 833 2110 ct
856 2077 1012 2109 assiduos
1036 2084 1092 2109 tu-

110 2130 243 2163 multus
266 2129 416 2162 excitant
439 2130 480 2161 in'
500 2126 665 2161 humanis
689 2127 868 2161 mentibus
892 2125 957 2159 hae
976 2126 1092 2170 profa-

109 2192 175 2213 nae
190 2180 429 2223 cogitationes.
482 2177 527 2212 Et
543 2179 650 2222 igitur
666 2186 698 2212 et
714 2176 799 2210 haec
817 2189 894 2221 pars
911 2177 991 2210 libri
1011 2189 1093 2220 pro-

110 2231 226 2265 lixior.
284 2229 418 2263 Passim
441 2242 523 2262 vero
545 2231 667 2262 breves
689 2229 934 2272 responsiones
958 2227 1092 2261 inserit.

111 2282 252 2316 Timeto
271 2280 384 2315 Deum
397 2308 405 2321 ‚
432 2286 537 2313 restat
560 2280 654 2312 aliud
672 2279 852 2314 iudicium.
902 2277 996 2311 Haec
1012 2279 1093 2312 bre-

109 2333 250 2366 vissima
268 2332 358 2366 dicta
374 2338 455 2365 sunt
471 2330 732 2374 responsiones,
759 2341 843 2374 quas
859 2329 957 2362 firma
976 2341 1094 2362 assen-

111 2385 210 2418 sione
235 2391 268 2417 et
292 2383 358 2415 fide
379 2382 541 2426 amplecti
565 2392 628 2414 nos
651 2387 799 2424 oportet.
851 2379 1093 2413 Certissimum

111 2442 162 2469 est
184 2435 278 2468 enim
298 2446 369 2467 esse
386 2446 442 2467 eas
459 2434 595 2467 decreta
614 2432 753 2468 divina,
782 2442 869 2475 quae
887 2431 921 2463 in
941 2429 1094 2464 Ecclesia

111 2499 196 2520 voce
216 2483 492 2530 Prophetarum,
520 2481 649 2518 Christi
674 2490 709 2516 et
727 2481 979 2525 Apostolorum
996 2493 1096 2525 saepe

111 2543 338 2582 repetuntur,
373 2543 405 2570 et
433 2536 518 2568 fides
543 2541 635 2568 certa
659 2541 691 2567 et
712 2533 832 2566 brevia
857 2533 948 2566 dicta
974 2532 1094 2565 divina

112 2589 260 2633 opponit
275 2587 488 2621 turbulentis
505 2585 778 2628 cogitationibus
792 2584 952 2618 rationis.

114 2690 351 2723 obiectionum
370 2696 401 2722 et
420 2688 688 2731 responsionum
710 2687 743 2718 iu
762 2684 828 2719 hoc
845 2686 946 2720 libro.

167 2742 343 2773 Biemann.
364 2742 466 2773 Orza.
497 2741 579 2772 von.
600 2737 692 2771 XIV.

793 114 1092 153 ENARRATIO
1128 117 1178 153 IN
1213 116 1585 155 ECCLESIASTEN.

1002 2582 1097 2617 Haec
1122 2603 1123 2608 =

113 2639 186 2684 ipsa
215 2638 404 2672 certamina
431 2637 580 2671 rationis
607 2635 781 2669 humanae
804 2635 962 2668 imitatur
984 2634 1096 2668 forma
1121 2620 1124 2679 l
1150 2635 1384 2668 servientibus
1415 2634 1453 2666 in
1477 2632 1679 2671 vocatione,

1121 2682 1124 2695 '
1151 2698 1229 2719 rum
1255 2697 1326 2719 esse
1344 2684 1534 2718 Ecclesiam
1563 2683 1598 2714 in
1626 2682 1722 2715 illam
1747 2688 1923 2715 aeternam
1949 2687 2135 2714 consuetu-

2093 125 2141 160 98

1259 203 1465 249 Sequuntur
1496 212 1612 239 autem
1640 208 1932 242 asseverationem
1954 209 1996 242 de
2021 211 2139 252 provi-

1154 254 1292 296 dentia,
1315 254 1388 288 Lex
1411 261 1443 288 et
1460 256 1697 290 comminatio.
1752 257 1838 292 Item
1856 257 2088 303 Evangelium
2106 268 2136 295 et

1153 305 1367 339 consolatio:
1398 312 1582 350 postquam
1610 309 1731 342 statuis
1756 321 1828 343 esse
1852 308 1986 352 Deum,
2010 318 2042 344 et
2065 323 2136 345 esse

1153 356 1305 389 iudicem
1332 362 1365 390 et
1393 356 1589 398 vindicem,
1624 359 1706 391 audi
1738 368 1915 404 praecepta
1941 367 1974 394 et
2000 362 2136 396 obtem-

1153 419 1252 450 pera,
1279 414 1311 440 et
1335 406 1417 451 quia
1441 418 1566 450 magna
1591 415 1641 442 est
1664 408 1847 443 infirmitas
1872 408 2075 453 hominum,
2102 421 2135 447 et

1153 457 1253 491 multi
1271 458 1406 490 surores
1421 457 1643 491 diabolorum
1656 485 1664 499 ,
1691 460 1750 504 qui
1767 467 1895 503 augent
1912 463 2134 496 confusiones

1151 508 1287 551 generis
1318 505 1484 549 humani,
1520 509 1629 542 multa
1660 517 1742 544 sunt
1772 510 2021 554 impedimenta
2050 514 2133 547 obe-

1150 558 1313 594 dientiae.
1381 557 1449 591 Hic
1479 560 1670 593 necessaria
1704 567 1754 594 est
1786 561 1991 596 consolatIO.
2055 561 2132 597 Au-

1150 609 1277 642 dienda
1297 614 1345 642 est
1361 608 1468 652 igitur
1486 623 1551 643 vox
1565 608 1766 654 Evangelii,
1794 623 1883 656 quae
1899 613 2018 654 docet,
2044 625 2132 658 quae

1149 660 1370 702 obedientia,
1398 666 1430 693 et
1456 661 1632 704 quomodo
1658 662 1809 705 placeat,
1836 662 1933 696 iubet
1955 664 2131 705 guberna-

1148 718 1259 743 torem
1286 722 1357 744 non
1384 709 1534 744 abiicere
1557 712 1751 745 vocationis
1776 713 1908 751 officia,
1937 714 2072 747 etiamsi
2094 715 2129 747 in

1148 759 1212 794 hac
1235 761 1326 795 vitae
1350 761 1558 795 confusione
1575 762 1829 807 aliquantisper
1846 764 2033 797 dissimiles
2050 772 2131 799 sunt

1148 819 1293 846 eventus
1311 818 1486 845 rectorum
1502 813 1743 852 consiliorum,
1769 819 1802 847 et
1817 822 1946 853 monet,
1974 827 2018 848 ne
2032 816 2129 848 sran-

1147 874 1270 905 gamur
1293 863 1552 907 desperatione,
1579 863 1714 897 etiamsi
1733 863 1986 908 aliquantisper
2002 866 2130 900 ssorent

1147 914 1286 955 iniusti,
1322 920 1354 947 et
1378 914 1550 957 premitur
1575 926 1655 947 vera
1677 913 1852 955 Ecclesia,
1888 915 1969 960 quia
1993 916 2128 950 etiamsi

1146 965 1399 1009 aliquantisper
1422 964 1586 997 differtur
1607 965 1777 998 iudicium
1803 963 1888 1007 Dei,
1922 973 2038 999 tamen
2063 967 2128 999 ali-

1145 1021 1278 1060 quanto
1300 1021 1378 1059 post
1403 1021 1435 1048 et
1459 1015 1495 1047 in
1521 1013 1585 1048 hac
1608 1016 1696 1054 vita,
1725 1021 1757 1049 et
1777 1016 1812 1048 in
1833 1022 1905 1050 tota
1924 1017 2129 1051 aeternitate

1146 1066 1337 1110 punientur
1354 1065 1523 1100 scelerati.

1246 1116 1347 1150 Hanc
1371 1117 1648 1150 consolationem
1673 1129 1772 1162 saepe
1791 1117 1913 1152 intexit
1932 1114 2014 1150 huic
2033 1116 2129 1150 Scri-

1145 1173 1222 1210 pto,
1250 1180 1339 1212 quae
1365 1165 1615 1211 comprehensa
1637 1174 1687 1201 est
1706 1175 1739 1202 et
1761 1168 1797 1200 in
1814 1175 1886 1202 toto
1908 1168 2047 1201 Psalmo
2067 1168 2126 1201 36.

1145 1217 1225 1250 Noli
1250 1218 1440 1258 aemulari,
1469 1225 1501 1251 et
1525 1219 1562 1251 in
1588 1219 1707 1252 multis
1724 1219 1954 1252 concionibus
1970 1216 2128 1261 Prophe-

1145 1275 1259 1301 tarum
1285 1275 1318 1302 et
1336 1268 1419 1302 Filii
1436 1269 1524 1309 Dei,
1550 1276 1587 1302 ut
1612 1270 1649 1301 in
1668 1270 1778 1313 capite
1795 1267 1926 1304 Mattb.
1945 1269 2018 1303 10.:
2047 1268 2127 1302 Non

1145 1319 1264 1353 timete
1288 1331 1362 1358 eos,
1390 1320 1450 1363 qui
1474 1320 1640 1353 occidunt
1664 1331 1807 1363 corpus,
1834 1320 1988 1352 animam
2012 1325 2127 1352 autem

1144 1382 1216 1402 non
1236 1375 1382 1414 possunt
1398 1370 1556 1403 occidere
1568 1397 1576 1410 ,
1604 1371 1662 1403 sed
1680 1370 1797 1403 timete
1813 1382 1910 1411 eum,
1937 1369 1997 1414 qui
2014 1376 2127 1412 potest

1145 1421 1298 1453 animam
1322 1427 1354 1453 et
1378 1432 1505 1464 corpus
1527 1421 1671 1463 perdere
1691 1421 1727 1453 in
1747 1417 1954 1463 gehennam.
2006 1418 2127 1463 Longe

1145 1471 1369 1505 anteferenda
1390 1477 1440 1504 est
1458 1472 1644 1505 aeternitas
1663 1471 1868 1504 brevissimo
1889 1470 2004 1514 spacio
2023 1468 2128 1503 huius

1145 1522 1236 1555 vitae
1259 1521 1436 1562 mortalis,
1471 1528 1503 1555 et
1526 1529 1643 1555 tamen
1666 1523 1702 1554 in
1730 1519 1794 1555 hac
1818 1522 1889 1555 vita
1915 1521 2129 1554 comitantur

1144 1580 1276 1606 atroces
1306 1583 1436 1616 poenas
1461 1573 1592 1606 atrocia
1618 1573 1761 1610 delicta,
1793 1573 1887 1605 iuxta
1914 1571 2019 1604 illud:
2055 1557 2131 1614 Qui

1145 1624 1301 1666 gladium
1328 1623 1497 1666 acceperit
1527 1624 1643 1666 gladio
1670 1624 1822 1668 peribit,
1858 1629 1891 1656 et
1914 1622 2128 1665 experientia

1145 1673 1277 1717 peperit
1297 1671 1381 1705 haec
1398 1673 1508 1704 dicta:

1229 1720 1344 1760 τεύχων
1365 1718 1406 1755 ὦς
1429 1718 1523 1761 ἑτέρῳ
1547 1722 1591 1756 τὶ,
1629 1719 1670 1761 ἑῷ
1693 1719 1793 1750 κακὸν
1817 1719 1909 1756 {trau
1934 1719 2046 1759 τεύχει.

1248 1772 1294 1806 Ut
1318 1774 1360 1805 de
1378 1770 1551 1805 Archelao
1572 1784 1650 1815 rege
1669 1772 1900 1805 Macedonico
1919 1773 2050 1805 dictum
2068 1778 2130 1811 est,

1146 1823 1206 1867 qui
1233 1823 1368 1856 etiamsi
1394 1823 1461 1856 fuit
1488 1823 1742 1867 aliquantisper
1767 1823 1939 1865 gloriosus
1966 1834 2043 1863 rex,
2077 1829 2130 1855 ta-

1146 1885 1225 1905 men
1251 1874 1331 1918 quia
1351 1884 1413 1917 per
1430 1873 1542 1906 scelus
1559 1885 1705 1916 regnum
1724 1874 1920 1913 invaserat,
1947 1884 1966 1905 a
1984 1873 2055 1905 suis
2074 1873 2129 1905 in-

1145 1924 1308 1957 terfectus
1332 1931 1399 1965 est,
1427 1930 1460 1957 et
1482 1923 1638 1967 singulae
1662 1930 1789 1957 aetates
1814 1924 1923 1957 multa
1941 1923 2060 1957 vident
2076 1930 2128 1957 ta-

1145 1975 1190 2007 lia
1211 1975 1377 2018 exempla.

1249 2024 1321 2058 Iam
1344 2025 1445 2057 facile
1465 2024 1631 2066 intelligit
1649 2024 1758 2056 lector
1776 2035 1848 2056 non
1866 2024 2012 2056 omnino
2031 2024 2127 2057 rudis

1146 2076 1236 2108 vitae
1259 2075 1476 2115 communis,
1503 2075 1581 2120 quis
1607 2075 1652 2108 sit
1676 2084 1759 2106 usus
1784 2071 1888 2107 huius
1913 2074 2013 2114 libri,
2040 2082 2128 2118 quae

1146 2127 1229 2158 inde
1244 2126 1376 2159 utilitas
1391 2126 1560 2170 capienda
1575 2125 1629 2160 sit.
1676 2122 1925 2157 Confirmanda
1944 2133 1993 2157 est
2011 2136 2128 2157 assen-

1145 2177 1196 2209 sio
1213 2178 1255 2209 (lc
1270 2177 1492 2220 providentia
1508 2176 1610 2210 dictis
1625 2173 1731 2208 huius
1746 2175 2014 2218 concionatoris,
2041 2187 2129 2220 quae

1146 2228 1182 2260 in
1206 2225 1362 2260 Ecclesia
1386 2233 1634 2272 proponuntur
1659 2238 1731 2259 non
1755 2223 1909 2259 humana
1934 2226 2129 2266 autoritate,

1146 2279 1204 2312 sed
1222 2279 1404 2313 divinitus.

1248 2329 1387 2362 Deinde
1408 2341 1471 2362 suo
1491 2329 1638 2373 quisque
1656 2328 1733 2361 loco
1752 2327 1889 2361 obediat
1907 2326 1999 2365 Deo,
2028 2334 2060 2359 ct
2076 2327 2129 2359 sa·-

1147 2381 1214 2414 ciat
1244 2381 1356 2413 officia
1387 2380 1601 2418 vocationis,
1637 2391 1740 2423 quam
1771 2390 1849 2411 cum
1882 2378 1991 2410 multa
2019 2377 2129 2420 impe-

1147 2431 1264 2472 diant,
1297 2438 1412 2465 teneat
1441 2430 1697 2463 consolationes
1729 2441 1816 2474 quae
1842 2426 1898 2461 hic
1925 2438 2130 2470 proponun-

1147 2489 1222 2523 tur,
1250 2482 1334 2515 sciat
1356 2493 1496 2515 cursum
1516 2481 1552 2514 in
1571 2480 1754 2514 vocatione
1772 2479 1847 2513 Deo
1866 2478 2018 2521 placere,
2046 2478 2130 2511 sciat

1148 2535 1263 2567 Deum
1281 2539 1450 2566 rectorem
1467 2543 1539 2565 esse
1556 2531 1608 2564 sui
1626 2537 1762 2570 coetus,
1789 2535 1822 2562 et
1837 2528 1927 2561 velle
1944 2528 2013 2572 peti
2032 2528 2130 2561 auxi-

1150 2584 1236 2617 lium
1268 2584 1451 2623 divinum,
1484 2590 1517 2616 et
1543 2581 1721 2614 verissime
1745 2591 1845 2623 opem
1870 2579 1960 2612 ferre
1984 2578 2133 2611 fideliter

1716 2638 1748 2664 et
1775 2630 1917 2663 tandem
1943 2629 2134 2662 collocatu-

1610 2734 1632 2766 7
