2409 2915
290 74 363 112 435

291 162 385 196 Hinc
402 159 582 205 perspicue
597 157 766 202 seqnitur,
789 168 935 201 regnum
953 157 1104 192 Messiae
1119 169 1191 191 non
1209 167 1281 190 esse

294 213 531 247 mundanum:
567 208 673 248 ltein,
704 208 792 242 ritus
824 209 946 253 templi
976 222 1048 242 non
1084 220 1156 242 esse
1181 217 1281 241 veros

295 263 425 296 cultus:
453 271 525 293 non
551 259 644 292 enim
669 259 873 301 interirent,
898 260 957 293 sed
982 259 1069 293 alios
1091 259 1205 293 cultus
1220 259 1282 290 de-

296 311 401 346 scribi
420 311 456 344 in
471 309 632 344 Ieremia:
652 307 742 342 Ecce
758 311 850 343 dabo
867 311 976 354 legem
991 322 1104 343 meam
1123 310 1160 343 in
1177 309 1282 342 corda

296 374 426 396 eorum.
479 360 583 394 Item:
612 357 742 394 Omnis
760 361 820 406 qui
838 361 1052 395 invocaverit
1069 372 1199 394 nomen
1209 357 1283 392 Do-

296 413 398 453 mini,
425 412 542 445 salvus
560 410 638 444 erit.
690 409 776 444 Item
796 412 832 444 in
852 411 1011 444 Psalmo:
1041 411 1099 445 Tu
1118 423 1153 445 es
1170 420 1284 443 sacer-

297 465 361 497 dos
392 464 584 496 secundum
619 461 783 494 ordinem
807 459 1068 496 Melchisedech
1081 489 1091 505 ,
1125 459 1285 496 interibit

298 514 405 558 igitur
420 512 653 547 sacerdotium
671 511 771 546 Levi.

726 584 858 611 Tertio.

399 639 541 673 Dictum
573 645 622 672 est
653 638 696 671 de
720 637 881 672 doctrina
910 635 1099 682 Stephani:
1134 637 1286 682 pertinet

297 698 412 725 autem
431 691 474 724 ad
492 690 687 723 doctrinam
715 688 955 723 testimonium
972 687 1162 733 Stephani,
1189 689 1285 734 quod

297 742 458 775 adfirmat
483 752 518 774 se
542 741 662 773 videre
678 737 860 774 Christum
885 746 1032 773 stantem
1059 741 1101 773 ad
1126 741 1284 773 dextram

297 790 382 825 Dei.
436 791 524 825 Nam
542 789 608 824 hoc
626 791 784 835 exemplo
806 802 1013 831 monemur,
1040 791 1143 835 quale
1165 790 1208 823 sit
1230 802 1285 823 re-

296 855 404 886 gnum
428 840 581 882 Christi,
611 854 682 874 non
707 841 752 874 ita
778 841 951 879 discessit,
979 847 1018 874 ut
1041 840 1193 883 negligat
1215 839 1286 874 Ee-

297 894 448 933 clesiam,
470 893 527 926 sed
546 904 626 925 vere
641 903 716 924 eain
734 891 885 934 respicit,
907 892 1004 924 adest
1022 891 1063 931 ei,
1086 898 1286 935 propugnat

298 956 391 982 eam,
420 944 514 977 iuvat
534 943 743 982 morientes,
770 942 861 975 sicut
886 941 958 985 ipse
981 941 1087 975 dicit:
1119 941 1205 975 Sine
1230 953 1285 974 me

295 993 387 1029 nihil
406 995 546 1038 potestis
563 994 684 1026 facere.

402 1052 504 1086 ltem:
533 1051 634 1084 Pater
659 1061 755 1083 meus
779 1061 890 1095 usque
911 1051 1018 1084 modo
1043 1058 1228 1096 operatur,
1252 1058 1286 1085 et

297 1116 358 1148 ego
384 1114 523 1147 operor.
583 1101 690 1134 Item:
731 1100 941 1146 Ubicunque
969 1108 1051 1135 sunt
1085 1102 1284 1145 congregati

296 1156 366 1188 duo
383 1160 443 1188 ant
459 1162 528 1188 tres
544 1152 581 1185 in
600 1152 744 1185 nomine
763 1164 852 1192 meo,
870 1152 905 1184 in
925 1153 1039 1185 medio
1057 1165 1178 1186 eorum
1197 1165 1285 1188 sum.

398 1212 469 1245 ‘Nec
496 1211 624 1244 frustra
654 1221 688 1243 se
714 1207 771 1243 hic
800 1210 954 1243 ostendit
980 1207 1183 1257 Stephano,
1220 1222 1285 1244 nec

296 1270 440 1309 propter
464 1263 579 1306 ipsum
603 1267 760 1301 tantum,
787 1261 846 1293 sed
872 1261 984 1294 mulio
1009 1261 1117 1303 magis
1143 1268 1285 1305 propter

296 1315 496 1349 universam
522 1310 736 1352 Ecclesiam,
762 1311 810 1344 sic
832 1323 953 1344 omnes
979 1311 1028 1355 pii
1055 1311 1092 1344 in
1117 1313 1284 1345 omnibus

297 1364 475 1410 periculis,
497 1363 545 1396 sic
562 1363 598 1395 in
616 1369 726 1394 morte
742 1361 866 1404 respici
885 1373 919 1394 se
936 1369 968 1394 et
985 1361 1101 1394 curari
1118 1368 1283 1403 statuant,

297 1416 444 1461 perinde
468 1426 507 1446 ac
530 1413 557 1446 si
581 1413 692 1445 oculis
710 1409 890 1445 Christum
910 1419 1110 1453 cernerent,
1138 1419 1177 1446 ut
1195 1413 1283 1446 vidit

295 1463 508 1510 Stephanus.
563 1462 647 1496 Ideo
674 1460 739 1495 hoc
764 1463 962 1506 exemplum
995 1463 1179 1506 inligamus
1205 1463 1283 1495 ani—

295 1517 381 1558 mis,
407 1523 444 1549 ut
470 1513 629 1560 quotidie
653 1525 717 1546 nos
742 1514 785 1546 de
810 1524 917 1556 regno
935 1511 1069 1547 Christi
1086 1514 1283 1554 admoneat,

294 1581 334 1602 ut
348 1566 539 1609 cogitemus
557 1576 628 1597 non
644 1564 801 1596 ociosum
818 1575 907 1602 esse,
935 1565 995 1597 sed
1016 1576 1096 1598 vere
1113 1564 1282 1608 opitulari

293 1630 392 1657 eum,
415 1623 448 1651 et.
467 1617 549 1650 dare
566 1621 705 1649 aeterna
724 1615 828 1648 bona.

719 1707 764 1735 Qu
774 1712 790 1730 a
799 1707 862 1730 rto.

576 1758 629 1790 De
649 1756 803 1798 passione
826 1754 998 1796 Stephani.

396 1830 517 1865 ludaei
541 1829 765 1873 expectabant
789 1824 954 1860 Messiam
978 1827 1143 1861 daturum
1169 1829 1279 1873 impe-

293 1883 344 1917 ria
370 1889 404 1916 et
424 1892 522 1925 opes:
559 1887 594 1913 at
618 1878 816 1921 exemplum
841 1876 1010 1921 Stephani
1034 1879 1206 1920 ostendit,
1242 1879 1278 1912 in

294 1933 358 1968 hac
373 1933 442 1966 vita
459 1929 650 1964 Ecclesian.
669 1929 859 1961 subiectam
883 1939 955 1960 esse
977 1929 1089 1968 cruci,
1112 1931 1170 1961 sed
1190 1931 1279 1962 acci—

292 1996 373 2028 pere
391 1981 562 2016 iusticiam
576 2007 583 2021 ‚
611 1980 783 2023 Spiritum
803 1985 978 2017 sanctum,
1006 1985 1038 2012 et
1057 1980 1182 2013 donari
1202 1987 1278 2023 post

291 2034 383 2069 hanc
400 2033 506 2067 vitam
524 2039 664 2065 aeterna
690 2029 812 2072 gloria.
851 2028 931 2062 ldeo
951 2027 1151 2073 Stephanus
1170 2031 1278 2064 inter-

291 2087 424 2124 ficitur,
451 2091 488 2117 ut
506 2082 632 2128 reliqui
652 2081 844 2119 discerent,
871 2092 1016 2123 regnum
1036 2080 1185 2115 Messiae
1205 2094 1277 2115 non

291 2148 363 2170 esse
382 2135 602 2169 mundanum
630 2131 816 2176 imperium
845 2138 877 2164 et
899 2143 1004 2164 suave
1026 2132 1153 2166 ocium.
1202 2133 1277 2166 Ab·

291 2189 438 2221 surdum
457 2192 570 2219 antem
592 2183 731 2217 vidi-tur
749 2181 875 2214 rationi
901 2179 1092 2221 humanae,
1121 2183 1229 2217 iustos
1245 2191 1278 2219 ct

292 2238 462 2283 populum
491 2235 574 2275 Dei,
603 2241 718 2267 tamen
745 2240 906 2276 oportere
930 2233 1104 2266 subiectos
1125 2246 1196 2268 esse
1219 2248 1277 2268 ae-

290 2288 445 2327 rumnis,
481 2295 513 2320 et
545 2286 687 2330 quidem
714 2284 824 2316 multo
851 2283 974 2316 durius
1005 2285 1136 2327 premi,
1170 2298 1276 2331 qnam

290 2340 381 2373 nllus
399 2339 485 2371 alios
504 2335 679 2369 homines:
713 2334 814 2378 lmpii
834 2341 952 2368 tenent
977 2347 1099 2378 magna
1119 2336 1275 2380 imperia,

288 2398 325 2424 nt
346 2402 439 2422 nunc
458 2387 566 2421 'l‘nrci
584 2394 617 2420 et
635 2387 693 2419 alii
711 2386 862 2431 tyranni.
894 2384 1036 2418 interim
1056 2384 1208 2420 Ecclesia
1227 2395 1277 2422 est

290 2440 500 2474 miserabilis
520 2446 656 2476 coctus,
684 2445 714 2470 et
735 2449 831 2473 vere.
861 2444 897 2470 ut
917 2435 1149 2475 Psalmusait.
1179 2438 1275 2471 Oves

289 2493 481 2525 destinatae
507 2491 547 2522 ad
571 2488 828 2521 mactationem.
884 2487 954 2520 Nec
981 2488 1104 2522 leviter
1127 2489 1275 2524 olleudit

290 2541 373 2576 hacc
399 2541 530 2586 specis-s
554 2539 680 2573 iudicia
707 2537 873 2572 humana.
936 2539 1004 2572 Sed
1030 2537 1185 2573 Ecclesia
1211 2541 1274 2575 scit

288 2605 406 2627 causas
418 2620 426 2633 ,
451 2605 512 2625 cur
527 2593 570 2625 sit
586 2590 739 2623 subiecta
760 2590 868 2625 cruci.
918 2586 1052 2635 Estque
1069 2588 1152 2624 haec
1169 2604 1273 2635 pecu-

289 2645 384 2678 liaris
401 2651 430 2677 ct
451 2643 591 2687 propria
608 2641 777 2686 sapientia
795 2639 984 2685 Ecclesiae,
1009 2641 1127 2686 ignota
1144 2643 1272 2677 rationi

884 70 1008 106 mun.
1036 68 1152 106 Man.
1180 49 1391 106 scfflPTA
1417 68 1720 107 EXEGETmA.

2243 74 2318 111 436

1331 154 1518 190 humanae.
1551 155 1664 191 Nobis
1683 155 1790 201 igitur
1804 154 1890 190 haec
1906 167 2028 190 causae
2046 163 2150 192 notae
2166 169 2238 193 esse
2255 161 2318 194 de—

1336 207 1441 251 bent,
1467 214 1507 241 ut
1523 206 1598 241 Deo
1623 208 1829 242 obediamus
1853 208 1889 240 in
1915 206 2188 250 afflictionibus,
2215 217 2247 243 et
2263 222 2322 244 ex·

1335 265 1511 302 pectemus
1527 258 1773 292 liberationem
1793 259 1966 302 integram
1987 258 2022 291 in
2041 258 2111 292 vita
2128 265 2282 295 aeterna.

1436 314 1501 349 Est
1518 323 1634 349 autem
1654 314 1740 351 haec
1756 317 1942 362 praecipua
1960 328 2074 357 causa,
2101 329 2180 350 cum
2199 325 2322 354 natura

1335 364 1521 400 hominum
1544 367 1589 400 sit
1613 366 1775 401 immersa
1793 374 1950 411 peccato,
1977 366 2072 401 Deus
2099 367 2247 402 subiecit
2268 375 2323 403 to-

1336 424 1411 451 tum
1426 428 1535 461 genus
1552 415 1747 451 humanum
1764 418 1869 452 morti
1888 425 1921 452 et
1940 418 2060 452 multis
2078 419 2267 458 aerumnis,
2284 426 2324 455 ut

1336 479 1566 515 agnoscamus
1582 468 1669 501 iram
1688 467 1753 502 Dei
1771 469 1938 502 adversus
1954 476 2144 513 peccatum,
2173 477 2205 503 et
2222 481 2324 504 voce-

1339 531 1420 553 mur
1437 520 1480 552 ad
1496 519 1762 564 poenitentiam.
1797 519 1849 552 Ac
1864 519 2049 563 praecipue
2065 518 2220 554 Ecclesia
2240 521 2326 555 sub·

1338 569 1458 603 iicitur
1474 570 1580 609 cruci,
1605 569 1687 615 quia
1699 568 1794 603 Deus
1814 569 1889 604 vult
1906 571 2016 614 ipsam
2032 581 2219 613 agnoscere
2237 571 2323 604 iram

1338 621 1506 654 adversus
1521 627 1711 665 peccatum,
1733 619 1809 654 vult
1827 621 1944 663 augeri
1961 620 2226 664 poenitentiam,
2245 633 2325 656 cum

1337 671 1472 716 reliqua
1490 684 1570 716 pars
1584 669 1770 705 hominum
1790 668 1882 703 nihil
1901 677 1997 704 curet
2015 671 2104 704 iram
2123 670 2201 714 Dei,
2221 679 2254 706 et
2269 672 2326 706 fu·

1337 733 1419 756 rens
1434 729 1635 756 contemnat
1650 728 1831 767 peccatum
1849 727 1882 755 et
1901 733 2042 766 poenas-

1441 780 1625 815 Praeterea
1655 787 1856 815 sanctorum
1884 780 2094 814 afflictiones
2117 787 2200 815 sunt
2227 780 2326 816 testi-

1338 831 1457 865 monia
1477 831 1674 873 doctrinae,
1708 838 1792 866 tunc
1815 838 1958 876 apparet
1990 843 2048 865 eos
2078 831 2168 865 serio
2193 832 2324 866 sentire

1339 884 1433 927 quod
1461 883 1689 927 profitentur,
1716 895 1795 916 cum
1823 883 1931 916 nullis
1952 882 2120 927 periculis
2144 883 2325 917 deterren-
2375 913 2382 920 .

1338 940 1396 967 tur
1410 945 1428 967 a
1446 934 1677 968 confessione.

1440 991 1533 1026 Sunt
1558 992 1641 1025 item
1663 992 1862 1026 testimonia
1882 993 2020 1026 suturae
2040 992 2150 1033 vitae,
2176 1003 2255 1026 cum
2272 991 2326 1024 vi-

1338 1044 1460 1076 demus
1484 1042 1633 1076 Paulum
1658 1043 1807 1077 interfici
1829 1044 1873 1076 ab
1898 1043 2137 1087 impurissimo
2161 1049 2325 1089 tyranno,

1339 1093 1570 1137 intelligimus
1592 1100 1687 1127 certo
1710 1100 1840 1128 restare
1862 1093 1958 1126 aliud
1978 1094 2148 1127 indicium
2162 1121 2170 1135 ,
2198 1094 2234 1126 in
2254 1105 2324 1138 quo

1338 1144 1430 1178 Nero
1463 1155 1594 1188 poenas
1624 1144 1745 1185 dabit,
1789 1144 1870 1189 quia
1903 1143 2052 1177 Paulum
2088 1156 2160 1177 non
2194 1143 2324 1187 negligi

1338 1195 1456 1238 priora
1482 1195 1680 1228 testimonia
1698 1197 1906 1233 ostendunt,
1936 1195 2116 1240 inquibus
2133 1194 2325 1229 declaravit

1337 1244 1433 1279 Deus
1455 1246 1520 1279 sibi
1546 1246 1645 1278 illum
1672 1258 1776 1280 curae
1792 1258 1876 1282 esse.
1930 1245 2022 1280 Sunt
2039 1252 2070 1279 et
2086 1245 2174 1279 aliae
2191 1256 2325 1287 causae,

1337 1307 1423 1341 quas
1439 1297 1524 1328 alias
1542 1296 1697 1330 recitavi.

1439 1353 1651 1398 Exemplum
1670 1366 1752 1387 vero
1771 1351 1943 1397 Stephani
1961 1355 2004 1387 de
2027 1361 2177 1400 utraque
2201 1366 2238 1388 re
2259 1365 2324 1387 nos

1336 1405 1542 1442 admoneat,
1570 1412 1603 1438 et
1623 1405 1715 1449 quod
1735 1402 1890 1437 Ecclesia
1907 1405 1952 1438 sit
1975 1405 2130 1439 subiecta
2147 1405 2240 1438 cruci
2254 1432 2262 1445 ,
2290 1411 2323 1439 et

1336 1457 1431 1501 quod
1451 1463 1567 1489 tamen
1585 1455 1674 1488 adsit
1692 1455 1762 1488 suis
1779 1455 1815 1487 iu
1835 1467 1936 1488 cruce
1948 1455 2148 1496 FiliusDei,
2166 1455 2255 1490 sicut
2266 1453 2323 1490 hic

1337 1517 1501 1551 praesens
1518 1518 1536 1539 a
1552 1504 1734 1550 Stephano
1749 1506 1916 1539 cernitur.
1970 1505 2033 1540 Est
2057 1515 2089 1542 et
2112 1504 2178 1539 hoc
2202 1507 2323 1540 ohser—

1336 1557 1510 1597 vandum,
1544 1557 1607 1590 etsi
1631 1557 1749 1602 aliqua
1772 1558 1948 1597 membra,
1981 1564 2018 1590 ut
2044 1557 2079 1590 in
2112 1557 2184 1590 acie
2213 1557 2323 1590 inter-

1335 1608 1522 1650 ficiuntur,
1550 1614 1667 1641 tamen
1686 1619 1757 1640 non
1774 1607 1911 1641 deletur
1934 1614 2004 1642 tota
2021 1606 2176 1642 Ecclesia
2201 1607 2323 1641 sundi-

1336 1665 1409 1700 tus,
1437 1663 1553 1691 manet
1575 1669 1712 1702 semper
1733 1657 1862 1703 aliquis
1886 1665 2024 1698 coetus,
2051 1666 2088 1693 ut
2113 1665 2324 1703 propagetur

1335 1710 1512 1743 doctrina:
1548 1709 1626 1741 ideo
1644 1710 1731 1742 liunt
1747 1709 1852 1742 etiarn
1872 1709 2097 1742 liberationes
2114 1710 2323 1753 corporales,

1335 1767 1372 1794 nt
1392 1760 1515 1794 Petrus
1533 1767 1565 1793 et
1582 1759 1711 1793 Paulus
1728 1761 1927 1793 educuntur
1947 1773 1986 1794 ex
2010 1772 2165 1802 carcere,
2194 1758 2321 1794 Daniel

1332 1818 1492 1846 servatur
1508 1810 1600 1844 inter
1616 1810 1745 1845 leones.

1726 1901 1772 1925 De
1796 1900 1923 1932 quinto.

1432 1961 1629 2006 Diligenter
1652 1962 1872 1995 observanda
1895 1969 1944 1996 est
1971 1962 2123 2007 precatio
2146 1960 2317 2008 Stephani

1332 2013 1463 2047 directa
1487 2015 1530 2047 ad
1547 2011 1746 2048 Christum:
1778 2013 1928 2047 Domine
1953 2012 2046 2053 lesu,
2073 2014 2190 2057 accipe
2214 2015 2318 2059 spiri-

1331 2071 1405 2099 tum
1424 2077 1552 2098 meum.
1606 2064 1700 2097 llaec
1723 2071 1772 2098 est
1790 2064 1980 2104 consessio,
2006 2066 2100 2110 quod
2119 2064 2231 2099 Filius
2250 2066 2318 2100 Dei

1331 2116 1374 2150 sit
1390 2122 1514 2150 natura
1534 2114 1639 2154 Deus,
1659 2123 1691 2149 et
1709 2115 1943 2158 omnipotens,
1972 2116 2053 2160 quia
2069 2127 2147 2149 eum
2166 2116 2316 2153 invocat.

1333 2166 1417 2201 ltem
1432 2167 1513 2212 qnia
1535 2167 1599 2211 ipsi
1622 2167 1845 2199 connnendat
1863 2166 2025 2210 spiritum
2040 2194 2049 2204 ,
2075 2173 2222 2201 testatur
2244 2179 2317 2203 esse

1330 2218 1628 2262 omnipotentem.
1663 2217 1723 2262 qui
1754 2217 1917 2260 spiritum
1948 2217 2086 2262 corpori
2113 2219 2318 2254 redditurus

1330 2269 1385 2309 sit,
1412 2269 1501 2303 sicut
1516 2267 1656 2304 loan.5.
1674 2268 1804 2313 inquit:
1832 2268 1930 2302 Sicut
1946 2275 2042 2312 pater
2053 2268 2203 2304 vivificat
2221 2282 2316 2305 mor-

1330 2327 1424 2360 tuos,
1454 2320 1498 2354 ita
1518 2326 1549 2354 et
1570 2319 1681 2353 Filius
1699 2330 1788 2365 quos
1806 2319 1900 2357 vult,
1928 2319 2091 2353 viviticat.

1432 2386 1540 2422 Recte
1557 2387 1663 2430 igitur
1678 2396 1819 2419 oramus
1835 2391 1985 2431 utroque
2001 2387 2121 2420 modo:
2149 2386 2232 2422 luva
2251 2399 2316 2423 nos

1329 2437 1423 2472 Deus
1450 2446 1590 2473 aeterne
1626 2444 1724 2481 pater
1751 2434 1897 2469 Domini
1925 2437 2035 2470 nostri
2067 2436 2142 2472 lesu
2171 2437 2314 2481 (Thi-isti,

1328 2490 1492 2523 conditor
1508 2489 1667 2523 omnium
1685 2499 1814 2526 reruni,
1840 2494 1873 2520 et
1891 2495 2132 2530 conservator,
2159 2497 2191 2523 et
2207 2501 2313 2524 enu-

1327 2541 1363 2574 di
1382 2548 1525 2585 propter
1542 2539 1689 2573 Filium:
1717 2545 1749 2572 et
1765 2545 1802 2572 tu
1822 2537 1974 2573 Domine
1991 2539 2068 2574 lesu
2077 2537 2215 2575 Clu-iste
2231 2541 2313 2576 iuva

1328 2603 1402 2626 nos.
1452 2590 1498 2626 Et
1516 2603 1595 2625 cum
1613 2589 1661 2623 sic
1677 2589 1839 2627 dicimus.
1868 2587 1981 2624 Deum
1997 2590 2057 2636 qui
2074 2601 2110 2624 se
2127 2603 2188 2635 per
2204 2589 2314 2626 Chri-

1326 2650 1416 2678 stum
1434 2641 1612 2688 patefecit,
1636 2647 1671 2676 ot
1689 2641 1726 2675 in
1744 2638 1887 2676 Christo
1911 2638 2047 2677 habitat
2069 2643 2312 2688 corporaliter,

2372 967 2390 982 ἱ
