2409 2915
123 125 168 161 41
545 126 590 161 Χ.
642 123 946 161 EXPLICATIO
972 124 1381 163 PROVERBIORUM
1410 127 1712 165 SALOMONIS.

122 224 196 253 wc,
223 212 259 245 id
278 218 348 253 est,
375 211 458 258 quia
482 210 635 244 convicti
659 210 698 244 in
722 211 934 247 conscientia
951 201 1023 247 tion
1042 226 1106 248 vo-

122 263 202 297 lunt
219 263 333 297 videri
351 260 522 303 convicti,
546 261 616 296 iam
639 273 702 296 suo
719 262 921 299 testimonio
946 275 1018 298 sese
1041 265 1106 298 da-

120 321 254 349 mnant.

223 372 377 416 Quaerat
394 377 510 404 autem
527 370 673 416 aliquis,
696 372 876 417 quomodo
902 379 1014 416 potest
1038 371 1104 407 ho-

120 436 179 457 mo
200 421 385 457 convinci?
441 420 673 466 Respondeo:
702 422 744 455 ln
769 423 969 458 forensibus
996 436 1103 468 nego—

120 475 182 509 ciis
198 472 422 507 convincitur
437 469 544 506 homo
561 473 718 516 legitimo
734 474 865 507 iudicio
884 481 916 508 et
930 476 1102 509 sententia

119 524 255 559 iudicis.
310 522 352 556 In
379 520 606 567 philosophia
633 536 696 568 per
719 535 861 558 normas
888 537 1102 570 communes,

117 586 205 619 quae
227 574 459 608 nominantur
482 571 671 620 κριτήρια,
696 586 786 620 quae
807 575 874 608 tria
897 583 995 610 sunt:
1028 575 1101 610 Ex-

102 625 287 671 -perientia
301 625 523 663 universalis,
542 625 728 669 principia,
752 632 784 659 et
801 625 999 661 intellectus
1016 639 1100 661 con-

117 676 331 721 sequentiae.
383 675 426 709 In
453 676 613 709 doctrina
636 675 814 710 Ecclesiae
836 678 879 711 de
902 678 977 721 lege
1000 686 1033 713 et
1059 679 1102 711 de

115 727 273 760 articulis
302 726 383 759 fidei
415 727 639 760 convincitur
676 725 782 760 homo
811 739 871 771 per
898 729 1099 762 testimonia

115 784 207 811 recte
224 777 327 811 citata
346 789 386 810 ex
400 775 586 821 Prophetis
606 784 639 811 et
654 776 851 822 Apostolis,
879 787 910 813 et
926 791 988 823 per
1007 791 1101 825 sym-

113 828 205 862 bola.
257 827 339 861 Non
361 834 411 862 est
432 829 528 862 enim
557 829 722 873 ambigua
746 830 904 863 doctrina
927 829 1101 865 Ecclesiae

115 879 165 912 de'
175 880 417 915 fundamento,

216 937 407 972 Sciendum
438 944 488 972 est
520 945 655 980 autem,
697 941 904 975 mandatum
939 941 1101 974 divinum

114 1001 205 1029 esse,
233 996 273 1023 ut
290 989 406 1033 agnita
423 990 588 1029 veritate,
614 990 652 1022 in
673 1003 710 1024 ea
737 992 998 1037 acquiescamus
1019 1003 1102 1036 pro-

114 1048 193 1086 pter
214 1039 348 1079 Deum,
376 1047 409 1073 et
429 1039 506 1074 Deo
533 1041 660 1083 gratias
682 1053 843 1085 agamus,
870 1044 964 1087 quod
989 1042 1101 1075 lucem

113 1103 211 1126 suam
229 1091 456 1131 monstravit,
482 1098 515 1124 et
530 1103 605 1124 eam
623 1093 666 1125 ad
682 1103 784 1125 usum
799 1093 1037 1133 conferamus,
1063 1099 1102 1126 ut

113 1148 336 1188 praeceptum
365 1149 415 1176 est
445 1139 636 1175 Zachariae
662 1142 711 1176 8.;
745 1141 892 1187 Diligite
919 1144 1100 1177 veritatem

112 1200 145 1228 et
162 1205 292 1237 pacem.
345 1190 392 1226 Et
407 1204 480 1225 non
498 1194 689 1226 assentiens
704 1194 841 1228 veritati
859 1196 901 1228 de
910 1193 1005 1234 Deo,
1021 1195 1100 1227 vio-

113 1245 165 1278 lat
197 1244 352 1288 primum
385 1250 420 1276 et
447 1244 640 1276 secundum
670 1252 892 1289 praeceptum
927 1245 1100 1288 decalogi:

111 1293 192 1328 Non
222 1292 367 1327 habebis
395 1292 488 1326 Deos
511 1293 655 1329 alienos.
709 1293 813 1328 Item:
841 1294 922 1329 Non
947 1307 1101 1328 assumes

112 1356 242 1378 nomen
264 1343 408 1377 Domini
425 1343 491 1378 Dei
512 1344 562 1377 tui
590 1345 690 1378 falso.
741 1344 790 1379 Et
807 1347 944 1390 agnitae
962 1346 1101 1380 veritati

111 1396 154 1429 de
182 1394 258 1429 Deo
281 1395 479 1433 adversari,
507 1393 726 1439 blasphemia
751 1404 821 1437 est,
848 1398 891 1430 de
916 1409 983 1442 qua
1011 1397 1102 1430 dici-

110 1454 184 1481 tur:
211 1443 435 1490 Blasphemia
451 1445 605 1490 Spiritus
620 1459 693 1481 non
711 1448 921 1483 remittetur.
964 1447 1005 1481 In
1022 1448 1101 1481 aliis

110 1498 265 1540 negociis
291 1497 445 1530 violatur
468 1505 710 1542 praeceptum:
747 1498 827 1532 Non
850 1499 946 1533 dicas
974 1499 1099 1533 falsum

110 1548 363 1583 testimonium.

439 1656 576 1709 Caput
606 1657 770 1698 XVIII.

162 1743 292 1778 Iustus
312 1744 420 1779 initio
444 1751 636 1780 accusator
658 1751 708 1781 est
728 1747 807 1787 sui,
832 1751 958 1793 postea
975 1746 1098 1794 inqui-

213 1794 261 1827 rit
279 1794 318 1827 in
335 1793 466 1830 alium.

211 1870 252 1904 ln
277 1871 443 1905 omnibus
464 1869 671 1906 hominibus
694 1872 732 1905 in
760 1870 824 1905 hac
856 1872 1097 1906 imbecillitate

108 1921 145 1956 hi
168 1922 282 1956 sontes
309 1929 392 1956 sunt
422 1923 614 1957 multorum
641 1930 883 1967 peccatorum,
919 1920 1096 1970 φιλαυτία

107 1981 141 2008 et
164 1973 340 2017 superbia.
393 1972 505 2007 Nobis
534 1975 732 2018 placemus,
767 1981 800 2008 et
825 1985 891 2008 nos
916 1974 1095 2008 efferimus

107 2036 212 2072 supra
236 2025 332 2057 alios.
387 2023 471 2058 Ideo
499 2025 604 2058 nobis
628 2025 852 2066 blandimur,
879 2032 912 2059 et
937 2037 1095 2058 amamus

105 2072 295 2115 κολακίας,
323 2082 355 2109 et
372 2082 490 2109 nostra
507 2075 595 2109 vitia
615 2088 689 2109 non
707 2076 901 2115 cernimus,
929 2075 1094 2109 volumus

106 2127 211 2161 etiam
227 2126 316 2159 alios
332 2126 446 2159 videri
465 2126 669 2168 inferiores,
695 2139 733 2160 ac
751 2128 794 2160 de
817 2127 867 2159 eis
892 2127 1015 2160 acerbe
1038 2127 1094 2159 iu-

106 2177 282 2217 dicamus,
309 2177 412 2210 nobis
435 2177 611 2221 parcimus
635 2184 669 2211 et
694 2178 844 2211 aliorum
866 2188 987 2211 sumus
1011 2189 1093 2211 cen-

107 2239 201 2261 sores
223 2234 256 2261 et
273 2225 400 2261 Momi.
462 2227 502 2260 In
525 2229 655 2262 nostris
678 2229 773 2262 vitiis
798 2228 1027 2269 caeeufimus,
1054 2228 1092 2261 in

105 2278 229 2313 alienis
246 2289 365 2311 sumus
385 2278 529 2323 Lyncei.
582 2278 684 2312 Foris
699 2280 872 2324 sapimus,
898 2279 995 2312 domi
1019 2291 1090 2312 non

105 2329 270 2374 sapimus,
311 2328 406 2362 Hinc
421 2329 479 2362 illa
501 2329 592 2363 dicta
610 2336 707 2363 sunt:
735 2330 847 2365 Suum
869 2331 996 2375 cuique
1012 2330 1091 2373 pul-

104 2392 214 2415 crum.
266 2379 310 2414 Et
326 2381 368 2413 ad
387 2379 543 2414 Atticum
571 2380 688 2425 inquit
704 2379 846 2415 Cicero:
877 2380 983 2415 Suam
1014 2381 1089 2413 cui-

102 2443 170 2477 que
197 2442 378 2475 sponsam,
412 2429 500 2464 mihi
525 2443 648 2464 meam.
709 2431 820 2466 Suum
844 2432 971 2477 cuique
992 2443 1088 2464 amo-

102 2495 195 2521 rem,
224 2479 311 2514 mihi
335 2493 462 2515 meum.
514 2480 594 2515 Non
618 2482 702 2516 scite
734 2480 800 2516 hoc
822 2490 884 2516 etc.
937 2481 1030 2515 Hinc
1056 2489 1089 2516 et

103 2532 284 2577 Apologus
301 2538 351 2566 est
369 2533 411 2566 de
438 2532 575 2566 duabus
594 2532 783 2575 Manticis,
810 2535 852 2566 de
877 2533 1006 2578 quibus
1022 2531 1087 2568 Ca-

102 2584 211 2618 tullus
228 2583 364 2631 inquit:

185 2650 328 2678 Nimirum
352 2657 453 2677 omnes
471 2648 614 2685 fallimur,
638 2659 735 2688 neque
757 2656 799 2678 est
821 2650 983 2687 qnisquam,

183 2701 278 2733 Quem
304 2710 361 2728 non
383 2701 411 2727 in
434 2700 531 2737 aliqua
554 2709 586 2728 re
609 2701 709 2729 videre
731 2701 883 2729 Suffenum

2097 137 2144 171 42

1242 212 1353 250 Possis,
1375 222 1443 241 suus
1465 215 1568 252 cuique
1590 216 1745 245 attributus
1767 223 1811 245 est
1833 226 1924 246 error.

1242 262 1302 291 Sed
1325 272 1382 290 non
1406 263 1536 293 videmus
1559 267 1700 296 manticae
1723 267 1800 305 quod
1821 269 1851 296 in
1874 274 1956 307 tergo
1981 276 2035 298 est.

1157 319 1204 355 Et
1222 319 1409 357 Horatius:

1241 387 1315 415 Cum
1338 392 1387 415 tua
1410 388 1566 425 pervideas
1589 391 1678 418 oculis
1702 392 1777 419 mala
1800 393 1897 431 lippus
1916 394 2049 431 inunctis,

1242 438 1301 466 Cur
1325 439 1355 466 in
1378 440 1533 468 amicorum
1556 441 1631 469 vitiis
1653 447 1710 469 tam
1734 445 1828 471 cernis
1851 444 1987 473 acutum?

1157 494 1204 530 Et
1221 495 1379 531 Persius:

1240 562 1282 591 Ut
1303 571 1390 591 nemo
1414 564 1441 591 in
1466 573 1531 592 sese
1554 571 1649 594 tentat
1672 566 1869 605 descendere,
1892 577 1992 598 nemo:

1240 613 1298 641 Sed
1322 614 1511 652 praecedenti
1535 621 1683 654 spectatur
1706 619 1830 646 mantica
1853 624 1945 656 tergo.

1156 669 1261 706 Item:

1239 738 1349 766 Tecum
1373 739 1486 776 habita,
1511 745 1541 768 et
1564 741 1640 769 noris
1665 750 1750 779 quam
1772 742 1808 770 sit
1831 743 1880 771 tibi
1902 749 1981 772 curta
1996 744 2140 782 supellex.

1256 804 1303 839 Et
1336 807 1372 839 in
1401 806 1595 852 Evangelio
1625 821 1742 843 severe
1775 817 1913 845 taxatur
1944 810 2141 857 hypocrita,

1155 855 1216 901 qui
1243 854 1376 891 habens
1392 859 1527 892 trabem
1552 860 1590 892 in
1610 861 1730 902 oculo,
1757 861 1835 895 vult
1851 862 1951 896 alteri
1975 863 2140 896 festucam

1156 918 1318 943 exlmcre.

1258 957 1390 992 Contra
1409 955 1500 992 hanc
1523 959 1724 1007 ([ιλαυτιάν
1746 968 1778 995 et
1802 964 2064 1006 perversitatem
2086 964 2141 997 iu—

1155 1008 1328 1042 diciorum
1346 1015 1507 1043 teneatur
1523 1012 1730 1054 admonitio,
1757 1025 1845 1058 quae
1864 1014 1901 1046 in
1919 1012 1982 1047 'nac
2000 1021 2141 1048 senten—

1155 1060 1202 1093 tia
1218 1060 1386 1094 traditur:
1418 1059 1533 1095 Iustus
1549 1063 1654 1096 initio
1671 1070 1852 1097 accusator
1869 1072 1920 1098 est
1938 1065 1990 1098 sui
2003 1092 2011 1105 ,
2028 1065 2061 1098 id
2081 1072 2140 1105 est,

1155 1110 1305 1155 inquirit
1325 1110 1364 1144 in
1390 1122 1484 1152 sese,
1518 1114 1673 1156 agnoscit
1697 1126 1794 1148 suam
1821 1115 2078 1159 infirmitatem,
2106 1123 2139 1149 et

1155 1172 1236 1194 suos
1259 1161 1393 1204 lapsus,
1420 1162 1502 1207 quia
1525 1164 1654 1198 iustum
1681 1172 1751 1205 est,
1777 1165 1919 1199 incoare
1945 1178 2093 1210 poenam
2119 1179 2138 1199 a

1155 1212 1257 1244 nobis
1274 1212 1375 1256 ipsis,
1404 1213 1498 1246 iuxta
1517 1214 1668 1250 dictum:
1698 1215 1819 1260 Turpe
1838 1224 1888 1250 est
1905 1217 2041 1251 doctori
2058 1229 2136 1250 cum

1155 1262 1255 1306 culpa
1274 1264 1453 1306 redarguit
1469 1264 1595 1307 ipsum.
1958 1274 1960 1276 ’

1255 1312 1439 1347 Praeterea
1477 1322 1511 1348 et
1542 1316 1624 1349 iusti
1660 1314 1792 1350 hahent
1824 1317 1962 1362 aliquos
1995 1329 2136 1359 naevos,

1155 1363 1249 1397 iuxta
1268 1364 1418 1399 dictum:
1445 1364 1526 1398 Non
1544 1373 1593 1399 est
1618 1367 1729 1401 iustus
1751 1367 1916 1409 interra,
1941 1368 2001 1413 qui
2024 1380 2137 1413 quan-

1154 1427 1259 1460 quam
1277 1415 1469 1455 benefacit,
1495 1428 1568 1450 non
1584 1418 1688 1451 etiam
1706 1425 1832 1462 peccet.
1873 1417 1941 1452 Sed
1960 1419 2040 1464 quia
2056 1426 2138 1453 sunt

1154 1466 1256 1506 iusti,
1282 1478 1364 1500 vera
1385 1467 1559 1509 fatentur,
1588 1481 1652 1502 nec
1677 1469 1871 1503 defendunt
1896 1481 1976 1503 suos
2001 1481 2136 1503 errores

1154 1523 1212 1550 aut
1241 1517 1377 1561 lapsus,
1405 1518 1544 1560 dolent,
1568 1531 1606 1552 ac
1628 1531 1701 1553 sese
1724 1520 1877 1564 primum
1903 1521 2076 1564 puniunt,
2103 1530 2137 1554 et

1154 1569 1354 1604 emendant.
1414 1568 1538 1603 Postea
1563 1571 1805 1612 considerant,
1839 1572 1981 1616 quando
2007 1578 2039 1605 et
2064 1584 2134 1616 quo

1154 1619 1279 1653 ordine
1300 1620 1342 1652 de
1360 1620 1441 1653 aliis
1460 1620 1617 1654 iudicare
1639 1622 1808 1660 debeant,
1837 1634 1901 1656 nec
1920 1622 2079 1656 iudicant
2094 1634 2134 1655 ex

1154 1669 1290 1703 levibus
1307 1670 1585 1714 suspicionibus,
1612 1673 1671 1705 sed
1690 1684 1729 1704 ex
1747 1672 1839 1704 veris
1858 1673 2083 1714 argumentis.

1254 1718 1339 1750 Ideo
1367 1724 1478 1752 textus
1510 1719 1624 1753 utitur
1655 1721 1763 1753 verbo
1792 1719 2042 1766 Explorabil,
2078 1722 2134 1754 in-

1153 1766 1296 1811 quiens:
1327 1767 1459 1802 Probet
1482 1770 1726 1815 unusquisque
1755 1782 1856 1804 suum
1884 1783 1992 1815 opus,
2027 1778 2061 1806 et
2084 1773 2132 1805 sic

1152 1815 1295 1851 habebit
1318 1819 1465 1861 gloriam
1493 1821 1587 1862 apud
1609 1832 1700 1858 sese,
1728 1832 1801 1854 non
1823 1834 1863 1855 ex
1886 1822 1975 1862 alio,
2011 1823 2047 1856 id
2072 1831 2133 1863 est,

1151 1868 1178 1900 si
1204 1875 1296 1902 recte
1328 1869 1411 1903 facit
1441 1869 1616 1911 officium,
1652 1868 1756 1904 habet
1785 1873 2014 1918 tranquillam
2046 1885 2132 1907 con-

1150 1919 1348 1960 scientiam,
1375 1927 1407 1954 et
1427 1932 1498 1953 non
1520 1922 1648 1965 pendet
1662 1933 1702 1955 ex
1717 1922 1887 1967 applausu
1906 1923 2015 1967 vulgi.
2052 1923 2130 1958 Huc

1149 1970 1327 2014 pertinent
1343 1971 1453 2005 multa
1469 1971 1578 2006 dicta:
1604 1971 1725 2006 Metiri
1741 1985 1776 2006 se
1793 1986 1956 2019 quenque
1973 1986 2035 2008 suo
2053 1987 2129 2008 mo-

1149 2021 1233 2054 dulo
1257 2033 1296 2054 ac
1312 2022 1401 2066 pede
1420 2034 1539 2055 verum
1557 2030 1619 2059 est.
1670 2022 1776 2058 Item:
1805 2024 1878 2068 Qui
1900 2037 1961 2058 sua
1987 2026 2130 2060 metitur

1148 2072 1303 2116 pondera
1321 2073 1412 2106 ferre
1427 2079 1538 2116 potest
1555 2080 1618 2110 etc.

1251 2121 1428 2168 Interpres
1445 2122 1601 2157 Graecus
1625 2125 1661 2158 in
1678 2124 1868 2159 Salomone
1889 2138 1972 2160 usus
1996 2134 2046 2161 est
2072 2127 2128 2160 in—

1146 2173 1237 2216 signi
1264 2174 1385 2210 verbo.
1437 2173 1553 2208 Iustus
1576 2175 1611 2208 in
1637 2175 1869 2224 πρωτολογίᾳ
1893 2179 2044 2222 seipsum
2070 2190 2127 2211 ac-

1146 2231 1252 2258 cusat.
1288 2222 1352 2260 Est
1367 2231 1482 2258 autem
1498 2225 1732 2274 ,πρωτολογιά
1747 2229 1884 2261 forense
1901 2228 2124 2268 vocabulum,

1145 2275 1307 2309 videlicet
1329 2276 1444 2309 oratio
1469 2278 1679 2311 accusaturis
1705 2285 1892 2324 antequam
1921 2290 2000 2312 reus
2023 2279 2124 2312 audi-

1144 2332 1212 2361 tur.
1265 2325 1417 2361 Disficile
1433 2333 1482 2360 est
1500 2334 1615 2361 autem
1634 2335 1750 2373 postea
1767 2329 1915 2362 evellere
1942 2341 1980 2362 ex
1998 2329 2124 2362 animis

1143 2377 1348 2419 opinionem
1374 2377 1528 2422 primum
1555 2386 1778 2423 conceptam,
1805 2386 1843 2413 ut
1870 2377 2124 2413 Demosthenes

1144 2429 1268 2473 inquit.
1322 2427 1394 2461 lam
1411 2428 1539 2471 cogita,
1566 2441 1670 2474 quam
1688 2430 1792 2463 multi
1809 2430 1879 2463 sint
1896 2430 1979 2463 tales
1999 2441 2120 2463 censo-

1142 2490 1196 2512 res
1223 2479 1370 2522 passim,
1411 2479 1524 2524 qualis
1557 2480 1723 2514 describit
1747 2481 1881 2524 pictura
1911 2479 2122 2525 hypocritae,

1141 2530 1200 2575 qui
1224 2528 1357 2563 habens
1381 2530 1516 2563 trabem
1542 2530 1579 2563 in
1604 2531 1726 2572 oculo,
1755 2531 1853 2564 alteri
1874 2531 1949 2563 vult
1971 2531 2121 2564 eximere

1140 2582 1317 2615 festucam.

1241 2639 1468 2675 Concurrunt
1484 2648 1599 2675 autem
1617 2641 1725 2674 multa
1742 2641 1827 2675 vitia
1843 2640 1880 2674 in
1896 2638 1961 2675 hac
1979 2653 2120 2685 perver-

1140 2691 1240 2726 sitate
1277 2692 1489 2726 iudiciorum
1504 2718 1513 2734 ,
1548 2689 1743 2737 φιλαυτία,
1786 2693 1965 2737 superbia,
2009 2694 2119 2726 πολυ-
