2409 2915
83 90 178 126 1101
364 87 443 125 XII.

78 175 117 208 in
139 185 266 217 regno,
305 174 432 218 opibus
457 181 521 209 etc.
548 173 643 206 iuxta
668 172 754 216 legis
782 173 1065 217 promissionem.

506 84 900 123 ANNOTATIONES
929 85 997 123 ET
1023 84 1305 124 CONCIONES
1332 88 1383 125 IN
1410 89 1590 127 EVANG.
1618 91 1827 129 IOANNIS.

2008 97 2103 132 1102

1123 172 1245 215 Videt,
1282 175 1305 210 i.
1327 187 1355 210 e.
1379 178 1566 221 cognoscit.
1619 178 1737 214 Nolite
1758 192 1996 222 murmurare,
2031 183 2053 215 i.
2075 195 2101 215 e.

85 224 190 258 Nunc
206 237 284 258 cum
296 222 638 268 auditEvangelium
651 224 854 267 praedicari,
877 232 908 259 et
921 236 1067 268 regnum
1122 224 1232 257 nolite
1252 225 1406 260 iudicare
1423 230 1466 261 de
1483 229 1649 272 operibus
1665 229 1751 272 Dei,
1779 231 1861 276 quia
1878 243 1950 264 non
1969 232 2100 266 intelli-

79 276 301 309 mundanum
316 276 512 309 finiendum
528 285 616 314 esse,
643 281 675 308 et
692 275 809 307 omnia
828 275 928 309 istius
946 276 1067 319 populi

79 327 279 359 damnanda
305 338 395 365 esse,
422 337 496 359 non
516 325 614 358 audit
632 337 750 358 vocem
768 325 834 358 Dei
851 333 915 361 ete.
969 326 1065 360 Tan-

79 376 186 420 tisper
211 377 380 417 credidit,
407 378 491 409 dum
516 375 613 409 dedit
632 374 725 408 Deus
743 377 908 411 carnalia.
965 377 1065 411 Nunc

78 439 156 460 cum
174 439 245 460 non
263 427 442 472 promittat
460 426 631 466 carnalia,
662 427 849 461 maledicit.

227 510 337 544 Hunc
360 509 455 543 enim
478 510 642 556 signas-it
665 515 771 556 pater
793 507 911 545 Deus.

179 578 312 613 Reddit
330 579 504 612 rationem
530 591 592 611 cur
610 579 653 612 sit
673 579 819 612 daturus
836 579 954 611 cibum
967 606 976 619 ‚
1003 579 1064 623 qui

77 641 150 663 non
168 637 294 672 pereat.
349 628 506 662 Verbum
527 629 670 671 signari,
699 636 749 662 est
766 629 953 670 testificari,
981 630 1062 674 quia

75 680 209 725 inquit:
246 679 349 713 Pater
370 680 521 722 signavit
545 680 656 713 filium
671 707 678 719 ‚
712 680 732 712 i.
755 692 784 714 e.
811 680 912 714 unxit
935 680 1062 724 spiritu

74 731 310 764 sanctificante
328 737 362 764 et
381 730 578 764 vivificante
592 732 771 764 credentes
789 738 850 764 etc.

133 812 236 861 Quid
250 813 463 862 faciamus,
501 819 538 848 ul
563 827 747 861 operemur
769 827 876 862 opera
897 813 1004 848 Dei?

175 881 266 914 vide
300 888 416 915 autem
453 881 623 925 populum
656 883 741 925 legis
771 883 1058 926 interrogantem,

72 933 156 979 quid
180 939 362 976 operetur,
388 938 427 965 ut
449 932 553 966 saciat
578 945 680 976 opera
705 932 785 973 Dei,
812 934 847 965 id
872 941 942 974 est,
970 945 1059 978 quae
1083 938 1085 958 ἒ

72 996 189 1018 coram
213 982 289 1016 Deo
316 982 520 1023 iustificent‚
557 984 655 1026 quasi
677 996 750 1016 non
773 982 926 1018 habeant
949 985 1058 1027 legem

71 1047 90 1068 a
121 1034 197 1067 Deo
230 1035 358 1068 datam.
426 1032 633 1077 Respondet
665 1032 847 1074 Christus,
882 1047 955 1068 non
987 1035 1056 1068 iam

71 1085 289 1130 praecipiens
308 1085 437 1128 legem,
464 1085 525 1116 sed
545 1084 629 1127 legis
646 1085 800 1119 iusticias
819 1086 974 1126 damnat,
1001 1086 1057 1118 in-

72 1137 216 1181 quiens,
244 1147 355 1168 unum
374 1133 439 1167 hoc
458 1146 545 1177 opus
562 1135 626 1169 Dei
643 1147 733 1174 esse,
760 1148 830 1181 quo
848 1148 964 1169 coram
982 1135 1057 1169 Deo
1081 1151 1083 1187 ἑ

71 1187 318 1225 iustificamur,
348 1186 488 1218 credere
505 1185 543 1218 in
559 1198 656 1225 eum,
685 1199 788 1231 quem
807 1187 901 1220 misit
918 1187 977 1220 ille
993 1194 1057 1222 etc.
1081 1190 1083 1201 '

70 1237 150 1271 Hoc
171 1243 220 1270 est
236 1248 325 1280 opus
343 1236 431 1276 Dei,
460 1237 481 1268 i.
501 1247 529 1270 e.
548 1235 614 1270 hoc
633 1243 682 1270 est
700 1249 787 1281 opus
803 1235 886 1278 Dei,
913 1249 982 1282 quo
999 1249 1057 1270 co-
1081 1270 1082 1276 ,

69 1300 142 1321 ram
161 1287 236 1322 Deo
253 1287 502 1322 iustificemini.

171 1369 302 1404 Patres
325 1370 446 1404 nostri
463 1367 777 1404 manducaverunt
802 1382 955 1406 manna.

169 1437 237 1472 Hic
254 1450 332 1471 cum
350 1437 436 1480 legis
451 1437 606 1471 iusticias
624 1438 778 1477 damnet,
805 1438 930 1471 iterum
947 1450 1056 1483 appo·
1081 1451 1082 1455 ¹

71 1497 163 1524 nunt
178 1501 244 1537 pro
260 1489 481 1521 defendenda
496 1489 570 1531 lege
582 1515 589 1529 ‚
618 1499 652 1521 se
669 1486 798 1522 habere
814 1489 1056 1522 testimonium

69 1541 172 1584 legis,
200 1550 328 1572 manna
352 1540 394 1571 de
418 1539 515 1572 coelo
540 1540 673 1573 datum.
726 1537 818 1581 Ergo
838 1541 931 1584 quod
950 1547 988 1573 tu
1006 1541 1058 1572 fa-
1081 1559 1083 1591 ἓ

69 1592 118 1625 cis
138 1589 304 1634 signum?
339 1589 373 1622 id
397 1596 465 1629 est,
492 1590 554 1632 qui
577 1589 662 1632 legis
688 1589 842 1622 iusticias
863 1591 1010 1623 damnas
1025 1597 1059 1624 et
1081 1633 1083 1641 γ

69 1643 251 1687 praedicas
268 1641 392 1680 fidem,
420 1641 513 1684 quod
531 1651 612 1682 ergo
629 1640 693 1673 erit
711 1640 969 1682 testimonium,
997 1653 1059 1674 cur
1081 1644 1083 1688 J

68 1699 145 1727 tuto
165 1692 339 1737 possimus
357 1691 421 1723 tibi
443 1690 610 1723 credere?
1081 1691 1084 1722 Ι

221 1773 311 1811 Νοη
336 1772 490 1820 Illo-yses
514 1771 612 1808 dedit
639 1773 738 1808 vobis
762 1786 905 1820 panem.

169 1841 361 1886 Comparat
377 1839 538 1876 Christus
558 1853 687 1874 manna
711 1853 790 1874 cum
808 1841 956 1876 iusticiis
975 1843 1059 1885 legis

68 1897 106 1929 in
133 1892 225 1928 hanc
247 1893 476 1932 sententiam,
504 1893 597 1937 quod
624 1892 714 1926 sicut
731 1904 859 1925 manna
879 1905 950 1925 non
968 1894 1058 1926 vivi-

68 1945 242 1983 ficaverit,
270 1945 316 1977 ita
342 1955 405 1976 nec
429 1943 607 1977 vivificent
631 1943 789 1976 iusticiae
816 1943 916 1986 legis:
950 1941 1057 1977 Chri·
1081 1938 1083 1968 ἶ

69 2005 159 2030 stum
189 2003 306 2030 autem
338 2006 429 2035 esse,
464 1994 525 2039 qui
555 1994 599 2028 sit
623 1994 723 2037 panis
749 1990 948 2034 vivificans,
982 2007 1057 2028 non
1081 1991 1083 2003 ¹

68 2047 213 2092 quidem
236 2046 429 2079 secundum
453 2056 612 2086 carnem,
645 2056 727 2077 nam
752 2055 832 2078 caro
857 2042 949 2078 nihil
975 2057 1057 2088 pro-

69 2100 163 2138 dest,
189 2097 249 2130 sed
272 2095 464 2129 secundum
488 2095 543 2134 id,
571 2096 664 2140 quod
690 2096 733 2128 de
752 2095 848 2129 coelo
867 2097 1056 2130 descendit.

68 2149 153 2183 Ideo
178 2147 311 2192 inquit:
346 2145 453 2179 Panis
476 2145 539 2191 qui
563 2147 606 2179 de
627 2145 725 2179 coelo
749 2146 946 2187 descendit,
982 2147 1006 2180 i.
1028 2159 1057 2182 e.

69 2199 216 2233 verbum
250 2197 467 2231 sanctificans
497 2203 530 2230 et
561 2196 742 2229 vivificans
769 2196 869 2239 panis
893 2204 962 2237 est,
997 2198 1056 2242 qui

70 2249 237 2283 vivificat.
295 2246 372 2292 Ego
396 2259 472 2281 sum
496 2247 597 2291 panis
621 2247 730 2287 vitae,
766 2246 790 2280 i.
814 2259 843 2282 e.
865 2247 1056 2283 vivificans.

70 2300 144 2344 Qui
165 2299 264 2333 venit
285 2300 329 2332 ad
347 2310 403 2331 me
421 2304 503 2338 etc.‚
530 2297 612 2343 quia
631 2294 688 2330 hic
705 2297 806 2340 panis
822 2304 871 2331 est
887 2299 988 2342 panis
1004 2299 1058 2331 vi-

69 2359 134 2386 tae.
149 2371 199 2376 —
232 2349 301 2384 Sed
320 2350 392 2383 dixi
409 2349 520 2389 vobis,
548 2349 570 2383 i.
586 2360 612 2381 e.
631 2348 724 2393 quod
740 2359 939 2393 quenquam
957 2349 1056 2382 vide-

69 2403 166 2440 ritis,
190 2409 308 2435 tamen
331 2412 404 2434 non
427 2400 587 2433 credatis.
642 2397 819 2432 Viderunt
836 2399 930 2431 enim
950 2400 1056 2434 mira·

69 2453 146 2487 cula
172 2452 369 2486 testimonia
387 2451 532 2495 spiritus
545 2450 634 2490 Dei,
661 2450 719 2483 sed
735 2449 891 2483 videntes
908 2462 980 2484 nun
1004 2451 1056 2483 vi-
1079 2451 1081 2476 ἲ

68 2505 164 2544 dent,
191 2510 224 2536 et
236 2509 453 2536 excaecatum
464 2513 525 2535 cor
536 2501 656 2546 populi
670 2497 774 2533 huius
785 2527 794 2540 ,
812 2499 935 2534 Esaiae
946 2508 1053 2536 sexto.

68 2553 152 2589 Dixi
176 2553 278 2588 vobis
301 2552 404 2586 etiam
429 2559 528 2592 ante,
556 2553 638 2586 item
664 2558 695 2586 et
722 2550 756 2583 in
781 2549 978 2594 Prophetis.
1007 2572 1056 2578 —
1079 2557 1081 2579 ¹
1116 2590 1152 2592 Μ

67 2604 294 2639 Voluntatem
318 2615 452 2644 meam,
477 2603 551 2638 scil.
574 2603 699 2638 carnis.
753 2601 832 2635 Non
856 2604 998 2646 perdam
1016 2616 1055 2637 ex

69 2667 123 2697 eo,
145 2655 218 2690 scil.
231 2654 392 2701 quamvis
404 2653 656 2698 pusillanimes,
677 2653 838 2698 quamvis
849 2661 1054 2697 peccatores.
1080 2664 1081 2668 ’

1082 1810 1083 1827 ι
1109 1794 1253 1837 spiritus
1279 1800 1311 1826 et
1333 1794 1402 1827 vita
1429 1794 1465 1826 in
1493 1796 1609 1831 corde.

1119 275 1198 317 gitis
1215 287 1265 310 ea.
1280 294 1332 301 —
1359 277 1520 312 Traxerit
1535 292 1632 321 eum;
1661 282 1719 316 sel.
1735 283 1838 315 corde
1855 289 1886 315 et
1902 283 2038 326 spiritu.
2053 302 2102 310 —

1118 324 1229 359 Erant
1247 338 1367 360 omnes
1386 329 1572 370 docibiles;
1601 331 1672 364 scil.
1691 332 1750 376 qui
1767 334 1924 367 credunt,
1942 351 1993 358 —
2027 333 2101 367 Do-

1118 376 1239 409 cibiles
1264 378 1351 416 Dei,
1381 379 1402 411 i.
1427 391 1456 414 e.
1481 381 1697 414 docebantur
1719 395 1736 415 a
1760 381 1854 424 Deo,
1880 382 2002 417 Esaiae
2026 396 2099 428 cap.

1117 425 1227 461 LIV.:
1277 427 1468 463 Universos
1505 430 1595 463 filios
1634 433 1771 466 doctos:
1823 440 1856 467 et
1893 442 2098 478 perpetuum

1117 479 1294 521 quoddam
1313 481 1437 513 docere
1453 481 1623 524 significat
1641 494 1760 525 graeca
1779 483 1895 517 dictio.
1919 503 1970 510 —-
2024 484 2099 518 Au-

1116 527 1237 569 diunt,
1264 530 1337 564 scil.
1355 532 1491 573 spiritu.
1510 551 1560 556 —
1612 530 1779 572 Dedicat,
1805 535 1879 567 scil.
1895 535 2030 578 spiritu.
2048 555 2100 561 —

1114 576 1194 611 Nou
1218 580 1317 624 quia,
1352 581 1373 616 i.
1397 594 1426 617 e.
1450 580 1515 615 hoc
1539 584 1662 616 docere
1686 596 1758 617 non
1786 591 1834 618 est
1856 586 2003 620 carnale.
2067 586 2099 619 ls

1114 629 1174 673 qui
1193 637 1241 664 est
1259 643 1275 663 a
1294 629 1387 670 Deo,
1414 632 1488 665 scil.
1503 633 1611 675 filius,
1640 634 1668 666 is
1685 635 1784 668 novit
1803 641 1934 680 patrem
1950 636 1989 680 2).

1319 721 1618 758 Murmurabant
1641 738 1726 772 ergo
1748 724 1894 763 Iudaei.

1214 796 1320 840 Quod
1358 798 1574 836 1.Cor.llt.
1605 802 1749 835 dicitur:
1784 803 1927 836 animali
1961 802 2097 837 homini

1111 848 1295 882 stultitiam
1330 863 1419 891 esse,
1455 863 1542 896 quae
1573 859 1654 885 sunt
1687 853 1829 895 spiritus
1852 852 1936 893 Dei,
1969 855 2001 887 id
2032 852 2097 888 hoc

1110 899 1187 932 loco
1212 907 1318 942 agunt
1344 901 1484 941 ludaei,
1514 914 1591 935 cum
1619 900 1749 937 Christi
1773 915 1968 937 sermonem
1995 916 2097 948 pror-

1082 970 1085 981 :
1109 961 1167 982 sus
1186 962 1259 983 non
1279 951 1482 995 intelligunt
1498 959 1531 985 et
1550 953 1711 988 irrident.

1322 1042 1441 1079 Nemo
1463 1050 1578 1092 polest
1604 1046 1721 1080 venire
1745 1044 1799 1080 ad
1817 1059 1882 1086 me,

1081 1127 1083 1139 ¹
1109 1119 1130 1152 i.
1149 1131 1175 1151 e.
1195 1119 1273 1152 ideo
1291 1131 1364 1153 non
1379 1120 1530 1162 creditis,
1559 1121 1639 1166 quia
1656 1134 1673 1155 a
1691 1129 1789 1166 patre
1806 1134 1878 1156 non
1897 1120 2096 1158 trahemini.

1186 1210 1240 1246 El
1262 1223 1363 1255 eum,
1390 1213 1456 1261 qni
1479 1213 1570 1246 venit
1593 1217 1644 1248 ad
1664 1226 1736 1257 me,
1764 1227 1836 1248 non
1863 1215 2018 1252 eliciam.

1210 1287 1342 1322 Contra
1363 1289 1513 1322 liberum
1534 1290 1718 1324 arbitrium
1739 1289 1832 1325 nihil
1851 1295 1963 1335 potuit
1982 1294 2096 1338 aptius

1081 1332 1083 1334 V
1109 1339 1197 1378 dici,
1224 1340 1319 1384 quod
1339 1339 1389 1372 illi
1409 1346 1544 1373 tantum
1560 1342 1602 1373 ad
1620 1339 1800 1375 Christum
1819 1343 1978 1383 veniant,
2009 1355 2095 1389 quos

1081 1390 1082 1396 ¹
1110 1391 1168 1422 dat
1192 1389 1223 1421 ei
1248 1395 1363 1433 pater,
1391 1401 1450 1422 seu
1470 1402 1558 1434 quos
1583 1388 1693 1425 trahit
1716 1399 1835 1435 pater,
1866 1394 1954 1427 sicut
1978 1402 2094 1438 postea

1109 1440 1213 1477 dicit,
1247 1451 1306 1473 seu
1330 1451 1418 1485 quos
1443 1440 1544 1474 docet
1568 1447 1677 1484 pater.
1746 1441 1884 1476 Patrem
1912 1445 1994 1478 dare
2023 1445 2093 1477 filio

1109 1498 1159 1524 est
1183 1491 1322 1533 eligere.
1377 1490 1514 1525 Patrem
1535 1492 1672 1525 trahere
1690 1493 1745 1526 vel
1764 1494 1888 1527 docere
1906 1501 1955 1528 est
1973 1496 2095 1538 cogni-

1109 1541 1239 1574 tionem
1263 1538 1395 1574 Christi
1427 1542 1584 1582 donare,
1618 1542 1641 1577 i.
1663 1555 1691 1578 e.
1716 1545 1841 1577 docere
1867 1545 2037 1579 iudicium
2063 1553 2095 1579 et

1110 1591 1301 1632 iusticiam3
1330 1591 1500 1625 iudicium
1520 1592 1555 1625 in
1576 1605 1635 1631 eo,
1664 1595 1757 1638 quod
1776 1607 1836 1628 cor
1853 1596 1958 1629 sentit
1975 1597 2092 1629 omnia

1109 1649 1225 1675 nostra
1252 1642 1464 1675 damnabilia
1485 1654 1574 1684 esse,
1601 1644 1781 1678 iustificari
1800 1652 1914 1679 autem
1934 1658 1998 1680 nos
2015 1658 2093 1690 gra—

1109 1693 1156 1726 tia
1188 1704 1249 1736 per
1273 1692 1384 1725 lesum
1409 1691 1608 1734 Christum,
1644 1707 1746 1740 quem
1766 1708 1845 1739 *pro
1871 1697 1974 1730 nobis
1998 1697 2095 1731 dedit

1111 1750 1218 1786 pater.
1272 1741 1382 1775 Porro
1405 1743 1493 1776 illud
1517 1745 1641 1778 docere
1665 1758 1737 1779 non
1755 1753 1804 1780 est
1822 1747 1940 1788 litera,
1966 1749 2024 1781 sed
2044 1756 2094 1782 est

1663 1796 1750 1829 Nam
1769 1805 1801 1832 et
1817 1797 1938 1831 Iudaei
1957 1799 2092 1833 literam

1110 1845 1321 1883 audiebant,
1349 1852 1382 1878 et
1406 1846 1554 1880 audiunt
1577 1858 1672 1880 nunc
1691 1860 1812 1882 omnes
1830 1849 1941 1892 impii.
1996 1848 2093 1891 Quid

1109 1901 1223 1928 autem
1249 1895 1293 1928 sit
1318 1895 1402 1928 fides
1427 1903 1487 1929 aut
1510 1896 1669 1938 iusticia,
1695 1910 1769 1932 non
1793 1900 1948 1933 ascendit
1972 1900 2008 1933 in
2034 1912 2094 1933 cor

1109 1944 1282 1986 hominis,
1309 1945 1432 1980 Esaiae
1448 1945 1576 1982 LXIV,
1606 1947 1713 1982 Vides
1737 1949 1854 1994 itaque
1876 1948 1967 1983 nihil
1994 1963 2094 1994 pror-

1108 2007 1166 2028 sus
1199 1996 1306 2029 tribui
1340 1997 1451 2030 libero
1483 1998 1630 2032 arbitrio
1661 2007 1721 2033 aut
1753 2000 1888 2033 viribus
1920 1999 2092 2035 humanis.

1095 2045 1219 2079 'Porro
1246 2047 1272 2079 si
1298 2047 1448 2082 offendit
1465 2050 1758 2092 praedestinatio,
1786 2052 1874 2085 sicut
1891 2052 1940 2084 illi
1958 2053 1990 2085 2.
2007 2051 2091 2095 Reg.

1108 2097 1171 2132 X.:
1200 2095 1286 2131 Esto
1307 2098 1362 2131 vir
1387 2099 1490 2133 sortis
1513 2107 1545 2134 et
1561 2112 1754 2144 pugnemus
1771 2113 1833 2145 pro
1852 2103 2001 2146 populo,
2029 2104 2092 2135 do—

1108 2148 1225 2181 minus
1250 2155 1365 2183 autem
1389 2150 1491 2183 faciet
1515 2152 1609 2196 quod
1630 2152 1762 2184 bonum
1784 2159 1833 2186 est
1852 2153 1887 2185 in
1906 2160 2091 2196 conspectu

1108 2210 1181 2232 suo.
1235 2198 1314 2234 Hoc
1336 2201 1535 2234 faciendum
1560 2208 1628 2243 est,
1664 2204 1757 2247 quod
1782 2204 1958 2247 praecepit
1982 2205 2091 2243 Deus,

1108 2261 1179 2283 non
1205 2251 1298 2295 quod
1323 2251 1455 2292 voluit3
1484 2252 1657 2296 praecepit
1682 2260 1796 2287 autem
1821 2255 1915 2287 credi
1933 2254 1969 2286 in
1987 2252 2091 2289 Chri-

1107 2307 1218 2340 stum,
1254 2299 1383 2337 Matth.
1406 2301 1492 2336 llL:
1530 2301 1597 2335 Hic
1623 2310 1672 2335 est
1698 2304 1790 2337 filius
1812 2317 1909 2337 meus
1933 2305 2091 2344 dilectus,

1108 2349 1202 2385 hunc
1227 2353 1356 2387 audite.
1409 2351 1770 2387 praedestinationem
1795 2362 1908 2388 autem
1934 2367 2005 2389 non
2029 2367 2092 2387 vo-

1107 2402 1173 2436 luit
1197 2402 1296 2440 sciri,
1329 2403 1364 2436 2,
1390 2401 1547 2436 Timoth.
1576 2402 1639 2438 IL:
1676 2403 1850 2438 Dominus
1877 2406 1994 2444 novit,
2030 2406 2090 2450 qui

1106 2452 1172 2487 sint
1199 2454 1285 2487 eius,
1340 2454 1444 2492 Item,
1471 2454 1552 2498 quia
1579 2456 1698 2487 eadem
1725 2456 1885 2489 voluntas
1912 2464 1961 2490 est
1984 2456 2092 2500 patris

1107 2515 1194 2548 quae
1212 2501 1364 2544 Christi,
1393 2511 1422 2537 et
1439 2501 1571 2538 Christi
1596 2506 1775 2540 voluntate
1802 2506 1909 2550 patris
1929 2508 2091 2541 voluntas

1140 2636 1171 2665 2)
1191 2637 1273 2660 Totus
1300 2636 1342 2659 hic
1367 2636 1443 2660 locus
1468 2637 1529 2661 inde
1556 2644 1572 2661 a
1599 2638 1704 2662 verbis:
1738 2641 1798 2671 Eyo
1822 2647 1884 2665 sum
1901 2643 1985 2671 panis
2005 2644 2091 2668 ritae.

1176 2671 1193 2695 i.
1215 2676 1238 2693 e.
1259 2670 1412 2702 riv-ilicum
1432 2674 1503 2703 etc.‚
1529 2672 1705 2697 desideratur
1726 2673 1752 2698 in
1773 2674 1835 2699 edit.
1857 2675 1920 2700 Tuh.
