<?xml version="1.0" encoding="UTF-8"?>
<!DOCTYPE html PUBLIC "-//W3C//DTD XHTML 1.0 Transitional//EN"
    "http://www.w3.org/TR/xhtml1/DTD/xhtml1-transitional.dtd">
<html xmlns="http://www.w3.org/1999/xhtml" xml:lang="en" lang="en">
 <head>
  <title>
</title>
<meta http-equiv="Content-Type" content="text/html;charset=utf-8" />
  <meta name='ocr-system' content='tesseract 3.04.00' />
  <meta name='ocr-capabilities' content='ocr_page ocr_carea ocr_par ocr_line ocrx_word'/>
</head>
<body>
  <div class='ocr_page' id='page_1' title='image "./operaquaesupersu14melauoft/operaquaesupersu14melauoft_0218.png"; bbox 0 0 2409 2915; ppageno 0'>
   <div class='ocr_carea' id='block_1_1' title="bbox 312 83 385 120">
    <p class='ocr_par' dir='ltr' id='par_1_1' title="bbox 312 83 385 120">
     <span class='ocr_line' id='line_1_1' title="bbox 312 83 385 120; baseline -0.041 0"><span class='ocrx_word' id='word_1_1' title='bbox 312 83 385 120; x_wconf 82' lang='lat'>419</span> 
     </span>
    </p>
   </div>
   <div class='ocr_carea' id='block_1_2' title="bbox 316 162 1306 1118">
    <p class='ocr_par' dir='ltr' id='par_1_2' title="bbox 316 162 1306 1118">
     <span class='ocr_line' id='line_1_2' title="bbox 316 162 1300 208; baseline -0.007 -6"><span class='ocrx_word' id='word_1_2' title='bbox 316 180 375 202; x_wconf 93' lang='lat' dir='ltr'>seu</span> <span class='ocrx_word' id='word_1_3' title='bbox 392 179 461 200; x_wconf 85' lang='lat' dir='ltr'>cor.</span> <span class='ocrx_word' id='word_1_4' title='bbox 499 164 690 199; x_wconf 76' lang='lat' dir='ltr'>Gener-atio</span> <span class='ocrx_word' id='word_1_5' title='bbox 708 163 849 208; x_wconf 89' lang='lat' dir='ltr'>propria</span> <span class='ocrx_word' id='word_1_6' title='bbox 865 169 916 197; x_wconf 92' lang='lat' dir='ltr'>est</span> <span class='ocrx_word' id='word_1_7' title='bbox 932 162 1194 204; x_wconf 89' lang='lat' dir='ltr'>intellectionis,</span> <span class='ocrx_word' id='word_1_8' title='bbox 1218 162 1300 208; x_wconf 85' lang='lat' dir='ltr'>quia</span> 
     </span>
     <span class='ocr_line' id='line_1_3' title="bbox 316 213 1300 263; baseline -0.005 -12"><span class='ocrx_word' id='word_1_9' title='bbox 316 218 428 263; x_wconf 79' lang='lat' dir='ltr'>pingit</span> <span class='ocrx_word' id='word_1_10' title='bbox 455 216 622 259; x_wconf 87' lang='lat' dir='ltr'>imagines</span> <span class='ocrx_word' id='word_1_11' title='bbox 640 215 844 249; x_wconf 69' lang='lat' dir='ltr'><strong>intellectio.</strong></span> <span class='ocrx_word' id='word_1_12' title='bbox 900 214 1054 258; x_wconf 87' lang='lat' dir='ltr'>Spiratio</span> <span class='ocrx_word' id='word_1_13' title='bbox 1072 226 1154 247; x_wconf 86' lang='lat' dir='ltr'>vero</span> <span class='ocrx_word' id='word_1_14' title='bbox 1171 213 1300 247; x_wconf 85' lang='lat' dir='ltr'>volun-</span> 
     </span>
     <span class='ocr_line' id='line_1_4' title="bbox 316 261 1300 302; baseline -0.005 -1"><span class='ocrx_word' id='word_1_15' title='bbox 316 269 394 302; x_wconf 86' lang='lat' dir='ltr'>tatis</span> <span class='ocrx_word' id='word_1_16' title='bbox 419 273 469 300; x_wconf 88' lang='lat' dir='ltr'>est</span> <span class='ocrx_word' id='word_1_17' title='bbox 491 273 551 299; x_wconf 89' lang='lat' dir='ltr'>aut</span> <span class='ocrx_word' id='word_1_18' title='bbox 572 266 700 301; x_wconf 87' lang='lat' dir='ltr'>cordis.</span> <span class='ocrx_word' id='word_1_19' title='bbox 753 263 802 299; x_wconf 88' lang='lat' dir='ltr'>Ut</span> <span class='ocrx_word' id='word_1_20' title='bbox 817 271 932 298; x_wconf 91' lang='lat' dir='ltr'>autem</span> <span class='ocrx_word' id='word_1_21' title='bbox 949 265 1112 298; x_wconf 89' lang='lat' dir='ltr'>voluntas</span> <span class='ocrx_word' id='word_1_22' title='bbox 1129 264 1166 297; x_wconf 92' lang='lat' dir='ltr'>in</span> <span class='ocrx_word' id='word_1_23' title='bbox 1184 261 1300 297; x_wconf 89' lang='lat' dir='ltr'>homi-</span> 
     </span>
     <span class='ocr_line' id='line_1_5' title="bbox 317 316 1300 361; baseline -0.005 -10"><span class='ocrx_word' id='word_1_24' title='bbox 317 330 379 356; x_wconf 89' lang='lat' dir='ltr'>ue,</span> <span class='ocrx_word' id='word_1_25' title='bbox 407 324 464 351; x_wconf 90' lang='lat' dir='ltr'>aut</span> <span class='ocrx_word' id='word_1_26' title='bbox 488 329 565 358; x_wconf 92' lang='lat' dir='ltr'>cor,</span> <span class='ocrx_word' id='word_1_27' title='bbox 592 329 665 350; x_wconf 92' lang='lat' dir='ltr'>non</span> <span class='ocrx_word' id='word_1_28' title='bbox 692 316 806 361; x_wconf 81' lang='lat' dir='ltr'>pingit</span> <span class='ocrx_word' id='word_1_29' title='bbox 823 316 1012 359; x_wconf 78' lang='lat' dir='ltr'><strong>imagines,</strong></span> <span class='ocrx_word' id='word_1_30' title='bbox 1038 316 1127 349; x_wconf 89' lang='lat' dir='ltr'>sicut</span> <span class='ocrx_word' id='word_1_31' title='bbox 1146 326 1226 359; x_wconf 88' lang='lat' dir='ltr'>pars</span> <span class='ocrx_word' id='word_1_32' title='bbox 1242 326 1300 347; x_wconf 91' lang='lat' dir='ltr'>co—</span> 
     </span>
     <span class='ocr_line' id='line_1_6' title="bbox 317 365 1300 412; baseline -0.004 -11"><span class='ocrx_word' id='word_1_33' title='bbox 317 378 504 412; x_wconf 89' lang='lat' dir='ltr'>gnoscens,</span> <span class='ocrx_word' id='word_1_34' title='bbox 531 368 590 401; x_wconf 88' lang='lat' dir='ltr'>sed</span> <span class='ocrx_word' id='word_1_35' title='bbox 617 365 723 400; x_wconf 85' lang='lat' dir='ltr'>habet</span> <span class='ocrx_word' id='word_1_36' title='bbox 748 367 898 410; x_wconf 89' lang='lat' dir='ltr'>impetus</span> <span class='ocrx_word' id='word_1_37' title='bbox 923 373 983 399; x_wconf 84' lang='lat' dir='ltr'>aut</span> <span class='ocrx_word' id='word_1_38' title='bbox 1007 373 1141 406; x_wconf 87' lang='lat' dir='ltr'>motus,</span> <span class='ocrx_word' id='word_1_39' title='bbox 1163 372 1222 398; x_wconf 91' lang='lat' dir='ltr'>aut</span> <span class='ocrx_word' id='word_1_40' title='bbox 1238 365 1300 397; x_wconf 86' lang='lat' dir='ltr'>ssa-</span> 
     </span>
     <span class='ocr_line' id='line_1_7' title="bbox 319 416 1301 463; baseline -0.006 -10"><span class='ocrx_word' id='word_1_41' title='bbox 319 428 392 456; x_wconf 87' lang='lat' dir='ltr'>tus,</span> <span class='ocrx_word' id='word_1_42' title='bbox 429 418 558 463; x_wconf 93' lang='lat' dir='ltr'>quibus</span> <span class='ocrx_word' id='word_1_43' title='bbox 589 416 733 452; x_wconf 89' lang='lat' dir='ltr'>attrahit</span> <span class='ocrx_word' id='word_1_44' title='bbox 765 424 824 451; x_wconf 91' lang='lat' dir='ltr'>aut</span> <span class='ocrx_word' id='word_1_45' title='bbox 856 416 956 460; x_wconf 89' lang='lat' dir='ltr'>pellit</span> <span class='ocrx_word' id='word_1_46' title='bbox 979 416 1176 457; x_wconf 83' lang='lat' dir='ltr'>obiectum,</span> <span class='ocrx_word' id='word_1_47' title='bbox 1209 420 1301 448; x_wconf 89' lang='lat' dir='ltr'>amat</span> 
     </span>
     <span class='ocr_line' id='line_1_8' title="bbox 318 466 1300 514; baseline -0.004 -12"><span class='ocrx_word' id='word_1_48' title='bbox 318 469 419 514; x_wconf 88' lang='lat' dir='ltr'>quasi</span> <span class='ocrx_word' id='word_1_49' title='bbox 443 466 639 509; x_wconf 84' lang='lat' dir='ltr'>attrahens,</span> <span class='ocrx_word' id='word_1_50' title='bbox 665 469 741 502; x_wconf 84' lang='lat' dir='ltr'>odit</span> <span class='ocrx_word' id='word_1_51' title='bbox 763 467 860 512; x_wconf 89' lang='lat' dir='ltr'>quasi</span> <span class='ocrx_word' id='word_1_52' title='bbox 885 466 1034 510; x_wconf 84' lang='lat' dir='ltr'>pellens:</span> <span class='ocrx_word' id='word_1_53' title='bbox 1063 466 1112 499; x_wconf 86' lang='lat' dir='ltr'>sic</span> <span class='ocrx_word' id='word_1_54' title='bbox 1137 477 1156 499; x_wconf 85' lang='lat' dir='ltr'>a</span> <span class='ocrx_word' id='word_1_55' title='bbox 1173 466 1300 499; x_wconf 88' lang='lat' dir='ltr'>volun-</span> 
     </span>
     <span class='ocr_line' id='line_1_9' title="bbox 319 516 1301 560; baseline -0.004 -7"><span class='ocrx_word' id='word_1_56' title='bbox 319 527 388 554; x_wconf 90' lang='lat' dir='ltr'>tate</span> <span class='ocrx_word' id='word_1_57' title='bbox 408 526 545 552; x_wconf 88' lang='lat' dir='ltr'>aeterna</span> <span class='ocrx_word' id='word_1_58' title='bbox 558 518 670 552; x_wconf 87' lang='lat' dir='ltr'>Patris</span> <span class='ocrx_word' id='word_1_59' title='bbox 686 525 719 552; x_wconf 87' lang='lat' dir='ltr'>et</span> <span class='ocrx_word' id='word_1_60' title='bbox 735 517 840 554; x_wconf 75' lang='lat' dir='ltr'>Filii,</span> <span class='ocrx_word' id='word_1_61' title='bbox 863 517 1014 560; x_wconf 87' lang='lat' dir='ltr'>impetus</span> <span class='ocrx_word' id='word_1_62' title='bbox 1029 529 1089 550; x_wconf 92' lang='lat' dir='ltr'>seu</span> <span class='ocrx_word' id='word_1_63' title='bbox 1103 523 1212 550; x_wconf 91' lang='lat' dir='ltr'>status</span> <span class='ocrx_word' id='word_1_64' title='bbox 1227 516 1301 549; x_wconf 87' lang='lat' dir='ltr'>effi-</span> 
     </span>
     <span class='ocr_line' id='line_1_10' title="bbox 320 566 1302 613; baseline -0.005 -10"><span class='ocrx_word' id='word_1_65' title='bbox 320 570 518 603; x_wconf 89' lang='lat' dir='ltr'>cacissimus</span> <span class='ocrx_word' id='word_1_66' title='bbox 535 576 599 609; x_wconf 91' lang='lat' dir='ltr'>est,</span> <span class='ocrx_word' id='word_1_67' title='bbox 627 569 688 613; x_wconf 84' lang='lat' dir='ltr'>qui</span> <span class='ocrx_word' id='word_1_68' title='bbox 704 575 753 602; x_wconf 91' lang='lat' dir='ltr'>est</span> <span class='ocrx_word' id='word_1_69' title='bbox 768 569 810 601; x_wconf 91' lang='lat' dir='ltr'>de</span> <span class='ocrx_word' id='word_1_70' title='bbox 827 568 899 612; x_wconf 90' lang='lat' dir='ltr'>ipsa</span> <span class='ocrx_word' id='word_1_71' title='bbox 916 566 1030 601; x_wconf 81' lang='lat' dir='ltr'>Patris</span> <span class='ocrx_word' id='word_1_72' title='bbox 1044 575 1077 601; x_wconf 91' lang='lat' dir='ltr'>et</span> <span class='ocrx_word' id='word_1_73' title='bbox 1086 566 1168 600; x_wconf 83' lang='lat' dir='ltr'>Filii</span> <span class='ocrx_word' id='word_1_74' title='bbox 1186 577 1302 600; x_wconf 86' lang='lat' dir='ltr'>essen-</span> 
     </span>
     <span class='ocr_line' id='line_1_11' title="bbox 321 618 1302 661; baseline -0.004 -8"><span class='ocrx_word' id='word_1_75' title='bbox 321 621 377 656; x_wconf 88' lang='lat' dir='ltr'>tia.</span> <span class='ocrx_word' id='word_1_76' title='bbox 437 619 506 652; x_wconf 85' lang='lat' dir='ltr'>Hic</span> <span class='ocrx_word' id='word_1_77' title='bbox 531 620 634 652; x_wconf 84' lang='lat' dir='ltr'>ssatus</span> <span class='ocrx_word' id='word_1_78' title='bbox 658 631 730 652; x_wconf 92' lang='lat' dir='ltr'>non</span> <span class='ocrx_word' id='word_1_79' title='bbox 756 619 886 652; x_wconf 89' lang='lat' dir='ltr'>dicitur</span> <span class='ocrx_word' id='word_1_80' title='bbox 909 618 1062 661; x_wconf 87' lang='lat' dir='ltr'>genitus,</span> <span class='ocrx_word' id='word_1_81' title='bbox 1097 619 1154 650; x_wconf 89' lang='lat' dir='ltr'>sed</span> <span class='ocrx_word' id='word_1_82' title='bbox 1180 628 1302 661; x_wconf 88' lang='lat' dir='ltr'>proce—</span> 
     </span>
     <span class='ocr_line' id='line_1_12' title="bbox 320 667 1304 714; baseline -0.004 -10"><span class='ocrx_word' id='word_1_83' title='bbox 320 672 417 704; x_wconf 87' lang='lat' dir='ltr'>dens.</span> <span class='ocrx_word' id='word_1_84' title='bbox 470 670 514 704; x_wconf 89' lang='lat' dir='ltr'>Et</span> <span class='ocrx_word' id='word_1_85' title='bbox 539 667 596 703; x_wconf 90' lang='lat' dir='ltr'>hic</span> <span class='ocrx_word' id='word_1_86' title='bbox 620 670 693 714; x_wconf 85' lang='lat' dir='ltr'>ipse</span> <span class='ocrx_word' id='word_1_87' title='bbox 715 669 816 703; x_wconf 82' lang='lat' dir='ltr'>ssatus</span> <span class='ocrx_word' id='word_1_88' title='bbox 840 669 956 703; x_wconf 87' lang='lat' dir='ltr'>statim</span> <span class='ocrx_word' id='word_1_89' title='bbox 975 668 1078 702; x_wconf 90' lang='lat' dir='ltr'>initio</span> <span class='ocrx_word' id='word_1_90' title='bbox 1094 668 1304 701; x_wconf 83' lang='lat' dir='ltr'>describitur</span> 
     </span>
     <span class='ocr_line' id='line_1_13' title="bbox 320 718 1304 764; baseline -0.003 -10"><span class='ocrx_word' id='word_1_91' title='bbox 320 733 338 754; x_wconf 90' lang='lat' dir='ltr'>a</span> <span class='ocrx_word' id='word_1_92' title='bbox 364 720 482 754; x_wconf 86' lang='lat' dir='ltr'>Mose:</span> <span class='ocrx_word' id='word_1_93' title='bbox 517 718 562 753; x_wconf 88' lang='lat' dir='ltr'>Et</span> <span class='ocrx_word' id='word_1_94' title='bbox 595 720 738 764; x_wconf 85' lang='lat' dir='ltr'>spiritns</span> <span class='ocrx_word' id='word_1_95' title='bbox 764 719 830 753; x_wconf 89' lang='lat' dir='ltr'>Dei</span> <span class='ocrx_word' id='word_1_96' title='bbox 858 719 1035 753; x_wconf 82' lang='lat' dir='ltr'>ferebatur</span> <span class='ocrx_word' id='word_1_97' title='bbox 1058 730 1163 763; x_wconf 87' lang='lat' dir='ltr'>super</span> <span class='ocrx_word' id='word_1_98' title='bbox 1186 729 1304 763; x_wconf 88' lang='lat' dir='ltr'>aquas,</span> 
     </span>
     <span class='ocr_line' id='line_1_14' title="bbox 322 769 1304 815; baseline -0.003 -11"><span class='ocrx_word' id='word_1_99' title='bbox 322 771 355 804; x_wconf 90' lang='lat' dir='ltr'>id</span> <span class='ocrx_word' id='word_1_100' title='bbox 386 778 455 811; x_wconf 86' lang='lat' dir='ltr'>est,</span> <span class='ocrx_word' id='word_1_101' title='bbox 489 771 629 804; x_wconf 87' lang='lat' dir='ltr'>fovebat</span> <span class='ocrx_word' id='word_1_102' title='bbox 659 783 782 815; x_wconf 90' lang='lat' dir='ltr'>aquas,</span> <span class='ocrx_word' id='word_1_103' title='bbox 815 770 1037 815; x_wconf 88' lang='lat' dir='ltr'>impertiebat</span> <span class='ocrx_word' id='word_1_104' title='bbox 1062 769 1111 802; x_wconf 90' lang='lat' dir='ltr'>eis</span> <span class='ocrx_word' id='word_1_105' title='bbox 1135 769 1304 812; x_wconf 85' lang='lat' dir='ltr'>vigorem,</span> 
     </span>
     <span class='ocr_line' id='line_1_15' title="bbox 320 819 1304 867; baseline -0.003 -12"><span class='ocrx_word' id='word_1_106' title='bbox 320 821 381 855; x_wconf 86' lang='lat' dir='ltr'>ubi</span> <span class='ocrx_word' id='word_1_107' title='bbox 398 821 629 864; x_wconf 86' lang='lat' dir='ltr'>significatum</span> <span class='ocrx_word' id='word_1_108' title='bbox 648 829 715 862; x_wconf 89' lang='lat' dir='ltr'>est,</span> <span class='ocrx_word' id='word_1_109' title='bbox 744 821 860 855; x_wconf 90' lang='lat' dir='ltr'>Deum</span> <span class='ocrx_word' id='word_1_110' title='bbox 879 832 941 867; x_wconf 90' lang='lat' dir='ltr'>per</span> <span class='ocrx_word' id='word_1_111' title='bbox 956 819 1127 864; x_wconf 87' lang='lat' dir='ltr'>Spiritum</span> <span class='ocrx_word' id='word_1_112' title='bbox 1146 825 1304 852; x_wconf 88' lang='lat' dir='ltr'>sanctum</span> 
     </span>
     <span class='ocr_line' id='line_1_16' title="bbox 321 871 1304 915; baseline -0.002 -10"><span class='ocrx_word' id='word_1_113' title='bbox 321 872 501 915; x_wconf 87' lang='lat' dir='ltr'>impertire</span> <span class='ocrx_word' id='word_1_114' title='bbox 534 871 641 904; x_wconf 85' lang='lat' dir='ltr'>vitam</span> <span class='ocrx_word' id='word_1_115' title='bbox 673 879 706 905; x_wconf 88' lang='lat' dir='ltr'>et</span> <span class='ocrx_word' id='word_1_116' title='bbox 741 871 966 913; x_wconf 68' lang='lat' dir='ltr'>agitationem</span> <span class='ocrx_word' id='word_1_117' title='bbox 1003 877 1180 903; x_wconf 80' lang='lat' dir='ltr'>creaturae</span> <span class='ocrx_word' id='word_1_118' title='bbox 1212 881 1304 904; x_wconf 84' lang='lat' dir='ltr'>suae.</span> 
     </span>
     <span class='ocr_line' id='line_1_17' title="bbox 322 920 1306 966; baseline -0.003 -11"><span class='ocrx_word' id='word_1_119' title='bbox 322 921 390 955; x_wconf 85' lang='lat' dir='ltr'>Sed</span> <span class='ocrx_word' id='word_1_120' title='bbox 413 922 508 955; x_wconf 89' lang='lat' dir='ltr'>aliud</span> <span class='ocrx_word' id='word_1_121' title='bbox 528 929 577 955; x_wconf 89' lang='lat' dir='ltr'>est</span> <span class='ocrx_word' id='word_1_122' title='bbox 592 921 690 966; x_wconf 87' lang='lat' dir='ltr'>loqui</span> <span class='ocrx_word' id='word_1_123' title='bbox 709 922 751 954; x_wconf 85' lang='lat' dir='ltr'>de</span> <span class='ocrx_word' id='word_1_124' title='bbox 769 920 923 963; x_wconf 85' lang='lat' dir='ltr'>generali</span> <span class='ocrx_word' id='word_1_125' title='bbox 941 920 1130 963; x_wconf 72' lang='lat' dir='ltr'>agitatione</span> <span class='ocrx_word' id='word_1_126' title='bbox 1145 931 1206 953; x_wconf 88' lang='lat' dir='ltr'>seu</span> <span class='ocrx_word' id='word_1_127' title='bbox 1222 921 1306 961; x_wconf 86' lang='lat' dir='ltr'>vita,</span> 
     </span>
     <span class='ocr_line' id='line_1_18' title="bbox 322 968 1305 1014; baseline -0.002 -9"><span class='ocrx_word' id='word_1_128' title='bbox 322 973 417 1005; x_wconf 90' lang='lat' dir='ltr'>aliud</span> <span class='ocrx_word' id='word_1_129' title='bbox 441 974 483 1006; x_wconf 84' lang='lat' dir='ltr'>de</span> <span class='ocrx_word' id='word_1_130' title='bbox 500 973 726 1005; x_wconf 78' lang='lat' dir='ltr'>renovatione</span> <span class='ocrx_word' id='word_1_131' title='bbox 743 968 916 1011; x_wconf 86' lang='lat' dir='ltr'>hominis,</span> <span class='ocrx_word' id='word_1_132' title='bbox 945 971 980 1002; x_wconf 92' lang='lat' dir='ltr'>in</span> <span class='ocrx_word' id='word_1_133' title='bbox 998 983 1064 1014; x_wconf 87' lang='lat' dir='ltr'>qua</span> <span class='ocrx_word' id='word_1_134' title='bbox 1083 971 1172 1004; x_wconf 83' lang='lat' dir='ltr'>fiunt</span> <span class='ocrx_word' id='word_1_135' title='bbox 1189 977 1305 1004; x_wconf 87' lang='lat' dir='ltr'>motus</span> 
     </span>
     <span class='ocr_line' id='line_1_19' title="bbox 322 1019 1306 1066; baseline -0.002 -10"><span class='ocrx_word' id='word_1_136' title='bbox 322 1023 524 1056; x_wconf 84' lang='lat' dir='ltr'>obedientes</span> <span class='ocrx_word' id='word_1_137' title='bbox 543 1023 641 1063; x_wconf 89' lang='lat' dir='ltr'>Deo,</span> <span class='ocrx_word' id='word_1_138' title='bbox 669 1022 802 1066; x_wconf 82' lang='lat' dir='ltr'>agnitio</span> <span class='ocrx_word' id='word_1_139' title='bbox 818 1021 905 1062; x_wconf 91' lang='lat' dir='ltr'>Dei,</span> <span class='ocrx_word' id='word_1_140' title='bbox 933 1027 967 1055; x_wconf 88' lang='lat' dir='ltr'>et</span> <span class='ocrx_word' id='word_1_141' title='bbox 991 1021 1149 1065; x_wconf 87' lang='lat' dir='ltr'>iusticia,</span> <span class='ocrx_word' id='word_1_142' title='bbox 1176 1022 1220 1054; x_wconf 88' lang='lat' dir='ltr'>de</span> <span class='ocrx_word' id='word_1_143' title='bbox 1241 1019 1306 1054; x_wconf 89' lang='lat' dir='ltr'>hac</span> 
     </span>
     <span class='ocr_line' id='line_1_20' title="bbox 322 1073 647 1118; baseline 0.006 -12"><span class='ocrx_word' id='word_1_144' title='bbox 322 1074 462 1118; x_wconf 87' lang='lat' dir='ltr'>proprie</span> <span class='ocrx_word' id='word_1_145' title='bbox 480 1073 647 1109; x_wconf 80' lang='lat' dir='ltr'>dicamus.</span> 
     </span>
    </p>
   </div>
   <div class='ocr_carea' id='block_1_3' title="bbox 322 1149 1308 2153">
    <p class='ocr_par' dir='ltr' id='par_1_3' title="bbox 322 1149 1308 2153">
     <span class='ocr_line' id='line_1_21' title="bbox 424 1149 1307 1194; baseline -0.006 -10"><span class='ocrx_word' id='word_1_146' title='bbox 424 1149 537 1194; x_wconf 88' lang='lat' dir='ltr'>Supra</span> <span class='ocrx_word' id='word_1_147' title='bbox 553 1150 684 1183; x_wconf 87' lang='lat' dir='ltr'>dictum</span> <span class='ocrx_word' id='word_1_148' title='bbox 703 1156 763 1190; x_wconf 87' lang='lat' dir='ltr'>est,</span> <span class='ocrx_word' id='word_1_149' title='bbox 789 1149 1000 1183; x_wconf 75' lang='lat' dir='ltr'>creationem</span> <span class='ocrx_word' id='word_1_150' title='bbox 1019 1159 1091 1181; x_wconf 89' lang='lat' dir='ltr'>esse</span> <span class='ocrx_word' id='word_1_151' title='bbox 1105 1159 1193 1192; x_wconf 91' lang='lat' dir='ltr'>opus</span> <span class='ocrx_word' id='word_1_152' title='bbox 1210 1159 1307 1180; x_wconf 89' lang='lat' dir='ltr'>com-</span> 
     </span>
     <span class='ocr_line' id='line_1_22' title="bbox 323 1198 1306 1244; baseline -0.003 -11"><span class='ocrx_word' id='word_1_153' title='bbox 323 1213 428 1234; x_wconf 90' lang='lat' dir='ltr'>mune</span> <span class='ocrx_word' id='word_1_154' title='bbox 462 1201 568 1233; x_wconf 89' lang='lat' dir='ltr'>trium</span> <span class='ocrx_word' id='word_1_155' title='bbox 595 1212 836 1244; x_wconf 87' lang='lat' dir='ltr'>personarum.</span> <span class='ocrx_word' id='word_1_156' title='bbox 896 1199 955 1234; x_wconf 86' lang='lat' dir='ltr'>Sic</span> <span class='ocrx_word' id='word_1_157' title='bbox 981 1206 1012 1232; x_wconf 87' lang='lat' dir='ltr'>et</span> <span class='ocrx_word' id='word_1_158' title='bbox 1039 1198 1222 1232; x_wconf 88' lang='lat' dir='ltr'>renovatio</span> <span class='ocrx_word' id='word_1_159' title='bbox 1245 1209 1306 1231; x_wconf 88' lang='lat' dir='ltr'>seu</span> 
     </span>
     <span class='ocr_line' id='line_1_23' title="bbox 323 1250 1306 1295; baseline -0.005 -10"><span class='ocrx_word' id='word_1_160' title='bbox 323 1251 548 1285; x_wconf 82' lang='lat' dir='ltr'>sanctificatio</span> <span class='ocrx_word' id='word_1_161' title='bbox 566 1257 615 1284; x_wconf 87' lang='lat' dir='ltr'>est</span> <span class='ocrx_word' id='word_1_162' title='bbox 633 1262 720 1295; x_wconf 87' lang='lat' dir='ltr'>opus</span> <span class='ocrx_word' id='word_1_163' title='bbox 737 1263 921 1284; x_wconf 87' lang='lat' dir='ltr'>commune</span> <span class='ocrx_word' id='word_1_164' title='bbox 939 1250 1045 1283; x_wconf 89' lang='lat' dir='ltr'>trium</span> <span class='ocrx_word' id='word_1_165' title='bbox 1063 1260 1306 1292; x_wconf 83' lang='lat' dir='ltr'>personarum.</span> 
     </span>
     <span class='ocr_line' id='line_1_24' title="bbox 323 1298 1307 1342; baseline -0.005 -7"><span class='ocrx_word' id='word_1_166' title='bbox 323 1301 392 1335; x_wconf 88' lang='lat' dir='ltr'>Sed</span> <span class='ocrx_word' id='word_1_167' title='bbox 418 1303 543 1335; x_wconf 90' lang='lat' dir='ltr'>modus</span> <span class='ocrx_word' id='word_1_168' title='bbox 563 1302 794 1341; x_wconf 86' lang='lat' dir='ltr'>discernitur,</span> <span class='ocrx_word' id='word_1_169' title='bbox 818 1300 938 1339; x_wconf 89' lang='lat' dir='ltr'>Pater,</span> <span class='ocrx_word' id='word_1_170' title='bbox 967 1307 999 1333; x_wconf 91' lang='lat' dir='ltr'>et</span> <span class='ocrx_word' id='word_1_171' title='bbox 1016 1299 1146 1340; x_wconf 87' lang='lat' dir='ltr'>Filius,</span> <span class='ocrx_word' id='word_1_172' title='bbox 1168 1305 1198 1331; x_wconf 87' lang='lat' dir='ltr'>et</span> <span class='ocrx_word' id='word_1_173' title='bbox 1225 1298 1307 1342; x_wconf 91' lang='lat' dir='ltr'>Spi-</span> 
     </span>
     <span class='ocr_line' id='line_1_25' title="bbox 324 1348 1306 1394; baseline -0.005 -9"><span class='ocrx_word' id='word_1_174' title='bbox 324 1353 411 1386; x_wconf 87' lang='lat' dir='ltr'>ritus</span> <span class='ocrx_word' id='word_1_175' title='bbox 434 1359 573 1386; x_wconf 79' lang='lat' dir='ltr'>sanctus</span> <span class='ocrx_word' id='word_1_176' title='bbox 592 1353 767 1394; x_wconf 86' lang='lat' dir='ltr'>recipiunt</span> <span class='ocrx_word' id='word_1_177' title='bbox 785 1349 986 1391; x_wconf 88' lang='lat' dir='ltr'>hominem,</span> <span class='ocrx_word' id='word_1_178' title='bbox 1014 1355 1157 1393; x_wconf 88' lang='lat' dir='ltr'>propter</span> <span class='ocrx_word' id='word_1_179' title='bbox 1174 1348 1306 1381; x_wconf 86' lang='lat' dir='ltr'>Filium</span> 
     </span>
     <span class='ocr_line' id='line_1_26' title="bbox 323 1398 1306 1442; baseline -0.004 -7"><span class='ocrx_word' id='word_1_180' title='bbox 323 1403 572 1441; x_wconf 79' lang='lat' dir='ltr'>mediatorem,</span> <span class='ocrx_word' id='word_1_181' title='bbox 600 1409 632 1436; x_wconf 87' lang='lat' dir='ltr'>et</span> <span class='ocrx_word' id='word_1_182' title='bbox 655 1401 758 1436; x_wconf 86' lang='lat' dir='ltr'>Pater</span> <span class='ocrx_word' id='word_1_183' title='bbox 781 1409 813 1435; x_wconf 91' lang='lat' dir='ltr'>et</span> <span class='ocrx_word' id='word_1_184' title='bbox 836 1400 947 1434; x_wconf 90' lang='lat' dir='ltr'>Filius</span> <span class='ocrx_word' id='word_1_185' title='bbox 970 1401 1114 1434; x_wconf 89' lang='lat' dir='ltr'>mittunt</span> <span class='ocrx_word' id='word_1_186' title='bbox 1133 1398 1306 1442; x_wconf 89' lang='lat' dir='ltr'>Spiritum</span> 
     </span>
     <span class='ocr_line' id='line_1_27' title="bbox 324 1450 1307 1498; baseline -0.004 -12"><span class='ocrx_word' id='word_1_187' title='bbox 324 1460 502 1494; x_wconf 86' lang='lat' dir='ltr'>sanctum,</span> <span class='ocrx_word' id='word_1_188' title='bbox 534 1465 595 1496; x_wconf 91' lang='lat' dir='ltr'>per</span> <span class='ocrx_word' id='word_1_189' title='bbox 624 1465 726 1498; x_wconf 87' lang='lat' dir='ltr'>quem</span> <span class='ocrx_word' id='word_1_190' title='bbox 760 1453 847 1485; x_wconf 84' lang='lat' dir='ltr'>fiunt</span> <span class='ocrx_word' id='word_1_191' title='bbox 876 1452 958 1485; x_wconf 87' lang='lat' dir='ltr'>novi</span> <span class='ocrx_word' id='word_1_192' title='bbox 984 1458 1101 1484; x_wconf 91' lang='lat' dir='ltr'>motus</span> <span class='ocrx_word' id='word_1_193' title='bbox 1128 1450 1307 1482; x_wconf 78' lang='lat' dir='ltr'>incoantes</span> 
     </span>
     <span class='ocr_line' id='line_1_28' title="bbox 325 1500 1307 1543; baseline -0.006 -6"><span class='ocrx_word' id='word_1_194' title='bbox 325 1505 431 1537; x_wconf 88' lang='lat' dir='ltr'>vitam</span> <span class='ocrx_word' id='word_1_195' title='bbox 455 1511 632 1537; x_wconf 87' lang='lat' dir='ltr'>aeternam</span> <span class='ocrx_word' id='word_1_196' title='bbox 658 1504 694 1535; x_wconf 92' lang='lat' dir='ltr'>in</span> <span class='ocrx_word' id='word_1_197' title='bbox 718 1501 934 1535; x_wconf 89' lang='lat' dir='ltr'>hominibus.</span> <span class='ocrx_word' id='word_1_198' title='bbox 988 1500 1082 1534; x_wconf 74' lang='lat' dir='ltr'>Haec</span> <span class='ocrx_word' id='word_1_199' title='bbox 1107 1511 1231 1543; x_wconf 88' lang='lat' dir='ltr'>magua</span> <span class='ocrx_word' id='word_1_200' title='bbox 1253 1511 1307 1532; x_wconf 89' lang='lat' dir='ltr'>res</span> 
     </span>
     <span class='ocr_line' id='line_1_29' title="bbox 324 1551 1306 1598; baseline -0.005 -11"><span class='ocrx_word' id='word_1_201' title='bbox 324 1566 480 1598; x_wconf 83' lang='lat' dir='ltr'>expresse</span> <span class='ocrx_word' id='word_1_202' title='bbox 507 1554 677 1597; x_wconf 85' lang='lat' dir='ltr'>descripta</span> <span class='ocrx_word' id='word_1_203' title='bbox 702 1560 752 1586; x_wconf 89' lang='lat' dir='ltr'>est</span> <span class='ocrx_word' id='word_1_204' title='bbox 778 1553 814 1585; x_wconf 93' lang='lat' dir='ltr'>in</span> <span class='ocrx_word' id='word_1_205' title='bbox 841 1553 1033 1585; x_wconf 85' lang='lat' dir='ltr'>donatione</span> <span class='ocrx_word' id='word_1_206' title='bbox 1049 1551 1204 1594; x_wconf 85' lang='lat' dir='ltr'>Spiritus</span> <span class='ocrx_word' id='word_1_207' title='bbox 1225 1561 1306 1583; x_wconf 90' lang='lat' dir='ltr'>san-</span> 
     </span>
     <span class='ocr_line' id='line_1_30' title="bbox 323 1600 1306 1645; baseline -0.006 -7"><span class='ocrx_word' id='word_1_208' title='bbox 323 1605 386 1645; x_wconf 85' lang='lat' dir='ltr'>cti,</span> <span class='ocrx_word' id='word_1_209' title='bbox 413 1617 491 1638; x_wconf 83' lang='lat' dir='ltr'>curn</span> <span class='ocrx_word' id='word_1_210' title='bbox 508 1602 670 1638; x_wconf 86' lang='lat' dir='ltr'>Christus</span> <span class='ocrx_word' id='word_1_211' title='bbox 688 1603 883 1636; x_wconf 82' lang='lat' dir='ltr'>insufflaret</span> <span class='ocrx_word' id='word_1_212' title='bbox 900 1602 1074 1645; x_wconf 88' lang='lat' dir='ltr'>Spiritum</span> <span class='ocrx_word' id='word_1_213' title='bbox 1092 1606 1249 1634; x_wconf 86' lang='lat' dir='ltr'>sanctum</span> <span class='ocrx_word' id='word_1_214' title='bbox 1269 1600 1306 1633; x_wconf 91' lang='lat' dir='ltr'>in</span> 
     </span>
     <span class='ocr_line' id='line_1_31' title="bbox 323 1652 1307 1698; baseline -0.005 -10"><span class='ocrx_word' id='word_1_215' title='bbox 323 1655 530 1698; x_wconf 74' lang='lat' dir='ltr'>Apostolos,</span> <span class='ocrx_word' id='word_1_216' title='bbox 565 1655 703 1688; x_wconf 83' lang='lat' dir='ltr'>dicens:</span> <span class='ocrx_word' id='word_1_217' title='bbox 741 1653 899 1697; x_wconf 78' lang='lat' dir='ltr'>Accipite</span> <span class='ocrx_word' id='word_1_218' title='bbox 934 1652 1104 1696; x_wconf 77' lang='lat' dir='ltr'>Spiritum</span> <span class='ocrx_word' id='word_1_219' title='bbox 1137 1657 1307 1684; x_wconf 89' lang='lat' dir='ltr'>sanctum.</span> 
     </span>
     <span class='ocr_line' id='line_1_32' title="bbox 322 1701 1308 1748; baseline -0.006 -9"><span class='ocrx_word' id='word_1_220' title='bbox 322 1704 391 1739; x_wconf 82' lang='lat' dir='ltr'>Hic</span> <span class='ocrx_word' id='word_1_221' title='bbox 408 1706 511 1739; x_wconf 81' lang='lat' dir='ltr'>ssatus</span> <span class='ocrx_word' id='word_1_222' title='bbox 529 1716 647 1739; x_wconf 86' lang='lat' dir='ltr'>revera</span> <span class='ocrx_word' id='word_1_223' title='bbox 663 1711 736 1738; x_wconf 90' lang='lat' dir='ltr'>erat</span> <span class='ocrx_word' id='word_1_224' title='bbox 751 1716 898 1748; x_wconf 88' lang='lat' dir='ltr'>persona</span> <span class='ocrx_word' id='word_1_225' title='bbox 918 1703 1073 1747; x_wconf 88' lang='lat' dir='ltr'>Spiritus</span> <span class='ocrx_word' id='word_1_226' title='bbox 1088 1701 1218 1740; x_wconf 87' lang='lat' dir='ltr'>sancti,</span> <span class='ocrx_word' id='word_1_227' title='bbox 1246 1713 1308 1746; x_wconf 89' lang='lat' dir='ltr'>per</span> 
     </span>
     <span class='ocr_line' id='line_1_33' title="bbox 322 1752 1307 1801; baseline -0.005 -11"><span class='ocrx_word' id='word_1_228' title='bbox 322 1768 428 1801; x_wconf 86' lang='lat' dir='ltr'>quam</span> <span class='ocrx_word' id='word_1_229' title='bbox 460 1763 491 1790; x_wconf 87' lang='lat' dir='ltr'>et</span> <span class='ocrx_word' id='word_1_230' title='bbox 522 1757 558 1789; x_wconf 93' lang='lat' dir='ltr'>in</span> <span class='ocrx_word' id='word_1_231' title='bbox 585 1755 762 1799; x_wconf 80' lang='lat' dir='ltr'>Apostolis</span> <span class='ocrx_word' id='word_1_232' title='bbox 795 1755 879 1787; x_wconf 87' lang='lat' dir='ltr'>novi</span> <span class='ocrx_word' id='word_1_233' title='bbox 910 1761 1026 1787; x_wconf 89' lang='lat' dir='ltr'>motus</span> <span class='ocrx_word' id='word_1_234' title='bbox 1055 1752 1307 1786; x_wconf 81' lang='lat' dir='ltr'>excitabantur.</span> 
     </span>
     <span class='ocr_line' id='line_1_34' title="bbox 324 1804 1307 1847; baseline -0.005 -7"><span class='ocrx_word' id='word_1_235' title='bbox 324 1806 375 1840; x_wconf 91' lang='lat' dir='ltr'>Ita</span> <span class='ocrx_word' id='word_1_236' title='bbox 407 1819 485 1840; x_wconf 90' lang='lat' dir='ltr'>cum</span> <span class='ocrx_word' id='word_1_237' title='bbox 511 1808 553 1840; x_wconf 89' lang='lat' dir='ltr'>ad</span> <span class='ocrx_word' id='word_1_238' title='bbox 579 1806 732 1839; x_wconf 85' lang='lat' dir='ltr'>Mariam</span> <span class='ocrx_word' id='word_1_239' title='bbox 758 1805 949 1839; x_wconf 84' lang='lat' dir='ltr'>diceretur:</span> <span class='ocrx_word' id='word_1_240' title='bbox 989 1804 1142 1847; x_wconf 90' lang='lat' dir='ltr'>Spiritus</span> <span class='ocrx_word' id='word_1_241' title='bbox 1166 1809 1307 1836; x_wconf 89' lang='lat' dir='ltr'>sanctus</span> 
     </span>
     <span class='ocr_line' id='line_1_35' title="bbox 323 1853 1307 1900; baseline -0.003 -10"><span class='ocrx_word' id='word_1_242' title='bbox 323 1858 438 1890; x_wconf 87' lang='lat' dir='ltr'>veniet</span> <span class='ocrx_word' id='word_1_243' title='bbox 461 1869 565 1900; x_wconf 89' lang='lat' dir='ltr'>super</span> <span class='ocrx_word' id='word_1_244' title='bbox 590 1864 639 1895; x_wconf 88' lang='lat' dir='ltr'>te,</span> <span class='ocrx_word' id='word_1_245' title='bbox 666 1863 699 1889; x_wconf 89' lang='lat' dir='ltr'>et</span> <span class='ocrx_word' id='word_1_246' title='bbox 725 1856 879 1900; x_wconf 89' lang='lat' dir='ltr'>potentia</span> <span class='ocrx_word' id='word_1_247' title='bbox 903 1855 1062 1888; x_wconf 86' lang='lat' dir='ltr'>altissimi</span> <span class='ocrx_word' id='word_1_248' title='bbox 1078 1853 1307 1887; x_wconf 83' lang='lat' dir='ltr'>obumbrabit</span> 
     </span>
     <span class='ocr_line' id='line_1_36' title="bbox 324 1905 1306 1952; baseline -0.005 -11"><span class='ocrx_word' id='word_1_249' title='bbox 324 1908 409 1950; x_wconf 91' lang='lat' dir='ltr'>tibi,</span> <span class='ocrx_word' id='word_1_250' title='bbox 446 1919 593 1952; x_wconf 88' lang='lat' dir='ltr'>persona</span> <span class='ocrx_word' id='word_1_251' title='bbox 616 1906 769 1950; x_wconf 89' lang='lat' dir='ltr'>Spiritus</span> <span class='ocrx_word' id='word_1_252' title='bbox 794 1905 902 1938; x_wconf 83' lang='lat' dir='ltr'>sancti</span> <span class='ocrx_word' id='word_1_253' title='bbox 929 1917 1009 1937; x_wconf 84' lang='lat' dir='ltr'>vere</span> <span class='ocrx_word' id='word_1_254' title='bbox 1034 1910 1106 1937; x_wconf 89' lang='lat' dir='ltr'>erat</span> <span class='ocrx_word' id='word_1_255' title='bbox 1130 1915 1306 1947; x_wconf 84' lang='lat' dir='ltr'>praesens,</span> 
     </span>
     <span class='ocr_line' id='line_1_37' title="bbox 324 1954 1306 2002; baseline -0.006 -10"><span class='ocrx_word' id='word_1_256' title='bbox 324 1965 356 1992; x_wconf 90' lang='lat' dir='ltr'>et</span> <span class='ocrx_word' id='word_1_257' title='bbox 380 1970 440 2002; x_wconf 92' lang='lat' dir='ltr'>per</span> <span class='ocrx_word' id='word_1_258' title='bbox 463 1969 542 1991; x_wconf 89' lang='lat' dir='ltr'>eum</span> <span class='ocrx_word' id='word_1_259' title='bbox 568 1958 602 1990; x_wconf 92' lang='lat' dir='ltr'>in</span> <span class='ocrx_word' id='word_1_260' title='bbox 628 1957 732 1990; x_wconf 89' lang='lat' dir='ltr'>corde</span> <span class='ocrx_word' id='word_1_261' title='bbox 753 1955 900 1999; x_wconf 81' lang='lat' dir='ltr'>virginis</span> <span class='ocrx_word' id='word_1_262' title='bbox 923 1955 1025 1989; x_wconf 82' lang='lat' dir='ltr'>fiebat</span> <span class='ocrx_word' id='word_1_263' title='bbox 1047 1954 1306 1992; x_wconf 90' lang='lat' dir='ltr'>umbraculum,</span> 
     </span>
     <span class='ocr_line' id='line_1_38' title="bbox 325 2003 1307 2049; baseline -0.003 -8"><span class='ocrx_word' id='word_1_264' title='bbox 325 2009 358 2041; x_wconf 86' lang='lat' dir='ltr'>id</span> <span class='ocrx_word' id='word_1_265' title='bbox 390 2015 456 2049; x_wconf 78' lang='lat' dir='ltr'>est,</span> <span class='ocrx_word' id='word_1_266' title='bbox 491 2020 564 2042; x_wconf 92' lang='lat' dir='ltr'>non</span> <span class='ocrx_word' id='word_1_267' title='bbox 598 2007 833 2041; x_wconf 80' lang='lat' dir='ltr'>incutiebatur</span> <span class='ocrx_word' id='word_1_268' title='bbox 862 2017 984 2040; x_wconf 87' lang='lat' dir='ltr'>sensus</span> <span class='ocrx_word' id='word_1_269' title='bbox 1015 2003 1211 2038; x_wconf 81' lang='lat' dir='ltr'>horrendae</span> <span class='ocrx_word' id='word_1_270' title='bbox 1235 2005 1307 2038; x_wconf 90' lang='lat' dir='ltr'>irae</span> 
     </span>
     <span class='ocr_line' id='line_1_39' title="bbox 324 2055 1307 2100; baseline -0.002 -8"><span class='ocrx_word' id='word_1_271' title='bbox 324 2057 410 2099; x_wconf 85' lang='lat' dir='ltr'>Dei,</span> <span class='ocrx_word' id='word_1_272' title='bbox 443 2060 503 2092; x_wconf 88' lang='lat' dir='ltr'>sed</span> <span class='ocrx_word' id='word_1_273' title='bbox 527 2058 784 2092; x_wconf 83' lang='lat' dir='ltr'>accendebatur</span> <span class='ocrx_word' id='word_1_274' title='bbox 806 2056 938 2100; x_wconf 77' lang='lat' dir='ltr'>agnitio</span> <span class='ocrx_word' id='word_1_275' title='bbox 961 2055 1240 2098; x_wconf 77' lang='lat' dir='ltr'>misericordiae,</span> <span class='ocrx_word' id='word_1_276' title='bbox 1274 2062 1307 2090; x_wconf 89' lang='lat' dir='ltr'>et</span> 
     </span>
     <span class='ocr_line' id='line_1_40' title="bbox 324 2107 1073 2153; baseline 0.001 -11"><span class='ocrx_word' id='word_1_277' title='bbox 324 2110 453 2144; x_wconf 90' lang='lat' dir='ltr'>laetitia</span> <span class='ocrx_word' id='word_1_278' title='bbox 473 2109 509 2142; x_wconf 91' lang='lat' dir='ltr'>in</span> <span class='ocrx_word' id='word_1_279' title='bbox 528 2109 586 2143; x_wconf 88' lang='lat' dir='ltr'>illa</span> <span class='ocrx_word' id='word_1_280' title='bbox 605 2108 784 2153; x_wconf 81' lang='lat' dir='ltr'>agnitione</span> <span class='ocrx_word' id='word_1_281' title='bbox 800 2107 1073 2143; x_wconf 86' lang='lat' dir='ltr'>misericordiae.</span> 
     </span>
    </p>
   </div>
   <div class='ocr_carea' id='block_1_4' title="bbox 324 2183 1307 2533">
    <p class='ocr_par' dir='ltr' id='par_1_4' title="bbox 324 2183 1307 2533">
     <span class='ocr_line' id='line_1_41' title="bbox 427 2183 1307 2226; baseline -0.002 -7"><span class='ocrx_word' id='word_1_282' title='bbox 427 2185 521 2219; x_wconf 83' lang='lat' dir='ltr'>Ilaec</span> <span class='ocrx_word' id='word_1_283' title='bbox 551 2184 741 2219; x_wconf 87' lang='lat' dir='ltr'>declaratio</span> <span class='ocrx_word' id='word_1_284' title='bbox 770 2184 956 2226; x_wconf 81' lang='lat' dir='ltr'>diligenter</span> <span class='ocrx_word' id='word_1_285' title='bbox 980 2183 1240 2223; x_wconf 85' lang='lat' dir='ltr'>consideretur,</span> <span class='ocrx_word' id='word_1_286' title='bbox 1273 2189 1307 2217; x_wconf 88' lang='lat' dir='ltr'>et</span> 
     </span>
     <span class='ocr_line' id='line_1_42' title="bbox 326 2234 1306 2279; baseline -0.001 -11"><span class='ocrx_word' id='word_1_287' title='bbox 326 2235 361 2268; x_wconf 93' lang='lat' dir='ltr'>in</span> <span class='ocrx_word' id='word_1_288' title='bbox 386 2237 606 2270; x_wconf 76' lang='lat' dir='ltr'>invocatione</span> <span class='ocrx_word' id='word_1_289' title='bbox 631 2236 806 2276; x_wconf 86' lang='lat' dir='ltr'>discatur,</span> <span class='ocrx_word' id='word_1_290' title='bbox 834 2235 870 2267; x_wconf 90' lang='lat' dir='ltr'>in</span> <span class='ocrx_word' id='word_1_291' title='bbox 894 2247 960 2279; x_wconf 86' lang='lat' dir='ltr'>qua</span> <span class='ocrx_word' id='word_1_292' title='bbox 986 2241 1143 2278; x_wconf 87' lang='lat' dir='ltr'>petamus</span> <span class='ocrx_word' id='word_1_293' title='bbox 1163 2234 1306 2267; x_wconf 82' lang='lat' dir='ltr'>accendi</span> 
     </span>
     <span class='ocr_line' id='line_1_43' title="bbox 327 2284 1306 2328; baseline 0.001 -9"><span class='ocrx_word' id='word_1_294' title='bbox 327 2287 361 2319; x_wconf 91' lang='lat' dir='ltr'>in</span> <span class='ocrx_word' id='word_1_295' title='bbox 380 2287 480 2319; x_wconf 86' lang='lat' dir='ltr'>nobis</span> <span class='ocrx_word' id='word_1_296' title='bbox 497 2299 622 2320; x_wconf 84' lang='lat' dir='ltr'>novam</span> <span class='ocrx_word' id='word_1_297' title='bbox 642 2287 753 2320; x_wconf 88' lang='lat' dir='ltr'>lucem</span> <span class='ocrx_word' id='word_1_298' title='bbox 768 2313 776 2325; x_wconf 84' lang='lat'>,</span> <span class='ocrx_word' id='word_1_299' title='bbox 803 2293 835 2319; x_wconf 86' lang='lat' dir='ltr'>et</span> <span class='ocrx_word' id='word_1_300' title='bbox 854 2286 923 2328; x_wconf 65' lang='lat' dir='ltr'>regi</span> <span class='ocrx_word' id='word_1_301' title='bbox 945 2296 1007 2317; x_wconf 91' lang='lat' dir='ltr'>nos</span> <span class='ocrx_word' id='word_1_302' title='bbox 1022 2284 1158 2327; x_wconf 83' lang='lat' dir='ltr'>Spiritu</span> <span class='ocrx_word' id='word_1_303' title='bbox 1174 2292 1306 2320; x_wconf 82' lang='lat' dir='ltr'>sancto.</span> 
     </span>
     <span class='ocr_line' id='line_1_44' title="bbox 326 2335 1304 2382; baseline -0.002 -12"><span class='ocrx_word' id='word_1_304' title='bbox 326 2336 414 2370; x_wconf 83' lang='lat' dir='ltr'>Nam</span> <span class='ocrx_word' id='word_1_305' title='bbox 436 2350 539 2381; x_wconf 87' lang='lat' dir='ltr'>opera</span> <span class='ocrx_word' id='word_1_306' title='bbox 557 2338 709 2382; x_wconf 87' lang='lat' dir='ltr'>Spiritus</span> <span class='ocrx_word' id='word_1_307' title='bbox 724 2337 833 2370; x_wconf 86' lang='lat' dir='ltr'>sancti</span> <span class='ocrx_word' id='word_1_308' title='bbox 849 2336 951 2369; x_wconf 88' lang='lat' dir='ltr'>aliter</span> <span class='ocrx_word' id='word_1_309' title='bbox 970 2335 1117 2377; x_wconf 80' lang='lat' dir='ltr'>intelligi</span> <span class='ocrx_word' id='word_1_310' title='bbox 1135 2347 1204 2368; x_wconf 89' lang='lat' dir='ltr'>non</span> <span class='ocrx_word' id='word_1_311' title='bbox 1223 2347 1304 2379; x_wconf 87' lang='lat' dir='ltr'>pos-</span> 
     </span>
     <span class='ocr_line' id='line_1_45' title="bbox 324 2386 1304 2429; baseline 0 -9"><span class='ocrx_word' id='word_1_312' title='bbox 324 2396 423 2429; x_wconf 85' lang='lat' dir='ltr'>sunt,</span> <span class='ocrx_word' id='word_1_313' title='bbox 457 2388 523 2421; x_wconf 74' lang='lat' dir='ltr'>nisi</span> <span class='ocrx_word' id='word_1_314' title='bbox 555 2388 590 2421; x_wconf 93' lang='lat' dir='ltr'>in</span> <span class='ocrx_word' id='word_1_315' title='bbox 625 2389 727 2421; x_wconf 87' lang='lat' dir='ltr'>nobis</span> <span class='ocrx_word' id='word_1_316' title='bbox 757 2388 1007 2420; x_wconf 81' lang='lat' dir='ltr'>accendantur.</span> <span class='ocrx_word' id='word_1_317' title='bbox 1067 2386 1158 2419; x_wconf 83' lang='lat' dir='ltr'>Sunt</span> <span class='ocrx_word' id='word_1_318' title='bbox 1189 2393 1304 2420; x_wconf 87' lang='lat' dir='ltr'>antem</span> 
     </span>
     <span class='ocr_line' id='line_1_46' title="bbox 325 2436 1305 2483; baseline -0.001 -12"><span class='ocrx_word' id='word_1_319' title='bbox 325 2436 409 2472; x_wconf 88' lang='lat' dir='ltr'>haec</span> <span class='ocrx_word' id='word_1_320' title='bbox 437 2451 540 2483; x_wconf 86' lang='lat' dir='ltr'>opera</span> <span class='ocrx_word' id='word_1_321' title='bbox 564 2439 717 2481; x_wconf 82' lang='lat' dir='ltr'>Spiritus</span> <span class='ocrx_word' id='word_1_322' title='bbox 738 2438 867 2478; x_wconf 87' lang='lat' dir='ltr'>sancti,</span> <span class='ocrx_word' id='word_1_323' title='bbox 896 2438 931 2470; x_wconf 91' lang='lat' dir='ltr'>iu</span> <span class='ocrx_word' id='word_1_324' title='bbox 954 2437 1129 2470; x_wconf 85' lang='lat' dir='ltr'>mentibus</span> <span class='ocrx_word' id='word_1_325' title='bbox 1153 2436 1305 2480; x_wconf 87' lang='lat' dir='ltr'>piorum,</span> 
     </span>
     <span class='ocr_line' id='line_1_47' title="bbox 325 2488 1304 2533; baseline -0.001 -12"><span class='ocrx_word' id='word_1_326' title='bbox 325 2501 387 2533; x_wconf 88' lang='lat' dir='ltr'>per</span> <span class='ocrx_word' id='word_1_327' title='bbox 413 2491 558 2523; x_wconf 76' lang='lat' dir='ltr'>verbum</span> <span class='ocrx_word' id='word_1_328' title='bbox 588 2488 652 2522; x_wconf 84' lang='lat' dir='ltr'>Dei</span> <span class='ocrx_word' id='word_1_329' title='bbox 677 2490 864 2522; x_wconf 76' lang='lat' dir='ltr'>accendere</span> <span class='ocrx_word' id='word_1_330' title='bbox 890 2489 1022 2529; x_wconf 86' lang='lat' dir='ltr'>lucem,</span> <span class='ocrx_word' id='word_1_331' title='bbox 1053 2488 1087 2520; x_wconf 91' lang='lat' dir='ltr'>id</span> <span class='ocrx_word' id='word_1_332' title='bbox 1113 2494 1179 2527; x_wconf 83' lang='lat' dir='ltr'>est,</span> <span class='ocrx_word' id='word_1_333' title='bbox 1205 2488 1304 2530; x_wconf 81' lang='lat' dir='ltr'>agni-</span> 
     </span>
    </p>
   </div>
   <div class='ocr_carea' id='block_1_5' title="bbox 326 2539 1330 2583">
    <p class='ocr_par' dir='ltr' id='par_1_5' title="bbox 326 2539 1330 2583">
     <span class='ocr_line' id='line_1_48' title="bbox 326 2539 1330 2583; baseline -0.005 -10"><span class='ocrx_word' id='word_1_334' title='bbox 326 2540 455 2573; x_wconf 70' lang='lat' dir='ltr'>tione-m</span> <span class='ocrx_word' id='word_1_335' title='bbox 490 2541 560 2573; x_wconf 80' lang='lat' dir='ltr'>irae</span> <span class='ocrx_word' id='word_1_336' title='bbox 591 2539 654 2573; x_wconf 83' lang='lat' dir='ltr'>Dei</span> <span class='ocrx_word' id='word_1_337' title='bbox 687 2540 852 2572; x_wconf 79' lang='lat' dir='ltr'>adversus</span> <span class='ocrx_word' id='word_1_338' title='bbox 884 2546 1080 2583; x_wconf 84' lang='lat' dir='ltr'>peccatum,</span> <span class='ocrx_word' id='word_1_339' title='bbox 1120 2545 1152 2572; x_wconf 89' lang='lat' dir='ltr'>et</span> <span class='ocrx_word' id='word_1_340' title='bbox 1184 2550 1330 2571; x_wconf 65' lang='lat' dir='ltr'>rursus,</span> 
     </span>
    </p>
   </div>
   <div class='ocr_carea' id='block_1_6' title="bbox 324 2588 1303 2687">
    <p class='ocr_par' dir='ltr' id='par_1_6' title="bbox 324 2588 1303 2687">
     <span class='ocr_line' id='line_1_49' title="bbox 324 2588 1302 2634; baseline -0.001 -12"><span class='ocrx_word' id='word_1_341' title='bbox 324 2591 538 2631; x_wconf 77' lang='lat' dir='ltr'>agnitionem</span> <span class='ocrx_word' id='word_1_342' title='bbox 568 2590 826 2624; x_wconf 81' lang='lat' dir='ltr'>misericordiae</span> <span class='ocrx_word' id='word_1_343' title='bbox 859 2590 1048 2634; x_wconf 84' lang='lat' dir='ltr'>promissae</span> <span class='ocrx_word' id='word_1_344' title='bbox 1077 2595 1220 2634; x_wconf 83' lang='lat' dir='ltr'>propter</span> <span class='ocrx_word' id='word_1_345' title='bbox 1244 2588 1302 2622; x_wconf 80' lang='lat' dir='ltr'>Fi-</span> 
     </span>
     <span class='ocr_line' id='line_1_50' title="bbox 325 2639 1303 2687; baseline 0.001 -14"><span class='ocrx_word' id='word_1_346' title='bbox 325 2640 431 2683; x_wconf 89' lang='lat' dir='ltr'>lium,</span> <span class='ocrx_word' id='word_1_347' title='bbox 458 2642 605 2676; x_wconf 83' lang='lat' dir='ltr'>excitare</span> <span class='ocrx_word' id='word_1_348' title='bbox 629 2641 810 2683; x_wconf 84' lang='lat' dir='ltr'>fiduciam,</span> <span class='ocrx_word' id='word_1_349' title='bbox 835 2653 923 2687; x_wconf 86' lang='lat' dir='ltr'>quae</span> <span class='ocrx_word' id='word_1_350' title='bbox 946 2641 983 2675; x_wconf 90' lang='lat' dir='ltr'>iu</span> <span class='ocrx_word' id='word_1_351' title='bbox 1005 2640 1096 2674; x_wconf 83' lang='lat' dir='ltr'>veris</span> <span class='ocrx_word' id='word_1_352' title='bbox 1112 2639 1303 2685; x_wconf 78' lang='lat' dir='ltr'>pavoribus</span> 
     </span>
    </p>
   </div>
   <div class='ocr_carea' id='block_1_7' title="bbox 899 72 1732 114">
    <p class='ocr_par' dir='ltr' id='par_1_7' title="bbox 899 72 1732 114">
     <span class='ocr_line' id='line_1_51' title="bbox 899 72 1732 114; baseline 0.002 -3"><span class='ocrx_word' id='word_1_353' title='bbox 899 75 1026 114; x_wconf 89' lang='lat' dir='ltr'>PHIL.</span> <span class='ocrx_word' id='word_1_354' title='bbox 1052 73 1170 112; x_wconf 82' lang='lat' dir='ltr'><strong>MEL.</strong></span> <span class='ocrx_word' id='word_1_355' title='bbox 1194 74 1403 113; x_wconf 85' lang='lat' dir='ltr'>SCRIPTA</span> <span class='ocrx_word' id='word_1_356' title='bbox 1429 72 1732 114; x_wconf 73' lang='lat' dir='ltr'>EXEGETICA.</span> 
     </span>
    </p>
   </div>
   <div class='ocr_carea' id='block_1_8' title="bbox 2262 80 2339 117">
    <p class='ocr_par' dir='ltr' id='par_1_8' title="bbox 2262 80 2339 117">
     <span class='ocr_line' id='line_1_52' title="bbox 2262 80 2339 117; baseline 0 -1"><span class='ocrx_word' id='word_1_357' title='bbox 2262 80 2339 117; x_wconf 76' lang='lat'>420</span> 
     </span>
    </p>
   </div>
   <div class='ocr_carea' id='block_1_9' title="bbox 1353 161 2342 560">
    <p class='ocr_par' dir='ltr' id='par_1_9' title="bbox 1353 161 2342 560">
     <span class='ocr_line' id='line_1_53' title="bbox 1353 161 2338 207; baseline 0.005 -12"><span class='ocrx_word' id='word_1_358' title='bbox 1353 161 1456 205; x_wconf 86' lang='lat' dir='ltr'>erigit</span> <span class='ocrx_word' id='word_1_359' title='bbox 1480 168 1633 204; x_wconf 88' lang='lat' dir='ltr'>mentes,</span> <span class='ocrx_word' id='word_1_360' title='bbox 1659 168 1694 196; x_wconf 89' lang='lat' dir='ltr'>et</span> <span class='ocrx_word' id='word_1_361' title='bbox 1712 161 1916 196; x_wconf 88' lang='lat' dir='ltr'>consolatur</span> <span class='ocrx_word' id='word_1_362' title='bbox 1933 168 2121 207; x_wconf 89' lang='lat' dir='ltr'>conspectu</span> <span class='ocrx_word' id='word_1_363' title='bbox 2139 164 2338 200; x_wconf 88' lang='lat' dir='ltr'>misericor-</span> 
     </span>
     <span class='ocr_line' id='line_1_54' title="bbox 1354 212 2338 257; baseline 0.005 -12"><span class='ocrx_word' id='word_1_364' title='bbox 1354 212 1433 245; x_wconf 83' lang='lat' dir='ltr'>diae</span> <span class='ocrx_word' id='word_1_365' title='bbox 1462 213 1655 257; x_wconf 85' lang='lat' dir='ltr'>promissae</span> <span class='ocrx_word' id='word_1_366' title='bbox 1683 219 1828 257; x_wconf 88' lang='lat' dir='ltr'>propter</span> <span class='ocrx_word' id='word_1_367' title='bbox 1857 212 2100 247; x_wconf 86' lang='lat' dir='ltr'>mediatorem.</span> <span class='ocrx_word' id='word_1_368' title='bbox 2151 213 2241 248; x_wconf 91' lang='lat' dir='ltr'>Cum</span> <span class='ocrx_word' id='word_1_369' title='bbox 2273 214 2338 251; x_wconf 86' lang='lat' dir='ltr'>hac</span> 
     </span>
     <span class='ocr_line' id='line_1_55' title="bbox 1353 262 2338 308; baseline 0.006 -13"><span class='ocrx_word' id='word_1_370' title='bbox 1353 262 1480 296; x_wconf 88' lang='lat' dir='ltr'>fiducia</span> <span class='ocrx_word' id='word_1_371' title='bbox 1504 265 1670 297; x_wconf 85' lang='lat' dir='ltr'>exuscitat</span> <span class='ocrx_word' id='word_1_372' title='bbox 1693 263 1974 304; x_wconf 86' lang='lat' dir='ltr'>invocationem,</span> <span class='ocrx_word' id='word_1_373' title='bbox 2009 269 2043 297; x_wconf 86' lang='lat' dir='ltr'>et</span> <span class='ocrx_word' id='word_1_374' title='bbox 2064 263 2174 298; x_wconf 75' lang='lat' dir='ltr'>flectit</span> <span class='ocrx_word' id='word_1_375' title='bbox 2194 272 2338 308; x_wconf 80' lang='lat' dir='ltr'>mentes,</span> 
     </span>
     <span class='ocr_line' id='line_1_56' title="bbox 1353 311 2340 358; baseline 0.003 -12"><span class='ocrx_word' id='word_1_376' title='bbox 1353 319 1394 346; x_wconf 92' lang='lat' dir='ltr'>ut</span> <span class='ocrx_word' id='word_1_377' title='bbox 1418 325 1453 346; x_wconf 87' lang='lat' dir='ltr'>se</span> <span class='ocrx_word' id='word_1_378' title='bbox 1468 313 1543 347; x_wconf 92' lang='lat' dir='ltr'>Deo</span> <span class='ocrx_word' id='word_1_379' title='bbox 1566 313 1766 350; x_wconf 86' lang='lat' dir='ltr'>subiiciant.</span> <span class='ocrx_word' id='word_1_380' title='bbox 1817 314 1874 348; x_wconf 92' lang='lat' dir='ltr'>De</span> <span class='ocrx_word' id='word_1_381' title='bbox 1898 311 1954 347; x_wconf 89' lang='lat' dir='ltr'>his</span> <span class='ocrx_word' id='word_1_382' title='bbox 1969 314 2136 358; x_wconf 90' lang='lat' dir='ltr'>operibus</span> <span class='ocrx_word' id='word_1_383' title='bbox 2151 315 2340 349; x_wconf 86' lang='lat' dir='ltr'>conciona-</span> 
     </span>
     <span class='ocr_line' id='line_1_57' title="bbox 1355 360 2342 409; baseline 0.005 -13"><span class='ocrx_word' id='word_1_384' title='bbox 1355 370 1413 397; x_wconf 90' lang='lat' dir='ltr'>tur</span> <span class='ocrx_word' id='word_1_385' title='bbox 1443 360 1627 404; x_wconf 91' lang='lat' dir='ltr'>Christus,</span> <span class='ocrx_word' id='word_1_386' title='bbox 1667 375 1748 397; x_wconf 91' lang='lat' dir='ltr'>cum</span> <span class='ocrx_word' id='word_1_387' title='bbox 1778 363 1913 409; x_wconf 87' lang='lat' dir='ltr'>inquit:</span> <span class='ocrx_word' id='word_1_388' title='bbox 1947 364 2103 409; x_wconf 90' lang='lat' dir='ltr'>Spiritus</span> <span class='ocrx_word' id='word_1_389' title='bbox 2131 365 2342 408; x_wconf 86' lang='lat' dir='ltr'>glorificabit</span> 
     </span>
     <span class='ocr_line' id='line_1_58' title="bbox 1354 415 2342 459; baseline 0.004 -13"><span class='ocrx_word' id='word_1_390' title='bbox 1354 425 1428 454; x_wconf 89' lang='lat' dir='ltr'>me,</span> <span class='ocrx_word' id='word_1_391' title='bbox 1454 415 1490 447; x_wconf 91' lang='lat' dir='ltr'>id</span> <span class='ocrx_word' id='word_1_392' title='bbox 1506 420 1573 455; x_wconf 88' lang='lat' dir='ltr'>est,</span> <span class='ocrx_word' id='word_1_393' title='bbox 1597 415 1764 448; x_wconf 88' lang='lat' dir='ltr'>accendet</span> <span class='ocrx_word' id='word_1_394' title='bbox 1779 415 1994 457; x_wconf 81' lang='lat' dir='ltr'>agnitionem</span> <span class='ocrx_word' id='word_1_395' title='bbox 2010 415 2080 450; x_wconf 89' lang='lat' dir='ltr'>mei</span> <span class='ocrx_word' id='word_1_396' title='bbox 2097 415 2134 448; x_wconf 91' lang='lat' dir='ltr'>in</span> <span class='ocrx_word' id='word_1_397' title='bbox 2152 415 2342 459; x_wconf 85' lang='lat' dir='ltr'>mentibus,</span> 
     </span>
     <span class='ocr_line' id='line_1_59' title="bbox 1355 463 2342 510; baseline 0.003 -12"><span class='ocrx_word' id='word_1_398' title='bbox 1355 476 1444 509; x_wconf 89' lang='lat' dir='ltr'>quae</span> <span class='ocrx_word' id='word_1_399' title='bbox 1463 464 1703 499; x_wconf 86' lang='lat' dir='ltr'>assentiuntur</span> <span class='ocrx_word' id='word_1_400' title='bbox 1718 463 1924 508; x_wconf 89' lang='lat' dir='ltr'>Evangelio.</span> <span class='ocrx_word' id='word_1_401' title='bbox 1977 464 2081 500; x_wconf 85' lang='lat' dir='ltr'>Item:</span> <span class='ocrx_word' id='word_1_402' title='bbox 2110 465 2146 501; x_wconf 82' lang='lat' dir='ltr'>S.</span> <span class='ocrx_word' id='word_1_403' title='bbox 2165 465 2203 500; x_wconf 90' lang='lat' dir='ltr'>S.</span> <span class='ocrx_word' id='word_1_404' title='bbox 2221 473 2342 510; x_wconf 84' lang='lat' dir='ltr'>arguet</span> 
     </span>
     <span class='ocr_line' id='line_1_60' title="bbox 1354 515 2283 560; baseline 0.002 -12"><span class='ocrx_word' id='word_1_405' title='bbox 1354 516 1528 549; x_wconf 91' lang='lat' dir='ltr'>mundum</span> <span class='ocrx_word' id='word_1_406' title='bbox 1543 516 1585 548; x_wconf 91' lang='lat' dir='ltr'>de</span> <span class='ocrx_word' id='word_1_407' title='bbox 1601 521 1762 560; x_wconf 88' lang='lat' dir='ltr'>peccato,</span> <span class='ocrx_word' id='word_1_408' title='bbox 1789 515 1832 548; x_wconf 87' lang='lat' dir='ltr'>de</span> <span class='ocrx_word' id='word_1_409' title='bbox 1850 515 2006 557; x_wconf 86' lang='lat' dir='ltr'>iusticia,</span> <span class='ocrx_word' id='word_1_410' title='bbox 2032 523 2065 551; x_wconf 92' lang='lat' dir='ltr'>et</span> <span class='ocrx_word' id='word_1_411' title='bbox 2080 517 2124 550; x_wconf 89' lang='lat' dir='ltr'>de</span> <span class='ocrx_word' id='word_1_412' title='bbox 2140 517 2283 550; x_wconf 90' lang='lat' dir='ltr'>iudicio.</span> 
     </span>
    </p>
   </div>
   <div class='ocr_carea' id='block_1_10' title="bbox 1357 581 2344 881">
    <p class='ocr_par' dir='ltr' id='par_1_10' title="bbox 1357 581 2344 881">
     <span class='ocr_line' id='line_1_61' title="bbox 1457 581 2342 628; baseline 0.002 -12"><span class='ocrx_word' id='word_1_413' title='bbox 1457 581 1562 624; x_wconf 87' lang='lat' dir='ltr'>Dixi,</span> <span class='ocrx_word' id='word_1_414' title='bbox 1594 582 1776 628; x_wconf 82' lang='lat' dir='ltr'>quomodo</span> <span class='ocrx_word' id='word_1_415' title='bbox 1805 588 1876 615; x_wconf 87' lang='lat' dir='ltr'>tres</span> <span class='ocrx_word' id='word_1_416' title='bbox 1898 594 2067 627; x_wconf 84' lang='lat' dir='ltr'>personae</span> <span class='ocrx_word' id='word_1_417' title='bbox 2090 584 2342 618; x_wconf 87' lang='lat' dir='ltr'>discernendae</span> 
     </span>
     <span class='ocr_line' id='line_1_62' title="bbox 1357 632 2343 677; baseline 0.003 -11"><span class='ocrx_word' id='word_1_418' title='bbox 1357 640 1389 667; x_wconf 89' lang='lat' dir='ltr'>et</span> <span class='ocrx_word' id='word_1_419' title='bbox 1421 634 1662 677; x_wconf 85' lang='lat' dir='ltr'>agnoscendae</span> <span class='ocrx_word' id='word_1_420' title='bbox 1693 633 1774 669; x_wconf 90' lang='lat' dir='ltr'>sint.</span> <span class='ocrx_word' id='word_1_421' title='bbox 1831 632 2088 667; x_wconf 85' lang='lat' dir='ltr'>Discernantur</span> <span class='ocrx_word' id='word_1_422' title='bbox 2118 632 2186 668; x_wconf 88' lang='lat' dir='ltr'>hoc</span> <span class='ocrx_word' id='word_1_423' title='bbox 2217 636 2343 669; x_wconf 87' lang='lat' dir='ltr'>modo:</span> 
     </span>
     <span class='ocr_line' id='line_1_63' title="bbox 1357 683 2341 728; baseline 0.003 -11"><span class='ocrx_word' id='word_1_424' title='bbox 1357 683 1462 718; x_wconf 89' lang='lat' dir='ltr'>Pater</span> <span class='ocrx_word' id='word_1_425' title='bbox 1485 684 1596 728; x_wconf 86' lang='lat' dir='ltr'>gignit</span> <span class='ocrx_word' id='word_1_426' title='bbox 1620 684 1665 718; x_wconf 89' lang='lat' dir='ltr'>ab</span> <span class='ocrx_word' id='word_1_427' title='bbox 1689 690 1832 718; x_wconf 90' lang='lat' dir='ltr'>aeterno</span> <span class='ocrx_word' id='word_1_428' title='bbox 1856 683 2012 728; x_wconf 87' lang='lat' dir='ltr'>Filium,</span> <span class='ocrx_word' id='word_1_429' title='bbox 2048 684 2190 718; x_wconf 85' lang='lat' dir='ltr'>intuens</span> <span class='ocrx_word' id='word_1_430' title='bbox 2213 697 2286 719; x_wconf 90' lang='lat' dir='ltr'>sese</span> <span class='ocrx_word' id='word_1_431' title='bbox 2309 692 2341 720; x_wconf 87' lang='lat' dir='ltr'>et</span> 
     </span>
     <span class='ocr_line' id='line_1_64' title="bbox 1358 733 2341 780; baseline 0.001 -12"><span class='ocrx_word' id='word_1_432' title='bbox 1358 735 1524 778; x_wconf 89' lang='lat' dir='ltr'>cogitans.</span> <span class='ocrx_word' id='word_1_433' title='bbox 1577 733 1690 768; x_wconf 83' lang='lat' dir='ltr'>Pilius</span> <span class='ocrx_word' id='word_1_434' title='bbox 1708 735 1848 778; x_wconf 87' lang='lat' dir='ltr'>genitus</span> <span class='ocrx_word' id='word_1_435' title='bbox 1866 740 1917 768; x_wconf 82' lang='lat' dir='ltr'>est</span> <span class='ocrx_word' id='word_1_436' title='bbox 1933 746 1952 768; x_wconf 89' lang='lat' dir='ltr'>a</span> <span class='ocrx_word' id='word_1_437' title='bbox 1970 742 2087 779; x_wconf 88' lang='lat' dir='ltr'>patre,</span> <span class='ocrx_word' id='word_1_438' title='bbox 2114 741 2146 768; x_wconf 91' lang='lat' dir='ltr'>et</span> <span class='ocrx_word' id='word_1_439' title='bbox 2161 741 2212 769; x_wconf 89' lang='lat' dir='ltr'>est</span> <span class='ocrx_word' id='word_1_440' title='bbox 2227 735 2341 780; x_wconf 86' lang='lat' dir='ltr'>imago</span> 
     </span>
     <span class='ocr_line' id='line_1_65' title="bbox 1357 784 2342 830; baseline 0.002 -12"><span class='ocrx_word' id='word_1_441' title='bbox 1357 785 1480 829; x_wconf 86' lang='lat' dir='ltr'>patris.</span> <span class='ocrx_word' id='word_1_442' title='bbox 1533 784 1687 829; x_wconf 87' lang='lat' dir='ltr'>Spiritus</span> <span class='ocrx_word' id='word_1_443' title='bbox 1706 791 1847 819; x_wconf 86' lang='lat' dir='ltr'>sanctus</span> <span class='ocrx_word' id='word_1_444' title='bbox 1864 785 2024 829; x_wconf 90' lang='lat' dir='ltr'>procedit</span> <span class='ocrx_word' id='word_1_445' title='bbox 2041 797 2058 818; x_wconf 91' lang='lat' dir='ltr'>a</span> <span class='ocrx_word' id='word_1_446' title='bbox 2077 792 2173 830; x_wconf 91' lang='lat' dir='ltr'>patre</span> <span class='ocrx_word' id='word_1_447' title='bbox 2189 792 2222 820; x_wconf 89' lang='lat' dir='ltr'>et</span> <span class='ocrx_word' id='word_1_448' title='bbox 2236 785 2342 826; x_wconf 85' lang='lat' dir='ltr'>Filio,</span> 
     </span>
     <span class='ocr_line' id='line_1_66' title="bbox 1357 835 2344 881; baseline 0.002 -12"><span class='ocrx_word' id='word_1_449' title='bbox 1357 842 1391 870; x_wconf 93' lang='lat' dir='ltr'>et</span> <span class='ocrx_word' id='word_1_450' title='bbox 1405 842 1455 870; x_wconf 91' lang='lat' dir='ltr'>est</span> <span class='ocrx_word' id='word_1_451' title='bbox 1470 836 1573 870; x_wconf 86' lang='lat' dir='ltr'>ssatus</span> <span class='ocrx_word' id='word_1_452' title='bbox 1588 847 1648 869; x_wconf 90' lang='lat' dir='ltr'>seu</span> <span class='ocrx_word' id='word_1_453' title='bbox 1664 835 1826 879; x_wconf 83' lang='lat' dir='ltr'>agitator,</span> <span class='ocrx_word' id='word_1_454' title='bbox 1852 848 1916 880; x_wconf 89' lang='lat' dir='ltr'>per</span> <span class='ocrx_word' id='word_1_455' title='bbox 1931 848 2035 881; x_wconf 89' lang='lat' dir='ltr'>quern</span> <span class='ocrx_word' id='word_1_456' title='bbox 2050 836 2088 870; x_wconf 89' lang='lat' dir='ltr'>fit</span> <span class='ocrx_word' id='word_1_457' title='bbox 2103 836 2344 874; x_wconf 79' lang='lat' dir='ltr'>sanctificatio.</span> 
     </span>
    </p>
   </div>
   <div class='ocr_carea' id='block_1_11' title="bbox 1357 903 2390 2110">
    <p class='ocr_par' dir='ltr' id='par_1_11' title="bbox 1357 903 2390 2110">
     <span class='ocr_line' id='line_1_67' title="bbox 1459 903 2344 948; baseline -0.001 -10"><span class='ocrx_word' id='word_1_458' title='bbox 1459 903 1715 938; x_wconf 86' lang='lat' dir='ltr'>Discernantur</span> <span class='ocrx_word' id='word_1_459' title='bbox 1743 910 1858 937; x_wconf 88' lang='lat' dir='ltr'>autem</span> <span class='ocrx_word' id='word_1_460' title='bbox 1885 910 1920 937; x_wconf 88' lang='lat' dir='ltr'>et</span> <span class='ocrx_word' id='word_1_461' title='bbox 1942 910 2178 946; x_wconf 88' lang='lat' dir='ltr'>agnoscantur</span> <span class='ocrx_word' id='word_1_462' title='bbox 2198 916 2259 948; x_wconf 89' lang='lat' dir='ltr'>per</span> <span class='ocrx_word' id='word_1_463' title='bbox 2283 915 2344 937; x_wconf 87' lang='lat' dir='ltr'>ex—</span> 
     </span>
     <span class='ocr_line' id='line_1_68' title="bbox 1358 951 2390 995; baseline 0 -7"><span class='ocrx_word' id='word_1_464' title='bbox 1358 961 1460 988; x_wconf 85' lang='lat' dir='ltr'>terna</span> <span class='ocrx_word' id='word_1_465' title='bbox 1482 954 1701 995; x_wconf 86' lang='lat' dir='ltr'>testimonia,</span> <span class='ocrx_word' id='word_1_466' title='bbox 1728 951 1795 988; x_wconf 86' lang='lat' dir='ltr'>hoc</span> <span class='ocrx_word' id='word_1_467' title='bbox 1811 955 1933 988; x_wconf 87' lang='lat' dir='ltr'>modo:</span> <span class='ocrx_word' id='word_1_468' title='bbox 1961 954 2067 988; x_wconf 86' lang='lat' dir='ltr'>Pater</span> <span class='ocrx_word' id='word_1_469' title='bbox 2083 955 2209 988; x_wconf 90' lang='lat' dir='ltr'>clamat</span> <span class='ocrx_word' id='word_1_470' title='bbox 2225 956 2268 988; x_wconf 89' lang='lat' dir='ltr'>de</span> <span class='ocrx_word' id='word_1_471' title='bbox 2283 953 2343 988; x_wconf 83' lang='lat' dir='ltr'>Fi·</span> <span class='ocrx_word' id='word_1_472' title='bbox 2387 974 2390 977; x_wconf 94' lang='lat'><em>-</em></span> 
     </span>
     <span class='ocr_line' id='line_1_69' title="bbox 1358 1002 2344 1047; baseline 0 -9"><span class='ocrx_word' id='word_1_473' title='bbox 1358 1006 1428 1047; x_wconf 87' lang='lat' dir='ltr'>lio,</span> <span class='ocrx_word' id='word_1_474' title='bbox 1455 1004 1561 1038; x_wconf 85' lang='lat' dir='ltr'>Hunc</span> <span class='ocrx_word' id='word_1_475' title='bbox 1580 1005 1712 1040; x_wconf 89' lang='lat' dir='ltr'>audite.</span> <span class='ocrx_word' id='word_1_476' title='bbox 1764 1003 1878 1038; x_wconf 88' lang='lat' dir='ltr'>Filius</span> <span class='ocrx_word' id='word_1_477' title='bbox 1893 1005 2056 1039; x_wconf 87' lang='lat' dir='ltr'>assumsit</span> <span class='ocrx_word' id='word_1_478' title='bbox 2072 1002 2265 1039; x_wconf 86' lang='lat' dir='ltr'>humanam</span> <span class='ocrx_word' id='word_1_479' title='bbox 2280 1016 2344 1038; x_wconf 91' lang='lat' dir='ltr'>na-</span> 
     </span>
     <span class='ocr_line' id='line_1_70' title="bbox 1357 1055 2344 1099; baseline 0 -10"><span class='ocrx_word' id='word_1_480' title='bbox 1357 1062 1493 1096; x_wconf 83' lang='lat' dir='ltr'>turam,</span> <span class='ocrx_word' id='word_1_481' title='bbox 1528 1062 1561 1089; x_wconf 84' lang='lat' dir='ltr'>et</span> <span class='ocrx_word' id='word_1_482' title='bbox 1585 1056 1696 1088; x_wconf 87' lang='lat' dir='ltr'>sactus</span> <span class='ocrx_word' id='word_1_483' title='bbox 1720 1061 1770 1088; x_wconf 88' lang='lat' dir='ltr'>est</span> <span class='ocrx_word' id='word_1_484' title='bbox 1794 1055 1977 1088; x_wconf 86' lang='lat' dir='ltr'>mediator.</span> <span class='ocrx_word' id='word_1_485' title='bbox 2028 1055 2181 1099; x_wconf 90' lang='lat' dir='ltr'>Spiritus</span> <span class='ocrx_word' id='word_1_486' title='bbox 2203 1062 2344 1089; x_wconf 87' lang='lat' dir='ltr'>sanctus</span> 
     </span>
     <span class='ocr_line' id='line_1_71' title="bbox 1358 1104 2344 1150; baseline -0.001 -11"><span class='ocrx_word' id='word_1_487' title='bbox 1358 1113 1409 1140; x_wconf 90' lang='lat' dir='ltr'>est</span> <span class='ocrx_word' id='word_1_488' title='bbox 1433 1106 1559 1139; x_wconf 91' lang='lat' dir='ltr'>missus</span> <span class='ocrx_word' id='word_1_489' title='bbox 1584 1111 1617 1139; x_wconf 90' lang='lat' dir='ltr'>et</span> <span class='ocrx_word' id='word_1_490' title='bbox 1641 1111 1801 1138; x_wconf 87' lang='lat' dir='ltr'>ostensus</span> <span class='ocrx_word' id='word_1_491' title='bbox 1825 1104 1862 1137; x_wconf 90' lang='lat' dir='ltr'>in</span> <span class='ocrx_word' id='word_1_492' title='bbox 1883 1105 1988 1145; x_wconf 88' lang='lat' dir='ltr'>flatu,</span> <span class='ocrx_word' id='word_1_493' title='bbox 2016 1105 2053 1138; x_wconf 93' lang='lat' dir='ltr'>in</span> <span class='ocrx_word' id='word_1_494' title='bbox 2076 1106 2189 1150; x_wconf 87' lang='lat' dir='ltr'>specie</span> <span class='ocrx_word' id='word_1_495' title='bbox 2208 1106 2344 1140; x_wconf 89' lang='lat' dir='ltr'>colum-</span> 
     </span>
     <span class='ocr_line' id='line_1_72' title="bbox 1360 1155 2344 1199; baseline 0 -9"><span class='ocrx_word' id='word_1_496' title='bbox 1360 1157 1442 1194; x_wconf 87' lang='lat' dir='ltr'>bae,</span> <span class='ocrx_word' id='word_1_497' title='bbox 1476 1157 1514 1189; x_wconf 91' lang='lat' dir='ltr'>in</span> <span class='ocrx_word' id='word_1_498' title='bbox 1544 1155 1674 1199; x_wconf 81' lang='lat' dir='ltr'>linguis</span> <span class='ocrx_word' id='word_1_499' title='bbox 1696 1155 1827 1199; x_wconf 86' lang='lat' dir='ltr'>igneis,</span> <span class='ocrx_word' id='word_1_500' title='bbox 1862 1161 1895 1189; x_wconf 93' lang='lat' dir='ltr'>et</span> <span class='ocrx_word' id='word_1_501' title='bbox 1919 1167 1980 1199; x_wconf 91' lang='lat' dir='ltr'>per</span> <span class='ocrx_word' id='word_1_502' title='bbox 2004 1167 2083 1189; x_wconf 91' lang='lat' dir='ltr'>eum</span> <span class='ocrx_word' id='word_1_503' title='bbox 2107 1168 2199 1190; x_wconf 84' lang='lat' dir='ltr'>nova</span> <span class='ocrx_word' id='word_1_504' title='bbox 2226 1157 2285 1190; x_wconf 80' lang='lat' dir='ltr'>lux</span> <span class='ocrx_word' id='word_1_505' title='bbox 2310 1162 2344 1190; x_wconf 88' lang='lat' dir='ltr'>et</span> 
     </span>
     <span class='ocr_line' id='line_1_73' title="bbox 1360 1205 2345 1251; baseline 0 -11"><span class='ocrx_word' id='word_1_506' title='bbox 1360 1207 1494 1251; x_wconf 88' lang='lat' dir='ltr'>agnitio</span> <span class='ocrx_word' id='word_1_507' title='bbox 1517 1206 1602 1247; x_wconf 88' lang='lat' dir='ltr'>Dei,</span> <span class='ocrx_word' id='word_1_508' title='bbox 1637 1213 1671 1240; x_wconf 92' lang='lat' dir='ltr'>et</span> <span class='ocrx_word' id='word_1_509' title='bbox 1693 1217 1784 1239; x_wconf 85' lang='lat' dir='ltr'>nova</span> <span class='ocrx_word' id='word_1_510' title='bbox 1806 1205 1944 1239; x_wconf 87' lang='lat' dir='ltr'>iusticia</span> <span class='ocrx_word' id='word_1_511' title='bbox 1969 1207 2183 1240; x_wconf 84' lang='lat' dir='ltr'>accenditur.</span> <span class='ocrx_word' id='word_1_512' title='bbox 2248 1205 2345 1240; x_wconf 86' lang='lat' dir='ltr'>Haec</span> 
     </span>
     <span class='ocr_line' id='line_1_74' title="bbox 1359 1256 2345 1300; baseline 0 -10"><span class='ocrx_word' id='word_1_513' title='bbox 1359 1257 1462 1291; x_wconf 89' lang='lat' dir='ltr'>nobis</span> <span class='ocrx_word' id='word_1_514' title='bbox 1486 1257 1636 1290; x_wconf 87' lang='lat' dir='ltr'>clariora</span> <span class='ocrx_word' id='word_1_515' title='bbox 1653 1263 1784 1297; x_wconf 88' lang='lat' dir='ltr'>essent,</span> <span class='ocrx_word' id='word_1_516' title='bbox 1810 1256 1839 1289; x_wconf 91' lang='lat' dir='ltr'>si</span> <span class='ocrx_word' id='word_1_517' title='bbox 1855 1256 2078 1290; x_wconf 89' lang='lat' dir='ltr'>invocatione</span> <span class='ocrx_word' id='word_1_518' title='bbox 2094 1257 2345 1300; x_wconf 87' lang='lat' dir='ltr'>cogitarentur,</span> 
     </span>
     <span class='ocr_line' id='line_1_75' title="bbox 1360 1305 2344 1353; baseline 0 -12"><span class='ocrx_word' id='word_1_519' title='bbox 1360 1315 1392 1342; x_wconf 92' lang='lat' dir='ltr'>et</span> <span class='ocrx_word' id='word_1_520' title='bbox 1413 1307 1442 1340; x_wconf 90' lang='lat' dir='ltr'>si</span> <span class='ocrx_word' id='word_1_521' title='bbox 1467 1318 1587 1340; x_wconf 78' lang='lat' dir='ltr'>revera</span> <span class='ocrx_word' id='word_1_522' title='bbox 1607 1307 1828 1340; x_wconf 88' lang='lat' dir='ltr'>crederemus</span> <span class='ocrx_word' id='word_1_523' title='bbox 1845 1305 1959 1339; x_wconf 91' lang='lat' dir='ltr'>Deum</span> <span class='ocrx_word' id='word_1_524' title='bbox 1979 1307 2082 1340; x_wconf 90' lang='lat' dir='ltr'>nobis</span> <span class='ocrx_word' id='word_1_525' title='bbox 2098 1307 2188 1340; x_wconf 88' lang='lat' dir='ltr'>velle</span> <span class='ocrx_word' id='word_1_526' title='bbox 2203 1319 2344 1353; x_wconf 86' lang='lat' dir='ltr'>quoque</span> 
     </span>
     <span class='ocr_line' id='line_1_76' title="bbox 1361 1354 2344 1402; baseline 0 -11"><span class='ocrx_word' id='word_1_527' title='bbox 1361 1356 1450 1391; x_wconf 87' lang='lat' dir='ltr'>hanc</span> <span class='ocrx_word' id='word_1_528' title='bbox 1472 1358 1585 1390; x_wconf 91' lang='lat' dir='ltr'>lucem</span> <span class='ocrx_word' id='word_1_529' title='bbox 1609 1357 1807 1400; x_wconf 86' lang='lat' dir='ltr'>impertire,</span> <span class='ocrx_word' id='word_1_530' title='bbox 1840 1363 1873 1390; x_wconf 89' lang='lat' dir='ltr'>et</span> <span class='ocrx_word' id='word_1_531' title='bbox 1898 1354 1962 1390; x_wconf 89' lang='lat' dir='ltr'>hae</span> <span class='ocrx_word' id='word_1_532' title='bbox 1984 1357 2110 1391; x_wconf 82' lang='lat' dir='ltr'>fiducia</span> <span class='ocrx_word' id='word_1_533' title='bbox 2136 1364 2344 1402; x_wconf 80' lang='lat' dir='ltr'>peteremus,</span> 
     </span>
     <span class='ocr_line' id='line_1_77' title="bbox 1360 1404 2345 1452; baseline 0.001 -11"><span class='ocrx_word' id='word_1_534' title='bbox 1360 1408 1438 1441; x_wconf 87' lang='lat' dir='ltr'>ideo</span> <span class='ocrx_word' id='word_1_535' title='bbox 1464 1407 1589 1441; x_wconf 91' lang='lat' dir='ltr'>clamat</span> <span class='ocrx_word' id='word_1_536' title='bbox 1607 1404 1785 1441; x_wconf 89' lang='lat' dir='ltr'>Christus:</span> <span class='ocrx_word' id='word_1_537' title='bbox 1814 1405 1959 1450; x_wconf 87' lang='lat' dir='ltr'>Quanto</span> <span class='ocrx_word' id='word_1_538' title='bbox 1984 1408 2093 1451; x_wconf 88' lang='lat' dir='ltr'>magis</span> <span class='ocrx_word' id='word_1_539' title='bbox 2115 1415 2213 1452; x_wconf 91' lang='lat' dir='ltr'>pater</span> <span class='ocrx_word' id='word_1_540' title='bbox 2232 1415 2345 1442; x_wconf 79' lang='lat' dir='ltr'>vester</span> 
     </span>
     <span class='ocr_line' id='line_1_78' title="bbox 1360 1457 2344 1502; baseline 0.001 -10"><span class='ocrx_word' id='word_1_541' title='bbox 1360 1458 1518 1492; x_wconf 82' lang='lat' dir='ltr'>coelestis</span> <span class='ocrx_word' id='word_1_542' title='bbox 1551 1457 1650 1491; x_wconf 85' lang='lat' dir='ltr'>dabit</span> <span class='ocrx_word' id='word_1_543' title='bbox 1672 1457 1846 1501; x_wconf 87' lang='lat' dir='ltr'>Spiritum</span> <span class='ocrx_word' id='word_1_544' title='bbox 1876 1464 2034 1491; x_wconf 89' lang='lat' dir='ltr'>sanctum</span> <span class='ocrx_word' id='word_1_545' title='bbox 2067 1459 2267 1502; x_wconf 89' lang='lat' dir='ltr'>petentibus</span> <span class='ocrx_word' id='word_1_546' title='bbox 2297 1470 2344 1493; x_wconf 84' lang='lat' dir='ltr'>se.</span> 
     </span>
     <span class='ocr_line' id='line_1_79' title="bbox 1362 1506 2344 1551; baseline 0.001 -9"><span class='ocrx_word' id='word_1_547' title='bbox 1362 1508 1447 1542; x_wconf 88' lang='lat' dir='ltr'>Vult</span> <span class='ocrx_word' id='word_1_548' title='bbox 1468 1508 1609 1551; x_wconf 86' lang='lat' dir='ltr'>agnosci</span> <span class='ocrx_word' id='word_1_549' title='bbox 1624 1507 1738 1549; x_wconf 91' lang='lat' dir='ltr'>Deus,</span> <span class='ocrx_word' id='word_1_550' title='bbox 1765 1507 1842 1541; x_wconf 85' lang='lat' dir='ltr'>vult</span> <span class='ocrx_word' id='word_1_551' title='bbox 1862 1508 1898 1540; x_wconf 93' lang='lat' dir='ltr'>in</span> <span class='ocrx_word' id='word_1_552' title='bbox 1916 1509 2019 1541; x_wconf 91' lang='lat' dir='ltr'>nobis</span> <span class='ocrx_word' id='word_1_553' title='bbox 2036 1506 2211 1549; x_wconf 88' lang='lat' dir='ltr'>habitare,</span> <span class='ocrx_word' id='word_1_554' title='bbox 2239 1510 2344 1543; x_wconf 89' lang='lat' dir='ltr'>modo</span> 
     </span>
     <span class='ocr_line' id='line_1_80' title="bbox 1360 1556 2345 1603; baseline 0.001 -11"><span class='ocrx_word' id='word_1_555' title='bbox 1360 1559 1586 1592; x_wconf 89' lang='lat' dir='ltr'>admittamus</span> <span class='ocrx_word' id='word_1_556' title='bbox 1601 1570 1699 1599; x_wconf 87' lang='lat' dir='ltr'>eum,</span> <span class='ocrx_word' id='word_1_557' title='bbox 1724 1558 1813 1591; x_wconf 90' lang='lat' dir='ltr'>sicut</span> <span class='ocrx_word' id='word_1_558' title='bbox 1831 1558 1964 1603; x_wconf 86' lang='lat' dir='ltr'>iuquit:</span> <span class='ocrx_word' id='word_1_559' title='bbox 1993 1556 2068 1601; x_wconf 88' lang='lat' dir='ltr'>Ego</span> <span class='ocrx_word' id='word_1_560' title='bbox 2085 1566 2136 1592; x_wconf 92' lang='lat' dir='ltr'>sto</span> <span class='ocrx_word' id='word_1_561' title='bbox 2154 1560 2197 1593; x_wconf 92' lang='lat' dir='ltr'>ad</span> <span class='ocrx_word' id='word_1_562' title='bbox 2216 1559 2345 1594; x_wconf 89' lang='lat' dir='ltr'>ostium</span> 
     </span>
     <span class='ocr_line' id='line_1_81' title="bbox 1360 1607 2346 1654; baseline 0.002 -12"><span class='ocrx_word' id='word_1_563' title='bbox 1360 1616 1394 1643; x_wconf 88' lang='lat' dir='ltr'>et</span> <span class='ocrx_word' id='word_1_564' title='bbox 1417 1609 1529 1654; x_wconf 82' lang='lat' dir='ltr'>pulso,</span> <span class='ocrx_word' id='word_1_565' title='bbox 1592 1607 1697 1643; x_wconf 90' lang='lat' dir='ltr'>Item:</span> <span class='ocrx_word' id='word_1_566' title='bbox 1728 1607 1918 1641; x_wconf 83' lang='lat' dir='ltr'>Veniemus</span> <span class='ocrx_word' id='word_1_567' title='bbox 1941 1609 1983 1641; x_wconf 91' lang='lat' dir='ltr'>ad</span> <span class='ocrx_word' id='word_1_568' title='bbox 2010 1621 2108 1649; x_wconf 84' lang='lat' dir='ltr'>eum,</span> <span class='ocrx_word' id='word_1_569' title='bbox 2134 1616 2166 1644; x_wconf 89' lang='lat' dir='ltr'>et</span> <span class='ocrx_word' id='word_1_570' title='bbox 2189 1610 2346 1644; x_wconf 83' lang='lat' dir='ltr'>mansio-</span> 
     </span>
     <span class='ocr_line' id='line_1_82' title="bbox 1360 1657 2346 1705; baseline 0.002 -12"><span class='ocrx_word' id='word_1_571' title='bbox 1360 1671 1442 1693; x_wconf 90' lang='lat' dir='ltr'>nem</span> <span class='ocrx_word' id='word_1_572' title='bbox 1470 1660 1564 1704; x_wconf 88' lang='lat' dir='ltr'>apud</span> <span class='ocrx_word' id='word_1_573' title='bbox 1595 1671 1675 1693; x_wconf 94' lang='lat' dir='ltr'>eum</span> <span class='ocrx_word' id='word_1_574' title='bbox 1707 1658 1884 1694; x_wconf 83' lang='lat' dir='ltr'>faciemus.</span> <span class='ocrx_word' id='word_1_575' title='bbox 1946 1657 2049 1694; x_wconf 91' lang='lat' dir='ltr'>ltem:</span> <span class='ocrx_word' id='word_1_576' title='bbox 2084 1659 2123 1694; x_wconf 84' lang='lat' dir='ltr'>Si</span> <span class='ocrx_word' id='word_1_577' title='bbox 2154 1660 2234 1705; x_wconf 84' lang='lat' dir='ltr'>quis</span> <span class='ocrx_word' id='word_1_578' title='bbox 2259 1660 2346 1703; x_wconf 81' lang='lat' dir='ltr'>sitit,</span> 
     </span>
     <span class='ocr_line' id='line_1_83' title="bbox 1360 1708 2346 1752; baseline 0.002 -8"><span class='ocrx_word' id='word_1_579' title='bbox 1360 1710 1478 1744; x_wconf 91' lang='lat' dir='ltr'>veniat</span> <span class='ocrx_word' id='word_1_580' title='bbox 1493 1712 1536 1743; x_wconf 92' lang='lat' dir='ltr'>ad</span> <span class='ocrx_word' id='word_1_581' title='bbox 1554 1721 1621 1750; x_wconf 91' lang='lat' dir='ltr'>me,</span> <span class='ocrx_word' id='word_1_582' title='bbox 1644 1716 1678 1743; x_wconf 90' lang='lat' dir='ltr'>et</span> <span class='ocrx_word' id='word_1_583' title='bbox 1691 1710 1809 1750; x_wconf 87' lang='lat' dir='ltr'>bibat,</span> <span class='ocrx_word' id='word_1_584' title='bbox 1836 1708 1909 1752; x_wconf 83' lang='lat' dir='ltr'>Qui</span> <span class='ocrx_word' id='word_1_585' title='bbox 1925 1711 2036 1744; x_wconf 89' lang='lat' dir='ltr'>credit</span> <span class='ocrx_word' id='word_1_586' title='bbox 2052 1710 2088 1743; x_wconf 90' lang='lat' dir='ltr'>in</span> <span class='ocrx_word' id='word_1_587' title='bbox 2105 1723 2171 1751; x_wconf 88' lang='lat' dir='ltr'>me,</span> <span class='ocrx_word' id='word_1_588' title='bbox 2196 1711 2346 1746; x_wconf 81' lang='lat' dir='ltr'>flumina</span> 
     </span>
     <span class='ocr_line' id='line_1_84' title="bbox 1360 1759 2346 1805; baseline 0.003 -11"><span class='ocrx_word' id='word_1_589' title='bbox 1360 1762 1404 1795; x_wconf 92' lang='lat' dir='ltr'>de</span> <span class='ocrx_word' id='word_1_590' title='bbox 1438 1768 1561 1795; x_wconf 88' lang='lat' dir='ltr'>ventre</span> <span class='ocrx_word' id='word_1_591' title='bbox 1598 1760 1674 1793; x_wconf 90' lang='lat' dir='ltr'>eius</span> <span class='ocrx_word' id='word_1_592' title='bbox 1707 1760 1818 1794; x_wconf 81' lang='lat' dir='ltr'>fluent</span> <span class='ocrx_word' id='word_1_593' title='bbox 1847 1772 1956 1805; x_wconf 87' lang='lat' dir='ltr'>aquae</span> <span class='ocrx_word' id='word_1_594' title='bbox 1986 1761 2095 1794; x_wconf 71' lang='lat' dir='ltr'>vivae.</span> <span class='ocrx_word' id='word_1_595' title='bbox 2167 1759 2215 1796; x_wconf 84' lang='lat' dir='ltr'>Et</span> <span class='ocrx_word' id='word_1_596' title='bbox 2244 1768 2346 1797; x_wconf 83' lang='lat' dir='ltr'>vocat</span> 
     </span>
     <span class='ocr_line' id='line_1_85' title="bbox 1360 1810 2345 1856; baseline 0.001 -10"><span class='ocrx_word' id='word_1_597' title='bbox 1360 1823 1499 1846; x_wconf 89' lang='lat' dir='ltr'>omnes:</span> <span class='ocrx_word' id='word_1_598' title='bbox 1529 1810 1655 1845; x_wconf 80' lang='lat' dir='ltr'>Venite</span> <span class='ocrx_word' id='word_1_599' title='bbox 1679 1811 1721 1844; x_wconf 86' lang='lat' dir='ltr'>ad</span> <span class='ocrx_word' id='word_1_600' title='bbox 1739 1822 1794 1843; x_wconf 91' lang='lat' dir='ltr'>me</span> <span class='ocrx_word' id='word_1_601' title='bbox 1810 1822 1932 1843; x_wconf 88' lang='lat' dir='ltr'>omnes</span> <span class='ocrx_word' id='word_1_602' title='bbox 1948 1811 2007 1856; x_wconf 87' lang='lat' dir='ltr'>qui</span> <span class='ocrx_word' id='word_1_603' title='bbox 2025 1811 2192 1845; x_wconf 84' lang='lat' dir='ltr'>laboratis</span> <span class='ocrx_word' id='word_1_604' title='bbox 2209 1818 2243 1846; x_wconf 89' lang='lat' dir='ltr'>et</span> <span class='ocrx_word' id='word_1_605' title='bbox 2258 1824 2345 1847; x_wconf 82' lang='lat' dir='ltr'>one-</span> 
     </span>
     <span class='ocr_line' id='line_1_86' title="bbox 1361 1860 2345 1904; baseline 0.001 -8"><span class='ocrx_word' id='word_1_606' title='bbox 1361 1862 1427 1896; x_wconf 89' lang='lat' dir='ltr'>rati</span> <span class='ocrx_word' id='word_1_607' title='bbox 1452 1862 1554 1901; x_wconf 90' lang='lat' dir='ltr'>estis,</span> <span class='ocrx_word' id='word_1_608' title='bbox 1586 1868 1620 1895; x_wconf 82' lang='lat' dir='ltr'>et</span> <span class='ocrx_word' id='word_1_609' title='bbox 1643 1872 1705 1904; x_wconf 85' lang='lat' dir='ltr'>ego</span> <span class='ocrx_word' id='word_1_610' title='bbox 1730 1860 1881 1894; x_wconf 78' lang='lat' dir='ltr'>reficiam</span> <span class='ocrx_word' id='word_1_611' title='bbox 1905 1872 1978 1895; x_wconf 70' lang='lat' dir='ltr'>vos.</span> <span class='ocrx_word' id='word_1_612' title='bbox 2029 1860 2124 1895; x_wconf 82' lang='lat' dir='ltr'>Haec</span> <span class='ocrx_word' id='word_1_613' title='bbox 2149 1862 2228 1896; x_wconf 88' lang='lat' dir='ltr'>ideo</span> <span class='ocrx_word' id='word_1_614' title='bbox 2252 1863 2345 1897; x_wconf 83' lang='lat' dir='ltr'>dieta</span> 
     </span>
     <span class='ocr_line' id='line_1_87' title="bbox 1360 1911 2344 1958; baseline 0.001 -12"><span class='ocrx_word' id='word_1_615' title='bbox 1360 1919 1462 1951; x_wconf 90' lang='lat' dir='ltr'>sunt,</span> <span class='ocrx_word' id='word_1_616' title='bbox 1490 1919 1529 1946; x_wconf 90' lang='lat' dir='ltr'>ut</span> <span class='ocrx_word' id='word_1_617' title='bbox 1554 1911 1590 1944; x_wconf 89' lang='lat' dir='ltr'>in</span> <span class='ocrx_word' id='word_1_618' title='bbox 1616 1911 1838 1944; x_wconf 87' lang='lat' dir='ltr'>invocatione</span> <span class='ocrx_word' id='word_1_619' title='bbox 1861 1911 2124 1945; x_wconf 88' lang='lat' dir='ltr'>consideremus</span> <span class='ocrx_word' id='word_1_620' title='bbox 2142 1925 2247 1957; x_wconf 86' lang='lat' dir='ltr'>opera</span> <span class='ocrx_word' id='word_1_621' title='bbox 2264 1925 2344 1958; x_wconf 80' lang='lat' dir='ltr'>per-</span> 
     </span>
     <span class='ocr_line' id='line_1_88' title="bbox 1360 1961 2344 2005; baseline 0.002 -9"><span class='ocrx_word' id='word_1_622' title='bbox 1360 1974 1525 1996; x_wconf 89' lang='lat' dir='ltr'>sonarum</span> <span class='ocrx_word' id='word_1_623' title='bbox 1540 1989 1549 2003; x_wconf 91' lang='lat'>,</span> <span class='ocrx_word' id='word_1_624' title='bbox 1576 1969 1609 1996; x_wconf 90' lang='lat' dir='ltr'>et</span> <span class='ocrx_word' id='word_1_625' title='bbox 1631 1961 1860 1995; x_wconf 83' lang='lat' dir='ltr'>consideratis</span> <span class='ocrx_word' id='word_1_626' title='bbox 1882 1962 2070 2005; x_wconf 80' lang='lat' dir='ltr'>operibns,</span> <span class='ocrx_word' id='word_1_627' title='bbox 2097 1963 2271 1997; x_wconf 75' lang='lat' dir='ltr'>discamus</span> <span class='ocrx_word' id='word_1_628' title='bbox 2286 1975 2344 1998; x_wconf 80' lang='lat' dir='ltr'>eas</span> 
     </span>
     <span class='ocr_line' id='line_1_89' title="bbox 1360 2011 2344 2059; baseline 0.001 -12"><span class='ocrx_word' id='word_1_629' title='bbox 1360 2020 1451 2047; x_wconf 88' lang='lat' dir='ltr'>recte</span> <span class='ocrx_word' id='word_1_630' title='bbox 1472 2013 1689 2053; x_wconf 87' lang='lat' dir='ltr'>discernere,</span> <span class='ocrx_word' id='word_1_631' title='bbox 1714 2019 1747 2046; x_wconf 88' lang='lat' dir='ltr'>et</span> <span class='ocrx_word' id='word_1_632' title='bbox 1769 2012 1953 2056; x_wconf 75' lang='lat' dir='ltr'>invocare,</span> <span class='ocrx_word' id='word_1_633' title='bbox 1979 2019 2012 2047; x_wconf 91' lang='lat' dir='ltr'>et</span> <span class='ocrx_word' id='word_1_634' title='bbox 2030 2011 2104 2047; x_wconf 89' lang='lat' dir='ltr'>Deo</span> <span class='ocrx_word' id='word_1_635' title='bbox 2121 2014 2249 2057; x_wconf 85' lang='lat' dir='ltr'>gratias</span> <span class='ocrx_word' id='word_1_636' title='bbox 2264 2025 2344 2059; x_wconf 82' lang='lat' dir='ltr'>age-</span> 
     </span>
     <span class='ocr_line' id='line_1_90' title="bbox 1360 2060 2133 2110; baseline -0.001 -12"><span class='ocrx_word' id='word_1_637' title='bbox 1360 2076 1416 2106; x_wconf 86' lang='lat' dir='ltr'>re,</span> <span class='ocrx_word' id='word_1_638' title='bbox 1441 2064 1537 2110; x_wconf 88' lang='lat' dir='ltr'>quod</span> <span class='ocrx_word' id='word_1_639' title='bbox 1554 2075 1590 2097; x_wconf 92' lang='lat' dir='ltr'>se</span> <span class='ocrx_word' id='word_1_640' title='bbox 1607 2062 1724 2107; x_wconf 90' lang='lat' dir='ltr'>generi</span> <span class='ocrx_word' id='word_1_641' title='bbox 1746 2060 1902 2097; x_wconf 88' lang='lat' dir='ltr'>humano</span> <span class='ocrx_word' id='word_1_642' title='bbox 1920 2064 2133 2108; x_wconf 80' lang='lat' dir='ltr'>patefecerit.</span> 
     </span>
    </p>
   </div>
   <div class='ocr_carea' id='block_1_12' title="bbox 1462 2130 2405 2179">
    <p class='ocr_par' dir='ltr' id='par_1_12' title="bbox 1462 2130 2405 2179">
     <span class='ocr_line' id='line_1_91' title="bbox 1462 2130 2405 2179; baseline 0.002 -14"><span class='ocrx_word' id='word_1_643' title='bbox 1462 2131 1683 2175; x_wconf 81' lang='lat' dir='ltr'>Quaeramus</span> <span class='ocrx_word' id='word_1_644' title='bbox 1705 2136 1823 2163; x_wconf 85' lang='lat' dir='ltr'>autem</span> <span class='ocrx_word' id='word_1_645' title='bbox 1845 2137 1878 2164; x_wconf 86' lang='lat' dir='ltr'>et</span> <span class='ocrx_word' id='word_1_646' title='bbox 1899 2130 2152 2179; x_wconf 78' lang='lat' dir='ltr'>appellationes</span> <span class='ocrx_word' id='word_1_647' title='bbox 2178 2143 2344 2177; x_wconf 80' lang='lat' dir='ltr'>persona·</span> <span class='ocrx_word' id='word_1_648' title='bbox 2399 2155 2405 2163; x_wconf 86' lang='lat'><em>·</em></span> 
     </span>
    </p>
   </div>
   <div class='ocr_carea' id='block_1_13' title="bbox 2273 2182 2402 2218">
    <p class='ocr_par' dir='ltr' id='par_1_13' title="bbox 2273 2182 2402 2218">
     <span class='ocr_line' id='line_1_92' title="bbox 2273 2182 2402 2218; baseline 0.008 -1"><span class='ocrx_word' id='word_1_649' title='bbox 2273 2182 2343 2218; x_wconf 76' lang='lat' dir='ltr'>Pa·</span> <span class='ocrx_word' id='word_1_650' title='bbox 2400 2204 2402 2206; x_wconf 97' lang='lat'>-</span> 
     </span>
    </p>
   </div>
   <div class='ocr_carea' id='block_1_14' title="bbox 1360 2181 2345 2276">
    <p class='ocr_par' dir='ltr' id='par_1_14' title="bbox 1360 2181 2345 2276">
     <span class='ocr_line' id='line_1_93' title="bbox 1360 2181 2221 2228; baseline 0.001 -12"><span class='ocrx_word' id='word_1_651' title='bbox 1360 2194 1457 2224; x_wconf 89' lang='lat' dir='ltr'>rum,</span> <span class='ocrx_word' id='word_1_652' title='bbox 1483 2182 1602 2228; x_wconf 84' lang='lat' dir='ltr'>eisque</span> <span class='ocrx_word' id='word_1_653' title='bbox 1625 2181 1790 2215; x_wconf 87' lang='lat' dir='ltr'>distincte</span> <span class='ocrx_word' id='word_1_654' title='bbox 1813 2188 1843 2214; x_wconf 91' lang='lat' dir='ltr'>et</span> <span class='ocrx_word' id='word_1_655' title='bbox 1862 2181 2054 2225; x_wconf 85' lang='lat' dir='ltr'>prudenter</span> <span class='ocrx_word' id='word_1_656' title='bbox 2068 2189 2221 2217; x_wconf 88' lang='lat' dir='ltr'>utamur.</span> 
     </span>
     <span class='ocr_line' id='line_1_94' title="bbox 1360 2230 2345 2276; baseline 0.001 -9"><span class='ocrx_word' id='word_1_657' title='bbox 1360 2241 1429 2274; x_wconf 86' lang='lat' dir='ltr'>ter,</span> <span class='ocrx_word' id='word_1_658' title='bbox 1470 2233 1601 2268; x_wconf 85' lang='lat' dir='ltr'>dicitur</span> <span class='ocrx_word' id='word_1_659' title='bbox 1631 2239 1729 2276; x_wconf 87' lang='lat' dir='ltr'>pater</span> <span class='ocrx_word' id='word_1_660' title='bbox 1760 2231 1896 2265; x_wconf 92' lang='lat' dir='ltr'>domini</span> <span class='ocrx_word' id='word_1_661' title='bbox 1928 2230 2005 2266; x_wconf 88' lang='lat' dir='ltr'>Iesu</span> <span class='ocrx_word' id='word_1_662' title='bbox 2034 2230 2186 2272; x_wconf 85' lang='lat' dir='ltr'>Christi,</span> <span class='ocrx_word' id='word_1_663' title='bbox 2220 2232 2345 2276; x_wconf 78' lang='lat' dir='ltr'>Filius,</span> 
     </span>
    </p>
   </div>
   <div class='ocr_carea' id='block_1_15' title="bbox 1359 2282 2398 2327">
    <p class='ocr_par' dir='ltr' id='par_1_15' title="bbox 1359 2282 2398 2327">
     <span class='ocr_line' id='line_1_95' title="bbox 1359 2282 2398 2327; baseline 0.002 -10"><span class='ocrx_word' id='word_1_664' title='bbox 1359 2284 1491 2318; x_wconf 84' lang='lat' dir='ltr'>dicitur</span> <span class='ocrx_word' id='word_1_665' title='bbox 1512 2285 1658 2317; x_wconf 84' lang='lat' dir='ltr'>verbnm</span> <span class='ocrx_word' id='word_1_666' title='bbox 1677 2290 1710 2317; x_wconf 86' lang='lat' dir='ltr'>et</span> <span class='ocrx_word' id='word_1_667' title='bbox 1728 2282 1842 2326; x_wconf 85' lang='lat' dir='ltr'>imago</span> <span class='ocrx_word' id='word_1_668' title='bbox 1861 2283 1987 2327; x_wconf 81' lang='lat' dir='ltr'>patris,</span> <span class='ocrx_word' id='word_1_669' title='bbox 2013 2290 2051 2317; x_wconf 88' lang='lat' dir='ltr'>ut</span> <span class='ocrx_word' id='word_1_670' title='bbox 2068 2283 2105 2317; x_wconf 89' lang='lat' dir='ltr'>in</span> <span class='ocrx_word' id='word_1_671' title='bbox 2123 2283 2280 2327; x_wconf 83' lang='lat' dir='ltr'>Epistola</span> <span class='ocrx_word' id='word_1_672' title='bbox 2297 2286 2342 2319; x_wconf 80' lang='lat' dir='ltr'>ad</span> <span class='ocrx_word' id='word_1_673' title='bbox 2395 2289 2398 2300; x_wconf 88' lang='lat'><strong><em>¹</em></strong></span> 
     </span>
    </p>
   </div>
   <div class='ocr_carea' id='block_1_16' title="bbox 1355 2331 2393 2685">
    <p class='ocr_par' dir='ltr' id='par_1_16' title="bbox 1355 2331 2393 2685">
     <span class='ocr_line' id='line_1_96' title="bbox 1360 2331 2343 2379; baseline 0.002 -11"><span class='ocrx_word' id='word_1_674' title='bbox 1360 2333 1516 2369; x_wconf 86' lang='lat' dir='ltr'>Ebraeos</span> <span class='ocrx_word' id='word_1_675' title='bbox 1537 2335 1705 2379; x_wconf 87' lang='lat' dir='ltr'>scriptum</span> <span class='ocrx_word' id='word_1_676' title='bbox 1721 2340 1789 2367; x_wconf 85' lang='lat' dir='ltr'>est:</span> <span class='ocrx_word' id='word_1_677' title='bbox 1818 2331 1950 2377; x_wconf 77' lang='lat' dir='ltr'>Fulgor</span> <span class='ocrx_word' id='word_1_678' title='bbox 1965 2333 2114 2376; x_wconf 80' lang='lat' dir='ltr'>gloriae,</span> <span class='ocrx_word' id='word_1_679' title='bbox 2141 2334 2176 2368; x_wconf 90' lang='lat' dir='ltr'>id</span> <span class='ocrx_word' id='word_1_680' title='bbox 2193 2341 2261 2375; x_wconf 83' lang='lat' dir='ltr'>est,</span> <span class='ocrx_word' id='word_1_681' title='bbox 2286 2334 2343 2370; x_wconf 85' lang='lat' dir='ltr'>lu-</span> 
     </span>
     <span class='ocr_line' id='line_1_97' title="bbox 1359 2383 2341 2430; baseline 0.002 -11"><span class='ocrx_word' id='word_1_682' title='bbox 1359 2386 1426 2427; x_wconf 88' lang='lat' dir='ltr'>cis,</span> <span class='ocrx_word' id='word_1_683' title='bbox 1451 2393 1484 2420; x_wconf 89' lang='lat' dir='ltr'>et</span> <span class='ocrx_word' id='word_1_684' title='bbox 1509 2386 1622 2430; x_wconf 88' lang='lat' dir='ltr'>imago</span> <span class='ocrx_word' id='word_1_685' title='bbox 1646 2383 1862 2419; x_wconf 85' lang='lat' dir='ltr'>substantiae</span> <span class='ocrx_word' id='word_1_686' title='bbox 1883 2383 2002 2428; x_wconf 84' lang='lat' dir='ltr'>patris.</span> <span class='ocrx_word' id='word_1_687' title='bbox 2053 2383 2148 2418; x_wconf 77' lang='lat' dir='ltr'>Haec</span> <span class='ocrx_word' id='word_1_688' title='bbox 2171 2385 2341 2421; x_wconf 74' lang='lat' dir='ltr'>vocabula</span> 
     </span>
     <span class='ocr_line' id='line_1_98' title="bbox 1357 2433 2393 2483; baseline -0.002 -12"><span class='ocrx_word' id='word_1_689' title='bbox 1357 2443 1536 2483; x_wconf 82' lang='lat' dir='ltr'>utcunque</span> <span class='ocrx_word' id='word_1_690' title='bbox 1550 2448 1654 2481; x_wconf 79' lang='lat' dir='ltr'>supra</span> <span class='ocrx_word' id='word_1_691' title='bbox 1671 2433 1857 2469; x_wconf 79' lang='lat' dir='ltr'>declaravi.</span> <span class='ocrx_word' id='word_1_692' title='bbox 1907 2433 2046 2469; x_wconf 86' lang='lat' dir='ltr'>Dicitur</span> <span class='ocrx_word' id='word_1_693' title='bbox 2062 2433 2232 2481; x_wconf 84' lang='lat' dir='ltr'>Verbum,</span> <span class='ocrx_word' id='word_1_694' title='bbox 2256 2436 2340 2483; x_wconf 81' lang='lat' dir='ltr'>quia</span> <span class='ocrx_word' id='word_1_695' title='bbox 2389 2462 2393 2469; x_wconf 36' lang='lat'><strong>⁴</strong></span> 
     </span>
     <span class='ocr_line' id='line_1_99' title="bbox 1356 2482 2340 2532; baseline 0.001 -11"><span class='ocrx_word' id='word_1_696' title='bbox 1356 2488 1511 2521; x_wconf 84' lang='lat' dir='ltr'>nascitur</span> <span class='ocrx_word' id='word_1_697' title='bbox 1526 2483 1873 2531; x_wconf 65' lang='lat' dir='ltr'>cogitando,;dicitur</span> <span class='ocrx_word' id='word_1_698' title='bbox 1883 2482 2012 2528; x_wconf 77' lang='lat' dir='ltr'>Imago,</span> <span class='ocrx_word' id='word_1_699' title='bbox 2038 2486 2120 2532; x_wconf 81' lang='lat' dir='ltr'>quia</span> <span class='ocrx_word' id='word_1_700' title='bbox 2132 2486 2276 2520; x_wconf 79' lang='lat' dir='ltr'>verbum</span> <span class='ocrx_word' id='word_1_701' title='bbox 2289 2494 2340 2522; x_wconf 75' lang='lat' dir='ltr'>est</span> 
     </span>
     <span class='ocr_line' id='line_1_100' title="bbox 1357 2534 2341 2582; baseline 0 -11"><span class='ocrx_word' id='word_1_702' title='bbox 1357 2539 1470 2582; x_wconf 87' lang='lat' dir='ltr'>imago</span> <span class='ocrx_word' id='word_1_703' title='bbox 1493 2539 1661 2582; x_wconf 85' lang='lat' dir='ltr'>cogitatae</span> <span class='ocrx_word' id='word_1_704' title='bbox 1684 2535 1746 2569; x_wconf 86' lang='lat' dir='ltr'>rei.</span> <span class='ocrx_word' id='word_1_705' title='bbox 1798 2534 1906 2569; x_wconf 86' lang='lat' dir='ltr'>Multi</span> <span class='ocrx_word' id='word_1_706' title='bbox 1929 2535 2034 2570; x_wconf 80' lang='lat' dir='ltr'>etiam</span> <span class='ocrx_word' id='word_1_707' title='bbox 2056 2537 2136 2571; x_wconf 90' lang='lat' dir='ltr'>ideo</span> <span class='ocrx_word' id='word_1_708' title='bbox 2153 2536 2341 2572; x_wconf 77' lang='lat' dir='ltr'>nominant</span> 
     </span>
     <span class='ocr_line' id='line_1_101' title="bbox 1355 2586 2340 2634; baseline 0.001 -13"><span class='ocrx_word' id='word_1_709' title='bbox 1355 2590 1520 2627; x_wconf 75' lang='lat' dir='ltr'>verbnm,</span> <span class='ocrx_word' id='word_1_710' title='bbox 1546 2587 1627 2634; x_wconf 81' lang='lat' dir='ltr'>quia</span> <span class='ocrx_word' id='word_1_711' title='bbox 1651 2587 1695 2621; x_wconf 78' lang='lat' dir='ltr'>sit</span> <span class='ocrx_word' id='word_1_712' title='bbox 1719 2596 1868 2632; x_wconf 78' lang='lat' dir='ltr'>persona</span> <span class='ocrx_word' id='word_1_713' title='bbox 1891 2586 2039 2633; x_wconf 80' lang='lat' dir='ltr'>loquens</span> <span class='ocrx_word' id='word_1_714' title='bbox 2064 2598 2144 2622; x_wconf 85' lang='lat' dir='ltr'>eum</span> <span class='ocrx_word' id='word_1_715' title='bbox 2168 2588 2340 2632; x_wconf 78' lang='lat' dir='ltr'>patribus,</span> 
     </span>
     <span class='ocr_line' id='line_1_102' title="bbox 1355 2635 2339 2685; baseline 0.001 -12"><span class='ocrx_word' id='word_1_716' title='bbox 1355 2641 1442 2675; x_wconf 86' lang='lat' dir='ltr'>sicut</span> <span class='ocrx_word' id='word_1_717' title='bbox 1466 2646 1609 2685; x_wconf 87' lang='lat' dir='ltr'>apparet</span> <span class='ocrx_word' id='word_1_718' title='bbox 1625 2637 1753 2672; x_wconf 79' lang='lat' dir='ltr'>Filium</span> <span class='ocrx_word' id='word_1_719' title='bbox 1778 2635 1877 2684; x_wconf 80' lang='lat' dir='ltr'>loqui</span> <span class='ocrx_word' id='word_1_720' title='bbox 1894 2649 1974 2672; x_wconf 83' lang='lat' dir='ltr'>cum</span> <span class='ocrx_word' id='word_1_721' title='bbox 1991 2637 2149 2672; x_wconf 83' lang='lat' dir='ltr'>Daniele.</span> <span class='ocrx_word' id='word_1_722' title='bbox 2200 2636 2339 2674; x_wconf 83' lang='lat' dir='ltr'>Deinde</span> 
     </span>
    </p>
   </div>
  </div>
 </body>
</html>
