2409 2915
116 115 186 152 125
674 115 737 150 XI.

111 202 159 235 sic
180 202 274 246 apud
292 213 364 235 sese
378 202 523 246 gloriam
543 198 702 239 babebit,
730 208 761 234 et
777 212 851 233 non
869 201 1034 244 pendebit
1049 211 1088 233 ex
1112 210 1117 247 ῃ

112 252 192 287 alio.
261 253 428 286 Salomon
454 249 521 284 hoc
543 251 621 284 loco
646 251 742 284 iubet
765 263 823 284 eos
846 251 963 284 minus
988 250 1090 285 irasci
1113 252 1115 275 ἒ

112 303 443 341 obtrectationibus,
469 302 550 346 quia
565 313 629 334 nos
646 302 711 344 ipsi
727 313 827 345 saepe
843 303 963 334 eodem
983 302 1088 334 modo

111 365 302 398 peccamus.
357 351 492 387 Recitat
510 352 602 385 euim
620 351 788 386 Salomon
805 353 1005 386 communia
1025 350 1087 385 bo-

112 404 248 438 minum
265 403 360 437 vitia.

161 492 302 530 Cuncta
327 495 465 530 tentavi
486 496 525 529 in
547 495 751 542 sapientia,
785 493 908 537 Dixi,
940 495 1087 543 sapiens

211 543 371 591 efficiar,
400 551 430 580 et
449 546 531 593 ipsa
548 545 697 592 longius
714 545 853 580 recessit
872 559 895 579 a
910 558 975 581 me.

208 613 331 648 Postea
352 615 388 647 in
407 620 503 647 textu
520 615 677 659 sequitur
695 614 866 658 repetitio.
920 613 1029 657 Negat
1045 614 1088 646 ab
1113 629 1114 640 π

106 662 314 698 hominibus
337 676 459 698 omnes
477 676 613 698 errores
630 665 779 709 prospici
798 671 830 698 et
845 665 957 697 caveri
978 676 1086 707 posse,

107 722 140 748 et
165 716 390 749 manifestum
416 722 483 755 est,
517 727 662 758 magnos
685 723 717 749 et
742 716 855 749 tristes
877 716 993 759 lapsus
1015 727 1086 747 esse
1111 742 1114 778 ι

106 778 324 799 summorum
354 773 386 799 et
414 765 751 809 sapientissimorum
786 764 983 799 bominum.
1046 763 1084 797 ln
1111 780 1113 808 ,³

105 814 171 849 hac
200 817 340 861 querela
371 816 637 849 commonefacti
663 818 705 849 de
728 823 845 850 nostra
872 816 1085 855 infirmitate,

106 873 264 911 petamus
296 878 360 900 nos
389 867 460 908 regi
490 878 509 899 a
533 865 625 907 Deo,
657 874 694 900 ut
725 879 824 910 saepe
856 867 989 900 dictum
1019 873 1083 898 est:
1111 884 1114 923 Ι

106 916 187 951 Scio
216 916 386 956 Domine,
424 918 518 962 quod
550 929 621 950 non
653 925 701 951 est
731 915 887 951 hominis
917 917 973 949 via
1002 917 1085 949 eius.

107 966 211 1001 Item:
238 966 453 1001 Commenda
470 965 543 1001 Deo
561 968 652 1001 viam
671 975 764 1001 tuam
778 996 786 1008 ,
813 975 845 1000 et
862 969 933 1012 ipse
950 967 1059 1000 faciet.

154 1066 287 1102 Inveni
311 1070 532 1102 amariorem
554 1073 665 1102 morte
681 1067 885 1107 mulierem,
914 1079 1006 1114 quae
1025 1065 1083 1100 la-

206 1131 317 1167 queus
335 1123 385 1152 est
402 1123 610 1152 venatorum
628 1124 688 1153 etc.

179 1185 303 1219 Postea
315 1186 357 1217 de
370 1185 577 1218 mulieribus
591 1186 760 1230 loquitur.
789 1185 1084 1230 Quandocumque

105 1236 198 1269 enim
215 1236 408 1268 recitantur
422 1235 642 1269 infirmitates
658 1243 690 1270 et
707 1236 918 1269 calamitates
935 1242 1084 1276 nostrae,

104 1287 142 1320 in
166 1298 206 1319 eo
230 1286 384 1328 catalogo
408 1293 538 1328 partem
564 1287 716 1330 aliquam
738 1293 908 1329 occupant
929 1287 1083 1328 ipsarum

103 1337 292 1371 mulierum
311 1336 445 1376 morbi,
472 1343 506 1369 et
522 1336 657 1370 furores
675 1337 711 1368 in
730 1336 835 1373 viris,
863 1337 922 1380 qui
943 1343 1085 1379 propter

102 1387 267 1421 mulieres
284 1397 425 1429 magnas
444 1386 655 1420 calamitates
673 1387 739 1420 sibi
755 1393 785 1419 et
806 1387 883 1419 aliis
894 1393 1084 1425 accersunt,

103 1444 142 1472 ut
155 1437 326 1478 Samson,
351 1435 485 1478 David,
511 1436 627 1478 Paris,
654 1444 687 1471 et
704 1437 765 1470 alii
782 1437 1069 1471 innumerabiles.

153 1546 259 1582 Deus
275 1548 367 1596 fecit
392 1545 575 1581 hominem
596 1551 744 1586 rectum,
771 1544 838 1581 sed
851 1546 925 1594 ipse
941 1546 1084 1594 quaerit

203 1599 342 1633 multas
361 1596 652 1633 deliberationes.

203 1665 286 1699 Non
302 1665 543 1709 principaliter
560 1666 603 1697 de
620 1663 804 1698 Creatione
820 1665 996 1709 loquitur,
1022 1667 1080 1698 sed

104 1717 147 1750 de
176 1718 282 1748 modo
312 1716 508 1755 actionum,
543 1726 646 1759 quem
669 1713 765 1747 Deus
794 1712 1000 1748 hominibus
1029 1728 1083 1748 re-

104 1774 197 1800 ctum
223 1766 426 1809 proposuit,
462 1765 496 1796 id
521 1771 588 1803 est,
616 1762 711 1796 Deus
735 1764 887 1798 institnit
911 1766 1084 1806 ordinem,

101 1828 172 1861 quo
196 1816 375 1854 comedas,
406 1813 523 1855 bibas,
550 1815 595 1847 sis
621 1813 786 1853 maritus,
814 1815 942 1847 servias
967 1816 1003 1848 in
1021 1829 1081 1849 vo-

101 1866 237 1901 catione
257 1872 366 1904 certa,
392 1872 425 1899 et
441 1876 579 1897 maneas
598 1864 689 1897 intra
707 1872 814 1897 metas
832 1871 910 1897 tuae
927 1867 1081 1899 vocatio-

100 1917 169 1951 nis.
235 1915 302 1950 Sed
341 1913 447 1949 bomo
485 1915 619 1961 quaerit
653 1915 766 1947 varias
799 1915 1080 1949 deliberationes.

99 1967 214 2002 David
251 1964 403 2000 habebat
437 1978 516 1999 suas
549 1966 714 2008 coniuges
743 1965 854 1998 forma
887 1973 919 1998 et
952 1967 1081 2000 virtute

100 2024 332 2062 praestantes,
359 2024 390 2050 et
409 2023 525 2049 tamen
542 2016 848 2059 appetitalienam.
902 2015 1081 2050 Antonius
1106 2034 1110 2071 ἲ

99 2068 204 2103 habet
235 2080 400 2111 magnum
431 2067 638 2111 imperium,
681 2068 740 2099 sed
772 2067 905 2110 appetit
933 2067 1081 2101 Monar-

100 2118 225 2154 cbiam.
279 2118 350 2151 Has
374 2125 531 2152 errantes
554 2117 780 2161 cupiditates,
809 2125 840 2150 et
857 2115 1081 2151 hallucinan-

99 2177 167 2204 tem
194 2169 400 2214 sapientiam
424 2175 534 2209 taxat,
562 2176 599 2202 ut
617 2167 788 2211 Pericles,
816 2166 1082 2209 Demosthenes,
1106 2181 1109 2234 i

98 2221 248 2259 Brutus,
283 2218 426 2259 Cicero,
461 2225 493 2252 et
523 2218 582 2251 alii
615 2219 715 2251 multi
748 2219 937 2262 sapientiae
967 2220 1080 2263 specie

97 2273 276 2306 labuntur.

199 2321 268 2356 Nec
286 2322 374 2355 male
390 2320 671 2354 accommodatur
686 2320 817 2353 dictum
834 2322 874 2352 ad
893 2321 1080 2354 doctrinas.

98 2375 197 2410 Deus
210 2370 455 2406 deditbomini
472 2378 604 2404 certum
617 2371 796 2404 doctrinae
806 2382 924 2413 genus,
945 2372 1078 2405 etintra

99 2437 154 2459 eas
171 2418 279 2458 metas
293 2423 366 2456 vult
384 2421 535 2456 coerceri
554 2428 686 2454 mentes
704 2427 856 2459 nostras,
884 2422 941 2454 sed
962 2418 1078 2454 homi-

98 2489 184 2510 num
211 2474 348 2517 ingenia
367 2473 572 2516 vagabunda
590 2478 764 2517 quaerunt
781 2471 866 2504 alias
883 2472 1079 2515 opiniones,

98 2535 130 2562 et
161 2526 379 2559 delectantur
406 2524 571 2557 varietate
594 2522 885 2566 imaginationum
910 2528 1076 2567 tanquam
1103 2557 1106 2576 Υ

98 2578 201 2612 ludis.
270 2575 347 2608 Hoc
381 2574 502 2617 ingens
534 2574 664 2606 malum
696 2573 912 2606 severissime
944 2580 1105 2627 taxatur]

96 2628 216 2663 multis
247 2627 348 2664 locis,
384 2632 421 2658 ut
450 2625 542 2669 apud
572 2623 768 2657 ieremiam:
806 2622 881 2656 Hoc
910 2625 1078 2668 praecepi,
1103 2630 1105 2641 ¹

96 2679 212 2713 audite
229 2690 294 2711 me.

788 113 1028 150 ENARRAT
1033 112 1085 149 10
1119 111 1168 147 ΙΝ
1198 111 1569 149 ECCLESIASTEN.

2053 117 2121 152 126

1489 238 1625 292 Caput
1660 242 1701 281 V
1704 242 1775 283 111.

1191 318 1386 366 Sapientia
1407 317 1570 354 hominis
1593 327 1642 356 est
1663 322 1782 358 lumen
1802 323 1938 366 cultus,
1965 329 1995 358 et
2009 325 2118 371 perti-

1242 382 1322 404 nax
1340 370 1405 404 erit
1424 370 1558 417 dignus
1575 370 1669 407 odio.

1241 445 1317 480 Etsi
1347 447 1506 489 generale
1537 447 1668 481 dictum
1700 455 1766 489 est,
1800 449 1977 493 Sapientia
2007 450 2118 483 adfert

1139 495 1371 537 hilaritatem,
1397 498 1479 542 quia
1502 498 1593 530 bona
1617 499 1828 532 conscientia
1850 500 2039 544 tranquilla
2057 508 2117 535 est.

1140 547 1235 580 Mala
1260 559 1341 580 vero
1367 554 1416 580 est
1440 545 1623 581 horribilis
1648 549 1869 589 carnificina,
1897 557 1929 583 et
1947 550 2117 582 comitan-

1139 605 1198 632 tur
1221 610 1294 630 eam
1319 598 1407 630 aliae
1424 610 1556 641 poenae
1575 606 1754 638 externae,
1782 608 1817 633 ut
1839 602 1978 633 taudem
1997 601 2116 644 oppri-

1111 653 1115 665 '
1139 655 1286 682 muntur
1310 648 1470 693 tyranni:
1499 656 1615 682 tamen
1641 650 1780 683 videtur
1805 649 1861 683 bic
1885 650 2024 694 proprie
2050 651 2117 682 dici

1139 697 1253 732 adhuc
1277 699 1320 731 de
1342 699 1485 731 materia
1511 700 1661 742 proximi
1684 701 1824 743 capitis,
1859 700 2057 744 Sapientia,
2083 701 2118 732 id

1140 755 1207 789 est,
1238 749 1443 782 diiudicatio
1469 757 1501 783 et
1521 750 1694 790 delectus,
1729 752 1790 783 ubi
1815 752 1921 794 prosit
1945 751 2120 788 severitas,

1140 800 1199 833 ubi
1230 800 1339 843 prosit
1363 799 1506 839 lenitas,
1540 801 1601 832 ubi
1629 801 1671 834 sit
1694 801 1957 844 praeliandum,
1989 802 2049 835 ubi
2077 801 2120 834 sit

1139 850 1353 890 cedendum,
1395 850 1507 883 adfert
1540 850 1727 883 laeticiam:
1770 853 1827 884 sed
1862 852 2042 895 pervicax,
2083 851 2117 883 id

1139 908 1208 941 est,
1242 901 1370 940 durus,
1405 901 1465 945 qui
1492 913 1562 933 nou
1587 901 1685 934 audit
1709 909 1798 935 recte
1823 909 2023 942 monentes,
2058 903 2115 933 scd

1139 963 1220 984 suae
1244 951 1446 983 iracundiae
1468 963 1600 983 morem
1624 952 1727 993 gerit,
1756 953 1868 995 perdit
1887 964 1958 984 sese
1977 958 2009 985 et
2022 952 2118 984 alios.

1139 1001 1238 1035 Sicut
1254 1000 1399 1034 Periclis
1423 1009 1455 1034 et
1471 999 1721 1035 Demosthenis
1744 1003 1933 1046 pertinacia
1959 1003 2024 1035 fuit
2047 1002 2119 1035 exi-

1138 1052 1226 1085 tiosa
1243 1050 1308 1086 toti
1325 1050 1504 1088 Graeciae.

1188 1160 1273 1207 Ego
1291 1174 1330 1196 os
1349 1162 1443 1208 regis
1459 1162 1604 1197 observo
1621 1168 1650 1196 ct
1667 1163 1772 1197 cerba
1791 1163 1991 1197 iuramenti
2004 1162 2090 1198 Dei.

1238 1237 1333 1271 Haec
1350 1240 1520 1273 sententia
1536 1240 1637 1273 valde
1653 1241 1756 1283 digna
1770 1249 1818 1274 est
1831 1241 2120 1279 consideratione,

1137 1295 1170 1321 et
1194 1290 1379 1329 memoria,
1414 1296 1448 1323 et
1473 1290 1615 1334 quidem
1643 1292 1822 1335 perspicue
1847 1292 1998 1324 ostendit
2023 1289 2117 1324 huuc

1137 1339 1267 1371 librum
1289 1352 1361 1371 non
1386 1340 1509 1373 docere
1533 1341 1648 1373 ocium
1675 1342 1923 1381 monasticum,
1957 1348 1994 1373 ut
2018 1342 2117 1374 multi

1137 1389 1269 1422 insulse
1295 1390 1513 1434 interpretati
1540 1398 1635 1423 sunt:
1673 1393 1731 1423 sed
1758 1390 1814 1424 bic
1838 1392 1979 1424 deducit
2002 1389 2119 1424 homi-

1137 1451 1216 1472 nem
1241 1441 1283 1473 ad
1306 1452 1427 1473 omnes
1449 1442 1657 1474 necessarias
1683 1443 1854 1483 actiones,
1883 1449 1915 1475 et
1939 1443 1981 1474 ad
2007 1442 2117 1475 multa

1137 1490 1293 1523 difficilia
1318 1497 1350 1523 et
1371 1492 1566 1535 periculosa
1592 1493 1799 1535 certamina,
1828 1499 1860 1526 et
1884 1504 1926 1524 ne
1948 1493 1991 1525 sit
2009 1492 2117 1525 licen-

1136 1541 1204 1581 tia,
1239 1542 1434 1575 circumdat
1467 1543 1557 1575 vitae
1583 1540 1737 1576 hominis
1765 1550 1888 1583 metas,
1922 1550 1954 1576 et
1977 1543 2118 1576 ordinat

1136 1591 1387 1626 obedientiam.
1439 1591 1541 1626 Iubet
1557 1594 1742 1626 observare
1769 1590 1842 1634 Os,
1869 1594 1903 1626 id
1923 1601 1991 1633 est,
2020 1605 2118 1626 man-

1136 1643 1216 1674 data
1235 1642 1343 1684 regis,
1371 1649 1403 1676 et
1421 1643 1517 1675 addit
1535 1644 1806 1676 restrictionem:
1835 1642 1882 1677 Et
1901 1645 2005 1676 verba
2024 1644 2118 1676 iura-

1135 1691 1246 1724 menti
1261 1691 1347 1731 Dei,
1374 1692 1410 1724 id
1435 1699 1503 1734 est,
1531 1693 1640 1735 legem
1659 1692 1735 1725 Dei.
1789 1692 1954 1726 Nominat
1974 1694 2066 1725 enim
2086 1702 2118 1726 et

1136 1741 1221 1773 alibi
1246 1741 1355 1784 legem
1379 1743 1636 1783 iuramentum,
1667 1743 1747 1787 quia
1772 1742 1864 1776 Deus
1889 1744 2116 1777 iureiurando

1136 1791 1249 1825 sanxit
1284 1792 1534 1835 promissiones
1565 1800 1598 1826 et
1630 1794 1929 1826 comminationes.
2009 1793 2117 1836 Igitur

1136 1853 1208 1875 non
1239 1842 1387 1875 dubium
1419 1849 1469 1875 est
1499 1843 1618 1885 puniri
1649 1844 1796 1880 scelera.
1828 1845 1886 1877 sed
1911 1845 2117 1887 mitigantur

1135 1903 1268 1935 poenae
1289 1893 1470 1935 agentibus
1496 1894 1757 1936 poenitentiam,
1812 1894 1900 1927 Nam
1923 1895 1958 1927 id
1978 1907 2115 1939 quoque

1136 1942 1174 1974 in
1200 1942 1396 1975 iuramento
1423 1942 1746 1986 comprehenditur.
1807 1944 1865 1978 Sic
1890 1945 1933 1979 sit
1955 1945 2114 1979 ordinata

1134 1993 1354 2027 obedientia:
1403 1992 1560 2027 Primum
1599 1995 1675 2027 voci
1716 1995 1857 2028 divinae
1896 1996 2116 2031 obediamus,

1135 2055 1239 2088 quam
1264 2049 1296 2076 et
1319 2055 1357 2075 os
1381 2044 1471 2085 regis
1496 2055 1620 2076 sonare
1644 2046 1756 2079 debet.
1824 2044 1962 2079 Deinde
1988 2053 2016 2079 et
2044 2048 2113 2086 regi

1135 2093 1317 2127 mandanti
1336 2105 1407 2127 non
1427 2095 1618 2137 pugnantia
1637 2107 1714 2128 cum
1736 2108 1818 2129 voce
1835 2097 1967 2130 divina.
2020 2096 2114 2129 Haec

1135 2150 1336 2187 congruunt
1359 2145 1400 2177 ad
1425 2145 1595 2186 regulam:
1630 2143 1781 2190 Oportet
1803 2145 1877 2180 Deo
1899 2147 2007 2189 magis
2031 2148 2114 2180 obe*

1135 2195 1210 2226 dire
1229 2206 1332 2238 quam
1350 2192 1564 2229 hominibus.

1237 2244 1309 2278 lam
1326 2246 1507 2279 considera
1527 2247 1639 2291 qualis
1654 2255 1744 2280 meta
1763 2248 1973 2282 circumdata
1992 2249 2031 2281 sit
2051 2247 2113 2281 bo-

1135 2295 1243 2335 mini,
1278 2295 1358 2328 Non
1382 2297 1425 2330 sit
1450 2297 1607 2334 licentia,
1636 2310 1723 2342 quae
1748 2299 1926 2340 indulgeat
1950 2300 2113 2331 omuibus

1133 2346 1397 2389 cupiditatibus,
1424 2359 1487 2380 nec
1503 2348 1545 2381 sit
1561 2348 1688 2388 ocium,
1713 2361 1776 2381 nec
1793 2350 1837 2382 sit
1854 2351 2113 2395 πολυπραγμο-

1134 2393 1247 2441 σύνη,
1276 2398 1335 2430 sed
1356 2397 1461 2431 facias
1479 2399 1642 2431 mandata
1660 2399 1849 2439 divinitus,
1876 2408 1908 2433 et
1924 2400 2034 2432 officia
2052 2413 2112 2431 vo-

1132 2447 1298 2486 cationis,
1325 2447 1361 2480 in
1386 2461 1489 2493 quam
1511 2461 1528 2481 a
1553 2460 1630 2492 rege
1655 2450 1842 2483 collocatus
1866 2461 1917 2490 es,
1943 2462 2014 2481 non
2033 2462 2113 2482 ruas

1133 2498 1350 2539 curiositate,
1377 2499 1588 2539 ambitione,
1620 2500 1672 2532 vel
1695 2512 1902 2544 quacunque
1925 2500 2112 2543 cupiditate

1131 2549 1174 2582 ad
1191 2548 1257 2582 aliu
1274 2550 1428 2592 negocia.
1483 2549 1652 2583 Additum
1671 2557 1719 2583 est
1737 2550 1842 2592 igitur
1860 2550 1896 2582 in
1915 2557 2020 2586 textu.

1181 2621 1268 2659 Non
1277 2622 1435 2671 festines
1453 2621 1606 2657 recedere
1623 2623 1758 2670 asacie
1775 2623 1868 2665 eim,
1897 2623 1941 2658 id
1952 2630 2012 2663 est,
2040 2637 2112 2658 non

1233 2671 1397 2708 discedas
1423 2687 1446 2706 a
1474 2673 1675 2711 vocatione,
1706 2686 1776 2707 non
1803 2673 1922 2708 turbes
1941 2673 2114 2710 ordinem.
