2409 2915
267 85 342 121 839

589 161 770 187 'tertia
806 168 934 193 pars,

368 216 560 251 Promissio
581 214 703 249 addita
721 215 765 247 de
782 214 947 258 praemiis
964 226 1101 255 eorum,
1125 214 1187 260 qui
1206 226 1261 247 re—

269 269 590 314 cipiuntdocentes,
610 265 672 310 qui
689 265 812 299 iuvant
831 265 1118 310 propagationem
1129 265 1262 298 doctri—

271 333 356 361 nae,
383 319 445 364 qui
464 319 588 351 iuvant
609 317 775 349 docentes
792 322 824 349 et
840 316 1025 350 discentes.

373 369 447 413 Qui
478 368 603 412 recipit
635 364 849 410 Prophetam
881 373 1025 411 propter
1052 367 1263 407 doctrinam,

270 422 466 455 mercedem
483 416 680 463 Prophetae
700 417 857 462 accipiet.

374 471 448 515 Qui
468 470 606 504 dederit
622 474 744 513 potum
764 480 876 513 aquae
896 475 961 503 etc.

373 523 490 556 Amen
505 521 584 554 dico
603 519 704 552 vobis
724 525 786 552 etc.

371 573 550 606 Dominus
568 571 660 604 iurat
676 581 710 602 se
728 571 894 603 daturum
912 571 1107 604 mercedem
1124 568 1264 608 talibus,

273 625 334 671 qui
359 625 481 658 iuvant
506 620 693 664 Evangelii
717 620 1020 665 propagationem.
1082 620 1165 653 Ideo
1193 631 1264 652 non

273 677 494 715 dubitemus,
522 673 610 718 quin
637 672 734 705 Deus
758 672 804 706 sit
828 678 1052 717 protecturus
1070 670 1262 706 Ecclesiam

274 735 307 762 et
326 725 479 771 hospitia
496 723 686 758 Ecclesiae.

538 805 585 842 Et
609 806 768 851 exempla
793 806 1000 840 recitentur.

377 877 494 911 Vidua
511 875 703 920 Sareptana
721 875 848 915 alitur,
876 881 908 908 et
925 874 1095 908 excitatur
1110 873 1235 907 Filius.

377 928 529 973 Hospita
569 925 701 960 Elisaei
739 932 918 966 servatur,
968 931 1003 959 et
1039 924 1268 959 resuscitatur

277 981 400 1015 Filius.
778 992 792 1010 0
1120 997 1125 999 Δ

375 1029 471 1064 Deus
489 1027 662 1061 benefacit
677 1025 926 1060 obstetricibus
944 1024 979 1057 in
990 1025 1164 1071 Aegypto.

376 1080 543 1114 Ieremiae
565 1079 698 1111 amicus
722 1078 759 1110 in
785 1077 864 1110 aula
888 1073 1082 1111 Sedechiae
1107 1083 1268 1110 servatur

279 1134 316 1166 in
340 1131 476 1166 excidio
493 1129 591 1163 urbis
609 1128 854 1174 ierosolymae.

378 1182 422 1215 Et
447 1179 513 1214 hoc
536 1187 657 1214 nostro
691 1187 848 1224 tempore
878 1178 1022 1220 videtis,
1056 1179 1151 1224 quod
1175 1177 1270 1212 Deus

277 1233 450 1278 mitigavit
474 1243 604 1276 poenas
627 1231 868 1276 principibus,
895 1230 956 1276 qui
982 1229 1179 1275 Evangelio
1203 1228 1270 1264 ho-

278 1285 422 1329 spitium
438 1284 691 1328 praebuerunt.

646 1409 783 1462 Caput
820 1409 896 1449 XI.

382 1482 558 1518 lohannes
581 1483 691 1516 mittit
711 1482 902 1526 discipulos
926 1493 1026 1522 suos,
1053 1488 1091 1514 ut
1119 1480 1270 1514 interro-

281 1543 381 1581 gent,
409 1547 481 1569 non
499 1535 593 1579 quod
615 1534 688 1578 ipse
711 1533 867 1573 dubitet,
891 1534 951 1566 sed
977 1539 1015 1566 ut
1041 1532 1207 1576 discipuli
1231 1543 1271 1564 ex

282 1590 356 1633 ipso
375 1584 516 1620 Christo
534 1585 698 1624 audiant,
725 1584 820 1628 quod
837 1594 910 1616 non
937 1583 1026 1616 alius
1043 1582 1190 1616 Messias
1214 1595 1271 1615 ex-

282 1639 493 1683 spectandus
519 1636 582 1676 sit,
616 1642 648 1668 et
671 1641 710 1668 ut
742 1634 807 1678 ipsi
838 1646 955 1667 coram
983 1634 1067 1666 visis
1093 1633 1272 1667 miraculis

283 1690 549 1724 confirmentur.
604 1685 699 1719 Haec
723 1693 773 1718 est
797 1697 932 1718 summa
952 1682 1059 1718 huius
1075 1685 1270 1727 legationis.

384 1739 430 1774 ll.
459 1737 566 1772 Ratio
577 1744 692 1771 autem
703 1736 1082 1780 dubitandidiscipulis
1095 1736 1159 1768 suit
1178 1733 1273 1776 haec,

281 1793 362 1838 quia
381 1792 418 1824 in
435 1789 566 1834 populo
590 1789 657 1822 suit
674 1785 760 1821 haec
777 1788 931 1831 vulgaris
948 1787 1125 1831 persuasio
1138 1814 1147 1828 ,
1176 1786 1272 1820 Mes-

282 1845 367 1877 siam
384 1843 661 1875 instauraturum
678 1851 750 1872 esse
770 1850 915 1882 regnum
932 1838 1131 1882 politicum,
1159 1845 1191 1871 et
1210 1835 1272 1871 ha-

282 1896 440 1927 biturum
461 1891 650 1930 exercitus,
675 1903 713 1923 ac
733 1889 877 1923 domitis
896 1889 1058 1932 gentibus
1082 1896 1272 1933 occupatu-

284 1957 363 1978 rum
391 1935 464 1976 esse
485 1942 706 1985 provincias,
739 1941 829 1973 sicut
861 1940 1018 1973 feceruut
1042 1937 1272 1980 monarchae,

283 1995 416 2042 CyruS,
444 1992 646 2027 Alexander
662 1998 694 2024 et
710 1991 782 2025 alii.

384 2045 473 2079 Cum
492 2044 599 2087 igitur
623 2043 781 2075 viderent
800 2038 895 2074 hunc
914 2039 1027 2073 Iesum
1047 2047 1182 2075 tantum
1202 2054 1273 2075 esse

285 2107 476 2143 pauperem
501 2094 783 2128 concionatorem
797 2119 805 2132 ,
834 2089 898 2125 hac
920 2092 1032 2135 specie
1051 2089 1177 2125 humili
1197 2105 1274 2127 mo-

287 2149 483 2188 vebantur,
510 2153 549 2178 ut
565 2145 785 2183 dubitarent,
811 2155 854 2176 an
874 2141 929 2175 hic
947 2150 1034 2177 esset
1053 2143 1210 2177 Messias.

390 2197 453 2231 lll.
509 2195 714 2240 Respondet
737 2201 853 2228 autem
870 2191 1031 2227 Christus
1049 2195 1090 2227 ad
1111 2192 1201 2229 lianc
1218 2207 1275 2229 ra—

285 2252 418 2285 tionem
448 2247 655 2287 dubitandi,
697 2253 729 2280 et
759 2245 880 2283 docet,
916 2245 1018 2289 quale
1051 2246 1094 2278 sit
1126 2257 1274 2289 regnum

287 2301 437 2335 Messian
454 2299 633 2337 futurum,
661 2309 738 2330 cnm
759 2297 822 2330 ait:
851 2294 1070 2339 Pauperibus
1085 2294 1275 2340 Evangeli-

285 2361 392 2386 zatur.
448 2349 551 2383 ltern:
582 2348 729 2385 Beatus,
757 2348 817 2392 qni
844 2359 914 2379 nun
937 2346 1091 2380 offensus
1115 2349 1274 2382 fueritin

287 2417 360 2441 me,
390 2403 422 2434 id
449 2409 518 2436 est,
548 2412 693 2440 regnum
714 2398 862 2431 Messi-‘ue
888 2411 959 2430 non
983 2399 1049 2431 erit
1078 2399 1274 2442 politicum,

286 2457 496 2487 instructum
529 2451 681 2487 divitiis,
716 2450 886 2484 exercitu.
922 2456 953 2482 ot
977 2449 1092 2482 simile
1118 2450 1273 2492 imperiis

287 2505 427 2538 mundi:
464 2504 520 2535 sed
549 2503 612 2535 vrit
642 2502 727 2540 tale,
756 2501 858 2545 qualo
885 2500 1026 2540 videtis,
1060 2502 1273 2544 praedicatio

288 2555 469 2596 Evangelii
483 2582 489 2591 ,
516 2566 582 2598 qua
598 2553 742 2586 Messias
761 2552 822 2584 vrit
843 2552 980 2590 efficax,
1008 2552 1146 2594 colliget
1162 2561 1271 2586 aeta-r-

286 2621 364 2639 uam
394 2606 583 2639 {icch-siam
610 2618 691 2635 vor·-
716 2601 898 2643 Evangelii
931 2616 968 2635 ex
994 2604 1161 2637 omnibus
1186 2616 1270 2644 gen-

282 2659 392 2695 tibus.
422 2665 452 2690 ct
478 2669 537 2700 per
555 2654 785 2697 Evangvuum
812 2654 907 2687 «labit
932 2654 1172 2688 remissionom
1192 2668 1269 2699 pcc-

864 77 990 113 PHlL.
1024 77 1142 113 MEL.
1173 74 1385 112 SCRlPTA
1413 73 1715 111 EXEGETICA.

2230 75 2304 111 840
2362 42 2365 65 *A

1314 167 1494 204 catorum,
1536 169 1571 197 et
1606 162 1681 206 ipse
1711 161 1805 194 filius
1832 160 2025 194 vivificabit
2054 160 2236 199 credentes
2268 168 2302 195 et

1313 220 1454 256 agentes
1475 213 1730 258 poenitentiam
1743 239 1752 254 ‚
1778 218 1813 246 et
1834 211 1932 245 dabit
1954 211 2003 245 eis
2019 210 2182 254 spiritum
2198 218 2233 246 et
2246 212 2302 245 vi-

1313 269 1384 296 tam
1407 270 1595 297 aeternam.
1646 264 1730 297 Ideo
1756 269 1807 296 est
1825 261 2018 307 promissus
2035 260 2201 302 Messias,
2228 274 2301 296 non

1313 321 1352 348 ut
1367 315 1558 348 constituat
1575 314 1763 358 imperium
1779 313 1917 348 mundi.

1415 363 1518 398 Hanc
1551 365 1816 409 responsionem
1847 361 2010 398 Christus
2042 369 2162 407 postea
2192 362 2303 406 magis

1315 415 1488 456 declarat,
1514 415 1578 448 ubi
1601 415 1704 449 dicit:
1732 414 1765 448 A
1785 415 1910 449 diebus
1931 412 2102 448 Iohannis·
2125 412 2304 458 Baptistae

1315 477 1463 507 regnum
1494 466 1675 500 coelorum
1702 465 1738 498 vi
1753 467 1923 510 erumpit,
1957 466 2083 510 btinget
2105 464 2165 499 mit
2186 465 2305 509 gemuli:

1316 515 1416 560 etffit.
1470 515 1576 551 Item:
1602 515 1677 550 Lex
1703 522 1738 550 et
1755 514 1951 561 Prophetae
1974 527 2086 561 usque
2108 516 2153 548 ad
2173 512 2305 549 lohan-

1317 580 1417 608 nem,
1444 567 1479 600 id
1502 575 1569 608 est,
1596 579 1659 600 vos
1681 564 1817 600 habetis
1840 567 1982 601 stultam
2005 565 2307 610 imaginationem,

1318 619 1388 652 iam
1412 618 1522 662 legem
1539 617 1634 652 Mosi
1660 617 1753 651 inter
1777 624 1895 660 gentes
1911 624 2136 661 regnaturam
2153 628 2245 658 esse,
2273 623 2307 651 et

1318 676 1431 703 totum
1452 670 1625 703 mundum
1642 669 1718 702 sore
1736 667 1916 701 Iudaicam
1931 669 2104 712 politiam.

1419 719 1526 753 Hunc
1551 731 1707 754 errorem
1734 719 1895 760 abiicite,
1927 719 2008 752 finis
2032 719 2102 752 iam
2129 724 2180 752 est
2200 715 2308 751 huius

1318 770 1482 815 politiae,
1523 771 1622 804 aliud
1653 782 1802 814 regnum
1831 770 1947 809 venit,
1987 769 2119 803 scilicet
2157 779 2306 812 regnum

1319 822 1515 862 coelorum,
1548 828 1582 856 et
1603 821 1703 855 venit
1726 821 1774 856 vi.
1831 819 1928 854 Haec
1951 820 2057 854 verba
2079 831 2154 854 non
2178 819 2227 852 sic
2251 819 2309 851 in·

1319 872 1541 916 telligantur,
1583 873 1679 917 quod
1708 869 1872 906 Christus
1903 871 1939 904 vi
1972 877 2117 915 occupet
2147 869 2309 914 imperia,

1319 923 1409 957 sicut
1438 921 1651 957 Alexander.
1713 921 1783 956 Sed
1813 922 1969 966 potentia
2003 921 2124 955 divina
2155 920 2310 965 erumpit

1320 980 1442 1008 contra
1465 974 1602 1008 furores
1625 971 1860 1006 Diabolorum
1886 980 1921 1007 et
1943 980 2198 1018 tyrannorum,
2226 983 2310 1016 pro-

1319 1025 1412 1058 cedit
1429 1024 1531 1058 etiam
1549 1024 1754 1057 nolentibus
1773 1022 1934 1057 Diabolis
1953 1030 1985 1057 et
2000 1021 2170 1068 tyrannis.

1422 1073 1468 1109 Et
1501 1075 1650 1108 violenti
1680 1074 1846 1119 rapiunt,
1886 1074 2037 1115 scilicet,
2071 1085 2145 1107 non
2180 1071 2309 1113 timidi,

1321 1138 1395 1160 non
1419 1126 1593 1169 fugientes
1617 1125 1797 1170 pericula,
1823 1126 1884 1158 sed
1909 1131 2129 1165 constantes,
2154 1129 2188 1158 et
2211 1129 2312 1156 ante-

1321 1178 1473 1211 ferentes
1498 1177 1646 1221 gloriam
1662 1175 1730 1210 Dei
1749 1183 1783 1210 et
1800 1176 2055 1210 confessionem
2070 1186 2152 1209 suae
2169 1174 2262 1208 vitae
2278 1179 2313 1207 et

1321 1228 1489 1262 omnibus
1509 1228 1762 1271 voluptatibus.

1425 1278 1494 1312 Hic
1521 1279 1581 1312 fiat
1604 1278 1794 1311 declaratio
1817 1277 1920 1311 dicti:
1955 1276 2024 1311 Lex
2050 1287 2163 1321 usque
2187 1276 2230 1309 ad
2254 1273 2313 1309 Io-

1322 1327 1497 1367 hannem,
1525 1336 1559 1362 et
1581 1329 1737 1366 dicatur,
1765 1329 1861 1373 quod
1883 1328 1985 1361 multi
2010 1333 2182 1372 quaerant
2200 1325 2314 1359 subti-

1324 1380 1372 1413 les
1403 1379 1660 1424 expositiones,
1693 1380 1754 1412 sed
1786 1390 1851 1411 nos
1880 1379 2031 1411 velimus
2056 1389 2129 1411 esse
2154 1376 2313 1411 contenti

1323 1428 1388 1463 hac
1419 1430 1656 1475 simpliciore,
1689 1430 1771 1475 quia
1796 1427 1958 1463 Christus
1987 1428 2146 1473 loquitur
2175 1428 2219 1461 de
2245 1427 2314 1460 fine

1324 1481 1481 1524 politiae.
1536 1480 1715 1525 Loquitur
1738 1492 1821 1523 ergo
1847 1478 1905 1512 hic
1927 1480 1970 1513 de
1992 1479 2102 1521 Lege,
2138 1479 2175 1511 in
2199 1489 2313 1522 quan-

1325 1539 1400 1565 tum
1426 1538 1477 1565 est
1502 1531 1664 1575 politica,
1689 1531 1821 1564 scilicet
1844 1531 1888 1563 de
1913 1529 2123 1563 ceremoniis
2144 1535 2176 1562 et
2195 1529 2315 1561 foren-

1325 1583 1440 1620 sibus,
1468 1590 1543 1617 nom
1569 1580 1703 1626 stit-dnn
1726 1590 1884 1626 gem-eng.
1908 1582 1972 1615 nub
1997 1588 2061 1614 non
2087 1578 2313 1625 ffifitgcrlisset

1325 1634 1513 1678 tegietung,
1543 1633 1647 1666 etiam
1672 1634 1714 1666 de
1730 1632 1823 1675 Lege
1845 1632 1989 1672 morali,
2016 1631 2053 1664 in
2072 1638 2246 1676 quantum
2264 1636 2315 1663 est

1325 1692 1464 1718 externa
1489 1683 1693 1728 disciplina,
1721 1684 1887 1716 coercens
1909 1682 2073 1718 civiliter.
2126 1680 2173 1715 Et
2190 1681 2315 1716 recite-

1324 1743 1382 1769 tur
1407 1735 1538 1779 populo
1565 1746 1677 1768 crasse
1700 1733 1881 1768 distinctio
1906 1733 2014 1767 trium
2039 1732 2192 1778 partium
2218 1731 2317 1776 legis,

1326 1793 1363 1820 ut
1380 1794 1431 1821 est
1449 1787 1486 1819 in
1503 1785 1662 1819 examine
1679 1785 1977 1829 Megalburgensi.

1696 1885 1780 1911 Alis
1809 1884 1944 1910 concio.

1428 1938 1591 1976 Christus
1614 1941 1674 1974 dat
1698 1939 1941 1973 testimonium
1962 1935 2133 1979 Iohanni,
2160 1938 2255 1983 quod
2273 1938 2317 1974 sit

1326 1999 1490 2026 constans
1507 1993 1651 2030 doctor,
1680 1998 1712 2024 et
1730 1991 1826 2024 testis
1843 1990 1888 2023 de
1905 1987 2059 2024 Christo.

1430 2041 1475 2077 Et
1497 2043 1581 2076 dicit
1604 2055 1683 2076 eum
1708 2053 1780 2075 non
1806 2052 1879 2074 esse
1902 2041 2055 2074 similem
2078 2039 2220 2081 aulicis,
2254 2040 2316 2086 qui

1326 2101 1550 2128 assentantur
1568 2094 1743 2131 dominis,
1768 2099 1830 2127 etc.

1429 2144 1552 2179 Postea
1590 2150 1829 2178 commoratur
1866 2143 1904 2175 in
1941 2140 2177 2187 descriptione
2211 2142 2318 2177 officii

1327 2197 1449 2242 ipsius-

1429 2247 1526 2291 Quid
1555 2247 1622 2282 suit
1646 2243 1824 2290 Propheta
1858 2245 1894 2278 in
1919 2244 2077 2289 populo?
2111 2243 2318 2287 praedicens

1326 2300 1369 2333 de
1384 2297 1548 2339 Christo,
1576 2306 1609 2332 et
1634 2309 1757 2340 regens
1781 2297 1898 2341 aliqua
1923 2295 2069 2329 consilia
2093 2295 2257 2340 politica,
2284 2301 2319 2329 et

1327 2351 1482 2384 retinens
1507 2351 1617 2393 legem
1646 2348 1766 2382 Moisi.
1830 2347 1913 2381 ldeo
1938 2344 2113 2380 lohannes
2136 2346 2200 2380 ait:
2235 2344 2316 2380 Non

1325 2414 1400 2435 snm
1421 2399 1606 2443 Propheta.

1430 2451 1470 2485 E«
1491 2450 1654 2485 Christus
1673 2451 1737 2483 ait:
1768 2448 1851 2482 Plus
1871 2460 1976 2493 quam
1993 2445 2183 2492 Propheta.

1427 2504 1520 2545 Quia
1551 2511 1581 2537 et
1609 2508 1823 2545 praesentem
1849 2497 2031 2532 Christum
2058 2505 2247 2537 monstrat.
2283 2504 2316 2532 et

1325 2551 1465 2586 inchoat
1494 2565 1621 2587 novam
1645 2551 1857 2589 Ecclesiam,
1886 2550 2055 2593 baptizat.
2083 2549 2206 2594 recipit
2230 2560 2316 2593 gen-

1295 2588 1298 2641 l
1325 2612 1374 2637 tes
1391 2613 1422 2639 et
1446 2605 1611 2642 ludaeos,
1639 2604 1718 2637 aliis
1737 2600 1923 2647 Prophetis
1938 2613 2011 2634 non
2029 2600 2092 2635 fuit
2109 2611 2316 2635 concessum

1326 2657 1508 2691 instituere
1527 2667 1657 2688 nux-um
1674 2656 1794 2689 ritum.
