2409 2915
264 95 339 134 975

268 185 363 217 iuxta
380 174 606 215 Decalogum.
658 162 704 199 Et
719 170 837 198 tamen
854 170 919 193 nec
934 153 1134 191 circumcisi
1152 156 1262 191 erant,

273 244 337 267 nec
355 225 542 263 servabant
557 214 773 253 ceremonias
791 210 980 246 Mosaicas.

376 277 451 311 Has
473 268 690 307 differentias
706 267 938 301 mementote,
966 264 1001 292 et
1022 255 1081 291 hic
1103 253 1264 289 conside-

274 338 348 367 rate
363 325 553 363 discrimen
570 318 675 363 Legis
691 323 726 351 et
740 311 937 356 Evangelii.
989 307 1117 342 Nullus
1142 311 1265 342 status,

275 394 340 417 nec
368 388 488 413 semen
512 368 696 409 Abrahae,
736 375 850 410 neque
878 359 1068 407 proselyti,
1108 367 1172 390 nec
1198 352 1267 386 viri

276 428 430 475 religiosi
446 424 673 460 merebantur
686 415 929 452 remissionem
945 417 1166 456 peccatorum
1181 405 1270 447 lege,

279 495 342 517 nec
359 483 433 523 lege
458 480 560 510 erant
585 470 687 510 iusti,
722 468 783 501 sed
809 471 947 499 tantum
972 460 1150 494 credentes
1172 456 1268 489 iuxta

280 529 551 579 promissionem
579 524 622 557 de
644 519 796 556 Messia,
845 513 1067 558 accipiebant
1093 505 1271 542 remissio-

283 595 364 619 nem
377 607 386 621 ,
410 586 444 613 et
459 578 526 611 fide
544 579 644 608 erant
659 569 764 609 iusti,
790 566 881 600 sicut
898 575 975 599 nos.

387 631 458 665 Nec
482 636 621 661 necesse
650 621 718 655 fuit
732 616 904 653 Ethnicos
930 609 1146 649 circumcidi.
1195 604 1274 640 Hoc

285 685 393 729 igitur
416 684 510 715 taxat
529 673 713 713 Christus,
739 669 835 715 quod
860 663 1042 701 Pharisaei
1067 659 1197 694 multos
1221 667 1276 689 er-

290 744 387 769 rores
403 729 596 769 docebant,
624 714 1061 768 persuadebantEthnicis‚
1089 709 1184 756 quod
1201 708 1278 750 lege

288 787 509 820 mererentur
534 773 794 811 remissionem·
812 775 1054 814 peccatorum,
1093 768 1127 795 et
1156 760 1280 792 fierent

289 835 372 871 iusti
395 834 486 876 lege,
528 835 561 862 et
584 827 633 860 ita
655 823 831 858 faciebant
860 819 908 852 eis
931 815 1157 861 opinionem,
1186 808 1280 854 quod

291 895 432 921 necesse
448 886 536 915 esset
551 873 756 912 circumcidi
770 899 778 913 ,
806 877 839 904 et
856 868 951 914 quod
970 869 1084 899 essent
1100 862 1174 903 lege
1190 857 1285 898 iusti,

292 945 326 972 et
342 934 508 970 delebant
523 927 721 963 doctrinam
737 924 779 956 de
796 916 1030 964 promissione
1057 920 1091 947 et
1113 912 1157 945 de
1183 908 1286 943 iusti—

293 989 342 1023 tia
367 984 459 1019 fidei.
513 980 611 1015 Sicut
637 979 758 1008 nostro
783 978 942 1014 tempore
960 960 1133 1001 Monachi
1151 961 1287 995 discur-

294 1039 439 1078 rebant,
479 1037 512 1065 et
540 1026 740 1062 invitabant
765 1020 930 1056 homines
954 1018 999 1050 ad
1029 1010 1288 1049 Monachatum

295 1088 391 1123 falsis
411 1092 444 1118 et
459 1079 577 1124 impiis
591 1074 842 1122 opinionibus,
870 1069 966 1116 quod
982 1062 1220 1101 Monachatus
1237 1073 1290 1095 es-

297 1146 347 1174 set
365 1145 479 1171 novus
496 1129 717 1175 Baptismus,
742 1128 936 1158 mereretur
953 1116 1198 1153 remissionem
1212 1124 1292 1157 pec-

299 1196 477 1225 catorum,
503 1187 591 1216 esset
606 1177 739 1212 iustitia
763 1181 796 1209 et
819 1180 928 1208 status
951 1166 1186 1215 perfectionis.
1239 1162 1293 1196 Ex

299 1239 367 1274 hoc
395 1233 553 1279 exemplo
584 1227 736 1271 intelligi
761 1233 795 1260 et
820 1222 888 1258 hoc
912 1220 1113 1256 membrum
1137 1217 1176 1250 in
1198 1221 1295 1249 textu

301 1295 427 1338 potest.

514 1373 598 1414 Vae
615 1371 682 1422 qui
697 1371 796 1405 iurat
815 1378 878 1415 per
900 1362 1086 1411 templum.

410 1452 620 1497 Exponatur
652 1445 779 1480 ordine
813 1452 894 1475 vera
929 1437 1090 1473 doctrina
1125 1433 1167 1466 de
1205 1431 1299 1465 iura-

307 1513 440 1543 mento.
494 1500 592 1545 Quid
606 1499 651 1532 sit
668 1498 926 1530 iuramentum,
953 1488 1049 1534 quod
1064 1486 1110 1520 sit
1124 1481 1300 1517 invocatio

307 1559 396 1597 Dei,
422 1562 461 1589 ut
478 1553 520 1586 sit
537 1550 634 1585 testis
650 1545 826 1584 veritatis,
853 1549 886 1575 et
913 1540 1038 1584 puniat
1062 1534 1302 1569 mentientem.

308 1609 357 1645 Et
374 1608 470 1641 Deus
486 1601 582 1636 hunc
599 1599 762 1633 ordinem
786 1593 918 1631 sanxit,
946 1597 980 1624 et
1003 1590 1050 1622 ita
1081 1585 1175 1620 facit.
1233 1581 1302 1616 Sed

313 1659 469 1695 mundus
485 1658 604 1698 peccat
621 1645 866 1691 multipliciter
882 1642 919 1676 in
935 1639 1100 1674 iurando.

419 1717 453 1751 1.
506 1711 548 1746 ln
571 1705 870 1744 execrationibus,
898 1701 979 1747 quia
996 1699 1181 1732 invocatur
1196 1692 1306 1733 Deus,

313 1777 353 1806 ut
370 1767 448 1803 aliis
464 1768 607 1802 noceat,
634 1764 756 1793 contra
774 1754 969 1789 secundum
986 1749 1204 1783 mandatum.

420 1827 456 1859 2.
510 1821 551 1856 ln
586 1818 738 1854 iurando
771 1825 836 1860 per
869 1813 955 1847 alias
988 1821 1043 1843 res
1079 1813 1114 1841 et
1148 1815 1221 1838 non
1248 1813 1311 1848 per

315 1883 451 1917 Deum,
479 1873 562 1920 qnia
584 1870 673 1904 aliae
696 1879 750 1901 res
768 1877 841 1899 non
859 1867 1006 1909 possunt
1028 1869 1100 1892 esse
1126 1863 1248 1895 testes,
1272 1859 1312 1888 ut

317 1927 451 1965 mortui
470 1925 525 1958 vel
544 1921 678 1966 lapides
695 1919 861 1961 ignorant
875 1919 1012 1947 nostras
1027 1909 1195 1943 actiones.

423 1985 458 2020 5.
510 1981 550 2015 ln
568 1978 719 2013 iurando
736 1976 779 2008 de
796 1971 941 2008 obiectis
953 1995 963 2009 .
989 1969 1026 2003 id
1043 1974 1113 2008 est,
1139 1965 1244 1999 rebus
1268 1963 1313 1996 il-

322 2037 446 2077 licitis,
474 2039 513 2068 ut
530 2032 573 2065 de
591 2028 779 2063 coelibatu.

424 2097 460 2133 4.
510 2091 551 2126 ln
567 2087 723 2123 sallendo
741 2085 813 2118 sive
831 2079 1022 2126 sophistice
1037 2078 1111 2112 sive
1126 2083 1256 2123 aperte,
1283 2082 1316 2110 et

322 2160 395 2184 non
419 2143 582 2180 faciendo
605 2137 777 2184 promissa
807 2145 868 2179 per
899 2133 1150 2165 iuramentum.
1218 2127 1318 2162 Sicut

325 2198 449 2234 fefellit
467 2195 538 2235 ille,
565 2191 626 2237 qui
646 2186 806 2233 promisit
829 2183 973 2227 triginta
991 2181 1129 2215 dierum
1145 2178 1317 2216 inducias,

325 2259 358 2286 et
375 2254 482 2283 noctu
500 2241 687 2290 populatus
703 2245 754 2272 est
768 2246 880 2280 agros,
903 2232 985 2278 quia
1003 2232 1140 2265 dierum
1157 2229 1318 2264 induciae

328 2299 519 2346 promissae
537 2299 654 2331 erant,
684 2301 756 2323 non
772 2285 943 2321 noctium.

431 2346 566 2382 Omnia
594 2341 679 2377 haec
702 2350 830 2384 genera
863 2338 1086 2385 peccatorum
1108 2331 1243 2365 violant
1266 2341 1321 2363 se-

331 2401 487 2436 eundum
507 2400 728 2441 praeceptum
747 2386 927 2431 Decalogi,
954 2390 986 2418 et
1004 2388 1085 2416 sunt
1103 2393 1226 2424 magna
1243 2393 1322 2425 pec-

332 2460 423 2489 cata.
445 2459 534 2493 qnae
550 2444 646 2479 Deus
663 2443 699 2475 in
717 2440 781 2475 hac
800 2439 869 2472 vita
888 2435 1010 2481 punit,
1037 2432 1113 2467 etsi
1130 2445 1202 2466 non
1220 2439 1322 2476 agant

334 2553 424 2588 hanc
446 2551 565 2584 vitam.

438 2600 484 2636 Ut
518 2605 635 2633 autem
658 2591 821 2629 Christus
853 2588 911 2624 hic
943 2593 1035 2622 taxat
1059 2582 1326 2620 Pharisaeorum

860 71 984 108 PHlL.
1012 66 1129 104 MEL.
1157 62 1367 102 SCRIPTA
1394 56 1696 97 EXEGETICA.

2229 50 2304 84 976

1315 149 1364 183 sie
1415 158 1513 181 nunc
1554 143 1689 179 habent
1729 140 1891 185 Papistae
1940 137 2072 172 similes
2121 137 2308 172 elusiones.

1317 198 1471 243 Quando
1495 196 1625 242 aliquis
1645 195 1684 229 fit
1701 191 1902 237 Episcopus
1926 189 2032 223 titulo
2055 195 2178 228 tenus,
2204 181 2308 226 iurat,

1319 261 1355 284 se
1377 248 1468 282 velle
1491 248 1535 281 ad
1568 246 1671 280 illum
1702 244 1820 277 locum
1848 239 2044 286 proficisci,
2071 237 2248 281 egreditur
2270 247 2311 269 ex

1319 301 1408 335 urbe
1442 297 1579 338 Roma,
1620 303 1653 330 et
1686 299 1901 339 protestatur
1936 291 1979 324 de
2020 287 2314 333 impossibilitate,

1321 351 1450 386 deinde
1466 348 1555 393 petit
1573 345 1855 385 absolutionem,
1880 349 1915 376 ct
1932 341 2110 385 impetrat.

1425 407 1527 441 Talia
1551 405 1662 439 multa
1688 403 1778 437 fiunt
1802 403 1840 435 in
1861 400 1984 435 multis
2002 397 2152 442 negotiis
2169 394 2316 441 Episco-

1323 470 1470 507 porum,
1509 464 1544 492 et
1582 455 1676 489 nulli
1707 454 1758 488 sic
1788 453 1949 487 luserunt
1990 447 2198 484 iuramentis
2230 447 2319 482 sicut

1325 508 1504 557 Episcopi.

1384 600 1465 639 Vae
1488 598 1588 634 vobis
1605 594 1757 632 scribae
1781 597 1811 628 et
1826 589 2050 634 Pharisaei,
2077 590 2142 639 qui
2163 587 2322 624 decima·

1436 651 1483 686 tis·
1510 653 1670 685 mentam
1696 651 1759 680 etc.

1435 726 1515 762 Hoc
1532 731 1710 771 peccatum
1737 721 1843 755 etiam
1869 730 2006 763 semper
2027 723 2143 751 manet
2160 717 2198 749 in
2219 728 2326 750 mun·
2378 751 2381 755 ,

1335 782 1381 815 do
1394 805 1403 819 ,
1431 778 1514 825 quia
1541 775 1703 810 homines
1720 773 1936 807 delabuntur
1954 770 1997 803 ad
2016 767 2249 808 ceremonias,
2281 768 2326 801 de

1335 831 1390 866 his
1407 830 1509 863 valde
1531 827 1770 865 contendunt,
1795 829 1829 857 et
1852 821 2021 855 omittunt
2043 819 2111 853 alia
2136 818 2269 852 maiora
2295 825 2329 852 et
2380 822 2381 830 ¹

1338 880 1544 925 simpliciter
1557 875 1759 910 necessaria.
1813 871 1860 907 Ut
1878 878 1958 905 ante
1974 868 2042 903 hoc
2062 877 2199 913 tempus
2216 868 2328 903 multo

1339 932 1449 976 magis
1467 935 1647 975 peccatum
1665 937 1737 960 esse
1753 923 2029 961 existimabatur,
2055 920 2237 953 comedere
2255 931 2332 954 car·
2368 933 2371 937 ·

1341 995 1403 1018 nes
1427 982 1485 1016 die
1508 986 1621 1020 sexta,
1661 987 1766 1022 quam
1791 974 1976 1008 admittere
1999 971 2226 1006 adulterium.
2285 967 2332 1004 Et

1342 1034 1549 1070 Sacerdotes
1566 1029 1693 1075 polluti
1710 1027 1806 1070 vagis
1828 1023 2060 1063 libidinibus,
2086 1021 2199 1055 multo
2223 1021 2334 1065 magis
2374 1028 2379 1034 '

1345 1085 1516 1119 dolebant
1532 1081 1660 1115 omissa
1678 1078 1796 1123 aliqua
1813 1075 1968 1110 dictione
1983 1074 2021 1106 in
2037 1071 2200 1113 Canone,
2228 1084 2334 1117 quam

1347 1142 1490 1181 propter
1514 1143 1593 1166 suas
1615 1129 1795 1164 libidines.
1853 1124 1900 1160 Et
1930 1136 2025 1158 nunc
2048 1123 2153 1157 multi
2176 1123 2337 1157 rixantur

1347 1189 1389 1221 de
1403 1184 1519 1231 parvis
1537 1183 1662 1222 rebus,
1689 1187 1722 1214 et
1739 1180 1783 1212 de
1800 1177 1951 1211 maxima
1969 1173 2172 1208 idololatria
2187 1174 2338 1208 circum-

1347 1234 1551 1283 gestationis
1570 1233 1670 1279 panis
1683 1230 1825 1265 nullum
1842 1228 1989 1261 verbum
2009 1226 2145 1260 dicunt.

1450 1298 1624 1337 Monachi
1648 1306 1682 1334 et
1704 1296 1918 1333 Summistae
1942 1293 2158 1339 scripserunt
2188 1292 2343 1337 plurima

1351 1357 1394 1389 de
1412 1353 1565 1399 peccatis
1581 1357 1704 1385 contra
1727 1347 1935 1382 traditiones
1953 1343 2145 1384 humanas,
2170 1345 2214 1377 de
2231 1344 2343 1378 viola-

1351 1407 1448 1440 tione
1467 1402 1609 1442 ieiunii‚
1635 1408 1668 1434 et
1685 1399 1860 1433 similibus
1876 1396 1989 1439 nugis.
2045 1394 2180 1427 Interea
2199 1395 2343 1427 suerunt

1353 1455 1446 1491 coeci
1464 1455 1501 1487 in
1520 1452 1598 1486 aliis
1614 1450 1807 1484 maioribus
1826 1448 1942 1481 rebus.
1995 1443 2093 1478 Nihil
2119 1445 2284 1479 dixerunt
2302 1446 2345 1478 de

1354 1508 1422 1540 {ide
1453 1504 1644 1547 accipiente
1674 1499 1916 1533 remissionem
1948 1502 2182 1540 peccatorum.
2246 1494 2346 1529 Nihil

1356 1559 1521 1591 dixerunt
1538 1554 1581 1586 de
1599 1549 1788 1594 multiplici
1812 1546 2014 1582 idololatria
2035 1538 2072 1578 in
2091 1545 2188 1579 cultu
2209 1553 2348 1580 sancto-

1358 1619 1457 1648 rum,
1484 1611 1518 1639 et
1536 1603 1614 1637 aliis
1633 1599 1856 1636 idololatriis.

1461 1664 1616 1700 Damnat
1642 1672 1723 1704 ergo
1746 1657 1910 1694 Christus
1934 1655 2189 1699 neglectionem
2220 1655 2352 1690 sunda-

1361 1716 1483 1752 menti.
1536 1713 1582 1749 Et
1598 1710 1657 1746 hic
1670 1711 1773 1745 valde
1790 1709 1933 1755 prodest
1949 1707 2082 1741 discere
2097 1707 2226 1750 gradus
2251 1717 2352 1752 prae-

1361 1775 1558 1813 ceptorum.
1620 1763 1676 1799 Sit
1711 1772 1794 1806 ergo
1829 1758 1914 1794 haec
1949 1757 2150 1792 distinctio:
2195 1757 2276 1792 Alia
2303 1764 2354 1793 est

1363 1818 1525 1854 doctrina
1552 1816 1596 1849 de
1621 1814 1802 1860 aliquibus
1831 1809 2040 1845 ceremoniis
2064 1815 2202 1854 praeter
2223 1809 2355 1844 sunda-

1363 1876 1533 1905 mentum.

1768 1944 1960 1985 Regulus.

1467 2011 1638 2047 Doctrina
1665 2005 1885 2042 fundamenti
1920 2011 1970 2039 est
2005 2003 2167 2037 doctrina
2196 2004 2358 2039 omnium

1367 2064 1598 2099 articulorum
1621 2059 1720 2099 fidei,
1752 2064 1785 2091 et
1810 2056 1969 2090 doctrina
1994 2053 2172 2098 Decalogi.
2223 2053 2277 2090 De
2295 2053 2359 2090 hnc

1368 2116 1454 2150 dicit
1471 2113 1617 2149 Paulus:
1655 2109 1941 2144 Fundamentum
1969 2105 2066 2140 aliud
2092 2106 2176 2151 poni
2199 2118 2271 2141 non
2297 2118 2361 2151 po-

1369 2174 1454 2205 test,
1491 2170 1629 2209 praeter
1660 2161 1716 2199 id,
1761 2159 1856 2205 quod
1882 2157 2036 2202 positum
2058 2163 2109 2191 est
2131 2163 2195 2191 etc.
2261 2156 2362 2191 Hanc

1371 2217 1569 2252 doctrinam
1591 2210 1816 2247 fundamenti
1834 2215 1974 2255 oportet
1993 2219 2117 2242 omnes
2133 2220 2254 2251 nosse,
2280 2215 2314 2244 et
2330 2209 2363 2243 ei

1371 2268 1527 2303 obedire.

1475 2326 1514 2362 Si
1539 2324 1618 2370 quis
1641 2322 1784 2357 adultus
1815 2325 1908 2354 errat
1932 2318 1968 2351 in
1993 2330 2065 2352 uno
2097 2317 2245 2352 articulo
2273 2317 2365 2360 fidei,

1345 2406 1347 2417 ,
1374 2385 1435 2414 aut
1455 2377 1485 2412 si
1511 2382 1631 2411 contra
1654 2371 1906 2408 conscientiam
1925 2369 2034 2408 ‚violat
2052 2368 2289 2412 Decalognm,
2314 2377 2366 2403 est

1346 2464 1348 2468 Α
1375 2440 1456 2464 rcus
1472 2435 1632 2463 aeternae
1647 2423 1786 2459 mortis.

333 2502 496 2537 homines
513 2493 767 2543 poenitentiam
779 2518 788 2531 ,
815 2489 919 2535 punit
940 2483 1091 2521 aeternis
1108 2483 1230 2528 poenis
1248 2490 1326 2528 post
1347 2489 1350 2546 1

1839 2420 1937 2455 luxta
1954 2417 2038 2453 haec
2056 2420 2162 2454 dicta:
2194 2419 2266 2463 Qui
2283 2419 2365 2454 talia

1377 2481 1525 2519 sacient,
1561 2488 1707 2521 regnum
1730 2473 1795 2508 Dei
1820 2484 1892 2506 non
1917 2471 2161 2514 possidebunt.
2214 2469 2294 2506 Gal.
2312 2469 2364 2507 5..-

1381 2530 1463 2565 ldeo
1486 2530 1595 2563 simus
1620 2525 1766 2565 attenti,
1800 2531 1832 2558 et
1857 2529 1949 2556 recte
1973 2522 2148 2556 discamus
2169 2521 2366 2556 doctrinam

1348 2555 1352 2602 i
1379 2579 1620 2619 fundamenti,
1658 2584 1690 2611 ct
1716 2575 1913 2609 doctrinam
1939 2573 2168 2607 necessariam
2191 2571 2369 2617 Deculogi,

338 2653 563 2690 traditiones,
603 2658 692 2693 quae
723 2649 854 2678 astutas
894 2639 1085 2674 eludebant
1115 2636 1325 2670 iuramenta:
1350 2630 1354 2677 ἰ
1379 2641 1411 2667 et
1431 2633 1466 2666 in
1484 2629 1540 2665 his
1555 2638 1732 2664 servemus
1750 2624 1982 2661 conscientias
2006 2624 2156 2658 illaesas.
2208 2622 2297 2657 Nam
2312 2624 2367 2658 in-

2396 1263 2406 1293 π
