2409 2915
277 84 350 122 475

286 172 377 207 hanc
401 163 594 204 Ecclesiam
629 159 865 205 colligendam
893 171 933 193 ex
962 160 1125 204 gentibus
1156 167 1190 195 et
1212 158 1272 193 lu-

287 224 397 257 daeis:
426 218 549 251 habuit
574 214 682 259 igitur
702 212 815 245 maius
841 210 995 244 officium
1021 211 1166 245 caeteris
1185 210 1273 243 Pro-

287 272 412 318 phetis.
465 267 548 301 Fuit
576 270 790 299 monstrator
813 261 1004 306 praesentis
1028 259 1181 295 Christi:
1210 258 1274 293 ha-

288 323 366 357 buit
382 319 586 354 mandatum
602 314 795 349 incoandae
811 323 923 346 novae
937 311 1132 354 Ecclesiae,
1159 310 1275 356 bapti·

290 372 393 407 zandi
410 377 444 404 et
459 366 653 413 recipiendi
669 371 797 409 gentes.

683 473 728 497 De
754 470 884 503 quinto.

391 538 476 573 Ideo
498 534 730 570 revelationes
752 532 890 576 aliquae
912 541 1131 565 summorum
1154 527 1276 565 docto-

291 603 371 626 rum
396 589 544 632 scriptae
564 591 662 623 sunt,
689 589 727 616 ut
744 582 904 616 erudiant
921 588 952 615 et
970 582 1177 615 confirment
1193 581 1276 614 reli-

291 653 395 687 quam
407 637 611 672 Ecclesiam.
654 634 773 676 Quare
787 633 825 665 in
841 629 998 666 historiis
1010 632 1165 673 patrum,
1188 631 1276 665 Pro-

291 691 477 737 phetarum
508 693 541 720 et
570 684 841 728 Apostolorum,
883 682 1164 716 confirmationes
1196 683 1277 715 illae

291 743 478 784 diligenter
496 741 720 782 quaerantur.
774 731 838 766 Est
854 739 969 766 autem
987 732 1138 766 iohanni
1155 733 1277 766 claris-

290 793 419 826 simum
442 786 683 823 testimonium
708 781 903 817 exhibitum
929 785 972 816 de
990 783 1102 816 tribus
1118 783 1277 827 personis

291 839 489 876 divinitatis
512 839 548 870 in
572 835 746 879 baptismo
763 831 907 869 Christi.
958 833 1073 867 Patris
1089 845 1156 867 vox
1175 834 1277 867 audi·

290 901 366 931 tur,
394 897 427 923 et
450 887 660 922 nominatim
687 886 938 918 discernuntur
962 895 1000 916 ea
1023 895 1107 916 voce
1129 890 1228 927 pater
1245 890 1278 917 et

292 943 420 977 Filius:
447 939 515 972 Hic
531 944 579 970 est
589 936 701 970 Filius
718 946 815 967 meus
832 933 979 966 dilectus
991 960 999 974 ‚
1027 946 1098 978 quo
1113 935 1277 968 delector.

291 993 406 1027 Filius
432 998 525 1024 stans
548 988 586 1020 in
611 986 758 1018 flumine
780 984 935 1017 cernitur
952 984 1075 1018 oculis.
1128 983 1279 1028 Conspi-

292 1044 384 1078 citur
413 1048 447 1074 et
475 1038 605 1082 species
632 1035 836 1072 columbae,
872 1034 909 1066 in
935 1047 1003 1079 qua
1028 1042 1102 1069 erat
1125 1034 1278 1079 Spiritus

291 1100 444 1128 sanctus.
497 1088 586 1122 Nam
611 1093 645 1120 et
669 1093 767 1130 pater
792 1084 928 1118 dixerat
953 1083 1124 1125 Iohanni,
1152 1085 1190 1118 in
1214 1083 1278 1119 bac

292 1144 405 1188 specie
426 1151 496 1174 esse
514 1137 686 1183 Spiritum
704 1142 875 1169 sanctum.

394 1200 487 1244 Ergo
506 1208 536 1231 et
555 1195 727 1230 intellexit
742 1191 918 1228 Iohannes
935 1195 1123 1230 articulum
1142 1196 1185 1230 de
1196 1195 1280 1229 Tri-

291 1254 423 1292 nitate,
449 1258 481 1284 et
505 1247 681 1282 Ecclesiae
706 1245 863 1280 tradidit.
915 1245 1005 1279 Nam
1030 1244 1122 1280 hanc
1145 1247 1281 1280 revela-

291 1306 424 1338 tionem
449 1301 527 1333 ideo
553 1296 714 1343 patefecit
736 1295 831 1335 aliis,
858 1302 898 1329 ut
920 1307 977 1329 eos
994 1297 1037 1329 de
1056 1305 1180 1332 natura
1198 1297 1278 1336 Dei,

293 1357 336 1388 de
358 1360 499 1387 aeterno
523 1355 639 1393 patre,
668 1346 760 1380 Filio
784 1352 816 1378 et
833 1345 970 1390 Spiritu
988 1354 1107 1379 sancto
1128 1348 1278 1385 doceret,

293 1413 327 1439 et
351 1401 553 1437 discrimina
580 1398 777 1431 officiorum
795 1397 1005 1431 ostenderet.
1056 1396 1168 1430 Docet
1188 1403 1220 1430 et
1237 1398 1279 1430 de

295 1455 432 1489 duabus
457 1448 592 1484 naturis
616 1448 653 1480 in
671 1445 834 1487 Christo,
861 1458 940 1480 cum
960 1447 1025 1485 ait,
1054 1446 1184 1480 Filium
1201 1455 1279 1481 ante

295 1518 330 1539 se
361 1504 486 1541 suisse,
520 1507 553 1533 et
578 1511 673 1531 nunc
697 1498 841 1530 missum
866 1508 955 1537 esse,
988 1503 1027 1530 ut
1048 1498 1105 1531 fiat
1127 1498 1279 1532 victima.

294 1557 347 1591 De
370 1553 506 1597 Spiritu
531 1557 649 1583 sancto
674 1547 736 1580 scit
762 1559 841 1580 eum
865 1547 1069 1589 agitatorem
1093 1560 1184 1588 esse,
1220 1549 1279 1592 qui

295 1609 398 1639 (taim-
421 1608 565 1647 propter
590 1599 740 1639 filium,
775 1604 808 1630 et
831 1609 942 1630 novos
967 1605 1084 1631 motus
1105 1597 1180 1631 Deo
1206 1599 1281 1642 pla-

295 1663 411 1690 centes
436 1654 472 1686 in
496 1650 740 1687 credentibus,
767 1659 894 1680 novam
918 1648 1031 1681 lucem
1050 1656 1082 1682 et
1101 1649 1208 1682 vitam
1225 1661 1281 1683 ac-

296 1705 425 1741 cendit.
481 1701 564 1736 ldeo
582 1700 680 1735 dicit:
707 1697 904 1743 Baptizabit
922 1711 983 1732 vos
1000 1699 1136 1744 Spiritu
1152 1707 1282 1734 sancto.

398 1773 470 1807 Iam
501 1772 529 1804 si
560 1770 686 1803 ordine
716 1779 894 1801 recenseas
935 1775 1046 1802 toti-im
1071 1769 1284 1814 symbolum,

296 1827 395 1860 vides
420 1821 614 1857 Iohannem
649 1822 691 1853 de
721 1819 886 1852 omnibus
915 1819 1071 1853 articulis
1097 1820 1284 1853 conciona-

296 1885 373 1911 tum
398 1885 481 1908 esse.
536 1871 587 1904 Ita
609 1871 782 1903 discamus
799 1877 910 1902 totum
930 1867 1123 1902 Iohannem
1141 1870 1284 1909 intueri,

299 1929 335 1961 id
368 1932 436 1963 est,
481 1922 685 1956 universum
720 1919 899 1952 doctrinae
930 1931 1057 1962 corpus
1091 1921 1286 1963 complecti.

299 1975 492 2018 Praecipue
509 1983 592 2005 vero
612 1971 647 2003 in
666 1976 784 2002 nostra
804 1969 1028 2003 invocatione
1045 1982 1143 2003 mens
1161 1970 1286 2013 cogitet

300 2025 550 2062 revelationem
571 2018 722 2054 Iohanni
746 2020 887 2059 factam,
913 2026 951 2053 ut
975 2020 1211 2053 discernamus
1232 2021 1286 2054 in-

300 2077 521 2111 vocationem
546 2079 701 2105 nostram
726 2082 744 2102 a
770 2069 908 2104 Iudaica
932 2077 965 2103 et
989 2070 1158 2111 Tureica,
1186 2071 1287 2105 invo-

302 2137 420 2162 cemus
441 2123 556 2159 Deum
580 2128 780 2159 aeternnm,
816 2121 876 2166 qni
900 2132 936 2153 se.
958 2122 1118 2165 patefecit
1145 2133 1205 2164 per
1228 2121 1287 2155 Fi—

301 2180 410 2218 Iium,
437 2182 469 2209 et
485 2175 529 2208 de
547 2183 586 2206 eo
606 2171 712 2210 dixit,
739 2171 806 2205 Hic
825 2178 874 2204 est
893 2170 1003 2204 Filius
1020 2184 1114 2205 meus
1132 2172 1289 2212 dilectus,

302 2236 460 2274 petamus
482 2235 547 2258 nos
568 2221 726 2256 exaudiri
746 2229 778 2256 et
795 2221 902 2266 recipi
920 2229 1063 2266 propter
1081 2222 1230 2265 Filium,
1256 2230 1289 2257 et

303 2279 376 2323 regi
393 2276 530 2322 Spiritu
548 2279 678 2310 sancto.

705 2371 751 2397 Do
781 2374 888 2398 sexto.

406 2433 513 2480 Quod
536 2432 670 2478 inquit:
697 2431 771 2475 ligo
791 2432 927 2475 baptizo
945 2443 1006 2465 vos
1022 2443 1127 2477 aqua,
1152 2434 1210 2466 sed
1229 2431 1290 2478 qui

305 2495 386 2534 post
405 2497 460 2520 me
485 2484 622 2524 veniet,
655 2483 845 2526 baptizabit
872 2494 932 2516 vos
954 2483 1089 2527 Spiritu
1114 2491 1232 2516 sancto
1258 2490 1291 2517 et

307 2539 397 2581 igni,
423 2535 657 2570 necessarium
677 2534 865 2566 discrimen
890 2540 949 2566 est.
1002 2533 1069 2567 Sed
1093 2534 1192 2566 valde
1209 2547 1290 2578 pro-

306 2591 381 2623 dest
398 2587 498 2627 sciri,
524 2597 596 2620 non
613 2591 793 2618 externum
813 2584 1024 2627 baptismum
1041 2585 1203 2620 discerni.
1230 2586 1290 2618 sed

305 2648 483 2686 personas.
536 2635 657 2679 Longe
680 2635 798 2670 differt
817 2632 947 2669 Christi
975 2647 1123 2680 persona
1142 2647 1160 2668 a
1181 2635 1289 2669 mini-

869 72 996 112 PHIL.
1023 70 1140 111 MEL.
1163 70 1373 110 SCRIPTA
1400 70 1699 111 EXEGETICA.

2227 79 2303 115 476

1325 159 1417 195 stris.
1475 158 1516 193 Id
1541 171 1641 205 saepe
1662 159 1816 194 inculcat
1841 158 2038 202 Iohannes}
2071 167 2110 195 ut
2134 162 2305 198 discamus

1326 208 1507 245 Christum
1537 223 1610 244 non
1637 217 1774 245 tantum
1798 222 1870 245 esse
1892 213 2089 252 doctorem,
2123 218 2162 246 ut
2184 212 2307 257 imagi-

1326 267 1458 294 nantur
1479 272 1600 294 omnes
1625 261 1739 304 ignari
1758 260 1960 305 Evangelii:
1986 263 2048 296 sed
2073 262 2220 295 sciamus
2238 263 2308 297 sal-

1328 317 1483 344 vatorem
1513 322 1597 345 esse.
1663 311 1753 346 Cum
1777 313 1878 346 audis
1900 313 2157 357 praedicantem
2181 309 2310 347 lohan-

1327 373 1430 402 nem,
1458 368 1517 395 aut
1528 359 1697 403 Paulum,
1722 363 1807 396 fides
1823 361 2209 403 intueatur-Christum,
2234 374 2309 397 non

1328 412 1412 445 istos
1430 412 1609 453 doctores,
1636 418 1670 445 et
1692 413 1776 446 sciat
1799 421 1941 458 propter
1958 411 2140 447 Christum
2163 413 2239 446 dari
2255 425 2311 447 re-

1328 462 1530 496 missionem
1553 469 1794 506 peccatorum,
1822 470 1855 497 et
1878 476 1897 498 a
1916 462 2059 498 Christo
2085 470 2178 509 petat
2195 463 2312 508 Spiri-

1329 519 1404 546 tum
1430 520 1587 548 sanctum
1611 519 1644 547 et
1667 513 1774 547 vitam
1795 521 1992 557 aeternam,
2019 527 2092 548 non
2114 526 2134 548 a
2152 511 2311 548 Iohanne
2367 540 2370 543 -

1329 564 1385 596 vel
1401 562 1524 599 Paulo.

1431 613 1516 649 ldeo
1544 612 1720 648 Iohannes
1753 614 2068 659 significantissime
2092 615 2195 650 dixit:
2234 612 2311 658 Ego
2365 597 2374 634 7

1330 676 1406 698 sum
1429 677 1515 704 vox,
1543 666 1641 710 quasi
1665 666 1776 700 dicat:
1805 666 1891 700 Sum
1918 673 2054 701 tantum
2080 667 2239 700 minister
2255 678 2314 699 so·
2365 667 2373 678 '

1330 727 1419 748 nans
1435 713 1668 759 Evangelium
1680 741 1689 755 ‚
1717 729 1779 760 per
1800 718 1895 761 quod
1913 717 2002 751 alius
2018 723 2068 750 est
2084 717 2220 757 efficax,
2246 715 2314 749 sci-

1331 766 1430 804 lieet,
1466 763 1640 802 Christus.

1332 878 1403 899 esse
1435 866 1629 908 efficacem,
1670 869 1801 902 scilicet
1827 866 2028 906 Christum,
2071 868 2131 913 qui
2161 868 2315 912 baptizat

1331 916 1468 961 Spiritu
1499 925 1635 959 sancto,
1665 916 1732 952 hoc
1763 925 1831 959 est,
1866 920 1926 953 dat
1953 919 2127 963 Spiritum
2156 924 2317 951 sanctum
2366 906 2401 962 ἲ,-

1332 974 1366 1002 et
1395 967 1504 1000 vitam
1535 975 1708 1002 aeternam
1741 970 1966 1003 credentibus
1997 976 2030 1002 et
2056 969 2317 1003 invocantibus·

1331 1016 1487 1051 Econtra
1517 1030 1599 1052 vero
1631 1019 1822 1062 baptizabit
1848 1020 1923 1063 igni
1948 1031 2069 1052 omnes
2095 1019 2244 1063 impios,
2279 1019 2317 1052 id
2369 1030 2397 1063 ¹-.

1333 1074 1401 1109 est,
1434 1074 1573 1102 aeterna
1598 1069 1648 1101 ira
1673 1076 1706 1103 et
1729 1070 1941 1104 cruciatibus
1965 1070 2092 1103 obruet
2115 1081 2191 1110 eos,
2227 1069 2317 1103 sicut
2373 1076 2376 1077 ’

1333 1125 1450 1163 postea
1466 1119 1598 1164 inquit:
1628 1118 1749 1152 Paleas
1766 1121 1948 1154 comburet
1963 1120 2035 1163 igni
2048 1119 2318 1164 inextinguibili.
2368 1139 2378 1171 .⁴

1334 1169 1446 1203 Veros
1461 1176 1495 1203 et
1511 1167 1707 1203 horrendos
1723 1177 1873 1204 terrores
1891 1177 1991 1204 vocat
2006 1170 2135 1213 ignem,
2161 1177 2200 1204 ut
2215 1181 2318 1213 saepe

1333 1220 1504 1264 scriptura
1532 1221 1700 1265 loquitur.
1752 1219 1827 1254 Hos
1851 1222 2037 1264 degustant
2062 1221 2110 1264 pii
2135 1220 2171 1253 in
2194 1220 2319 1265 poeni-

1333 1271 1461 1310 tentia,
1488 1272 1547 1303 sed
1574 1272 1781 1306 liberantur.
1837 1271 1943 1317 Impii
1968 1283 2050 1305 vero
2066 1270 2319 1316 opprimuntur

1333 1327 1476 1356 aeterno
1494 1332 1623 1364 pavore
1642 1327 1675 1355 et
1691 1321 1828 1357 dolore.

1709 1420 1755 1445 De
1784 1418 1945 1451 septimo.

1436 1471 1625 1517 Postquam
1645 1473 1687 1506 de
1706 1472 1901 1506 ministerio
1919 1478 1952 1505 et
1969 1472 2011 1505 de
2027 1471 2185 1505 doctrina
2197 1471 2320 1516 Bapti-

1335 1529 1406 1556 stae
1429 1523 1561 1556 dictum
1587 1531 1654 1563 est,
1688 1523 1815 1555 deinde
1841 1524 1884 1555 de
1908 1523 1982 1555 eius
2005 1523 2152 1566 privatis
2178 1523 2321 1555 virtuti-

1337 1575 1401 1606 bus
1423 1573 1572 1608 dicatur.
1625 1573 1693 1607 Sed
1720 1573 1856 1618 quoties
1881 1573 2037 1616 exempla
2062 1579 2322 1616 proponuntur,

1336 1624 1486 1657 sciamus
1524 1623 1728 1657 discrimina
1767 1634 1839 1656 esse
1874 1623 2098 1656 vocationum
2126 1629 2160 1656 et
2193 1624 2324 1667 gradus

1337 1674 1507 1707 virtutum
1520 1701 1529 1714 ‚
1557 1674 1715 1707 imitetur
1738 1673 1979 1718 unusquisque
2001 1685 2039 1707 ea
2059 1685 2147 1719 quae
2162 1684 2244 1707 suae
2260 1685 2324 1707 vo-

1337 1725 1467 1758 cationi
1492 1731 1714 1768 competunt,
1741 1730 1774 1757 et
1797 1724 1954 1757 imitetur
1976 1735 2041 1768 pro
2056 1735 2116 1757 sua
2133 1724 2325 1758 mediocri-

1338 1782 1416 1810 tate.
1477 1774 1548 1808 Nec
1575 1775 1747 1809 existimet
1771 1785 1806 1808 se
1829 1774 1973 1807 illorum
1999 1775 2244 1808 excellentium
2271 1775 2325 1808 vi-

1339 1837 1459 1859 rorum
1484 1826 1611 1868 gradus
1633 1825 1790 1869 assequi,
1825 1825 1883 1857 sed
1908 1825 2018 1868 ipsam
2045 1825 2324 1860 mediocritatem

1341 1887 1505 1919 magnum
1525 1877 1630 1909 decus
1645 1887 1717 1908 esse
1734 1876 1770 1909 in
1789 1872 1843 1907 his
1860 1886 1949 1918 quae
1965 1882 2169 1918 competunt
2185 1882 2325 1910 nostrae

1340 1926 1535 1967 vocationi,
1570 1926 1659 1960 sicut
1682 1925 1813 1959 Paulus
1843 1925 1975 1970 inquit:
2012 1924 2089 1959 Hoc
2119 1927 2324 1972 requiritur.
2351 1931 2367 1942 ·'

1340 1983 1377 2011 ut
1397 1977 1514 2010 fideles
1530 1976 1651 2012 simus.

1445 2025 1551 2069 Quod
1583 2039 1664 2061 vero
1691 2024 1866 2060 lohannes
1896 2026 1983 2061 vivit
2007 2026 2042 2060 in
2068 2027 2223 2068 deserto,
2257 2025 2325 2062 hoc

1343 2077 1438 2111 illius
1462 2078 1639 2111 vocationi
1666 2078 1916 2117 conveniebat,
1952 2084 2032 2111 tuae
2052 2089 2125 2111 non
2149 2079 2326 2115 convenit.
2346 2085 2356 2094 '

1343 2128 1435 2171 Quia
1459 2140 1537 2163 cum
1564 2135 1666 2162 natus
1691 2135 1777 2162 esset
1802 2128 1838 2160 in
1855 2128 1949 2162 tribu
1967 2128 2193 2169 sacerdotali,
2220 2129 2327 2163 debe-

1343 2180 1401 2212 bat
1424 2179 1617 2212 sacrificare
1639 2179 1676 2212 in
1700 2179 1842 2222 templo.
1911 2177 2003 2214 Cum
2024 2179 2131 2222 igitur
2151 2179 2247 2214 Deus
2270 2180 2328 2214 in-

1343 2236 1459 2263 coaret
1491 2241 1553 2273 per
1578 2241 1657 2263 enm
1689 2229 1785 2263 alind
1816 2228 2070 2270 ministerium,
2106 2229 2217 2264 voluit
2248 2241 2327 2265 eum

1344 2281 1520 2314 discedere
1545 2292 1562 2313 a
1585 2280 1734 2324 templo,
1761 2280 1840 2313 ideo
1863 2287 2020 2314 versatur
2045 2280 2083 2313 in
2103 2281 2261 2322 deserto,
2288 2293 2326 2316 ac

1345 2330 1588 2374 intelligebant
1610 2331 1807 2364 sacerdotes
1829 2341 1903 2363 rem
1927 2342 2056 2363 novam
2080 2331 2157 2373 agi,
2185 2338 2219 2365 et
2242 2342 2327 2366 con·

1344 2382 1487 2416 trariam
1519 2381 1597 2423 legi.
1649 2380 1725 2414 Hae
1754 2391 1877 2414 causae
1905 2380 2076 2414 sactorum
2101 2382 2138 2414 in
2161 2381 2327 2426 exemplis

1344 2432 1632 2473 considerentur,
1665 2438 1699 2466 et
1726 2430 1873 2465 sciamus
1900 2443 1971 2464 nou
1997 2432 2116 2466 omnia
2139 2431 2326 2467 convenire

1344 2483 1521 2517 omnibus.

1447 2533 1540 2576 Quia
1564 2539 1678 2566 autem
1705 2538 1777 2566 erat
1800 2531 1837 2565 in
1863 2532 2021 2573 deserto,
2047 2543 2101 2567 res
2122 2533 2167 2567 ita
2184 2531 2328 2574 serebat,

1315 2619 1318 2627 Δ
1345 2591 1383 2618 ut
1402 2585 1513 2618 victus
1530 2591 1617 2618 esset
1633 2583 1826 2617 sordidior:
1855 2583 1917 2617 etsi
1936 2584 1978 2616 de
1996 2582 2138 2618 locustis
2154 2593 2216 2625 ego
2233 2582 2329 2617 arbi·

1345 2642 1439 2677 tror,
1466 2642 1503 2669 ut
1520 2641 1640 2669 contra
1659 2634 1769 2678 legem
1787 2631 2063 2675 fecitlohannes,
2089 2635 2183 2678 quod
2199 2633 2328 2669 disces·

1694 766 1744 801 Ita
1769 768 1855 801 dicit
1875 779 1910 800 se
1936 767 2111 811 baptizare
2133 778 2241 812 aqua,
2275 765 2313 800 id
2363 762 2368 769 ⁸

1332 823 1398 857 est,
1432 814 1600 850 adhibere
1624 823 1805 851 externum
1830 818 2085 857 ministerium,
2119 818 2177 850 sed
2204 817 2337 857 alium,

2366 2493 2407 2636 tl

2365 2627 2405 2697 1⁴·ss
