2409 2915
659 111 739 148 ΧΠ.

205 204 298 246 eius,
322 206 353 236 et
370 198 535 249 aperiens
549 194 590 231 os
605 207 730 238 suum,
758 194 907 233 docebat
924 208 1001 240 eos,
1030 195 1088 232 di-

205 266 302 290 cens:
322 250 437 287 Beati
445 258 622 298 pauperes
636 246 782 294 spiritu,
799 248 974 297 quoniam
991 249 1088 296 ipso-

207 318 286 340 rum
321 308 371 338 est
399 312 549 346 regnum
582 296 775 334 coelorum.
825 297 941 333 Beati
972 299 1087 341 mites,

206 354 380 405 quoniam
396 350 471 399 ipsi
489 347 773 384 haereditabunt
789 353 935 384 terram.
976 348 1090 384 Beati

206 406 272 455 qui
297 404 442 450 lugent,
479 399 656 448 quoniam
687 399 762 447 ipsi
790 399 1088 436 consolabuntur.

202 452 396 501 Beati-qui
408 451 572 486 esuriunt
589 455 620 484 et
635 450 767 485 sitiunt
782 450 980 492 iusticiam,
997 464 1086 500 quo-

203 505 307 540 niam
330 502 405 550 ipsi
419 500 701 537 saturabuntur.
755 499 870 536 Beati
884 501 1086 537 misericor-

200 554 273 596 des,
289 553 465 604 quoniam
481 551 557 600 ipsi
568 550 859 587 misericordiam
873 564 1087 601 consequen·

200 611 271 641 tur.
328 603 444 639 Beati
472 601 611 637 mundo
642 602 763 642 corde,
805 604 981 651 quoniam
1015 603 1090 650 ipsi

198 654 323 690 Deum
347 653 529 690 videbunt.
581 652 697 688 Beati
714 651 876 702 pacifici,
910 655 1086 702 quoniam

200 704 365 754 ipsifilii
378 704 456 740 Dei
472 703 706 739 vocabuntur.
755 702 871 738 Beati
885 705 952 752 qui
964 716 1083 752 perse-

201 757 379 792 cutionem
395 755 593 804 patiuntur
603 759 750 803 propter
768 754 970 796 iusticiam,
994 767 1083 802 quo-

201 808 305 842 niam
322 808 484 854 ipsorum
500 811 551 840 est
567 816 717 852 regnum
731 804 921 842 coelorum.
972 804 1087 840 Beati

199 859 304 901 estis,
339 870 418 892 cum
441 856 742 904 exprobraverint
774 855 874 890 cobis
904 853 1085 900 homines,

200 914 231 944 et
255 907 434 957 persecuti
456 919 516 941 vos
538 907 704 956 fuerint,
739 914 772 940 et
793 905 956 941 dixerint
983 918 1085 941 omne

200 959 341 994 malum
379 957 523 993 verbum
559 956 734 992 adversus
769 969 830 991 vos
865 957 1084 997 mentientes,

197 1015 344 1058 propter
361 1021 427 1045 me.
470 1006 635 1043 Gaudete
651 1013 682 1042 et
700 1006 880 1047 exultate,
907 1008 1084 1055 quoniam

198 1072 328 1095 merces
361 1064 479 1094 vestra
510 1058 655 1105 copiosa
686 1063 736 1092 est
771 1057 811 1091 in
844 1058 964 1092 coelis.
1022 1056 1085 1092 Sic

199 1111 293 1145 enim
314 1109 493 1158 persecuti
514 1114 600 1144 sunt
621 1105 827 1155 Prophetas
848 1108 915 1157 qui
925 1108 1083 1157 suerunt

198 1166 284 1196 ante
308 1174 380 1198 vos,

105 123 180 160 493

147 1228 241 1264 Tres
255 1236 338 1265 sunt
351 1228 432 1264 loci.

246 1295 275 1332 I.
327 1294 498 1330 Doctrina
517 1293 689 1337 generalis
708 1299 777 1334 est,
803 1299 925 1327 contra
941 1292 1083 1338 opinio-

297 1356 360 1380 nes
377 1346 420 1379 de
436 1344 602 1378 scandalo
619 1342 744 1378 crucis.

247 1395 294 1430 11.
335 1393 383 1430 Et
404 1401 487 1429 sunt
507 1394 663 1428 adiectae
692 1390 945 1438 promissiones
967 1392 1083 1426 bono-

297 1457 376 1480 rum
396 1456 562 1489 operum,
589 1443 861 1487 interpretantes
877 1443 1000 1487 legem.

245 1495 312 1532 111.
345 1494 394 1530 Et
424 1495 530 1529 simul
562 1494 714 1528 traditur
748 1493 909 1529 doctrina
938 1494 982 1527 de
1013 1492 1081 1527 fide

297 1546 489 1580 exercenda
506 1545 544 1578 in
562 1541 618 1578 his
633 1544 812 1590 operibus,

484 1644 528 1669 De
554 1641 676 1674 primo.

194 1705 366 1750 Duplices
397 1712 479 1740 sunt
502 1703 770 1749 promissiones.
824 1700 925 1737 Aliae
949 1702 1086 1746 legales,

94 1769 183 1804 quae
207 1755 340 1790 habent
359 1755 599 1790 conditionem
628 1766 793 1798 operum,
820 1759 853 1787 et
878 1759 960 1787 sunt
983 1753 1086 1786 addi-

94 1816 148 1843 tae
161 1807 263 1842 bonis
279 1806 463 1851 operibus,
502 1817 562 1839 seu
579 1804 730 1845 meritis,
764 1810 822 1838 ut:
859 1803 932 1847 Qui
948 1803 1085 1837 dederit

94 1859 157 1894 uni
167 1870 214 1892 ex
231 1857 390 1891 minimis
407 1864 533 1901 potum
552 1867 681 1900 aquae,
711 1866 784 1888 non
811 1855 934 1898 perdet
952 1865 1085 1887 merce-

95 1910 173 1944 dem
195 1920 305 1943 suam.
358 1906 407 1942 Et
423 1905 500 1941 hic:
529 1905 630 1940 Beati
647 1905 766 1947 mites,
792 1903 890 1939 Beati
915 1915 1086 1949 pauperes

95 1959 220 2005 spiritu
242 1966 306 1995 etc.
358 1957 429 1993 Sed
456 1969 535 1992 cum
559 1956 628 1999 legi
657 1967 761 1990 nemo
787 1955 992 1995 satisfaciat,
1026 1952 1085 1988 hic

95 2010 335 2056 quaerendum
367 2016 436 2050 est,
471 2007 649 2054 quomodo
676 2007 770 2040 bona
795 2017 900 2051 opera
924 2005 1085 2050 placeant

94 2059 189 2101 Deo,
223 2067 256 2094 et
278 2061 460 2104 quomodo
485 2057 550 2093 hae
582 2057 834 2103 promissiones
864 2057 948 2090 fiant
977 2061 1083 2091 ratae.

96 2110 180 2144 ldeo
201 2111 473 2154 respondemus,
505 2110 596 2143 sieut
619 2108 706 2142 alias
734 2119 837 2152 saepe
862 2107 994 2141 dictum
1016 2112 1081 2139 est:

95 2160 167 2194 Lex
191 2160 266 2194 sine
287 2157 430 2194 Christo
454 2172 528 2193 non
552 2159 712 2203 prodest,
740 2158 830 2192 sicut
850 2164 966 2191 autem
991 2156 1083 2189 valet

95 2211 170 2251 lex,
198 2211 246 2244 sic
262 2216 297 2244 et
313 2210 430 2245 valent
448 2210 575 2253 legales
593 2209 861 2253 promissiones,
888 2219 966 2241 cum
984 2206 1082 2250 prius

96 2259 313 2310 apprehensa
337 2267 387 2295 est
405 2260 590 2304 promissio
618 2259 749 2301 gratiae
765 2260 915 2292 donatae
939 2263 1083 2302 propter

95 2309 288 2346 Christum.
342 2310 464 2356 ltaque
488 2323 566 2344 cum
591 2309 659 2342 fide
681 2309 761 2343 iusti
787 2320 924 2349 sumus,
954 2307 1082 2342 deinde

96 2363 207 2407 placet
233 2361 307 2396 Deo
333 2362 470 2396 incoata
494 2359 717 2399 obedientia,
750 2365 782 2392 et
806 2365 960 2393 meretur
980 2368 1083 2402 prae-

96 2413 183 2453 mia,
215 2425 254 2447 ac
276 2412 526 2458 promissiones
549 2419 632 2446 tunc
657 2416 752 2443 ratae
775 2416 876 2449 sunt,
910 2408 992 2453 quia
1020 2407 1080 2441 illa

97 2464 295 2498 obedientia
312 2463 441 2497 dicitur
455 2474 527 2497 esse
543 2461 713 2507 quaedam
731 2460 815 2504 legis
832 2459 1004 2503 impletio.

196 2520 260 2556 Est
282 2522 390 2566 igitur
414 2522 480 2555 alia
507 2519 694 2566 promissio
721 2518 862 2563 propria
884 2516 1080 2560 Evangelii,

99 2573 243 2616 gratuita
256 2599 268 2614 ,
292 2573 454 2606 videlicet
471 2569 768 2605 reconciliationis
787 2576 820 2603 et
840 2568 996 2602 iusticiae
1013 2569 1080 2601 im—

98 2624 272 2666 putandae
286 2630 429 2668 propter
444 2620 635 2658 Christum.
672 2619 767 2653 Haec
785 2620 969 2663 promissio
987 2630 1080 2652 sem-

99 2683 161 2716 per
174 2674 375 2718 praelucere
389 2674 494 2708 debet
506 2672 672 2706 omnibus
686 2671 852 2715 operibus
869 2677 901 2705 et
926 2668 1080 2716 promis-

791 107 1186 149 ANNOTATIONES
1213 109 1264 147 IN
1289 110 1590 150 EVANGELIA.

2055 109 2130 145 494

1138 195 1318 239 sionibus,
1351 197 1434 243 quia
1457 209 1520 242 per
1541 196 1673 232 Filium
1692 195 1862 232 habemus
1884 206 2059 232 accessum
2081 196 2129 231 ad

1138 253 1283 293 patrem.
1335 246 1432 281 Haec
1462 248 1541 281 ideo
1573 248 1718 292 praefati
1747 259 1885 288 sumus,
1918 255 1958 283 ut
1984 249 2125 291 sciatur,

1139 298 1317 344 quomodo
1334 295 1400 331 hae
1414 298 1663 341 promissiones
1680 299 1807 342 legales
1822 299 1962 334 valeant
1978 306 2013 334 et
2030 307 2124 334 ratae

1138 349 1227 390 sint,
1253 348 1348 382 iuxta
1366 348 1474 382 illud:
1503 347 1570 381 Per
1589 348 1690 381 fidem
1711 349 1909 384 stabilimus
1925 350 2050 395 legem.

1238 415 1334 449 Hinc
1360 414 1528 460 explicari
1553 414 1658 448 etiam
1681 414 1833 449 obiectio
1857 423 1980 460 potest.
2032 416 2122 452 Cum

1136 465 1195 501 hic
1210 466 1321 505 dicat,
1343 463 1505 500 homines
1523 466 1642 499 beatos
1659 476 1732 498 esse
1746 467 2035 508 mansuetudine,
2060 480 2123 502 cur

1136 517 1221 552 alibi
1237 516 1364 557 dicitis,
1381 517 1453 550 sola
1469 517 1537 550 fide
1551 515 1733 550 iustificari
1747 512 1935 549 homines?
1961 516 2124 561 Respon-

1137 569 1219 602 deo:
1245 566 1341 601 Haec
1356 578 1427 601 non
1445 573 1616 612 pugnant.
1661 563 1815 610 Oportet
1834 566 1988 610 primum
2006 564 2123 600 homi-

1137 630 1198 652 nes
1214 618 1289 651 fieri
1309 617 1418 652 iustos
1435 629 1495 651 seu
1512 622 1669 662 acceptos
1684 616 1778 658 Deo,
1805 617 1890 657 fide,
1917 617 2023 660 gratis
2039 629 2123 661 pro-

1137 676 1214 714 pter
1235 666 1435 709 Christum,
1467 674 1585 712 postea
1616 674 1698 701 sunt
1720 667 1823 701 etiam
1851 667 1966 708 beati,
2001 667 2039 700 id
2064 674 2125 708 est,

1136 717 1304 753 habentes
1320 719 1412 752 dona
1430 725 1463 752 et
1481 717 1634 762 praemia
1649 728 1669 751 a
1684 716 1779 757 Deo,
1811 724 1954 760 propter
1971 724 2123 751 caeteras

1136 770 1294 805 virtutes.
1340 768 1436 803 Haec
1452 768 1527 803 sine
1542 765 1733 812 sophistica
1749 765 1816 801 hoc
1830 768 1936 800 modo
1953 767 2123 811 explicata

1134 821 1236 854 facile
1251 819 1404 863 intelligi
1420 825 1580 864 possunt.
1632 816 1817 852 Discamus
1833 817 1941 861 igitur
1956 818 2047 851 tradi
2064 815 2122 850 hic

1135 870 1385 916 promissiones
1407 870 1533 914 legales
1549 880 1610 903 seu
1636 869 1812 902 bonorum
1842 878 2009 911 operum,
2033 878 2123 912 quae

1134 922 1184 955 sic
1207 920 1429 965 accipiendae
1451 925 1554 958 sunt,
1587 925 1627 952 ut
1650 930 1786 962 semper
1816 917 2014 962 praeluceat
2039 928 2124 961 pro-

1135 971 1254 1006 missio
1274 970 1473 1014 evangelica
1492 969 1624 1014 gratiae
1640 966 1789 1005 Christi.

1507 1068 1553 1093 De
1585 1068 1753 1094 secunde.

1236 1128 1493 1164 Promissiones
1507 1128 1575 1162 hoc
1591 1129 1668 1162 loco
1691 1125 1890 1172 propositae
1907 1125 2122 1160 dissentiunt

1135 1193 1153 1215 a
1180 1181 1311 1215 iudicio
1337 1179 1502 1218 rationis,
1530 1185 1562 1213 et
1586 1185 1668 1213 sunt
1685 1177 1855 1222 expositio
1881 1176 1967 1220 legis
1986 1174 2123 1209 Mosai-

1135 1244 1209 1266 cae:
1238 1232 1292 1265 lex
1309 1230 1406 1270 dicit,
1430 1229 1533 1263 bonis
1549 1230 1638 1263 bene
1655 1229 1742 1262 fore.
1781 1225 1830 1262 At
1846 1227 1905 1260 hie
1921 1223 2124 1260 dicitChri-

1134 1289 1227 1322 stus,
1252 1281 1365 1315 iustos
1384 1280 1522 1314 futuros
1548 1279 1586 1312 in
1610 1284 1832 1325 paupertate,
1858 1277 1976 1317 luctu,
2004 1287 2124 1320 perse·

1134 1331 1286 1366 cutione.
1339 1328 1409 1364 Sed
1434 1330 1622 1373 respondet
1647 1327 1829 1368 Christus,
1857 1326 1993 1360 differri
2023 1337 2123 1369 prae-

1134 1381 1205 1414 mia
1228 1379 1436 1425 praecipua,
1464 1379 1528 1413 etsi
1548 1379 1585 1412 in
1611 1376 1676 1411 bac
1699 1378 1769 1412 vita
1793 1377 1898 1411 etiam
1923 1375 2128 1409 conservari.

1134 1429 1326 1466 Ecclesiam
1344 1435 1482 1474 oportet
1501 1428 1725 1462 mirabilibus
1747 1425 1924 1462 beneficiis
1943 1424 2024 1462 Dei.

1340 1486 1448 1521 Iustis
1464 1487 1558 1520 bene
1578 1487 1631 1522 sit.

1338 1537 1429 1571 Abel
1446 1543 1496 1571 est
1514 1537 1638 1577 iustus,

1392 1586 1488 1630 Ergo
1506 1585 1621 1620 Abelo
1641 1587 1731 1620 bene
1750 1584 1805 1620 sit.

1236 1645 1450 1690 Respondeo
1478 1644 1632 1688 primum
1657 1644 1699 1676 ad
1729 1643 1921 1675 minorem:
1956 1640 2051 1675 Abel
2072 1648 2125 1676 est

1137 1697 1248 1731 iustus
1273 1695 1524 1740 imputatione,
1558 1700 1592 1727 et
1617 1691 1721 1727 habet
1747 1692 1920 1726 incoatam
1952 1691 2126 1725 obedien-

1137 1748 1242 1788 tiam,
1267 1746 1326 1779 sed
1345 1745 1425 1791 quia
1442 1745 1479 1779 in
1495 1756 1536 1778 eo
1551 1741 1668 1778 adhuc
1686 1741 1805 1776 haeret
1823 1748 2021 1787 peccatum,
2047 1754 2125 1775 ma-

1138 1805 1198 1832 net
1213 1809 1321 1836 mors,
1348 1802 1381 1830 et
1398 1793 1482 1829 haec
1498 1801 1624 1828 natura
1637 1793 1762 1827 vitiosa
1778 1800 1829 1827 est
1843 1792 1999 1826 subiecta
2015 1792 2126 1826 cruci.

1139 1848 1224 1882 Ideo
1241 1847 1458 1881 differuntur
1474 1845 1628 1889 praemia
1653 1845 1696 1877 ad
1720 1849 1997 1876 consummatam
2020 1842 2124 1875 iusti-

1138 1899 1239 1934 ciam.
1290 1896 1429 1930 Deinde
1465 1895 1678 1939 respondeas
1715 1894 1757 1926 ad
1794 1892 1982 1926 maiorem:
2018 1891 2124 1926 Iustis

1137 1950 1227 1983 bene
1242 1948 1297 1989 sit,
1323 1947 1419 1980 iuxta
1436 1945 1623 1979 consilium
1644 1943 1722 1984 Dei,
1749 1950 1782 1977 et
1799 1948 1877 1987 post
1893 1940 1984 1976 hanc
2001 1942 2130 1978 vitam.

1137 1999 1225 2034 Nam
1241 1996 1349 2038 Deus,
1376 2003 1414 2030 ut
1429 2002 1542 2030 servet
1558 1993 1765 2034 Ecclesiam,
1792 1993 1896 2027 etiam
1913 1992 1951 2026 in
1969 1990 2033 2026 hac
2050 1992 2123 2026 vita

1136 2048 1294 2094 impertit
1310 2047 1464 2090 ingentia
1480 2047 1591 2086 dona,
1617 2046 1676 2078 sed
1698 2045 1790 2078 inter
1812 2043 1987 2076 mirabilia
2011 2049 2123 2076 certa-

1137 2100 1250 2140 mina,
1284 2098 1374 2132 sicut
1407 2097 1559 2130 servavit
1591 2094 1785 2129 Ecclesiam
1821 2095 1859 2127 in
1895 2093 2050 2133 diluvio,
2084 2093 2121 2125 in

1136 2150 1315 2195 Aegypto,
1342 2148 1380 2181 in
1402 2147 1602 2192 captivitate
1617 2145 1833 2191 Babylonica
1844 2171 1860 2185 ,.
1878 2150 1911 2177 et
1926 2150 2121 2187 martyrum

1136 2200 1365 2244 temporibus.
1413 2197 1613 2231 Teneamus
1629 2196 1736 2239 igitur
1753 2193 1842 2228 hane
1859 2192 2122 2238 interpretatio-

1135 2263 1215 2284 nem
1240 2250 1344 2294 legis,
1371 2260 1475 2294 quam
1499 2245 1557 2281 hic
1573 2245 1734 2281 Christus
1761 2244 1888 2284 tradit,
1916 2255 1995 2277 cum
2019 2254 2125 2287 prae-

1134 2302 1204 2334 mia
1223 2301 1418 2345 pollicetur,
1443 2305 1476 2333 et
1491 2305 1636 2332 testatur
1659 2295 1786 2340 partim
1813 2295 1848 2327 in
1865 2292 1929 2328 hac
1947 2293 2016 2328 vita
2033 2293 2128 2333 dari,

1135 2352 1261 2397 partim
1278 2358 1355 2397 post
1371 2348 1462 2384 hanc
1479 2349 1605 2384 vitam.

1525 2447 1577 2470 De·
1608 2445 1728 2470 tertio.

1236 2511 1304 2547 Sed
1322 2509 1389 2544 hoc
1408 2508 1596 2554 praecipue
1613 2506 1819 2540 discendum
1840 2510 1891 2537 est
1909 2503 1944 2535 in
1962 2499 2020 2535 his
2034 2514 2121 2536 con-

1132 2563 1312 2603 cionibus,
1346 2560 1529 2607 quomodo
1555 2559 1638 2591 fides
1668 2557 1705 2589 in
1738 2553 1792 2588 his
1823 2553 2125 2601 promissionibus

1131 2614 1321 2648 exercenda
1346 2613 1399 2645 sit.
1454 2608 1626 2644 lactamus
1649 2607 1771 2645 fidem,
1797 2611 1830 2638 et
1853 2603 2003 2636 maxime
2027 2603 2122 2646 fugi-

1131 2677 1208 2699 mus
1230 2663 1392 2698 exercitia
1417 2661 1515 2695 fidei.
1558 2656 1725 2692 Christus
1741 2655 1909 2701 praedicit
1924 2652 2122 2687 Ecclesiam
