2409 2915
283 81 356 117 443

331 167 420 204 Fui!
444 170 564 200 autem
583 161 726 199 Saulus
743 174 820 197 cum
839 159 1052 211 discipulis,
1075 161 1141 210 qui
1160 167 1263 196 erant

373 216 575 255 Damasci,
601 227 664 263 per
680 213 756 248 dies
771 212 928 261 aliquot.
969 211 1022 246 Et
1039 213 1209 248 continuo
1225 213 1263 246 in

378 267 583 314 synagogis
607 263 848 312 praedicabat
865 259 1079 304 Christum,
1106 262 1207 311 quod
1233 264 1264 297 is

380 315 567 352 estFilius
584 315 671 353 Dei.
704 314 907 364 Stupebant
926 319 1045 349 autem
1065 327 1186 349 omnes
1202 312 1267 362 qui

378 367 594 409 audiebant,
621 372 651 402 et
672 365 858 401 dicebant.-
883 363 1018 401 Nonne
1034 363 1094 399 hic
1111 371 1173 405 est,
1202 363 1268 412 qui

381 419 606 466 expugnavit
636 418 675 452 in
708 416 911 452 Ierusalem
942 428 1019 457 eos,
1047 416 1112 464 qui
1136 427 1265 449 nomen

379 471 549 504 invocant
578 466 701 503 illud?
753 466 805 501 Et
830 465 901 501 huc
923 465 977 500 ad
997 464 1065 501 hoc
1088 468 1200 507 venit,
1229 470 1266 499 ut
1291 469 1293 473 ⁴

378 522 516 555 vinctos
541 519 628 554 illos
653 517 790 553 duceret
812 516 867 551 ad
886 517 1068 566 principes
1097 514 1266 551 sacerdo—

380 577 467 606 tum.
509 569 651 605 Saulus
671 573 791 602 autem
807 568 924 602 multo
941 569 1063 614 magis
1078 567 1268 616 conforta-

381 623 508 662 batur,
534 626 563 655 et
591 617 840 668 confundebat
865 617 1044 661 Iudaeos,
1071 619 1136 666 qui
1157 615 1266 651 habi-

381 673 512 707 tabant
540 670 746 709 Damasci,
779 668 982 720 affirmans
1007 667 1108 718 quod
1134 665 1193 703 hic
1218 672 1267 702 est

382 719 570 758 Christus.

332 789 472 838 Septem
490 795 571 823 sunt
588 787 656 822 loci
675 787 865 833 praecipui.

436 856 462 891 l.
517 855 641 899 Qualis
658 854 830 898 dispersio
848 854 892 888 sit
907 851 1096 889 Ecclesiae.

436 907 481 943 ΙΙ.
519 907 624 950 Quod
643 904 738 939 Deus
755 911 956 946 conservet,
984 911 1017 938 et
1041 903 1193 937 subinde
1214 914 1269 938 re-

491 964 596 991 novet
615 955 861 989 ministerium.

436 1008 500 1044 lll.
562 1006 668 1050 Quod
706 1005 840 1038 miserit
874 1002 1064 1049 Apostolos
1098 1003 1269 1048 singulari

483 1059 590 1093 modo
602 1081 611 1096 ,
640 1056 714 1090 sine
731 1055 872 1100 politica
890 1056 1022 1101 gloria,
1050 1056 1190 1103 qualem
1206 1053 1270 1089 ha-

485 1111 636 1144 buerant
659 1104 869 1151 Prophetae.

434 1168 517 1204 lllI.
573 1167 679 1211 Quod
698 1166 846 1200 virtutes
870 1165 1093 1209 singulorum
1117 1166 1270 1210 diligen-

485 1228 538 1254 ter
569 1218 844 1253 considerandae
870 1217 954 1251 sint.
1016 1216 1198 1258 Primum,
1232 1223 1271 1251 ut

484 1272 562 1305 Deo
581 1269 708 1313 gratias
723 1279 876 1311 agamus,
903 1268 996 1313 quod
1014 1268 1185 1302 instaurat
1203 1268 1270 1301 mi-

486 1321 691 1358 nisterium,
719 1331 764 1352 ne
791 1325 904 1353 totum
934 1316 1130 1352 humanum
1161 1329 1271 1361 genus

487 1378 613 1417 pereat.
664 1370 814 1410 Deinde,
841 1376 880 1402 ut
899 1368 1134 1403 ministerium
1154 1369 1270 1412 ipsum

487 1422 615 1458 rectius
638 1420 888 1463 intelligamus,
942 1418 1051 1460 Item,
1079 1425 1118 1455 ut
1150 1419 1270 1462 aliquo

487 1474 593 1508 modo
610 1470 830 1514 diligentiam
849 1469 1038 1505 imitemur.
1073 1468 1270 1510 Postremo,

489 1531 528 1559 ut
551 1534 690 1557 oremus
716 1520 850 1562 Deum,
885 1527 925 1554 ut
947 1531 1012 1556 nos
1037 1519 1141 1555 faciat
1163 1520 1271 1554 mini-

485 1582 576 1609 stros
594 1573 718 1613 utiles,
745 1583 809 1604 nec
833 1571 926 1605 sinat
949 1583 1014 1604 nos
1035 1577 1173 1607 tantum
1199 1582 1271 1604 esse

487 1625 605 1659 inania
631 1634 738 1656 onera
757 1629 886 1660 terrae,
916 1628 974 1654 aut
999 1628 1110 1665 pestes
1133 1621 1272 1665 generis

487 1675 648 1712 humani.
703 1673 830 1717 Ingens
856 1672 950 1705 enim
969 1672 1104 1706 donum
1125 1671 1190 1706 Dei
1211 1679 1272 1710 est,

485 1728 531 1762 ita
557 1727 774 1771 gubernare,
807 1731 845 1758 ut
869 1735 923 1756 res
948 1723 1052 1758 utiles
1078 1735 1197 1766 geras,
1233 1730 1272 1757 ut

485 1779 626 1824 politias
644 1773 895 1809 Themistoclis
914 1774 980 1807 suit
999 1774 1096 1807 utilis
1121 1775 1271 1819 patriae:

486 1829 608 1874 politia
628 1825 795 1866 Periclis,
829 1825 962 1858 etiamsi
987 1831 1060 1859 erat
1075 1825 1273 1868 splendida,
1296 1827 1298 1851 ἶ

485 1888 600 1914 tamen
618 1889 689 1911 non
707 1876 774 1908 suit
791 1875 925 1923 patriae
939 1875 1112 1909 salutaris.
1294 1868 1299 1907 l

435 1939 479 1974 Y.
531 1936 721 1985 Proprium
750 1945 880 1967 munus
909 1932 1011 1966 Pauli
1042 1934 1127 1974 suit,
1175 1935 1271 1979 quod
1296 1915 1299 1940 l

486 1987 680 2024 illustravit
711 1985 900 2018 discrimen
930 1984 1014 2027 legis
1045 1991 1078 2018 et
1110 1982 1272 2028 Evange-

487 2041 545 2080 lii,
572 2036 738 2072 refutavit
760 2036 964 2080 opinionem
985 2035 1127 2068 infixam
1144 2036 1272 2071 animis

485 2091 645 2126 omnium
683 2085 889 2125 hominum,
933 2098 1001 2131 qua
1037 2087 1272 2130 imaginamur

488 2153 553 2176 nos
572 2142 644 2183 lege
667 2146 699 2173 et
715 2137 845 2171 nostris
864 2137 1054 2171 virtutibus
1072 2138 1198 2171 mereri
1216 2150 1271 2171 re-

488 2192 691 2227 missionem
719 2195 962 2232 peccatorum,
997 2194 1029 2221 et
1053 2187 1162 2222 iustos
1187 2201 1271 2225 esse.

491 2244 558 2278 llic
583 2248 725 2278 contra,
761 2245 935 2273 monstrat
960 2237 1091 2272 Filium
1116 2238 1203 2278 Dei,
1239 2247 1272 2274 ct
1296 2232 1297 2244 ¹

484 2293 690 2332 contendit,
730 2297 874 2335 propter
910 2287 1004 2324 hunc
1040 2290 1269 2325 mediatorem

489 2345 596 2390 gratis
625 2344 691 2376 fide
722 2340 888 2387 consequi
923 2340 1164 2373 remissionem
1195 2354 1270 2375 cre-

486 2399 621 2434 dentes,
648 2401 680 2427 et
698 2392 926 2437 pronunciari
947 2392 1071 2432 iustos,
1098 2399 1132 2426 et
1151 2393 1198 2426 sic
1216 2393 1270 2426 in-

487 2447 582 2482 coari
602 2446 637 2478 in
658 2444 761 2477 nobis
779 2444 885 2477 xitam
905 2450 1095 2477 aeternam.
1294 2444 1296 2469 Ι

433 2499 480 2535 Et
496 2506 533 2532 ut
551 2495 639 2530 banc
654 2494 841 2538 gratuitam
854 2493 1152 2527 condonationem
1169 2506 1269 2542 prae·
1294 2487 1296 2529 l

487 2551 619 2584 dicaret
646 2546 743 2585 orbi,
777 2545 946 2587 singulari
983 2545 1089 2578 modo
1127 2554 1269 2579 vocatus

486 2609 553 2641 est,
581 2606 712 2633 utrum
731 2597 849 2630 suisset
869 2593 998 2636 bostis,
1025 2607 1087 2629 suo
1112 2597 1269 2632 testimo-

487 2653 545 2685 nio
566 2649 782 2687 ostenderet,
810 2647 916 2691 gratis
942 2647 1050 2692 recipi
1075 2649 1268 2689 credentes,
1294 2661 1295 2684 1

875 75 1002 114 PfflL.
1028 73 1145 114 MEL.
1175 74 1386 113 SCRtPTA
1414 73 1716 114 EXEGETICA.

2228 82 2302 121 444

1519 170 1554 198 et
1580 177 1652 198 non
1683 165 1868 199 afferentes
1893 163 2028 200 merita.
2089 164 2245 202 Illustrat
2270 177 2305 204 et

1519 216 1606 249 alias
1629 223 1744 261 partes
1767 216 1965 257 doctrinae,
1991 215 2181 250 discrimen
2203 219 2308 263 spiri-

1523 266 1629 300 tualis
1653 273 1686 301 et
1717 267 1881 312 politicae
1906 266 2084 307 iusticiae,
2118 268 2307 303 discrimen

1523 314 1702 350 Ecclesiae
1724 324 1757 351 et
1782 318 1986 361 impiorum.
2041 317 2162 352 Munit
2187 327 2220 353 et
2244 331 2308 364 pa-

1522 379 1599 400 cem
1612 391 1621 405 ,
1649 368 1780 402 docens
1795 368 1936 413 politias
1959 379 2032 402 esse
2049 380 2104 402 res
2125 381 2143 403 a
2160 368 2236 403 Deo
2250 381 2309 404 or-

1524 417 1675 452 (linatas.

1476 466 1539 505 Vl.
1592 467 1722 502 Docuit
1743 469 1882 504 circiter
1904 481 2014 504 annos
2031 470 2096 505 36:
2138 477 2188 505 tot
2215 470 2310 504 enim

1527 525 1611 553 sunt
1639 519 1722 553 anni
1748 531 1767 553 a
1795 519 1856 555 34.
1880 518 2011 554 Christi
2033 533 2128 555 anno
2157 523 2198 555 ad
2226 521 2312 555 ulti·

1527 582 1625 603 mum
1644 570 1806 605 Neronis.
1859 568 1935 604 Etsi
1959 579 2074 605 antem
2098 580 2132 606 et
2156 572 2311 617 peregri-

1529 620 1693 654 nationes
1715 621 1791 654 eius
1817 632 2065 664 aer111.1nosae,
2098 629 2130 656 et
2157 623 2310 666 pericula

1523 671 1600 704 eius
1620 672 1657 705 in
1675 672 1774 705 Actis
1789 672 2050 713 describuntur,
2075 680 2191 706 tamen
2207 685 2310 706 nemo

1526 722 1698 756 existimet
1718 723 1833 756 verbis
1844 723 1995 757 describi
2014 735 2113 767 posse
2127 724 2234 757 ullius
2248 734 2313 767 gu-

1528 773 1727 807 bernatoris
1746 774 1903 807 miserias
1921 774 2136 819 praecipuas.
2177 772 2313 808 Excru-

1529 822 1669 857 ciantur
1691 825 1799 857 animi
1824 825 1974 858 assiduis
1998 825 2090 858 curis
2114 832 2146 858 et
2171 825 2314 869 angori-

1529 874 1614 915 bus,
1646 886 1736 920 quos
1759 876 1912 919 perferre
1940 887 2044 909 nemo
2069 888 2226 921 unquam
2249 887 2314 920 po-

1531 924 1673 966 tuisset,
1700 926 1767 959 nisi
1788 925 1882 960 Deus
1906 927 2048 960 adderet
2067 927 2176 968 vires,
2202 933 2234 961 et
2259 938 2315 960 re-

1531 982 1628 1018 geret
1645 975 1796 1019 impetus
1814 984 1845 1010 et
1861 978 2060 1010 occasiones
2076 978 2316 1021 negociorum.

1481 1024 1562 1059 Vll.
1614 1024 1774 1060 Studiosi
1805 1027 1909 1062 etiam
1938 1028 2176 1062 eruditionem
2212 1027 2317 1062 Pauli

1531 1076 1766 1111 considerent.
1804 1077 1891 1111 Nam
1911 1079 2016 1112 verba
2034 1085 2066 1112 et
2084 1079 2172 1113 ratio
2193 1079 2316 1123 ‹lispu-

1531 1127 1631 1162 tandi
1658 1128 1843 1162 manifeste
1866 1130 2078 1172 ostendunt,
2106 1130 2213 1163 fuisse
2236 1137 2315 1163 stu-

1528 1178 1672 1212 diosum
1696 1185 1729 1212 et
1755 1179 1933 1214 excultum
1948 1180 2131 1220 doctrina,
2158 1187 2192 1214 et
2208 1178 2314 1213 homo

1529 1229 1697 1274 politicus
1713 1229 1814 1263 facile
1829 1230 2084 1264 animadvertet
2101 1230 2137 1264 in
2156 1231 2198 1264 iis
2215 1242 2316 1275 prae-

1528 1279 1658 1327 ceptis,
1700 1292 1789 1324 quae
1823 1281 1930 1315 tradit
1964 1282 2007 1314 de
2042 1281 2317 1325 gubernatione,

1532 1330 1708 1364 contineri
1724 1342 1778 1364 res
1794 1343 1866 1365 non
1885 1332 2064 1375 vulgares,
2091 1334 2150 1365 sed
2170 1344 2209 1366 ea
2227 1344 2316 1378 quae

1531 1381 1718 1425 praecipue
1744 1382 1962 1425 providenda
1994 1389 2075 1416 sunt
2099 1383 2250 1428 sapienti
2282 1390 2315 1418 et

1530 1431 1642 1475 sagaci
1660 1432 1901 1475 gubernatori,
1930 1439 1963 1466 et
1980 1433 2167 1477 significari
2186 1445 2315 1468 nervos

1530 1483 1616 1516 boni
1644 1488 1764 1516 status.
1825 1482 1931 1525 Item,
1966 1484 2100 1518 semina
2135 1485 2312 1519 variarum

1529 1533 1818 1570 inclinationum.

1727 1624 1773 1649 De
1804 1623 1921 1655 primo.

1427 1675 1557 1711 Daniel
1589 1682 1702 1711 totum
1730 1684 1868 1720 tempus
1897 1677 1942 1710 ab
1968 1676 2072 1710 exilio
2094 1676 2314 1723 Babylonico

1326 1735 1426 1762 vocat
1443 1727 1699 1771 dispersionem
1713 1728 1838 1775 populi
1858 1727 1942 1767 Dei,
1969 1728 2168 1771 significans
2185 1737 2259 1774 post
2279 1731 2314 1764 in

1297 1762 1299 1822 ,¹
1325 1787 1483 1823 tempus,
1507 1778 1570 1813 etsi
1594 1779 1760 1823 usquead
1779 1776 1960 1812 Christum
1978 1790 2143 1813 mansura
2162 1788 2235 1815 erat
2250 1794 2316 1826 po-

1326 1831 1401 1865 litia
1422 1829 1583 1870 Iudaica,
1608 1836 1726 1862 tamen
1747 1837 1779 1863 et
1803 1829 1914 1873 ipsam
1941 1829 2067 1864 misere
2082 1834 2316 1875 quassandam

1326 1893 1416 1922 esse,
1439 1888 1476 1914 et
1500 1887 1618 1925 postea
1642 1892 1716 1913 non
1740 1881 1813 1913 sore
1837 1889 1965 1913 certam
1989 1882 2106 1914 sedem
2131 1880 2316 1924 Ecclesiae,

1325 1938 1386 1966 aut
1408 1943 1520 1964 uuum
1541 1931 1684 1975 aliquod
1712 1941 1858 1973 regnum
1883 1942 1994 1975 usque
2014 1933 2056 1963 ad
2081 1933 2183 1965 tinem
2211 1931 2315 1968 liuius

1326 1982 1454 2015 mundi
1466 2008 1475 2022 ,
1497 1988 1536 2015 ut
1551 1978 1715 2014 homiues
1730 1989 1905 2026 quaerunt
1922 1981 2049 2015 annuis
2066 1989 2098 2016 et
2115 1983 2226 2017 oculis
2240 1997 2314 2018 cer-

1325 2040 1396 2067 tam
1414 2034 1529 2066 sedem
1549 2039 1582 2066 et
1599 2039 1733 2066 certum
1751 2044 1897 2075 reguum
1909 2059 1918 2073 ,
1945 2033 1980 2065 iu
2000 2045 2072 2079 quo
2088 2043 2315 2070 conservetur

1324 2082 1493 2119 Ecclesia.
1551 2083 1622 2117 Sed
1648 2084 1902 2128 dispersionem
1932 2091 2050 2124 vocat,
2082 2096 2120 2117 ac
2144 2085 2314 2127 significat

1325 2146 1468 2179 magnas
1484 2135 1560 2168 sore
1575 2146 1764 2177 regnorum
1782 2134 2004 2174 mutationes,
2030 2135 2097 2169 sub
2114 2136 2244 2181 quibus
2260 2149 2317 2171 re-

1325 2186 1456 2232 liquiae
1472 2186 1805 2231 quantulaecunque
1820 2192 1936 2225 erunt,
1962 2186 2049 2220 sicut
2061 2185 2315 2230 Apostolorum

1325 2244 1359 2272 et
1379 2237 1580 2283 Martyrum
1606 2244 1763 2282 tempore
1786 2237 1879 2271 oculi
1907 2243 2095 2277 testantur,
2123 2237 2314 2274 Ecclesiam

1325 2289 1432 2322 fuisse
1461 2288 1649 2336 dissipatos
1682 2296 1821 2329 coetus,
1856 2295 1889 2321 et
1917 2287 1993 2321 sine
2025 2295 2119 2321 certo
2155 2289 2314 2334 imperio.

1325 2339 1448 2373 Postea
1466 2338 1630 2374 baeretici
1650 2345 1682 2373 et
1706 2339 1885 2385 sequentia
1906 2350 2010 2381 regna
2030 2340 2186 2374 fecerunt
2207 2353 2315 2376 novas

1324 2391 1580 2435 dispersiones,
1608 2398 1646 2425 ut
1665 2391 1825 2426 videmus
1841 2388 2034 2424 Ecclesiam
2053 2391 2118 2424 sub
2136 2390 2264 2427 'l'nrcis
2278 2399 2311 2427 et

1323 2443 1401 2476 aliis
1419 2443 1559 2485 regibus
1576 2441 1665 2476 tristi
1682 2442 1849 2476 servitute
1869 2441 1992 2485 premi.

1428 2493 1610 2527 Discamus
1637 2493 1745 2535 igitur
1768 2504 1868 2526 nosse
1889 2490 2097 2533 Ecclesiam,
2124 2498 2158 2527 et
2176 2493 2310 2526 somnia

1322 2546 1365 2579 de
1391 2544 1548 2589 imperiis
1582 2545 1811 2588 deponamus.
1859 2544 2058 2588 sperabant
2090 2551 2122 2578 et
2148 2545 2310 2588 Apostoli

1323 2609 1464 2631 auream
1500 2601 1666 2633 aetatem,
1701 2603 1733 2628 et
1762 2594 1903 2639 politia:
1939 2595 2058 2639 pulcre
2091 2595 2310 2632 conminutas.

1324 2660 1412 2693 quw
1431 2648 1636 2681 viderentur
1655 2647 1772 2680 sutura
1790 2653 1956 2691 perpetua
1974 2652 2006 2679 ct
2022 2653 2113 2680 certa
2131 2646 2311 2680 domicilia
