2409 2915
275 113 348 149 265
873 104 997 141 PHIL.
1025 103 1141 142 MEL.
1169 101 1375 140 SCRIPTA
1400 100 1698 136 EXEGETlCA.
2223 99 2297 135 264

280 204 467 232 sumuntur
488 207 528 228 ex
552 193 703 238 politicis
726 191 916 236 praeceptis
941 192 1070 235 figurae
1086 197 1119 224 et
1136 191 1264 224 simili·
1289 197 1294 224 1
1316 195 1476 233 peccato,
1502 200 1575 222 non
1592 194 1642 221 est
1658 187 1830 221 mediator
1847 191 1989 230 propter
2004 195 2107 230 quem
2123 183 2217 218 Deus
2234 197 2298 219 nos

283 248 440 286 tudines‚
466 246 547 290 quia
573 250 656 278 sunt
676 250 780 276 notae
800 240 965 276 humanis
983 242 1134 275 iudiciis.
1186 241 1265 275 Pri-
1318 239 1458 282 recipit,
1485 250 1548 271 nec
1573 245 1624 272 est
1646 238 1674 271 is
1697 238 1757 283 qui
1781 239 1840 271 dat
1863 235 2036 279 Spiritum
2060 241 2238 276 sanctum,
2265 243 2299 270 et

285 309 380 331 mum
405 296 512 339 igitur
534 295 773 328 discernamus
797 294 1046 335 gubernatores
1063 293 1158 326 iuxta
1175 291 1266 336 poli·
1292 313 1294 326 ς
1318 289 1434 323 reddit
1451 290 1556 322 vitam
1574 296 1762 322 aeternam.
1795 287 1868 321 lmo
1883 285 2152 328 diligentissime
2169 286 2297 319 discer-
2317 287 2320 289 ’

285 349 387 381 ticam
413 345 620 380 doctrinam.
681 345 751 377 Aut
777 344 862 377 boni
887 343 1065 388 principes
1090 347 1267 387 praesunt,
1318 340 1425 372 nendi
1450 345 1532 372 sunt
1552 350 1672 371 omnes
1688 336 1904 382 Prophetae,
1933 336 2092 381 Apostoli
2108 342 2140 369 et
2158 336 2216 369 alii
2234 336 2299 369 mi-

285 405 323 431 ut
347 395 544 440 Augustus,
578 403 636 429 aut
657 395 818 441 tyranni,
852 401 890 428 ut
913 393 1024 434 Nero,
1055 400 1115 427 aut
1139 391 1268 436 ignavi,
1294 389 1295 423 l
1321 389 1442 429 nistri,
1470 401 1487 422 a
1506 386 1646 422 Christo
1662 387 1754 421 Filio
1774 387 1847 421 Dei.

287 455 325 481 ut
342 446 542 487 Honorius,
570 446 605 479 id
631 452 700 486 est,
727 445 787 490 qui
811 444 943 477 etiamsi
962 444 1161 489 tranquillis
1180 450 1266 476 tem·
1421 440 1634 484 Quanquam
1665 445 1780 472 antem
1805 436 1841 470 hi
1866 438 1903 471 in
1927 449 1988 471 sua
2015 437 2198 471 vocatione
2220 445 2302 473 sunt

286 498 432 542 poribus
455 504 537 531 sunt
555 497 761 536 mediocres,
788 501 904 528 tamen
924 495 1077 528 referunt
1094 494 1267 537 guberna-
1295 511 1297 530 ς
1322 491 1406 524 honi
1432 497 1604 534 pastores,
1632 496 1749 522 tamen
1774 489 1875 531 longe
1900 489 2011 521 mains
2029 495 2076 521 est
2096 500 2224 521 munus
2241 500 2302 531 pa-

288 549 420 582 tionem
451 554 588 582 tantum
621 547 663 580 ad
691 557 787 579 suam
813 545 1019 585 utilitatem,
1052 552 1086 578 et
1112 544 1267 577 serviunt
1295 542 1297 551 ’
1323 542 1424 575 storis
1447 538 1591 576 Christi.
1635 539 1666 572 Is
1696 551 1767 572 non
1795 539 1907 572 solum
1932 540 2033 573 docet
2056 537 2304 582 Evangelium,

290 599 424 641 ventri,
453 610 517 631 nec
539 597 733 641 suscipiunt
750 596 886 628 labores
901 601 959 628 aut
977 596 1129 639 pericula
1147 595 1188 627 ad
1210 595 1270 626 de-
1296 605 1299 623 ι
1325 593 1381 626 sed
1417 592 1520 625 etiam
1552 598 1603 624 est
1633 590 1773 623 victima
1805 601 1868 633 pro
1895 590 2025 623 nostris
2051 589 2216 632 peccatis,
2255 597 2305 623 est

291 649 484 683 sensionem
502 658 658 681 suorum.
710 645 829 679 Bonos
844 646 1020 690 principes
1037 643 1271 679 nominatPa-
1297 632 1300 672 l
1325 642 1513 681 mediator,
1541 648 1683 686 propter
1708 652 1810 685 quem
1835 646 1996 673 aeternus
2021 646 2115 682 pater
2138 651 2202 672 nos
2218 640 2306 672 reci-

292 707 420 738 stores,
455 705 624 743 tyrannos
646 696 845 730 Praedones
874 703 907 730 et
935 697 1028 730 fures
1055 708 1114 729 seu
1139 706 1272 738 grassa·
1298 673 1301 726 l
1326 695 1395 738 pit,
1428 699 1462 726 et
1487 693 1595 726 donat
1619 690 1791 735 Spiritum
1816 697 1975 724 sanctum
2000 689 2240 727 credentibus,
2275 697 2307 724 et

292 757 396 784 tores.
458 748 607 791 lgnavos
633 754 734 781 vocat
761 747 1012 784 mercenarios,
1047 747 1095 780 sic
1119 745 1274 788 triplices
1300 738 1304 797 ἰ
1328 745 1444 777 incoat
1469 743 1506 775 in
1528 742 1577 776 eis
1601 742 1706 775 vitam
1733 749 1928 784 aeternam,
1958 741 2053 773 adest
2077 738 2251 773 Ecclesiae
2274 748 2307 775 et

293 806 375 834 sunt
397 799 522 839 aulici,
555 798 662 839 boni,
694 805 732 831 ut
756 796 940 838 Ionathas,
975 797 1122 837 Daniel,
1155 794 1275 839 perni-
1301 808 1304 824 π
1328 793 1486 828 defendit
1504 805 1578 826 eam
1596 792 1821 830 mirabiliter,
1849 799 1879 825 et
1895 791 2114 824 resuscitabit
2130 798 2297 825 mortuos.

294 849 398 890 ciosi‚
426 856 463 883 ut
479 848 596 892 Doe‘g:
625 848 760 893 reliqua
784 855 835 881 est
858 860 984 890 magna
1005 848 1105 881 turba
1128 846 1274 889 ignavo-

295 912 372 934 rum
387 926 395 940 ,
423 900 483 945 qui
508 899 544 932 in
563 899 667 932 rebus
686 899 848 932 secundis
868 898 1091 931 mediocriter
1107 895 1276 933 serviunt,

295 951 352 984 sed
371 950 524 994 pericula
539 949 699 992 fugiunt,
728 949 917 982 consulunt
934 960 1015 981 suae
1029 946 1174 981 utilitati
1191 952 1252 980 etc.

395 1017 490 1051 Haec
513 1016 716 1050 discrimina
734 1022 816 1049 sunt
832 1004 864 1048 et
881 1014 1195 1048 ecclesiasticorum
1214 1024 1277 1056 gu—

296 1071 538 1103 bernatorum:
573 1067 634 1099 alii
665 1073 747 1100 sunt
771 1065 872 1105 boni,
907 1071 945 1098 ut
970 1064 1152 1104 Ieremias,
1187 1063 1278 1096 Pau·
1304 1066 1307 1106 j

297 1121 367 1153 lus:
401 1119 462 1152 alii
492 1117 700 1162 perniciosi,
733 1123 771 1149 ut
794 1115 969 1149 Haeretici
995 1122 1027 1149 et
1052 1112 1218 1158 Episcopi
1241 1125 1280 1146 ac
1304 1126 1307 1162 1

298 1166 469 1204 Monachi
493 1168 692 1202 defensores
718 1167 905 1211 impiorum
931 1167 1133 1209 dogmatum
1157 1174 1189 1198 et
1215 1165 1279 1196 im-
1305 1174 1308 1213 ξ

298 1221 436 1265 piorum
466 1219 640 1253 cultuum:
683 1217 821 1260 ignavi,
863 1223 901 1250 ut
933 1229 1026 1250 nunc
1056 1216 1177 1255 multi,
1219 1215 1279 1260 qui

297 1269 522 1304 mediocriter
536 1269 680 1309 docent,
708 1269 767 1301 sed
785 1275 880 1301 metu
896 1267 1057 1312 impediti
1076 1278 1147 1299 non
1165 1266 1279 1309 palam

296 1327 416 1355 taxant
451 1330 604 1360 errores,
645 1331 717 1352 non
750 1319 922 1352 dimicant
953 1330 1032 1351 cum
1062 1316 1281 1355 adversariis,

297 1384 369 1405 non
395 1372 525 1405 audent
547 1371 698 1413 ingenue
721 1369 875 1413 profiteri
899 1369 993 1413 quod
1016 1368 1192 1409 sentiunt,
1221 1367 1279 1399 sed

297 1422 490 1456 formidant
506 1421 604 1461 odia,
632 1420 753 1459 exilia,
780 1419 974 1459 cruciatus,
1002 1418 1244 1462 ignominiam.
1305 1405 1309 1438 i

398 1488 546 1522 Prodest
575 1495 690 1522 autem
714 1485 798 1520 haec
822 1486 1024 1520 discrimina
1049 1485 1281 1518 considerare.

298 1540 470 1579 Primum,
497 1545 534 1572 ut
551 1549 778 1582 agnoscamus
792 1538 906 1570 bonos
919 1537 1179 1578 gubernatores,
1207 1542 1280 1568 tum

298 1590 476 1635 politicos,
503 1595 576 1622 tum
599 1588 866 1625 ecclesiasticos,
893 1587 1082 1630 singularia
1101 1585 1166 1619 Dei
1189 1587 1280 1618 dona

300 1653 388 1679 esse,
416 1651 454 1673 ac
467 1639 541 1673 Deo
559 1650 623 1683 pro
639 1636 692 1672 his
707 1639 919 1671 salutaribus
935 1637 1141 1670 muneribus
1156 1636 1282 1680 gratias
1306 1608 1310 1659 i

300 1702 452 1735 agamus.
503 1689 661 1730 Deinde,
695 1696 734 1722 ut
756 1695 927 1734 quantum
951 1700 1013 1721 suo
1038 1688 1186 1732 quisque
1205 1687 1282 1719 loco
1306 1701 1309 1720 ι

300 1749 432 1787 potest,
456 1740 586 1773 imitari
604 1740 715 1773 bonos
730 1741 878 1780 studeat,
905 1746 937 1772 et
956 1750 1084 1783 poenas
1099 1738 1283 1771 set-lerato-

300 1805 378 1826 rum
402 1798 434 1825 et
457 1791 664 1834 ignavorum
690 1791 885 1830 intueatur,
912 1796 950 1823 ut
968 1801 1040 1823 sese
1058 1790 1099 1821 ad
1122 1789 1282 1821 timorem

300 1843 380 1882 Dei,
407 1849 440 1875 et
454 1841 672 1885 diligentiam
690 1853 752 1885 pro
769 1853 829 1874 sua
847 1840 1088 1873 mediocritate
1105 1839 1282 1873 exuscitet.

303 1893 483 1926 Postremo
507 1892 661 1934 exempla
679 1893 854 1925 bonorum
871 1897 902 1923 et
921 1891 1092 1922 malornm
1107 1900 1172 1921 nos
1189 1901 1284 1921 com-
1309 1907 1311 1911 .

303 1943 548 1982 monefaciant,
575 1949 614 1975 ut
624 1942 738 1975 Deum
754 1953 904 1980 oremus,
928 1947 967 1973 nt
983 1940 1083 1973 faciat
1101 1951 1163 1972 nos
1179 1938 1284 1970 mini-

303 2002 391 2027 stros
407 1993 519 2031 utiles,
544 1992 714 2033 gubernet
730 2004 768 2024 ac
784 1991 924 2024 adiuvet
941 2002 1015 2029 nos,
1036 2002 1099 2022 nec
1115 1990 1204 2022 sinat
1222 2001 1286 2021 nos

304 2057 404 2077 ruere
429 2056 467 2076 ac
492 2043 563 2076 sieri
584 2050 695 2087 pestes
715 2043 850 2084 generis
868 2039 1029 2080 hnmani,
1056 2048 1088 2073 et
1109 2052 1185 2072 vasa
1205 2039 1287 2078 irae,

305 2103 340 2130 nt
358 2096 498 2128 suerunt
516 2093 626 2134 Nero,
653 2093 831 2136 Caligula,
861 2092 984 2130 Arius,
1014 2089 1254 2124 Manichacus.

1310 2043 1313 2099 ἶ
1339 2070 1356 2089 a
1377 2055 1464 2090 Deo.

1431 842 1550 886 Quare
1573 843 1640 875 alio
1666 844 1770 875 modo
1796 843 2012 885 intelligatur
2035 840 2176 882 Pastor,
2203 853 2307 886 quam

1330 894 1456 928 caeteri
1480 894 1565 926 boni
1591 893 1782 937 principes,
1814 891 2027 937 Prophetae,
2054 900 2113 925 aut
2137 890 2310 935 Apostoli.

1331 945 1422 979 Sunt
1461 944 1588 988 passim
1623 943 1797 987 sapientes
1835 944 1946 986 ignari
1976 941 2181 985 Evangelii,
2222 943 2311 977 sicut

1331 993 1556 1028 Mahometus
1579 1001 1611 1027 et
1634 994 1693 1027 alii
1712 994 1832 1032 multi,
1861 995 1981 1038 quide
1996 991 2138 1026 Christo
2154 994 2312 1036 cogitan-

1332 1053 1398 1086 tes,
1440 1046 1678 1088 imaginantur
1708 1056 1786 1077 eum
1819 1044 1926 1077 suisse
1954 1045 2152 1083 doctorem,
2192 1045 2312 1089 quales

1304 1112 1306 1116 ,
1331 1097 1434 1129 multi
1450 1097 1608 1135 suerunt,
1635 1102 1674 1129 ut
1690 1094 1866 1134 Socrates,
1894 1093 2024 1134 Solon,
2052 1095 2160 1128 etalii
2179 1095 2312 1137 legum-

1332 1148 1476 1187 latores,
1510 1147 1646 1189 fingunt
1667 1157 1746 1178 eum
1773 1145 1907 1178 dedisse
1932 1145 2061 1188 legem,
2089 1146 2148 1178 sed
2172 1145 2312 1189 propria

1332 1205 1365 1232 et
1388 1197 1575 1241 praecipun
1601 1196 1676 1229 eius
1700 1196 1810 1228 officia
1829 1196 2002 1239 ignorant.
2056 1194 2131 1228 llae
2151 1197 2314 1229 tenebrae

1333 1249 1499 1282 acerrime
1525 1248 1693 1281 taxandae
1716 1253 1816 1285 sunt,
1843 1254 1875 1280 et
1899 1247 1935 1279 in
1954 1245 2110 1280 Ecclesia
2133 1246 2314 1279 illustran-

1333 1301 1416 1332 dum
1433 1305 1483 1331 est
1499 1298 1685 1330 discrimen
1704 1297 1786 1339 legis
1803 1303 1835 1330 et
1852 1296 2047 1340 Evangelii.
2266 1335 2269 1338 ¹

1434 1348 1526 1382 Sunt
1550 1355 1583 1382 et
1597 1359 1764 1391 personae
1781 1348 2029 1380 discernendae
2047 1344 2316 1391 Prophetarum,

1334 1398 1587 1443 Apostolorum
1612 1405 1645 1431 et
1661 1395 1807 1431 Christi.
1862 1397 1933 1431 Lex
1957 1406 2004 1432 est
2030 1399 2190 1431 doctrina
2213 1409 2314 1440 prae-

1307 1452 1309 1466 ”
1333 1450 1467 1494 cipiens
1492 1449 1612 1494 quales
1633 1459 1698 1481 nos
1722 1460 1814 1488 esse,
1853 1449 1937 1493 quid
1963 1449 2074 1481 facere
2098 1455 2129 1481 et
2154 1449 2316 1482 omittere

1333 1506 1508 1543 oporteat,
1534 1506 1566 1532 et
1590 1499 1810 1532 denuncians
1834 1506 2008 1532 aeternam
2029 1499 2115 1531 iram
2136 1506 2169 1531 et
2188 1510 2317 1542 poenas

1336 1558 1478 1596 propter
1508 1557 1643 1594 peccata
1676 1549 1840 1582 universo
1872 1548 1991 1592 generi
2019 1547 2194 1586 humano,
2228 1550 2318 1583 sicut

1334 1602 1426 1635 clare
1459 1601 1605 1634 dicitur:
1643 1599 1855 1633 Maledictus
1887 1600 1946 1644 qni
1978 1611 2048 1631 non
2075 1606 2252 1642 permanet
2280 1600 2318 1633 in

1334 1652 1499 1685 omnibus
1540 1648 1612 1688 his,
1653 1662 1742 1695 quae
1779 1651 1907 1692 scripta
1945 1657 2026 1683 sunt
2058 1650 2093 1682 in
2128 1650 2219 1693 lege,
2254 1657 2317 1684 ete.

1334 1701 1509 1742 Econtra,
1538 1699 1770 1743 Evangelium
1791 1701 1976 1744 pollicetur
1993 1701 2176 1742 agentibus
2195 1701 2319 1744 poeni-

1336 1753 1499 1792 tentiam,
1526 1752 1767 1785 remissionem
1790 1759 2009 1795 peccatorum
2029 1751 2153 1793 gratiS,
2178 1758 2320 1795 propter

1337 1804 1467 1838 Filium
1487 1802 1552 1835 Dei
1578 1802 1827 1839 mediatorem,
1854 1809 1885 1834 et
1903 1802 2054 1845 postulat
2070 1799 2150 1834 huic
2170 1802 2319 1845 promis-

1337 1855 1426 1888 sioni
1456 1854 1570 1892 credi,
1595 1859 1627 1886 et
1651 1853 1750 1885 docet
1776 1852 1811 1883 in
1838 1849 1899 1885 hac
1924 1852 1990 1884 fide
2007 1850 2080 1884 Deo
2106 1851 2240 1894 placere
2264 1852 2320 1885 in-

1337 1913 1470 1938 coatam
1501 1903 1748 1936 obedientiam.
1812 1901 1989 1935 Monstrat
2014 1902 2119 1945 igitur
2139 1900 2320 1935 Christum

1338 1954 1626 1999 propiciatorem,
1658 1960 1800 2000 propter
1816 1965 1919 1997 quein
1937 1953 2018 1985 inde
2034 1964 2142 1997 nsque
2158 1954 2202 1985 al»
2218 1953 2320 1987 initio

1338 2017 1459 2039 munes
1491 2005 1590 2037 electi
1623 2004 1869 2037 intellexerunt
1902 2016 1936 2035 se
1968 2003 2072 2047 recipi
2105 2004 2140 2035 iu
2173 2004 2320 2046 gratiam

1444 2106 1526 2139 ldeo
1555 2106 1590 2138 in
1617 2113 1711 2139 textu
1735 2117 1856 2139 omnes
1880 2106 2040 2138 doctores
2065 2106 2226 2141 damnat.
2261 2105 2320 2150 qni

1312 2167 1314 2173 ·
1340 2158 1465 2190 omissa
1502 2157 1660 2189 doctrina
1690 2157 1934 2200 promissionis
1959 2168 2017 2188 seu
2044 2154 2225 2197 Evangelii
2252 2163 2322 2190 tra-

675 2202 720 2225 Dr
753 2202 919 2226 secundo,

407 2254 486 2288 Dixi
504 2255 691 2287 discrimen
707 2265 778 2286 esse
793 2253 883 2285 inter
899 2252 1093 2285 doctrinam
1111 2251 1287 2292 politicam

307 2314 337 2339 et
365 2303 609 2348 Evangelium.
675 2304 795 2337 Bonus
818 2304 978 2347 princeps
1003 2302 1087 2345 regit
1113 2310 1287 2333 externam

307 2356 527 2401 disciplinam
553 2357 622 2389 suis
640 2355 794 2389 consiliis
811 2368 848 2387 ac
868 2355 1019 2395 legibus,
1047 2360 1077 2385 vt
1101 2352 1290 2394 praeliatur

307 2420 384 2441 cum
405 2419 491 2451 opus
510 2414 568 2440 est.
624 2405 716 2438 llaec
732 2405 843 2438 officia
862 2412 997 2438 tantum
1016 2403 1170 2436 serviunt
1191 2415 1288 2445 prae-

307 2459 393 2491 senti
420 2458 556 2490 mortali
580 2458 689 2496 vitae,
718 2469 778 2488 nec
797 2457 958 2488 adserunt
978 2455 1083 2488 vitam
1102 2461 1289 2491 aeternam,

308 2522 369 2541 nec
387 2515 520 2541 mutant
541 2515 685 2541 mentes-

408 2566 537 2599 Pmnlns
565 2565 717 2609 impertit
744 2562 996 2604 Esaiam-lium,
1027 2576 1086 2606 per
1111 2564 1204 2607 qnml
1235 2563 1286 2594 in-

307 2625 378 2650 coat
400 2615 493 2649 Deus
517 2617 621 2649 xitam
646 2624 820 2648 aeternam
847 2615 880 2646 in
908 2614 1093 2647 nwntilins.
1149 2614 1215 2644 Suu!
1238 2622 1285 2645 1.·-

306 2681 382 2700 men
410 2667 536 2700 l'anlns
567 2675 701 2700 tantum
729 2668 846 2705 docet,
886 2678 954 2698 non
982 2672 1029 2698 est
1059 2665 1197 2697 victima
1225 2677 1286 2707 pro

1313 2226 1315 2238 ;
1341 2209 1505 2240 ‹lidernnt
1532 2208 1639 2249 legem
1664 2214 1720 2240 ant
1740 2208 1863 2240 cultus.

1917 2205 2071 2245 Omnes,
2100 2206 2232 2251 inquit,
2260 2207 2320 2250 qni

1342 2268 1421 2293 ante
1439 2271 1492 2290 me
1508 2266 1676 2291 wnernnt
1689 2285 1696 2296 ,
1725 2259 1816 2291 sures
1833 2265 1912 2291 sunt
1931 2265 1961 2291 et
1979 2258 2141 2290 latrones.
2185 2257 2323 2290 Omitte

1342 2309 1506 2352 temporis
1526 2309 1831 2349 imaginationem,
1859 2321 1936 2341 cnm
1955 2309 2020 2345 ait,
2047 2306 2138 2340 Ante
2156 2319 2230 2345 me,
2262 2309 2320 2340 sed

1343 2361 1498 2401 inteltige
1533 2361 1692 2392 ordinem
1722 2360 1755 2392 in
1783 2361 1961 2398 «incendo,
1999 2370 2209 2403 quocunqne
2235 2366 2322 2391 tem-

1314 2435 1315 2438 *
1342 2423 1442 2454 pore,
1472 2419 1505 2443 nt
1523 2411 1562 2443 sit
1579 2436 1586 2445 .
1616 2419 1694 2443 ante
1712 2423 1786 2446 me,
1816 2411 1848 2442 id
1869 2417 1930 2446 est,
1960 2423 2012 2440 m«-
2032 2421 2102 2441 nnn
2122 2416 2322 2452 praeeunte.

1342 2462 1477 2494 Omnes
1500 2461 1559 2505 qni
1586 2463 1778 2493 ‹locta-runt
1809 2461 1916 2501 legem
1945 2473 2015 2492 non
2042 2467 2228 2501 praec-onte
2247 2460 2322 2492 lnce

1341 2513 1585 2556 prinnissionis
1611 2513 1653 2544 tle
1678 2510 1840 2546 (Itu-isin,
1874 2512 2013 2543 [inerunt
2037 2511 2129 2542 fures
2156 2517 2186 2543 rt
2214 2510 2319 2542 latro-

1341 2576 1416 2600 nes,
1451 2571 1484 2595 nt
1511 2562 1698 2596 Chaldaei.
1746 2563 1915 2606 X‹*g)·1itii,
1944 2561 2116 2596 Baalitae,
2143 2561 2240 2602 impii
2268 2573 2319 2593 sa-

1341 2616 1496 2646 cerdotes
1524 2613 1558 2645 in
1588 2612 1689 2648 luda,
1720 2611 1918 2650 Pharisaei,
1945 2611 2159 2646 Sadducaei.
2183 2610 2322 2650 Graeci,

1341 2664 1492 2698 Rotnani
1523 2669 1714 2697 claruerunt
1747 2664 1853 2706 legem
1879 2671 1907 2696 et
1937 2663 2049 2696 cultus
2076 2663 2229 2706 aliquos,
2262 2663 2320 2695 scd
