2409 2915
812 93 936 130 PHlL.
965 92 1081 130 MEL.
1109 91 1318 131 SCRIPTA
1345 93 1645 132 EXEGETICA.

1225 178 1229 218 f

487 221 532 257 Si
558 234 618 257 vos
646 220 721 256 odit
749 219 922 258 munduS.
1224 230 1228 303 {¹

213 99 308 135 1191
2152 99 2248 135 1192

1367 210 1414 247 Si
1437 224 1511 247 non
1540 213 1714 248 venissem
1742 217 1772 247 el
1802 213 1942 248 loculus
1961 213 2136 263 fuissem.

312 305 428 351 Supra
451 305 651 338 consolatus
673 311 723 338 est
749 303 909 338 Christus
932 316 1012 337 suos
1036 305 1202 338 adversus
1226 331 1228 345 ,‚

211 357 329 391 omnia
350 368 476 401 genera
504 355 761 394 tentationum,
791 361 823 388 et
849 355 1011 399 inprimis
1035 356 1203 388 adversus
1226 363 1228 386 ζ

210 459 306 493 tione
323 459 471 502 cupiunt
489 457 681 492 certificari.
737 457 826 491 Nam
844 469 883 490 eo
900 457 1086 502 pertinent,
1115 469 1202 502 quae

211 523 289 544 cum
311 507 478 554 Philippo
504 509 584 552 agit.
638 507 708 551 Qui
734 508 831 541 videt
857 520 930 547 me,
969 508 1062 541 videt
1086 515 1118 541 et
1143 520 1203 552 pa-

210 568 321 602 trem,
349 573 427 594 cum
454 560 514 593 ille
539 559 669 593 scilicet
696 559 838 592 divinae
857 560 1047 593 voluntatis
1063 560 1201 602 signum

210 612 355 657 aliquod
383 623 524 645 cernere
554 617 713 653 cuperet,
757 623 827 655 qno
855 611 984 644 certior
1007 617 1094 643 esset
1118 622 1202 642 con-

210 663 375 703 scientia,
419 660 581 696 Christus
606 663 649 694 ad
677 661 825 694 verbum
852 668 1008 701 revocat,
1050 668 1088 694 ut
1115 672 1202 693 con-

209 713 391 748 scientiam
411 714 477 746 fide
497 712 593 745 verbi
621 712 729 755 erigat
748 720 779 745 et
797 712 997 752 confirmet,
1026 718 1201 744 caeterum

210 764 350 798 nullum
382 764 522 807 signum
557 763 710 811 profore.
783 762 820 795 ln
856 775 960 808 quam
992 762 1201 796 sententiam

210 815 344 849 dictum
375 821 424 848 est
455 815 556 847 alias:
606 813 686 848 Non
717 814 860 847 dabitur
895 814 946 846 illi
983 812 1201 855 generationi

209 866 306 900 aliud
324 866 464 909 signum
488 873 626 910 praeter
649 865 788 908 signum
814 864 939 903 Ionae,
967 864 989 898 i.
1009 875 1037 896 e.
1062 864 1148 896 fides
1165 863 1202 895 in

210 914 391 952 Christum
434 917 643 949 morientem
679 922 711 948 et
743 922 980 956 resurgentem
1019 914 1203 958 profutura

210 975 281 1009 est,
325 975 501 1001 caeterum
532 966 629 1009 signa
661 966 779 998 videre
811 964 901 998 nihil
935 965 1103 1009 proderit.
1157 963 1204 998 Et

209 1016 294 1052 haec
323 1018 466 1063 quidem
485 1015 664 1050 hactenus.
718 1015 821 1050 Nunc
849 1017 1051 1050 consolatur
1076 1017 1202 1049 adver-

209 1081 267 1103 sus
291 1076 469 1102 externam
494 1068 788 1112 persecutionem.
848 1066 1063 1101 Consolatur
1085 1074 1201 1100 autem

209 1132 272 1154 suo
291 1119 469 1163 exemplo,
503 1119 634 1152 scilicet
656 1125 694 1152 ut
722 1119 823 1151 fidem
848 1125 1049 1152 sanctorum
1075 1119 1203 1151 confir-

209 1178 279 1205 met
296 1171 353 1212 id,
381 1170 476 1215 quod
494 1169 550 1208 fit,
579 1182 657 1203 cum
677 1169 852 1207 sentiunt,
881 1171 974 1215 quod
995 1170 1083 1202 sicut
1097 1167 1204 1203 Chri-

207 1229 281 1256 stus
307 1221 522 1265 glorificatus
545 1228 614 1262 est,
659 1221 706 1254 ita
730 1221 800 1254 sint
822 1227 854 1254 et
879 1221 944 1264 ipsi
971 1220 1204 1264 glorificandi.

207 1271 254 1307 Et
269 1273 351 1318 quia
367 1270 600 1316 Evangelium
629 1271 808 1316 praedicat
830 1270 894 1304 Dei
920 1272 1090 1314 gloriam,
1124 1271 1204 1304 ideo

209 1335 282 1357 non
294 1324 475 1368 permittit,
502 1330 540 1357 ut
557 1324 622 1367 ipsi
641 1335 705 1357 nos
726 1323 957 1363 vindicemus,
981 1324 1076 1356 iuxta
1094 1322 1202 1356 illud:

210 1372 304 1408 Mihi
321 1375 489 1408 vindicta.
529 1375 576 1408 At
593 1374 785 1417 Apostolus
804 1373 941 1416 inquit,
970 1371 1203 1416 Evangelium

210 1426 301 1458 vasis
326 1425 494 1459 fictilibus
517 1424 757 1464 circumferri,
793 1420 859 1456 hoc
885 1431 953 1464 est,
981 1421 1204 1457 Christianos

210 1483 373 1521 oportere
387 1475 479 1519 pati,
506 1482 539 1508 et
556 1482 736 1519 expectare
753 1488 770 1507 a
790 1475 864 1507 solo
883 1473 959 1507 Deo
978 1474 1204 1517 glorificatio-

209 1539 302 1562 nem.
355 1526 464 1559 Vides
489 1533 625 1563 autem,
654 1524 886 1569 Evangelium
914 1532 1026 1558 totum
1046 1525 1087 1557 ad
1104 1536 1203 1568 prae—

210 1584 342 1611 sentem
362 1588 514 1621 pugnam
532 1584 772 1621 comparatum
793 1587 875 1611 esse.

311 1660 350 1695 Si
367 1662 522 1695 mundus
538 1672 600 1694 vos
623 1660 717 1699 odit,
752 1659 883 1693 scilicet
906 1659 1115 1693 damnantes
1139 1656 1204 1705 hy-

211 1713 364 1758 pocrisin
397 1710 603 1746 humanam.
665 1710 816 1752 Scitote,
860 1711 942 1756 quia
969 1723 1024 1744 me
1049 1710 1204 1758 priorem

212 1764 312 1797 vobis
349 1764 433 1797 odio
473 1761 615 1801 habuit,
662 1762 791 1795 scilicet
825 1769 862 1795 ut
896 1762 1093 1795 confirmati
1127 1773 1205 1794 meo

211 1815 369 1859 exemplo
396 1807 564 1855 credatis,
609 1815 702 1847 bona
729 1813 910 1847 voluntate
933 1811 1001 1847 Dei
1026 1813 1112 1847 fieri.
1166 1811 1204 1846 Si

211 1868 254 1899 de
281 1867 416 1899 mundo
441 1865 613 1903 fuissetis,
649 1865 677 1898 si
703 1864 915 1909 probassetis
940 1864 1149 1908 sapientiam
1172 1870 1206 1897 et

213 1917 385 1950 iusticiam
406 1914 618 1954 humanam,
647 1916 801 1949 mundus
825 1916 919 1960 quod
947 1927 1048 1947 snum
1076 1922 1126 1948 est
1151 1915 1206 1948 di-

213 1968 343 2011 ligeret.
406 1967 500 2009 Quia
534 1979 617 1999 vero
649 1967 691 1999 de
722 1966 856 1998 mundo
884 1977 956 1997 non
984 1965 1082 2005 estis,
1123 1966 1205 2011 qnia

214 2018 369 2063 probatis
386 2017 595 2061 sapientiam
613 2024 643 2050 et
664 2016 838 2049 iusticiam
866 2016 1021 2060 spiritus.
1075 2015 1206 2049 Servus

214 2081 286 2103 non
304 2077 353 2102 est
369 2069 481 2102 maior
503 2068 666 2108 domino,
711 2067 792 2112 quia
819 2078 883 2099 nos
910 2074 1048 2111 oportet
1074 2067 1206 2100 similes

214 2121 286 2154 fieri
315 2120 458 2163 imagini
486 2118 572 2158 Dei,
614 2126 649 2153 ut
680 2117 797 2163 inquit
824 2117 1035 2162 Apostolus:
1080 2117 1118 2151 Si
1151 2130 1206 2151 me

215 2171 385 2216 persecuti
414 2177 495 2204 sunt
519 2178 602 2209 etc..
637 2170 788 2209 scilicet,
811 2169 838 2202 si
864 2180 968 2203 ausus
1002 2169 1067 2202 suit
1098 2169 1205 2203 Satan

215 2229 336 2257 contra
354 2234 429 2261 me,
456 2234 559 2267 quem
578 2221 666 2255 vidit
685 2220 792 2255 tantis
815 2220 994 2253 miraculis
1018 2220 1205 2263 glorificari

216 2287 233 2307 a
253 2274 344 2308 Deo.
399 2273 492 2316 Quia
515 2273 676 2307 nesciunt
699 2284 797 2312 eum,
831 2271 891 2316 qui
917 2271 1011 2305 misit
1037 2284 1111 2311 me,
1139 2271 1161 2306 i.
1178 2284 1206 2306 e.

217 2325 282 2369 ipsi
300 2337 334 2357 se
352 2331 473 2368 putant
493 2325 666 2369 sapientes
690 2330 723 2357 et
750 2322 878 2361 iustos,
914 2334 976 2356 nec
1001 2320 1206 2368 hypocrisin

216 2375 330 2409 carnis
364 2375 532 2410 sentiunt.

603 2374 774 2413 Proinde,
810 2385 890 2407 cum
913 2375 1100 2408 damnatur
1123 2370 1206 2406 haec
1232 2365 1235 2377 '

219 2425 430 2472 hypocrisis,
475 2439 538 2460 nec
562 2438 634 2459 esse.
660 2433 728 2465 est,
771 2436 830 2459 eos
852 2425 1016 2470 persequi
1048 2425 1206 2459 verbum.
1232 2415 1235 2426 ³

221 2477 367 2523 Propter
398 2490 526 2510 nomen
561 2490 698 2515 meum,
735 2476 757 2511 i.
774 2489 801 2510 e.
826 2483 1007 2520 putantes,
1043 2487 1079 2509 se
1105 2475 1206 2508 obse·

220 2530 341 2573 quium
366 2537 539 2572 praestare
556 2527 650 2565 Deo,
679 2527 760 2572 quia
788 2527 963 2563 sentiunt.
999 2527 1032 2559 id
1059 2527 1204 2559 verbum

221 2580 287 2612 tale
311 2591 401 2621 esse,
445 2582 538 2625 quud
565 2581 810 2612 adversaretur
832 2578 963 2619 gloriae
992 2578 1074 2617 Dei,
1102 2584 1133 2610 et
1159 2578 1206 2609 sic

220 2631 386 2665 videntur
409 2631 474 2665 sibi
502 2631 591 2665 tueri
619 2631 705 2664 illud
733 2630 889 2663 verbum.

1232 2671 1237 2705 l

1356 288 1448 323 Satis
1465 296 1618 330 constat,
1646 287 1828 324 Christum
1854 290 2065 333 exprobrare
2082 290 2248 325 incredu-

1256 339 1298 372 lis
1323 340 1514 374 adventum
1539 351 1660 380 suum,
1694 341 1993 384 praedicationem
2019 348 2052 376 et
2067 342 2248 381 miracula,

211 421 286 442 eam
304 407 602 447 imbecillitatem,
631 419 696 452 qua
723 406 1016 440 conscientiaede
1034 404 1202 439 iustifica—
1226 420 1229 449 1
1257 390 1387 435 ‘wihus
1427 391 1593 424 ⁰m¹¹lbu⁵
1639 391 1804 425 invstavst
1841 403 1899 426 ²⁰⁵
1941 392 1984 425 ad
2021 393 2249 427 credendum·

1257 442 1568 484 Quemadmodum
1586 441 1701 476 Lucae
1718 440 1817 475 Xlll.
1835 444 2024 487 exprobrat
2041 443 2090 476 eis
2109 455 2170 478 sua
2187 444 2249 478 be·

1256 492 1400 526 neficia:
1445 491 1596 535 Quoties
1628 492 1724 525 volui
1760 504 1822 526 vos
1853 505 2081 538 congregare,
2124 500 2159 528 et
2184 506 2249 529 no-

1256 542 1390 577 luistis!
1421 540 1468 576 Et
1486 541 1610 577 Esaiae
1629 542 1686 577 V.:
1717 542 1813 586 Quid
1831 549 1892 584 est,
1919 545 2015 588 quod
2033 545 2139 578 debui
2157 545 2250 579 ultra

1256 594 1368 627 facere
1391 593 1513 626 vineae
1532 606 1646 634 meae,
1671 601 1703 627 et
1723 606 1796 627 non
1812 593 1888 626 feci.
1924 592 1970 627 Et
1986 593 2114 629 Ezecb.
2132 595 2248 632 XV1.:

1259 644 1538 688 Multiplicatum
1560 645 1658 690 quasi
1683 656 1825 688 germen
1848 644 1923 688 agri
1943 645 2025 678 dedi
2041 653 2084 680 te.
2137 647 2188 680 Ita
2217 653 2251 680 et

1258 693 1314 728 hic
1334 696 1522 743 exprobrat
1545 695 1716 729 beneficia
1738 707 1820 733 sua,
1848 695 1946 740 quasi
1966 695 2014 729 sic
2029 695 2138 731 dicat:
2167 695 2250 731 Ideo

1257 746 1450 780 revelatum
1475 753 1525 780 est
1542 744 1795 790 Evangelium,
1833 753 1872 779 ut
1888 746 2002 790 palam
2020 745 2136 789 fieret,
2163 750 2250 781 adeo

1257 797 1347 840 exigi
1366 796 1470 830 fidem
1490 797 1576 831 citra
1601 809 1746 841 operum
1775 804 1968 840 respectum
1983 823 1992 837 ‚
2025 804 2064 830 ut
2087 798 2251 832 incredu—

1257 847 1337 881 litas
1355 848 1501 881 damnet
1516 849 1638 888 etiam,
1663 848 1800 881 tametsi
1817 859 1938 881 omnes
1955 848 2079 881 mundi
2097 849 2250 883 iusticias

1257 896 1393 932 habeat.
1449 898 1567 943 Atque
1585 896 1652 932 hoc
1670 899 1699 932 si
1717 911 1788 931 non
1810 898 2014 939 revelasset,
2041 906 2154 933 essent
2170 900 2250 945 qui-

1258 950 1335 982 dem
1356 955 1576 996 peccatores,
1608 951 1668 983 sed
1695 956 1812 983 tamen
1838 949 2051 983 conscientia
2069 962 2141 984 non
2159 950 2251 984 iudi-

1258 1007 1351 1034 caret
1368 1000 1671 1042 incredulitatem,
1707 1012 1780 1034 non
1803 1000 1948 1033 sentiret
1974 1011 2046 1033 esse
2062 1008 2253 1045 peccatum,

1258 1051 1339 1096 quia
1365 1052 1474 1084 verbo
1500 1058 1653 1092 careret,
1689 1052 1885 1085 secundum
1913 1052 2008 1096 quod
2040 1052 2252 1086 conscientia

1258 1102 1402 1137 iudicat.
1457 1101 1561 1135 Nunc
1577 1114 1655 1135 curn
1677 1101 1891 1136 conscientia
1910 1102 2057 1143 sentiat,
2087 1103 2252 1137 incredu-

1257 1153 1391 1187 litatem
1411 1164 1483 1186 esse
1502 1159 1704 1197 peccatum,
1730 1165 1792 1187 cur
1815 1164 1887 1186 non
1913 1153 2044 1194 credit,
2076 1165 2140 1187 cur
2158 1154 2252 1187 diffi-

1259 1203 1330 1242 dit,
1365 1216 1428 1238 cur
1451 1205 1630 1249 desperat,
1675 1217 1738 1238 cur
1768 1215 1846 1238 suas
1880 1203 2036 1238 iusticias
2066 1205 2253 1250 requirunt

1258 1255 1395 1300 potius,
1430 1267 1535 1300 quam
1558 1267 1677 1289 meum
1702 1255 1875 1288 verbum?
1918 1253 2039 1300 ltaque
2065 1267 2138 1289 non
2166 1256 2253 1290 dicit

1259 1304 1442 1347 Christus,
1470 1319 1542 1339 non
1558 1307 1665 1339 fuisse
1688 1307 1816 1350 peccati
1840 1318 1934 1344 reos,
1957 1306 2074 1339 sinon
2092 1307 2253 1346 venisset,

1259 1357 1318 1389 sed
1339 1368 1396 1389 eos
1415 1355 1480 1389 hoc
1499 1364 1693 1400 peccatum,
1718 1357 1850 1390 scilicet
1875 1356 2152 1398 incredulitatis,
2179 1370 2253 1391 non

1258 1404 1444 1440 habituros
1459 1407 1576 1440 fuisse.
1632 1407 1816 1446 Secundo,
1852 1418 1966 1452 neque
1990 1404 2055 1440 hoc
2077 1408 2167 1452 agit,
2197 1409 2253 1442 in-

1258 1457 1500 1491 credulitatem
1521 1469 1593 1490 non
1610 1458 1716 1490 fuisse
1737 1464 1916 1501 peccatum
1940 1458 1969 1490 si
1995 1470 2067 1490 non
2093 1459 2254 1499 venisset,

1259 1509 1318 1541 sed
1336 1519 1393 1540 eos
1413 1507 1446 1540 id
1473 1514 1651 1551 peccatum
1677 1519 1751 1540 non
1777 1506 1961 1541 babituros
1983 1508 2108 1549 fuisse,
2136 1509 2170 1541 id
2191 1516 2253 1547 est,

1258 1558 1490 1591 conscientias
1522 1569 1595 1591 non
1625 1558 1779 1602 potuisse
1812 1558 1969 1591 iudicare
2001 1565 2033 1591 et
2056 1560 2185 1593 sentire
2216 1561 2252 1593 id

1259 1621 1331 1642 esse
1365 1617 1554 1653 peccatum.
1619 1607 1775 1642 Proinde
1807 1609 1856 1642 sic
1888 1609 2031 1652 exponit
2063 1617 2253 1654 peccatum.

1261 1660 1564 1705 quemadmodum
1589 1659 1761 1704 scriptura
1793 1660 1993 1704 plerunque
2015 1668 2163 1706 usurpat
2188 1673 2252 1707 pro

1260 1717 1419 1755 peccato,
1448 1718 1622 1756 quatenus
1648 1711 1890 1754 cognoscitur,
1925 1711 2103 1745 iudicatur
2122 1719 2155 1746 et
2171 1724 2253 1746 sen-

1261 1762 1370 1800 titur,
1406 1762 1494 1795 sicut
1519 1769 1551 1795 et
1569 1761 1700 1795 Paulus
1726 1762 1901 1807 loquitur:
1950 1760 2105 1796 Aculeus
2130 1763 2254 1798 mortis

1260 1820 1440 1857 peccatum
1460 1820 1510 1846 est
1538 1820 1600 1847 etc.
1655 1811 1812 1846 Proinde
1832 1812 1929 1846 velut
1951 1812 2044 1857 ipsas
2070 1815 2253 1848 conscien-

1259 1865 1324 1898 tias
1340 1864 1604 1897 incredulorum
1633 1864 1785 1907 appellat
1803 1861 1982 1904 Christus,
2009 1864 2109 1909 quasi
2129 1865 2178 1899 sic
2195 1866 2252 1899 di·

1260 1921 1332 1949 cat:
1363 1913 1453 1948 Cum
1472 1915 1707 1949 conscientiae
1725 1927 1803 1948 meo
1821 1915 1929 1948 verbo
1955 1915 2134 1949 convictae
2159 1923 2253 1957 sunt,

1260 1973 1437 2010 peccatum
1457 1977 1529 1999 esse
1547 1966 1829 2000 incredulitatem
1841 1989 1849 2002 ,
1878 1977 1941 1998 cur
1963 1965 2071 2008 igitur
2087 1977 2160 2000 non
2177 1977 2251 2000 cre-

1259 2017 1373 2050 dunt?
1400 2016 1532 2061 Estque
1548 2014 1794 2062 enthymema,
1824 2015 1852 2048 si
1871 2027 1943 2047 non
1960 2015 2144 2056 venissem,
2172 2029 2253 2062 pec—

1260 2074 1376 2101 catum
1394 2079 1466 2100 non
1492 2065 1682 2107 haberent,
1709 2067 1731 2101 i.
1748 2078 1777 2101 e.
1801 2077 1872 2099 non
1900 2065 2047 2100 fuissent
2072 2068 2253 2102 convictae

1261 2130 1383 2151 eorum
1411 2117 1665 2157 conscientiae,
1693 2124 1732 2151 ut
1748 2117 1940 2160 sentirent,
1968 2117 2252 2153 incredulitatem

1261 2180 1333 2202 esse
1374 2176 1573 2212 peccatum,
1621 2168 1704 2214 quia
1743 2169 1889 2202 verbum
1926 2180 1999 2201 non
2034 2166 2254 2211 habuissent,

1260 2221 1354 2265 quod
1383 2220 1418 2253 in
1444 2219 1631 2253 iudicanda
1665 2219 1877 2253 conscientia
1909 2214 2079 2265 sequitur.
2149 2220 2252 2255 Nune

1259 2278 1376 2305 autem
1406 2271 1562 2315 ipsorum
1592 2271 1827 2304 conscientiae
1859 2270 2078 2311 indicantum
2120 2283 2252 2317 cogno-

1259 2322 1659 2356 scuntincredulitatem
1683 2333 1755 2355 esse
1781 2329 1960 2367 peccatum
1986 2328 2048 2355 etc.
2103 2321 2202 2357 Sicut
2218 2329 2251 2357 et

1261 2384 1366 2418 supra
1393 2385 1464 2417 cap.
1491 2371 1592 2407 ML:
1627 2372 1752 2406 Sermo
1776 2384 1880 2418 quem
1906 2373 2043 2406 locutus
2066 2385 2162 2413 sum,
2189 2374 2252 2408 ille

1262 2424 1430 2457 iudicabit
1455 2436 1525 2457 eos.
1586 2422 1680 2457 llaec
1706 2431 1822 2458 autem
1848 2423 1967 2457 omnia
1995 2435 2036 2456 eo
2062 2424 2252 2468 pertinent,

1260 2481 1299 2508 nt
1316 2475 1553 2518 intelligatur.
1581 2487 1686 2519 quam
1706 2482 1824 2508 sancte
1839 2474 1924 2507 fides
1943 2474 2114 2517 exigatur.
2162 2475 2250 2509 Nom

1260 2526 1287 2559 si
1306 2533 1486 2570 peccatum
1511 2532 1561 2560 est
1588 2525 1836 2563 incredulitas.
1871 2537 1943 2559 non
1966 2526 2072 2559 modo
2096 2526 2249 2560 servabit

1261 2584 1378 2621 pater.
1414 2577 1475 2623 qui
1502 2577 1568 2611 sibi
1596 2577 1763 2617 credunt.
1789 2577 1847 2611 sed
1876 2576 2041 2622 praecipit
2059 2577 2185 2617 etiam,
2212 2583 2251 2612 ut

1261 2629 1453 2663 credamus.
