2409 2915
279 104 376 143 1055

280 195 421 229 ficetur,
464 193 565 219 antea
595 183 868 216 mortificaturus
898 191 1003 225 quam
1034 179 1203 220 vivificet,
1238 185 1271 212 et

283 244 365 289 quia
388 236 598 284 praedicatio
615 235 761 268 omnino
773 260 782 274 ‚
809 243 901 265 nova
917 230 1134 264 remissionis
1151 241 1271 274 pecca-

284 303 400 329 torum
432 287 602 332 gratuitae
634 285 767 317 exitura
803 289 884 316 erat.
946 281 1005 315 Sic
1030 281 1123 313 enim
1149 280 1272 314 {esaias

282 345 346 377 ait:
375 339 544 378 Domine,
571 336 650 382 quis
673 335 783 368 credit
805 331 942 366 auditui
968 331 1114 365 nostro?
1165 329 1211 364 Et
1236 331 1271 363 in

283 391 476 435 Evangelio
503 387 680 422 Christus:
721 385 868 425 Beatus,
903 382 964 428 qui
997 394 1069 415 non
1095 382 1209 416 suerat
1235 382 1272 413 in

285 457 339 479 me
355 441 621 477 scandalizatus.
665 436 748 470 ldeo
767 435 925 480 oportuit
939 433 971 467 ei
988 433 1123 477 praeire
1141 439 1273 472 testem,

285 508 354 541 quo
387 491 620 526 conscientiae
652 489 843 522 electorum
880 484 1192 522 confirmarentur,
1235 489 1273 516 ut

286 547 490 581 crederent,
517 539 616 574 hunc
632 551 712 572 vere
729 549 800 571 esse
817 535 995 572 Christum
1009 562 1017 576 ‚
1044 535 1105 581 qui
1123 534 1274 579 promis-
1298 542 1301 586 ζ
1326 560 1447 582 eorum
1464 548 1511 594 ³7)
1532 549 1566 581 in
1586 561 1649 582 me.

284 608 341 632 sus
357 596 473 629 fuerat
490 592 524 626 in
536 587 736 634 Prophetis.
792 588 899 621 Vides
917 598 1017 630 ergo,
1045 584 1111 619 hoc
1129 597 1200 618 esse
1220 584 1273 617 of-

284 648 400 681 ficium
423 643 575 683 loannis,
603 639 845 675 testimonium
862 635 1048 684 perhibere
1068 638 1110 670 de
1121 634 1274 671 Christo.

284 701 402 741 Atque
420 696 468 729 ita
483 693 701 738 praedictum
721 697 810 732 erat,
836 696 1026 723 venturum
1052 694 1173 721 testem
1192 684 1273 719 Ma-

287 747 421 782 lachiae
441 744 520 779 lll.:
550 743 640 777 Ecce
658 754 721 786 ego
740 742 840 776 mitto
863 740 1026 784 angelum
1052 750 1186 778 meum,
1213 736 1273 781 qui
1299 734 1302 742 '

286 797 510 845 praeparabit
525 795 618 828 viam
637 801 717 827 ante
731 793 854 826 faciem
872 803 997 831 meam,
1024 797 1059 824 et
1081 788 1197 822 statim
1216 799 1275 820 ve-

289 851 362 883 niet
376 850 416 882 ad
437 846 606 890 templum
624 856 726 878 suum
738 844 953 882 dominator,
973 852 1076 885 quem
1091 850 1153 873 vos
1167 850 1274 884 quae-

287 901 385 938 ritis,
414 906 447 932 et
461 898 604 940 angelus
623 894 844 931 testamenti,
871 904 973 938 quem
993 902 1054 924 vos
1068 890 1186 924 vultis.
1222 887 1276 922 De

284 949 489 986 testimonio
518 960 600 981 vero
618 945 760 979 loannis
782 951 815 977 et
840 942 1015 987 baptismo
1044 941 1134 974 infra
1160 940 1276 973 latius.

285 1002 354 1036 Hic
372 1006 558 1034 contentus
579 1004 627 1030 est
648 994 883 1038 Evangelista,
910 999 943 1026 et
960 992 1116 1026 indicare
1135 990 1277 1024 Ioannis
1302 1010 1305 1022 ι

285 1052 458 1090 officium,
500 1056 534 1082 et
563 1047 766 1087 ostendere,
806 1046 973 1078 Ioannem
1005 1054 1076 1076 esse
1103 1042 1276 1076 minorem

287 1101 447 1141 Christo,
473 1097 654 1134 Christum
680 1098 794 1130 lucem
821 1107 915 1136 esse,
944 1093 1113 1127 Ioannem
1131 1105 1204 1126 non
1221 1093 1277 1125 lu-

285 1166 358 1188 cem
393 1163 477 1186 esse.
539 1148 651 1194 Atqui
684 1148 711 1182 si
738 1148 850 1180 lucem
882 1157 954 1178 esse
981 1144 1073 1178 nihil
1097 1145 1192 1178 aliud
1218 1149 1278 1183 est,

285 1204 355 1238 nisi
372 1204 554 1237 doctorem
571 1212 642 1233 esse
654 1226 663 1240 ‚
691 1206 783 1233 certe
799 1204 832 1231 et
854 1195 1003 1230 loannes
1018 1196 1079 1229 lux
1096 1195 1174 1228 suit.
1207 1193 1277 1227 Ne-
1305 1210 1306 1230 ;

285 1267 377 1290 cesse
393 1261 443 1288 est
461 1264 561 1296 ergo,
595 1251 708 1284 lucem
734 1261 807 1283 esse
830 1248 866 1281 id
891 1259 963 1281 esse
981 1248 1075 1292 quod
1095 1246 1278 1280 illumina·
1305 1250 1306 1253 ’

284 1315 419 1347 torem,
453 1306 588 1338 sontem
615 1308 647 1334 et
670 1298 855 1334 authorem
880 1298 1038 1332 luminis.

286 1356 389 1391 liberi
408 1354 547 1390 arbitrii
565 1359 712 1396 negant,
738 1349 919 1386 Christum
938 1349 1051 1382 lucem
1068 1359 1150 1381 esse.

570 1433 622 1469 Ut
651 1444 773 1466 omnes
802 1429 992 1467 crederent.

390 1505 557 1540 Diximus
584 1502 727 1536 loannis
757 1500 912 1533 officium
937 1510 1008 1532 esse
1036 1499 1211 1532 testificari
1237 1499 1280 1531 de
1306 1512 1307 1515 ¹

286 1557 440 1594 Christo.
495 1554 564 1589 Sed
583 1565 644 1586 cur
662 1550 885 1588 testificetur,
914 1550 1101 1593 respondet
1117 1546 1280 1591 Evange-

289 1611 382 1649 lista,
413 1606 459 1642 Ut
476 1615 597 1639 omnes
614 1604 806 1636 crederent.
861 1599 1075 1645 Quanquam
1092 1611 1154 1632 cur
1172 1611 1280 1633 vene—-

287 1662 333 1695 rit
349 1658 510 1694 Christus
525 1662 646 1702 postea
665 1653 886 1697 expositurus
903 1658 971 1691 est,
994 1658 1111 1684 tamen
1131 1648 1187 1683 hic
1206 1662 1278 1683 uno

287 1712 396 1744 verbo
413 1705 729 1752 significantissime
748 1703 883 1736 notavit
901 1700 1141 1745 Evangelista.
1191 1700 1279 1734 Nam

288 1763 314 1796 si
334 1761 484 1795 venisset
501 1755 664 1792 Christus
682 1756 792 1797 legem
811 1761 948 1787 tantum
968 1754 1154 1792 docturus,
1188 1749 1280 1785 nihil

287 1825 376 1858 opus
403 1811 523 1845 suisset
549 1814 644 1842 teste.
704 1805 792 1839 Nam
819 1805 902 1838 satis
924 1805 967 1837 de
991 1804 1064 1846 lege
1088 1802 1207 1836 Moses
1231 1809 1281 1836 est

288 1871 450 1901 testatus,
478 1860 533 1894 cui
552 1858 714 1891 credebat
740 1856 912 1900 populus,
941 1862 980 1889 ut
997 1854 1086 1887 infra
1104 1852 1169 1900 3“”);
1207 1853 1279 1887 Nos
1305 1866 1307 1872 ¹

288 1913 452 1958 discipuli
474 1910 565 1945 Mosi
585 1919 714 1941 sumus.
773 1906 822 1940 lta
850 1919 912 1939 nec
929 1906 996 1938 fide
1013 1905 1077 1938 suit
1097 1917 1196 1949 opus.

394 1971 553 2005 Primum
569 1967 614 2011 ³¹³)
643 1979 723 2009 crgo
747 1972 816 1998 erat
843 1963 1004 1998 Christus
1031 1976 1160 1997 novum
1194 1964 1279 2008 quid

291 2026 376 2057 dum
395 2021 628 2055 nunciaturus
641 2044 649 2057 ‚
677 2017 770 2061 quod
789 2016 883 2048 credi
903 2015 1075 2060 oportuit:
1106 2015 1139 2048 id
1157 2022 1276 2048 autem

288 2073 524 2117 Evangelium
544 2077 613 2110 est,
640 2079 700 2101 seu
718 2067 875 2100 remissio
893 2066 1033 2110 peccati.

393 2131 598 2167 Secundum
614 2125 682 2172 ω),
711 2138 816 2171 porro
832 2125 864 2158 id
886 2124 1117 2167 Evangelium
1135 2137 1206 2157 non
1224 2137 1279 2158 ra-

291 2187 386 2219 tione
422 2183 481 2216 sed
519 2181 584 2213 fide
617 2184 752 2213 tantum
769 2176 814 2219 35)
845 2173 1134 2220 apprehenditur.
1190 2175 1280 2209 Ter-

289 2238 377 2270 tium
395 2234 461 2277 ³⁸),
489 2240 561 2264 emt
587 2237 617 2263 et
635 2235 804 2261 venturus
822 2225 985 2261 Christus
1003 2227 1063 2260 tali
1084 2234 1191 2261 tectus
1207 2228 1279 2261 sor-

290 2300 362 2325 ma,
391 2293 428 2319 ut
455 2297 534 2317 caro
561 2293 623 2325 pro
641 2278 786 2313 Christo
812 2291 884 2311 non
910 2275 1107 2311 haberetur.
1163 2278 1279 2320 Quar-

291 2346 384 2377 tum,
414 2337 480 2368 iam
504 2332 569 2366 hoc
596 2343 737 2377 quoque
760 2332 880 2367 ‹lot-et,
914 2329 942 2362 si
960 2341 1032 2362 non
1051 2330 1097 2362 oh
1116 2329 1209 2362 aliud
1231 2337 1280 2362 te-
1305 2369 1307 2377 Ι

290 2389 458 2422 stitit-atur
484 2385 649 2422 loannes,
688 2381 755 2415 nisi
790 2389 827 2415 nt
853 2382 1049 2414 credamus:
1090 2391 1171 2423 ergo
1196 2377 1279 2414 haee

289 2452 424 2473 summa
442 2446 658 2471 suni-uarum
685 2440 733 2466 est
762 2431 935 2469 institiae.
963 2432 1102 2465 credere
1120 2431 1155 2464 in
1174 2429 1279 2465 Chri-

290 2500 402 2530 stum,
430 2496 466 2522 ut
484 2485 574 2520 nihil
601 2485 696 2519 aliud
724 2482 780 2518 hic
800 2483 1022 2526 Evangelista
1042 2482 1146 2523 velit,
1173 2495 1277 2526 quam

325 2624 371 2648 Ὠ)
394 2624 451 2645 Tur·
482 2622 570 2645 metit:
598 2621 715 2643 dtu-tenir.
822 2617 870 2644 ³³)
886 2618 949 2641 Tui..
973 2619 1140 2641 Ser-undum.

324 2658 372 2682 2⁸)
390 2658 455 2680 Tum.
476 2657 613 2679 Ter-(tum.
823 2653 871 2678 ab)
891 2654 1005 2676 tantum
1024 2659 1076 2675 non
1097 2653 1177 2676 hahet
1197 2652 1252 2675 Tub

327 2692 375 2717 ³6)
395 2692 457 2713 Tuh.
479 2691 636 2720 ouaertum.
656 2690 683 2712 et
703 2687 744 2711 nte
767 2693 848 2717 porro
866 2687 892 2710 tn
912 2694 985 2717 seqq.

867 94 991 129 PHlL.
1020 92 1135 128 MEL.
1162 91 1370 129 SCRIPTA
1398 91 1697 128 ExEGEthA.

1297 232 1300 277 ξ
1324 225 1486 262 Christus
1502 235 1542 262 ut
1558 229 1728 262 iustificet.

1297 319 1301 372 Ι
1429 344 1604 388 Quintum
1616 373 1624 387 ,

1093 1293 1279 1341 Sophistae
1305 1319 1306 1322 =

2214 96 2312 132 1056

2205 181 2313 216 Venit

1784 231 1844 273 At,
1871 231 1932 274 qui
1950 231 2199 276 consequimur
2217 233 2314 266 illam

1298 283 1300 297 '
1325 279 1526 313 iusticiam?
1560 278 1709 314 loannes
1731 281 1933 325 respondet:
1963 280 2161 319 Credendo.

1325 178 1419 223 quod
1439 177 1525 211 alias
1551 178 1739 222 scriptura:
1770 177 1885 212 Iustus
1911 190 1952 212 ex
1967 179 2035 214 fide
2051 181 2150 216 vivit.

1671 357 1735 392 per
1773 347 1892 392 ipsum
1924 349 2146 382 referendum
2182 356 2231 383 est
2271 352 2314 384 ad

1298 385 1516 439 {loannem‚
1559 403 1596 430 ut
1630 397 1690 430 sit:
1734 397 1803 431 Per
1841 399 1976 443 ipsum,
2013 399 2047 431 id
2079 406 2148 440 est,
2185 399 2316 434 loanne

1298 447 1541 485 ttestificante.
1603 447 1692 480 Nam
1725 450 1983 492 eadem-figura
2020 450 2190 495 loquendi
2226 451 2315 485 infra

1298 507 1300 528 ε
1326 504 1375 531 est
1394 499 1505 543 capite
1521 497 1654 533 XVIL:
1690 497 1762 541 Qui
1786 500 1954 533 credituri
1980 509 2062 534 sunt
2086 514 2148 546 per
2167 503 2314 535 verbum

1298 651 1302 728 l
1624 630 1714 666 AVon
1741 637 1819 666 erat
1846 631 1910 667 ille
1938 632 2020 670 lux.

1430 697 1559 742 Magna
1585 699 1742 744 quaestio
1771 706 1842 740 est,
1878 711 1940 733 cur
1965 699 2114 734 Ioannes
2139 708 2239 744 neget
2262 702 2319 735 lu-

1300 786 1301 799 *
1328 761 1400 783 cem
1417 750 1543 790 fuisse,
1572 761 1652 783 cum
1676 750 1762 783 alias
1780 751 1886 784 dicat:
1918 749 1989 784 Vos
2006 752 2087 785 estis
2104 751 2164 786 lux
2181 753 2317 786 mundi.

1300 803 1302 853 ᾖ
1327 800 1558 844 Respondeo:
1609 798 1838 844 Evangelista
1865 801 1936 845 ipse
1967 813 2002 835 se
2035 803 2197 846 exponit,
2240 815 2318 836 cum

1300 888 1303 891 ,
1329 859 1446 895 postea
1461 851 1564 885 dicit:
1593 849 1678 885 Erat
1694 851 1754 885 lux
1767 863 1860 893 vera,
1874 864 1964 896 quae
1981 852 2161 888 illuminat
2175 865 2317 887 omnem

1301 894 1304 910 '
1331 901 1509 935 hominem
1526 903 1725 935 venientem
1744 908 1807 938 etc.
1860 901 1906 936 Et
1924 914 2045 947 supra:
2075 903 2154 938 Vita
2172 911 2245 938 erat
2261 905 2320 937 lux

1329 951 1515 987 hominum
1532 961 1595 988 etc.
1641 952 1798 987 Instituit
1822 954 1918 987 enim
1935 954 2158 988 collationem
2177 954 2320 988 Ioannis

1303 1030 1304 1037 1
1330 1011 1363 1038 et
1386 1002 1540 1045 Christi,
1575 1010 1608 1037 et
1632 1004 1668 1036 in
1695 1003 1825 1037 Ioanne
1857 1005 2018 1038 omnium
2049 1002 2320 1050 Prophetarum,

1333 1054 1421 1101 (non
1441 1055 1534 1088 enim
1553 1055 1701 1088 surrexit
1720 1055 1833 1088 maior
1850 1055 2020 1099 Ioanne),
2047 1063 2085 1090 ut
2101 1058 2233 1095 doceat,
2263 1055 2319 1089 le-

1303 1100 1305 1143 !
1330 1119 1406 1140 sum
1417 1103 1600 1139 Christum
1616 1113 1653 1139 ut
1671 1106 1937 1140 substantialem
1954 1113 1986 1140 et
2004 1107 2176 1140 vivificam
2195 1107 2322 1146 lucem,

1304 1145 1306 1203 Ξ
1331 1158 1377 1190 ita
1396 1157 1658 1191 iustificatorem
1674 1168 1746 1190 esse
1762 1164 1825 1190 etc.
1864 1155 2146 1202 AliiProphetae
2165 1165 2199 1191 et
2216 1156 2320 1191 loan-

1332 1220 1393 1242 nes
1411 1215 1492 1241 sunt
1512 1215 1613 1241 testes
1631 1208 1726 1241 illius
1751 1208 1848 1241 lucis.
1902 1208 1989 1242 Dico
2006 1208 2124 1254 itaque
2141 1208 2229 1242 sicut
2247 1215 2320 1242 tex-

1304 1255 1307 1316 {
1331 1267 1388 1293 tus
1410 1259 1482 1303 ipse
1508 1259 1677 1302 postulat,
1705 1259 1818 1292 lucem
1845 1256 1901 1292 hic
1927 1259 2122 1302 significare
2148 1259 2321 1292 vivificam

1333 1311 1464 1348 lucem,
1499 1309 1586 1342 sicut
1607 1309 1670 1343 ait:
1699 1308 1779 1343 Vita
1800 1316 1874 1343 erat
1892 1309 1951 1343 lux
1968 1308 2172 1351 hominum,
2198 1317 2231 1344 et
2247 1321 2323 1343 eam

1334 1362 1462 1399 lucem,
1491 1371 1580 1403 quae
1607 1360 1803 1400 illuminat,
1831 1361 1866 1392 id
1884 1368 1931 1393 est
1949 1373 2081 1394 novum
2097 1361 2235 1401 lumen,
2261 1371 2322 1393 seu

1333 1417 1369 1443 ut
1394 1410 1523 1442 Paulus
1546 1417 1661 1449 vocat,
1696 1422 1822 1443 novam
1847 1418 2000 1443 mentem
2026 1418 2118 1444 creat
2142 1411 2178 1443 in
2205 1408 2322 1445 homi-

1333 1473 1417 1493 num
1443 1460 1626 1499 cordibus,
1657 1460 1745 1494 sicut
1771 1461 1832 1493 ait:
1870 1459 1954 1494 Erat
1979 1473 2081 1501 vera,
2117 1462 2153 1494 id
2170 1469 2220 1495 est
2236 1462 2321 1495 sub-

1332 1511 1459 1544 stantia
1478 1517 1511 1543 et
1528 1517 1660 1550 natura,
1689 1511 1747 1544 lux
1764 1522 1853 1555 quae
1871 1511 2061 1549 illuminat„
2090 1512 2124 1544 id
2145 1519 2206 1552 est,
2230 1518 2323 1545 creat

1333 1573 1465 1594 novum
1482 1561 1612 1595 lumen.
1668 1560 1714 1594 lta
1740 1561 1837 1594 solus
1853 1558 2015 1594 Christus
2042 1561 2101 1594 lux
2123 1569 2192 1602 est,
2219 1573 2322 1595 nemo

1334 1610 1534 1645 hominum:
1571 1618 1747 1655 praeterea
1774 1623 1877 1645 nemo
1895 1609 2153 1655 Prophetarum
2183 1612 2241 1645 lux
2261 1619 2322 1646 est.

1333 1662 1421 1696 Nam
1440 1661 1486 1708 ³⁸)
1506 1661 1529 1694 ii
1547 1674 1619 1694 non
1639 1669 1761 1695 natura
1786 1664 1844 1695 sed
1870 1663 2138 1707 participatione
2155 1663 2214 1697 lux
2230 1670 2326 1704 sunt,

1333 1714 1421 1747 sicut
1445 1711 1569 1746 Petrus
1594 1713 1658 1747 ait:
1701 1712 1888 1747 Consortes
1913 1713 1993 1747 sacti
2016 1714 2097 1747 estis
2120 1714 2263 1748 divinae
2277 1713 2324 1759 ³)

1333 1771 1490 1798 naturae.
1544 1762 1638 1797 Haec
1660 1776 1700 1797 eo
1716 1764 1910 1808 pertinent,
1942 1771 1980 1798 ut
1996 1764 2147 1799 sciamus
2163 1765 2248 1811 quid
2267 1766 2323 1799 in-

1333 1815 1431 1849 tersit
1465 1816 1558 1848 inter
1588 1815 1736 1849 verbum
1760 1815 1878 1848 vivum
1903 1822 1935 1848 et
1959 1816 2106 1849 verbum
2132 1823 2323 1857 mortuum,

1305 1886 1307 1899 ·,
1334 1868 1427 1901 inter
1450 1866 1586 1899 literam
1613 1874 1646 1901 et
1672 1866 1855 1910 spiritum,
1884 1867 1976 1899 inter
1991 1864 2172 1901 Christum
2188 1874 2222 1901 et
2241 1866 2323 1901 Mo-

1333 1930 1406 1953 sen.
1468 1916 1614 1950 Mortuo
1647 1918 1754 1950 verbo
1779 1919 1951 1951 docentur
1973 1917 2115 1963 quidem
2150 1915 2323 1955 homines.

1333 1976 1389 2006 ut,
1418 1980 1496 2002 cum
1513 1967 1557 2013 ⁶⁰)
1575 1970 1675 2001 docet
1692 1966 1806 2001 Deum
1824 1979 1896 2001 esse
1921 1968 2162 2011 diligendum
2191 1970 2249 2002 sed
2269 1969 2323 2002 in—

1335 2020 1436 2053 terim
1456 2020 1592 2062 ignorat
1612 2032 1672 2052 cor
1693 2016 1847 2052 hominis
1865 2019 1982 2053 Deum
2000 2027 2030 2053 et
2048 2020 2260 2060 contemnit,
2287 2028 2324 2054 ut

1334 2071 1483 2103 maxime
1516 2070 1655 2104 simulet
1689 2071 1809 2112 legem.
1873 2067 1917 2104 Et
1943 2068 2009 2103 hoc
2040 2077 2108 2109 est,
2151 2072 2246 2116 quod
2277 2071 2324 2104 ait

1333 2120 1574 2164 Evangelista:
1611 2119 1696 2154 Erat
1723 2122 1781 2154 lux
1806 2132 1907 2161 vera,
1943 2132 2031 2166 quae
2056 2121 2235 2156 illuminat
2259 2130 2322 2156 etr.

1305 2182 1308 2203 t
1333 2171 1413 2206 Non
1441 2173 1534 2205 enim
1561 2172 1765 2206 illuminant
1788 2173 2048 2218 qualescunque
2070 2179 2232 2208 mortuae
2258 2174 2322 2207 do-

1333 2223 1484 2264 ctrinae,
1511 2223 1647 2256 tametsi
1674 2224 1799 2257 docere
1823 2223 2026 2260 videantur:
2057 2235 2119 2258 nec
2146 2223 2242 2257 enim
2259 2225 2323 2257 do·

1333 2282 1431 2316 cent,
1459 2275 1540 2320 quia
1566 2286 1704 2319 semper
1726 2282 1842 2308 manet
1871 2275 1962 2307 idem
1988 2286 2129 2315 sensus,
2157 2275 2249 2309 idem
2269 2274 2323 2308 iu-

1333 2326 1464 2359 dicium
1500 2325 1664 2364 rationis,
1706 2327 1824 2358 eadem
1860 2325 2057 2369 ignorantia
2085 2324 2169 2365 Dei,
2209 2326 2322 2359 donee

1335 2378 1443 2411 verbo
1459 2377 1540 2409 vivo
1557 2384 1588 2411 et
1605 2377 1731 2420 spiritu
1749 2378 1946 2410 doceamur.
2003 2375 2068 2409 Hic
2087 2377 2200 2415 sides.
2227 2377 2322 2422 quod

1304 2424 1306 2458 ἓ
1333 2441 1410 2462 cum
1437 2429 1532 2461 solus
1550 2425 1710 2461 Christus
1736 2428 1794 2462 lux
1818 2428 1880 2468 sit,
1914 2435 1944 2461 et
1970 2439 2049 2460 cum
2077 2440 2167 2460 nova
2190 2427 2324 2461 illumi-

1335 2480 1477 2514 natione
1517 2490 1607 2522 opus
1647 2476 1857 2515 habeamus.
1907 2490 2042 2512 merum
2085 2479 2322 2520 mendacium,

1367 2615 1415 2641 ³⁷)
1435 2621 1533 2639 eorum
1551 2615 1630 2637 abest
1649 2618 1665 2636 ι
1679 2613 1744 2637 rut».
1815 2613 1863 2639 ³⁸)
1887 2613 1974 2640 Nam]
1994 2616 2088 2639 secer.
2111 2616 2240 2638 meudun
2253 2614 2323 2639 lam.

1370 2650 1418 2675 ³9]
1438 2649 1571 2676 dtr-tum]
1591 2648 1654 2671 ΤιιΙι,
1676 2648 1769 2671 dtu-tut
1788 2649 1869 2672 tue-tv.

1369 2686 1416 2713 ⁴⁰)
1436 2686 1483 2711 ue.
1502 2684 1579 2711 cnm]
1599 2683 1665 2707 rub.
1687 2684 1838 2714 utcunque.
