<?xml version="1.0" encoding="UTF-8"?>
<!DOCTYPE html PUBLIC "-//W3C//DTD XHTML 1.0 Transitional//EN"
    "http://www.w3.org/TR/xhtml1/DTD/xhtml1-transitional.dtd">
<html xmlns="http://www.w3.org/1999/xhtml" xml:lang="en" lang="en">
 <head>
  <title>
</title>
<meta http-equiv="Content-Type" content="text/html;charset=utf-8" />
  <meta name='ocr-system' content='tesseract 3.04.00' />
  <meta name='ocr-capabilities' content='ocr_page ocr_carea ocr_par ocr_line ocrx_word'/>
</head>
<body>
  <div class='ocr_page' id='page_1' title='image "./operaquaesupersu14melauoft/operaquaesupersu14melauoft_0185.png"; bbox 0 0 2409 2915; ppageno 0'>
   <div class='ocr_carea' id='block_1_1' title="bbox 50 97 176 150">
    <p class='ocr_par' dir='ltr' id='par_1_1' title="bbox 50 97 176 150">
     <span class='ocr_line' id='line_1_1' title="bbox 50 97 176 150; baseline -0.008 -18"><span class='ocrx_word' id='word_1_1' title='bbox 50 144 51 150; x_wconf 9' lang='grc' dir='ltr'>ἵ</span> <span class='ocrx_word' id='word_1_2' title='bbox 103 97 176 132; x_wconf 76' lang='lat'>353</span> 
     </span>
    </p>
   </div>
   <div class='ocr_carea' id='block_1_2' title="bbox 0 0 72 1584">
    <p class='ocr_par' dir='ltr' id='par_1_2' title="bbox 0 0 72 1584">
     <span class='ocr_line' id='line_1_2' title="bbox 0 0 72 1584; baseline 0 0"><span class='ocrx_word' id='word_1_3' title='bbox 0 0 72 1584; x_wconf 95' lang='lat' dir='ltr'> </span> 
     </span>
    </p>
   </div>
   <div class='ocr_carea' id='block_1_3' title="bbox 654 90 733 126">
    <p class='ocr_par' dir='ltr' id='par_1_3' title="bbox 654 90 733 126">
     <span class='ocr_line' id='line_1_3' title="bbox 654 90 733 126; baseline -0.025 0"><span class='ocrx_word' id='word_1_4' title='bbox 654 90 733 126; x_wconf 82' lang='grc' dir='ltr'>ΧΠ.</span> 
     </span>
    </p>
   </div>
   <div class='ocr_carea' id='block_1_4' title="bbox 103 173 1090 366">
    <p class='ocr_par' dir='ltr' id='par_1_4' title="bbox 103 173 1090 366">
     <span class='ocr_line' id='line_1_4' title="bbox 103 173 1090 216; baseline -0.008 0"><span class='ocrx_word' id='word_1_5' title='bbox 103 180 321 216; x_wconf 68' lang='lat' dir='ltr'><strong>abominatio</strong></span> <span class='ocrx_word' id='word_1_6' title='bbox 346 184 395 212; x_wconf 87' lang='lat' dir='ltr'>est</span> <span class='ocrx_word' id='word_1_7' title='bbox 421 186 536 211; x_wconf 87' lang='lat' dir='ltr'>coram</span> <span class='ocrx_word' id='word_1_8' title='bbox 554 173 640 208; x_wconf 88' lang='lat' dir='ltr'>Deo.</span> <span class='ocrx_word' id='word_1_9' title='bbox 711 174 788 208; x_wconf 86' lang='lat' dir='ltr'>Hae</span> <span class='ocrx_word' id='word_1_10' title='bbox 810 181 891 209; x_wconf 87' lang='lat' dir='ltr'>sunt</span> <span class='ocrx_word' id='word_1_11' title='bbox 916 175 1090 209; x_wconf 77' lang='lat' dir='ltr'>terribiles</span> 
     </span>
     <span class='ocr_line' id='line_1_5' title="bbox 104 223 1090 268; baseline -0.003 -6"><span class='ocrx_word' id='word_1_12' title='bbox 104 243 205 265; x_wconf 73' lang='lat' dir='ltr'>voces</span> <span class='ocrx_word' id='word_1_13' title='bbox 249 237 405 264; x_wconf 72' lang='lat' dir='ltr'>taxantes</span> <span class='ocrx_word' id='word_1_14' title='bbox 445 225 587 268; x_wconf 82' lang='lat' dir='ltr'>impiam</span> <span class='ocrx_word' id='word_1_15' title='bbox 630 226 850 259; x_wconf 73' lang='lat' dir='ltr'>securitatem</span> <span class='ocrx_word' id='word_1_16' title='bbox 892 223 1090 267; x_wconf 89' lang='lat' dir='ltr'>homiuum,</span> 
     </span>
     <span class='ocr_line' id='line_1_6' title="bbox 104 273 1088 327; baseline -0.005 -12"><span class='ocrx_word' id='word_1_17' title='bbox 104 294 192 327; x_wconf 86' lang='lat' dir='ltr'>quae</span> <span class='ocrx_word' id='word_1_18' title='bbox 224 281 374 315; x_wconf 85' lang='lat' dir='ltr'>maxime</span> <span class='ocrx_word' id='word_1_19' title='bbox 407 279 443 310; x_wconf 91' lang='lat' dir='ltr'>in</span> <span class='ocrx_word' id='word_1_20' title='bbox 475 273 530 309; x_wconf 89' lang='lat' dir='ltr'>his</span> <span class='ocrx_word' id='word_1_21' title='bbox 559 281 627 319; x_wconf 90' lang='lat' dir='ltr'>est,</span> <span class='ocrx_word' id='word_1_22' title='bbox 661 277 721 320; x_wconf 90' lang='lat' dir='ltr'>qui</span> <span class='ocrx_word' id='word_1_23' title='bbox 749 274 879 311; x_wconf 87' lang='lat' dir='ltr'>habent</span> <span class='ocrx_word' id='word_1_24' title='bbox 900 277 1088 311; x_wconf 89' lang='lat' dir='ltr'>eminentia</span> 
     </span>
     <span class='ocr_line' id='line_1_7' title="bbox 104 333 210 366; baseline 0 0"><span class='ocrx_word' id='word_1_25' title='bbox 104 333 210 366; x_wconf 85' lang='lat' dir='ltr'>dona.</span> 
     </span>
    </p>
   </div>
   <div class='ocr_carea' id='block_1_5' title="bbox 105 383 1090 1086">
    <p class='ocr_par' dir='ltr' id='par_1_5' title="bbox 105 383 1090 1086">
     <span class='ocr_line' id='line_1_8' title="bbox 208 383 1089 434; baseline -0.008 -9"><span class='ocrx_word' id='word_1_26' title='bbox 208 389 378 434; x_wconf 86' lang='lat' dir='ltr'>Septimo.</span> <span class='ocrx_word' id='word_1_27' title='bbox 432 387 529 429; x_wconf 82' lang='lat' dir='ltr'>Quid</span> <span class='ocrx_word' id='word_1_28' title='bbox 547 392 596 420; x_wconf 88' lang='lat' dir='ltr'>est</span> <span class='ocrx_word' id='word_1_29' title='bbox 612 383 817 420; x_wconf 77' lang='lat' dir='ltr'>humilitas?</span> <span class='ocrx_word' id='word_1_30' title='bbox 869 383 933 420; x_wconf 85' lang='lat' dir='ltr'>Est</span> <span class='ocrx_word' id='word_1_31' title='bbox 949 397 1029 419; x_wconf 80' lang='lat' dir='ltr'>vere</span> <span class='ocrx_word' id='word_1_32' title='bbox 1046 385 1089 420; x_wconf 88' lang='lat' dir='ltr'>ti·</span> 
     </span>
     <span class='ocr_line' id='line_1_9' title="bbox 106 437 1088 482; baseline -0.007 -6"><span class='ocrx_word' id='word_1_33' title='bbox 106 453 200 475; x_wconf 85' lang='lat' dir='ltr'>mere</span> <span class='ocrx_word' id='word_1_34' title='bbox 210 440 323 474; x_wconf 89' lang='lat' dir='ltr'>Deum</span> <span class='ocrx_word' id='word_1_35' title='bbox 335 465 344 478; x_wconf 91' lang='lat'>,</span> <span class='ocrx_word' id='word_1_36' title='bbox 371 444 406 471; x_wconf 87' lang='lat' dir='ltr'>et.</span> <span class='ocrx_word' id='word_1_37' title='bbox 420 448 618 480; x_wconf 79' lang='lat' dir='ltr'><strong>agnoscere,</strong></span> <span class='ocrx_word' id='word_1_38' title='bbox 645 437 739 482; x_wconf 92' lang='lat' dir='ltr'>quod</span> <span class='ocrx_word' id='word_1_39' title='bbox 757 437 848 471; x_wconf 88' lang='lat' dir='ltr'>dona</span> <span class='ocrx_word' id='word_1_40' title='bbox 867 437 936 470; x_wconf 84' lang='lat' dir='ltr'>sint</span> <span class='ocrx_word' id='word_1_41' title='bbox 955 438 998 470; x_wconf 89' lang='lat' dir='ltr'>ab</span> <span class='ocrx_word' id='word_1_42' title='bbox 1014 437 1088 481; x_wconf 90' lang='lat' dir='ltr'>ipso</span> 
     </span>
     <span class='ocr_line' id='line_1_10' title="bbox 105 487 1089 531; baseline -0.007 -5"><span class='ocrx_word' id='word_1_43' title='bbox 105 501 285 530; x_wconf 87' lang='lat' dir='ltr'>concessa,</span> <span class='ocrx_word' id='word_1_44' title='bbox 319 494 360 522; x_wconf 87' lang='lat' dir='ltr'>ut</span> <span class='ocrx_word' id='word_1_45' title='bbox 389 488 543 522; x_wconf 77' lang='lat' dir='ltr'>serviant</span> <span class='ocrx_word' id='word_1_46' title='bbox 565 487 663 527; x_wconf 87' lang='lat' dir='ltr'>aliis,</span> <span class='ocrx_word' id='word_1_47' title='bbox 694 499 766 520; x_wconf 88' lang='lat' dir='ltr'>non</span> <span class='ocrx_word' id='word_1_48' title='bbox 787 495 826 522; x_wconf 89' lang='lat' dir='ltr'>ut</span> <span class='ocrx_word' id='word_1_49' title='bbox 849 487 1089 531; x_wconf 74' lang='lat' dir='ltr'>opprimamus</span> 
     </span>
     <span class='ocr_line' id='line_1_11' title="bbox 106 538 1089 583; baseline -0.005 -8"><span class='ocrx_word' id='word_1_50' title='bbox 106 553 174 576; x_wconf 89' lang='lat' dir='ltr'>eos.</span> <span class='ocrx_word' id='word_1_51' title='bbox 228 539 332 580; x_wconf 83' lang='lat' dir='ltr'>Item,</span> <span class='ocrx_word' id='word_1_52' title='bbox 363 539 458 583; x_wconf 91' lang='lat' dir='ltr'>quod</span> <span class='ocrx_word' id='word_1_53' title='bbox 492 550 563 571; x_wconf 89' lang='lat' dir='ltr'>nou</span> <span class='ocrx_word' id='word_1_54' title='bbox 594 538 665 571; x_wconf 88' lang='lat' dir='ltr'>siut</span> <span class='ocrx_word' id='word_1_55' title='bbox 692 538 807 571; x_wconf 82' lang='lat' dir='ltr'>felicia</span> <span class='ocrx_word' id='word_1_56' title='bbox 831 538 906 571; x_wconf 88' lang='lat' dir='ltr'>sine</span> <span class='ocrx_word' id='word_1_57' title='bbox 928 538 1021 576; x_wconf 89' lang='lat' dir='ltr'>Deo,</span> <span class='ocrx_word' id='word_1_58' title='bbox 1057 543 1089 570; x_wconf 87' lang='lat' dir='ltr'>et</span> 
     </span>
     <span class='ocr_line' id='line_1_12' title="bbox 105 586 1090 626; baseline -0.005 -1"><span class='ocrx_word' id='word_1_59' title='bbox 105 592 190 626; x_wconf 84' lang='lat' dir='ltr'>tales</span> <span class='ocrx_word' id='word_1_60' title='bbox 213 590 288 623; x_wconf 87' lang='lat' dir='ltr'>sine</span> <span class='ocrx_word' id='word_1_61' title='bbox 315 589 422 622; x_wconf 80' lang='lat' dir='ltr'>verbo</span> <span class='ocrx_word' id='word_1_62' title='bbox 442 587 529 626; x_wconf 86' lang='lat' dir='ltr'>Dei,</span> <span class='ocrx_word' id='word_1_63' title='bbox 558 595 589 621; x_wconf 93' lang='lat' dir='ltr'>et</span> <span class='ocrx_word' id='word_1_64' title='bbox 613 588 687 621; x_wconf 88' lang='lat' dir='ltr'>sine</span> <span class='ocrx_word' id='word_1_65' title='bbox 704 589 886 622; x_wconf 77' lang='lat' dir='ltr'>vocatione</span> <span class='ocrx_word' id='word_1_66' title='bbox 904 586 995 622; x_wconf 81' lang='lat' dir='ltr'>nihil</span> <span class='ocrx_word' id='word_1_67' title='bbox 1013 600 1090 620; x_wconf 91' lang='lat' dir='ltr'>mo-</span> 
     </span>
     <span class='ocr_line' id='line_1_13' title="bbox 106 638 1088 682; baseline -0.004 -7"><span class='ocrx_word' id='word_1_68' title='bbox 106 647 189 674; x_wconf 88' lang='lat' dir='ltr'>vent</span> <span class='ocrx_word' id='word_1_69' title='bbox 205 641 260 673; x_wconf 83' lang='lat' dir='ltr'>vel</span> <span class='ocrx_word' id='word_1_70' title='bbox 278 641 419 674; x_wconf 84' lang='lat' dir='ltr'>audent.</span> <span class='ocrx_word' id='word_1_71' title='bbox 456 638 607 672; x_wconf 83' lang='lat' dir='ltr'>Ecoutra</span> <span class='ocrx_word' id='word_1_72' title='bbox 627 640 790 682; x_wconf 87' lang='lat' dir='ltr'>superbia</span> <span class='ocrx_word' id='word_1_73' title='bbox 805 647 852 672; x_wconf 89' lang='lat' dir='ltr'>est</span> <span class='ocrx_word' id='word_1_74' title='bbox 871 639 945 671; x_wconf 87' lang='lat' dir='ltr'>siue</span> <span class='ocrx_word' id='word_1_75' title='bbox 962 639 1088 672; x_wconf 89' lang='lat' dir='ltr'>timore</span> 
     </span>
     <span class='ocr_line' id='line_1_14' title="bbox 105 686 1090 733; baseline -0.003 -8"><span class='ocrx_word' id='word_1_76' title='bbox 105 691 171 726; x_wconf 81' lang='lat' dir='ltr'>Dei</span> <span class='ocrx_word' id='word_1_77' title='bbox 197 691 350 733; x_wconf 84' lang='lat' dir='ltr'>seipsum</span> <span class='ocrx_word' id='word_1_78' title='bbox 373 689 556 729; x_wconf 84' lang='lat' dir='ltr'>admirari,</span> <span class='ocrx_word' id='word_1_79' title='bbox 584 701 618 722; x_wconf 91' lang='lat' dir='ltr'>se</span> <span class='ocrx_word' id='word_1_80' title='bbox 642 690 816 723; x_wconf 85' lang='lat' dir='ltr'>oblectare</span> <span class='ocrx_word' id='word_1_81' title='bbox 834 690 953 728; x_wconf 80' lang='lat' dir='ltr'>donis,</span> <span class='ocrx_word' id='word_1_82' title='bbox 978 701 1016 722; x_wconf 89' lang='lat' dir='ltr'>ac</span> <span class='ocrx_word' id='word_1_83' title='bbox 1035 686 1090 722; x_wconf 85' lang='lat' dir='ltr'>his</span> 
     </span>
     <span class='ocr_line' id='line_1_15' title="bbox 105 737 1088 782; baseline -0.005 -6"><span class='ocrx_word' id='word_1_84' title='bbox 105 742 299 782; x_wconf 71' lang='lat' dir='ltr'>confidere,</span> <span class='ocrx_word' id='word_1_85' title='bbox 328 747 360 774; x_wconf 84' lang='lat' dir='ltr'>et</span> <span class='ocrx_word' id='word_1_86' title='bbox 385 737 449 773; x_wconf 82' lang='lat' dir='ltr'>hac</span> <span class='ocrx_word' id='word_1_87' title='bbox 474 739 599 772; x_wconf 81' lang='lat' dir='ltr'>fiducia</span> <span class='ocrx_word' id='word_1_88' title='bbox 625 752 764 772; x_wconf 87' lang='lat' dir='ltr'>movere</span> <span class='ocrx_word' id='word_1_89' title='bbox 791 741 900 773; x_wconf 82' lang='lat' dir='ltr'>multa</span> <span class='ocrx_word' id='word_1_90' title='bbox 920 739 994 772; x_wconf 86' lang='lat' dir='ltr'>sine</span> <span class='ocrx_word' id='word_1_91' title='bbox 1011 750 1088 771; x_wconf 87' lang='lat' dir='ltr'>ver-</span> 
     </span>
     <span class='ocr_line' id='line_1_16' title="bbox 105 787 1089 831; baseline -0.006 -4"><span class='ocrx_word' id='word_1_92' title='bbox 105 794 171 831; x_wconf 88' lang='lat' dir='ltr'>bo,</span> <span class='ocrx_word' id='word_1_93' title='bbox 199 799 234 826; x_wconf 91' lang='lat' dir='ltr'>et</span> <span class='ocrx_word' id='word_1_94' title='bbox 249 791 324 825; x_wconf 89' lang='lat' dir='ltr'>sine</span> <span class='ocrx_word' id='word_1_95' title='bbox 342 790 544 829; x_wconf 83' lang='lat' dir='ltr'>vocatione,</span> <span class='ocrx_word' id='word_1_96' title='bbox 570 797 607 823; x_wconf 90' lang='lat' dir='ltr'>ut</span> <span class='ocrx_word' id='word_1_97' title='bbox 622 790 707 823; x_wconf 86' lang='lat' dir='ltr'>Saul</span> <span class='ocrx_word' id='word_1_98' title='bbox 727 797 846 823; x_wconf 87' lang='lat' dir='ltr'>contra</span> <span class='ocrx_word' id='word_1_99' title='bbox 865 791 1010 823; x_wconf 74' lang='lat' dir='ltr'>verbum</span> <span class='ocrx_word' id='word_1_100' title='bbox 1023 787 1089 822; x_wconf 89' lang='lat' dir='ltr'>Dei</span> 
     </span>
     <span class='ocr_line' id='line_1_17' title="bbox 106 839 1089 885; baseline -0.003 -8"><span class='ocrx_word' id='word_1_101' title='bbox 106 849 254 877; x_wconf 84' lang='lat' dir='ltr'>conatur</span> <span class='ocrx_word' id='word_1_102' title='bbox 276 853 422 885; x_wconf 85' lang='lat' dir='ltr'>reguum</span> <span class='ocrx_word' id='word_1_103' title='bbox 448 842 584 873; x_wconf 79' lang='lat' dir='ltr'>tradere</span> <span class='ocrx_word' id='word_1_104' title='bbox 610 840 758 885; x_wconf 81' lang='lat' dir='ltr'><strong>posteris</strong></span> <span class='ocrx_word' id='word_1_105' title='bbox 775 841 857 875; x_wconf 86' lang='lat' dir='ltr'>suis.</span> <span class='ocrx_word' id='word_1_106' title='bbox 911 839 1089 874; x_wconf 78' lang='lat' dir='ltr'>Antonius</span> 
     </span>
     <span class='ocr_line' id='line_1_18' title="bbox 107 889 1089 935; baseline -0.004 -8"><span class='ocrx_word' id='word_1_107' title='bbox 107 894 182 927; x_wconf 91' lang='lat' dir='ltr'>sine</span> <span class='ocrx_word' id='word_1_108' title='bbox 200 892 380 926; x_wconf 83' lang='lat' dir='ltr'>vocatione</span> <span class='ocrx_word' id='word_1_109' title='bbox 397 897 545 924; x_wconf 90' lang='lat' dir='ltr'>conatur</span> <span class='ocrx_word' id='word_1_110' title='bbox 560 903 730 935; x_wconf 86' lang='lat' dir='ltr'>occupare</span> <span class='ocrx_word' id='word_1_111' title='bbox 747 890 945 935; x_wconf 87' lang='lat' dir='ltr'>imperium.</span> <span class='ocrx_word' id='word_1_112' title='bbox 981 889 1089 923; x_wconf 91' lang='lat' dir='ltr'>Pom-</span> 
     </span>
     <span class='ocr_line' id='line_1_19' title="bbox 106 941 1090 989; baseline -0.004 -12"><span class='ocrx_word' id='word_1_113' title='bbox 106 944 204 989; x_wconf 91' lang='lat' dir='ltr'>peius</span> <span class='ocrx_word' id='word_1_114' title='bbox 225 943 300 976; x_wconf 90' lang='lat' dir='ltr'>sine</span> <span class='ocrx_word' id='word_1_115' title='bbox 323 941 505 975; x_wconf 81' lang='lat' dir='ltr'>vocatione</span> <span class='ocrx_word' id='word_1_116' title='bbox 522 948 638 974; x_wconf 84' lang='lat' dir='ltr'>movet</span> <span class='ocrx_word' id='word_1_117' title='bbox 656 942 786 974; x_wconf 84' lang='lat' dir='ltr'>bellum</span> <span class='ocrx_word' id='word_1_118' title='bbox 799 968 807 981; x_wconf 87' lang='lat'>‚</span> <span class='ocrx_word' id='word_1_119' title='bbox 834 941 1013 974; x_wconf 90' lang='lat' dir='ltr'>confidens</span> <span class='ocrx_word' id='word_1_120' title='bbox 1029 951 1090 973; x_wconf 84' lang='lat' dir='ltr'>sua</span> 
     </span>
     <span class='ocr_line' id='line_1_20' title="bbox 106 991 1090 1039; baseline -0.004 -12"><span class='ocrx_word' id='word_1_121' title='bbox 106 993 284 1039; x_wconf 75' lang='lat' dir='ltr'>potentia,</span> <span class='ocrx_word' id='word_1_122' title='bbox 310 993 400 1026; x_wconf 86' lang='lat' dir='ltr'>sicut</span> <span class='ocrx_word' id='word_1_123' title='bbox 419 992 551 1037; x_wconf 85' lang='lat' dir='ltr'>inquit,</span> <span class='ocrx_word' id='word_1_124' title='bbox 579 1003 613 1025; x_wconf 91' lang='lat' dir='ltr'>se</span> <span class='ocrx_word' id='word_1_125' title='bbox 633 991 767 1025; x_wconf 86' lang='lat' dir='ltr'>ltaliam</span> <span class='ocrx_word' id='word_1_126' title='bbox 784 991 999 1036; x_wconf 88' lang='lat' dir='ltr'>repleturum</span> <span class='ocrx_word' id='word_1_127' title='bbox 1017 1001 1090 1024; x_wconf 87' lang='lat' dir='ltr'>esse</span> 
     </span>
     <span class='ocr_line' id='line_1_21' title="bbox 107 1042 682 1086; baseline -0.007 -8"><span class='ocrx_word' id='word_1_128' title='bbox 107 1044 315 1078; x_wconf 75' lang='lat' dir='ltr'>exercitibus</span> <span class='ocrx_word' id='word_1_129' title='bbox 329 1042 557 1086; x_wconf 91' lang='lat' dir='ltr'>supplosione</span> <span class='ocrx_word' id='word_1_130' title='bbox 574 1042 682 1086; x_wconf 90' lang='lat' dir='ltr'>pedis.</span> 
     </span>
    </p>
   </div>
   <div class='ocr_carea' id='block_1_6' title="bbox 107 1097 1096 1848">
    <p class='ocr_par' dir='ltr' id='par_1_6' title="bbox 107 1097 1096 1848">
     <span class='ocr_line' id='line_1_22' title="bbox 208 1097 1090 1135; baseline -0.002 0"><span class='ocrx_word' id='word_1_131' title='bbox 208 1101 277 1135; x_wconf 88' lang='lat' dir='ltr'>Hic</span> <span class='ocrx_word' id='word_1_132' title='bbox 301 1107 418 1135; x_wconf 90' lang='lat' dir='ltr'>autem</span> <span class='ocrx_word' id='word_1_133' title='bbox 442 1101 616 1134; x_wconf 86' lang='lat' dir='ltr'>discamus</span> <span class='ocrx_word' id='word_1_134' title='bbox 641 1112 759 1134; x_wconf 87' lang='lat' dir='ltr'>vocem</span> <span class='ocrx_word' id='word_1_135' title='bbox 784 1099 932 1135; x_wconf 84' lang='lat' dir='ltr'>Christi:</span> <span class='ocrx_word' id='word_1_136' title='bbox 961 1097 1090 1133; x_wconf 77' lang='lat' dir='ltr'>Omnis</span> 
     </span>
     <span class='ocr_line' id='line_1_23' title="bbox 107 1148 1091 1199; baseline -0.005 -12"><span class='ocrx_word' id='word_1_137' title='bbox 107 1153 169 1199; x_wconf 87' lang='lat' dir='ltr'>qui</span> <span class='ocrx_word' id='word_1_138' title='bbox 192 1164 228 1186; x_wconf 89' lang='lat' dir='ltr'>se</span> <span class='ocrx_word' id='word_1_139' title='bbox 251 1152 394 1191; x_wconf 82' lang='lat' dir='ltr'>exaltat,</span> <span class='ocrx_word' id='word_1_140' title='bbox 419 1148 686 1191; x_wconf 84' lang='lat' dir='ltr'>humiliabitur,</span> <span class='ocrx_word' id='word_1_141' title='bbox 713 1151 800 1184; x_wconf 90' lang='lat' dir='ltr'>sicut</span> <span class='ocrx_word' id='word_1_142' title='bbox 822 1151 982 1185; x_wconf 90' lang='lat' dir='ltr'>omnium</span> <span class='ocrx_word' id='word_1_143' title='bbox 1000 1156 1091 1183; x_wconf 87' lang='lat' dir='ltr'>tem-</span> 
     </span>
     <span class='ocr_line' id='line_1_24' title="bbox 107 1199 1092 1249; baseline -0.004 -12"><span class='ocrx_word' id='word_1_144' title='bbox 107 1215 233 1249; x_wconf 89' lang='lat' dir='ltr'>porum</span> <span class='ocrx_word' id='word_1_145' title='bbox 257 1200 423 1235; x_wconf 81' lang='lat' dir='ltr'>historiae</span> <span class='ocrx_word' id='word_1_146' title='bbox 447 1203 656 1240; x_wconf 86' lang='lat' dir='ltr'>ostendunt,</span> <span class='ocrx_word' id='word_1_147' title='bbox 684 1207 857 1234; x_wconf 81' lang='lat' dir='ltr'>tumentes</span> <span class='ocrx_word' id='word_1_148' title='bbox 880 1200 1007 1234; x_wconf 86' lang='lat' dir='ltr'>fiducia</span> <span class='ocrx_word' id='word_1_149' title='bbox 1024 1199 1092 1238; x_wconf 86' lang='lat' dir='ltr'>sui,</span> 
     </span>
     <span class='ocr_line' id='line_1_25' title="bbox 108 1251 1091 1296; baseline -0.005 -9"><span class='ocrx_word' id='word_1_150' title='bbox 108 1261 142 1287; x_wconf 87' lang='lat' dir='ltr'>et</span> <span class='ocrx_word' id='word_1_151' title='bbox 165 1258 344 1286; x_wconf 88' lang='lat' dir='ltr'>moventes</span> <span class='ocrx_word' id='word_1_152' title='bbox 364 1251 497 1296; x_wconf 88' lang='lat' dir='ltr'>aliquid</span> <span class='ocrx_word' id='word_1_153' title='bbox 516 1251 590 1283; x_wconf 90' lang='lat' dir='ltr'>sine</span> <span class='ocrx_word' id='word_1_154' title='bbox 609 1251 792 1284; x_wconf 88' lang='lat' dir='ltr'>vocatione</span> <span class='ocrx_word' id='word_1_155' title='bbox 805 1277 814 1291; x_wconf 92' lang='lat'><em>‚</em></span> <span class='ocrx_word' id='word_1_156' title='bbox 841 1258 874 1285; x_wconf 82' lang='lat' dir='ltr'>et</span> <span class='ocrx_word' id='word_1_157' title='bbox 891 1251 966 1284; x_wconf 86' lang='lat' dir='ltr'>sine</span> <span class='ocrx_word' id='word_1_158' title='bbox 983 1251 1091 1282; x_wconf 89' lang='lat' dir='ltr'>verbo</span> 
     </span>
     <span class='ocr_line' id='line_1_26' title="bbox 109 1297 1092 1344; baseline -0.005 -7"><span class='ocrx_word' id='word_1_159' title='bbox 109 1304 197 1343; x_wconf 90' lang='lat' dir='ltr'>Dei,</span> <span class='ocrx_word' id='word_1_160' title='bbox 223 1300 443 1335; x_wconf 84' lang='lat' dir='ltr'>horribiliter</span> <span class='ocrx_word' id='word_1_161' title='bbox 467 1301 640 1333; x_wconf 89' lang='lat' dir='ltr'>cecidisse.</span> <span class='ocrx_word' id='word_1_162' title='bbox 681 1299 750 1333; x_wconf 90' lang='lat' dir='ltr'>Hic</span> <span class='ocrx_word' id='word_1_163' title='bbox 773 1312 861 1344; x_wconf 88' lang='lat' dir='ltr'>opus</span> <span class='ocrx_word' id='word_1_164' title='bbox 877 1306 927 1333; x_wconf 90' lang='lat' dir='ltr'>est</span> <span class='ocrx_word' id='word_1_165' title='bbox 944 1299 1010 1344; x_wconf 91' lang='lat' dir='ltr'>piis</span> <span class='ocrx_word' id='word_1_166' title='bbox 1027 1297 1092 1332; x_wconf 91' lang='lat' dir='ltr'>hac</span> 
     </span>
     <span class='ocr_line' id='line_1_27' title="bbox 107 1350 1091 1397; baseline -0.005 -11"><span class='ocrx_word' id='word_1_167' title='bbox 107 1353 278 1397; x_wconf 83' lang='lat' dir='ltr'>sapientia</span> <span class='ocrx_word' id='word_1_168' title='bbox 299 1352 343 1384; x_wconf 89' lang='lat' dir='ltr'>de</span> <span class='ocrx_word' id='word_1_169' title='bbox 359 1363 427 1396; x_wconf 89' lang='lat' dir='ltr'>qua</span> <span class='ocrx_word' id='word_1_170' title='bbox 446 1351 678 1384; x_wconf 89' lang='lat' dir='ltr'>concionatur</span> <span class='ocrx_word' id='word_1_171' title='bbox 693 1350 836 1390; x_wconf 88' lang='lat' dir='ltr'>Petrus,</span> <span class='ocrx_word' id='word_1_172' title='bbox 861 1362 940 1384; x_wconf 91' lang='lat' dir='ltr'>cum</span> <span class='ocrx_word' id='word_1_173' title='bbox 959 1350 1091 1395; x_wconf 87' lang='lat' dir='ltr'>inquit:</span> 
     </span>
     <span class='ocr_line' id='line_1_28' title="bbox 108 1399 1092 1445; baseline -0.006 -7"><span class='ocrx_word' id='word_1_174' title='bbox 108 1401 360 1438; x_wconf 89' lang='lat' dir='ltr'>Humiliamini</span> <span class='ocrx_word' id='word_1_175' title='bbox 383 1401 448 1434; x_wconf 93' lang='lat' dir='ltr'>sub</span> <span class='ocrx_word' id='word_1_176' title='bbox 471 1401 606 1445; x_wconf 90' lang='lat' dir='ltr'>potenti</span> <span class='ocrx_word' id='word_1_177' title='bbox 634 1412 740 1434; x_wconf 90' lang='lat' dir='ltr'>manu</span> <span class='ocrx_word' id='word_1_178' title='bbox 757 1399 834 1434; x_wconf 90' lang='lat' dir='ltr'>Dei.</span> <span class='ocrx_word' id='word_1_179' title='bbox 885 1399 1001 1435; x_wconf 88' lang='lat' dir='ltr'>David</span> <span class='ocrx_word' id='word_1_180' title='bbox 1024 1400 1092 1432; x_wconf 86' lang='lat' dir='ltr'>irn-</span> 
     </span>
     <span class='ocr_line' id='line_1_29' title="bbox 108 1450 1093 1498; baseline -0.005 -11"><span class='ocrx_word' id='word_1_181' title='bbox 108 1453 231 1498; x_wconf 89' lang='lat' dir='ltr'>pulsus</span> <span class='ocrx_word' id='word_1_182' title='bbox 256 1458 324 1492; x_wconf 89' lang='lat' dir='ltr'>est,</span> <span class='ocrx_word' id='word_1_183' title='bbox 357 1452 416 1484; x_wconf 90' lang='lat' dir='ltr'>sed</span> <span class='ocrx_word' id='word_1_184' title='bbox 441 1463 562 1485; x_wconf 89' lang='lat' dir='ltr'>rursus</span> <span class='ocrx_word' id='word_1_185' title='bbox 584 1457 736 1490; x_wconf 89' lang='lat' dir='ltr'>erectus,</span> <span class='ocrx_word' id='word_1_186' title='bbox 769 1451 850 1495; x_wconf 90' lang='lat' dir='ltr'>qula</span> <span class='ocrx_word' id='word_1_187' title='bbox 875 1457 977 1484; x_wconf 87' lang='lat' dir='ltr'>norat</span> <span class='ocrx_word' id='word_1_188' title='bbox 1002 1450 1093 1483; x_wconf 82' lang='lat' dir='ltr'>ferre</span> 
     </span>
     <span class='ocr_line' id='line_1_30' title="bbox 107 1501 1093 1546; baseline -0.005 -8"><span class='ocrx_word' id='word_1_189' title='bbox 107 1501 401 1538; x_wconf 84' lang='lat' dir='ltr'>humiliationem.</span> <span class='ocrx_word' id='word_1_190' title='bbox 446 1501 531 1536; x_wconf 89' lang='lat' dir='ltr'>Saul</span> <span class='ocrx_word' id='word_1_191' title='bbox 548 1514 620 1535; x_wconf 91' lang='lat' dir='ltr'>non</span> <span class='ocrx_word' id='word_1_192' title='bbox 635 1509 686 1536; x_wconf 89' lang='lat' dir='ltr'>est</span> <span class='ocrx_word' id='word_1_193' title='bbox 703 1502 894 1542; x_wconf 87' lang='lat' dir='ltr'>restitutus,</span> <span class='ocrx_word' id='word_1_194' title='bbox 922 1501 1003 1546; x_wconf 80' lang='lat' dir='ltr'>quia</span> <span class='ocrx_word' id='word_1_195' title='bbox 1019 1512 1093 1534; x_wconf 87' lang='lat' dir='ltr'>non</span> 
     </span>
     <span class='ocr_line' id='line_1_31' title="bbox 109 1550 1093 1597; baseline -0.002 -11"><span class='ocrx_word' id='word_1_196' title='bbox 109 1561 212 1588; x_wconf 88' lang='lat' dir='ltr'>norat</span> <span class='ocrx_word' id='word_1_197' title='bbox 232 1553 323 1586; x_wconf 85' lang='lat' dir='ltr'>serre</span> <span class='ocrx_word' id='word_1_198' title='bbox 346 1550 652 1593; x_wconf 83' lang='lat' dir='ltr'>humiliationem,</span> <span class='ocrx_word' id='word_1_199' title='bbox 685 1553 744 1588; x_wconf 87' lang='lat' dir='ltr'>sed</span> <span class='ocrx_word' id='word_1_200' title='bbox 767 1564 829 1597; x_wconf 90' lang='lat' dir='ltr'>per</span> <span class='ocrx_word' id='word_1_201' title='bbox 851 1551 1093 1596; x_wconf 75' lang='lat' dir='ltr'>impetentiam</span> 
     </span>
     <span class='ocr_line' id='line_1_32' title="bbox 109 1601 1094 1647; baseline -0.005 -8"><span class='ocrx_word' id='word_1_202' title='bbox 109 1605 182 1639; x_wconf 83' lang='lat' dir='ltr'>ruit</span> <span class='ocrx_word' id='word_1_203' title='bbox 205 1604 243 1637; x_wconf 92' lang='lat' dir='ltr'>in</span> <span class='ocrx_word' id='word_1_204' title='bbox 266 1603 562 1647; x_wconf 77' lang='lat' dir='ltr'>desperationem,</span> <span class='ocrx_word' id='word_1_205' title='bbox 590 1610 621 1635; x_wconf 88' lang='lat' dir='ltr'>et</span> <span class='ocrx_word' id='word_1_206' title='bbox 646 1603 767 1636; x_wconf 91' lang='lat' dir='ltr'>odium</span> <span class='ocrx_word' id='word_1_207' title='bbox 785 1602 863 1636; x_wconf 85' lang='lat' dir='ltr'>Dei.</span> <span class='ocrx_word' id='word_1_208' title='bbox 918 1601 1094 1635; x_wconf 89' lang='lat' dir='ltr'>Memine-</span> 
     </span>
     <span class='ocr_line' id='line_1_33' title="bbox 110 1650 1093 1697; baseline -0.006 -8"><span class='ocrx_word' id='word_1_209' title='bbox 110 1655 223 1690; x_wconf 84' lang='lat' dir='ltr'>rimus</span> <span class='ocrx_word' id='word_1_210' title='bbox 244 1654 351 1697; x_wconf 85' lang='lat' dir='ltr'>igitur</span> <span class='ocrx_word' id='word_1_211' title='bbox 374 1653 412 1686; x_wconf 88' lang='lat' dir='ltr'>in</span> <span class='ocrx_word' id='word_1_212' title='bbox 432 1653 684 1687; x_wconf 78' lang='lat' dir='ltr'>afflictionibus</span> <span class='ocrx_word' id='word_1_213' title='bbox 702 1650 769 1686; x_wconf 88' lang='lat' dir='ltr'>hoc</span> <span class='ocrx_word' id='word_1_214' title='bbox 787 1653 939 1693; x_wconf 87' lang='lat' dir='ltr'>dictum,</span> <span class='ocrx_word' id='word_1_215' title='bbox 964 1651 1093 1684; x_wconf 85' lang='lat' dir='ltr'>Humi-</span> 
     </span>
     <span class='ocr_line' id='line_1_34' title="bbox 111 1701 1094 1748; baseline -0.005 -9"><span class='ocrx_word' id='word_1_216' title='bbox 111 1705 247 1739; x_wconf 86' lang='lat' dir='ltr'>liamini</span> <span class='ocrx_word' id='word_1_217' title='bbox 271 1705 336 1738; x_wconf 90' lang='lat' dir='ltr'>sub</span> <span class='ocrx_word' id='word_1_218' title='bbox 362 1704 496 1748; x_wconf 84' lang='lat' dir='ltr'>potenti</span> <span class='ocrx_word' id='word_1_219' title='bbox 520 1715 625 1735; x_wconf 89' lang='lat' dir='ltr'>manu</span> <span class='ocrx_word' id='word_1_220' title='bbox 643 1701 738 1743; x_wconf 78' lang='lat' dir='ltr'>Dei,</span> <span class='ocrx_word' id='word_1_221' title='bbox 766 1703 864 1747; x_wconf 85' lang='lat' dir='ltr'>quasi</span> <span class='ocrx_word' id='word_1_222' title='bbox 883 1702 993 1741; x_wconf 86' lang='lat' dir='ltr'>dicat,</span> <span class='ocrx_word' id='word_1_223' title='bbox 1020 1713 1094 1734; x_wconf 84' lang='lat' dir='ltr'>ma-</span> 
     </span>
     <span class='ocr_line' id='line_1_35' title="bbox 111 1751 1096 1799; baseline -0.006 -9"><span class='ocrx_word' id='word_1_224' title='bbox 111 1767 178 1790; x_wconf 88' lang='lat' dir='ltr'>nus</span> <span class='ocrx_word' id='word_1_225' title='bbox 202 1754 266 1789; x_wconf 88' lang='lat' dir='ltr'>Dei</span> <span class='ocrx_word' id='word_1_226' title='bbox 300 1761 423 1799; x_wconf 85' lang='lat' dir='ltr'>potens</span> <span class='ocrx_word' id='word_1_227' title='bbox 450 1760 501 1786; x_wconf 85' lang='lat' dir='ltr'>est</span> <span class='ocrx_word' id='word_1_228' title='bbox 524 1760 555 1787; x_wconf 82' lang='lat' dir='ltr'>et</span> <span class='ocrx_word' id='word_1_229' title='bbox 578 1754 614 1785; x_wconf 90' lang='lat' dir='ltr'>in</span> <span class='ocrx_word' id='word_1_230' title='bbox 640 1753 841 1797; x_wconf 90' lang='lat' dir='ltr'>puniendo,</span> <span class='ocrx_word' id='word_1_231' title='bbox 875 1759 908 1787; x_wconf 88' lang='lat' dir='ltr'>et</span> <span class='ocrx_word' id='word_1_232' title='bbox 932 1752 968 1785; x_wconf 92' lang='lat' dir='ltr'>in</span> <span class='ocrx_word' id='word_1_233' title='bbox 992 1751 1096 1785; x_wconf 86' lang='lat' dir='ltr'>resti-</span> 
     </span>
     <span class='ocr_line' id='line_1_36' title="bbox 113 1803 711 1848; baseline -0.005 -7"><span class='ocrx_word' id='word_1_234' title='bbox 113 1807 264 1846; x_wconf 78' lang='lat' dir='ltr'>tuendo,</span> <span class='ocrx_word' id='word_1_235' title='bbox 290 1811 328 1839; x_wconf 87' lang='lat' dir='ltr'>ut</span> <span class='ocrx_word' id='word_1_236' title='bbox 347 1805 384 1837; x_wconf 87' lang='lat' dir='ltr'>in</span> <span class='ocrx_word' id='word_1_237' title='bbox 401 1803 539 1838; x_wconf 80' lang='lat' dir='ltr'>Davide</span> <span class='ocrx_word' id='word_1_238' title='bbox 557 1810 711 1848; x_wconf 79' lang='lat' dir='ltr'>apparet.</span> 
     </span>
    </p>
   </div>
   <div class='ocr_carea' id='block_1_7' title="bbox 245 1929 970 2055">
    <p class='ocr_par' dir='ltr' id='par_1_7' title="bbox 245 1929 970 2055">
     <span class='ocr_line' id='line_1_37' title="bbox 245 1929 970 1984; baseline -0.003 -12"><span class='ocrx_word' id='word_1_239' title='bbox 245 1930 466 1972; x_wconf 85' lang='lat' dir='ltr'>Dominica</span> <span class='ocrx_word' id='word_1_240' title='bbox 486 1929 582 1971; x_wconf 85' lang='lat' dir='ltr'>XII.</span> <span class='ocrx_word' id='word_1_241' title='bbox 611 1934 705 1984; x_wconf 89' lang='lat' dir='ltr'>post</span> <span class='ocrx_word' id='word_1_242' title='bbox 736 1930 970 1971; x_wconf 83' lang='lat' dir='ltr'>Trinitatis.</span> 
     </span>
     <span class='ocr_line' id='line_1_38' title="bbox 394 2009 818 2055; baseline 0 -8"><span class='ocrx_word' id='word_1_243' title='bbox 394 2009 628 2055; x_wconf 80' lang='lat' dir='ltr'>Evangelium</span> <span class='ocrx_word' id='word_1_244' title='bbox 653 2011 767 2046; x_wconf 76' lang='lat' dir='ltr'>Marci</span> <span class='ocrx_word' id='word_1_245' title='bbox 785 2011 818 2047; x_wconf 89' lang='grc'>7.</span> 
     </span>
    </p>
   </div>
   <div class='ocr_carea' id='block_1_8' title="bbox 169 2080 1102 2535">
    <p class='ocr_par' dir='ltr' id='par_1_8' title="bbox 169 2080 1102 2535">
     <span class='ocr_line' id='line_1_39' title="bbox 169 2080 1100 2130; baseline -0.003 -11"><span class='ocrx_word' id='word_1_246' title='bbox 169 2085 220 2120; x_wconf 79' lang='lat' dir='ltr'>Ea</span> <span class='ocrx_word' id='word_1_247' title='bbox 244 2086 371 2119; x_wconf 81' lang='lat' dir='ltr'>iterum</span> <span class='ocrx_word' id='word_1_248' title='bbox 396 2085 519 2119; x_wconf 72' lang='lat' dir='ltr'>exiens</span> <span class='ocrx_word' id='word_1_249' title='bbox 544 2082 586 2118; x_wconf 89' lang='lat' dir='ltr'>de</span> <span class='ocrx_word' id='word_1_250' title='bbox 599 2082 746 2130; x_wconf 87' lang='lat' dir='ltr'>finibus</span> <span class='ocrx_word' id='word_1_251' title='bbox 764 2081 863 2130; x_wconf 86' lang='lat' dir='ltr'>Tyri</span> <span class='ocrx_word' id='word_1_252' title='bbox 877 2089 907 2117; x_wconf 79' lang='lat' dir='ltr'>el</span> <span class='ocrx_word' id='word_1_253' title='bbox 923 2080 1100 2130; x_wconf 84' lang='lat' dir='ltr'>Sydonis,</span> 
     </span>
     <span class='ocr_line' id='line_1_40' title="bbox 221 2131 1100 2178; baseline -0.003 -9"><span class='ocrx_word' id='word_1_254' title='bbox 221 2135 312 2169; x_wconf 71' lang='lat' dir='ltr'>veni!</span> <span class='ocrx_word' id='word_1_255' title='bbox 335 2133 389 2169; x_wconf 89' lang='lat' dir='ltr'>ad</span> <span class='ocrx_word' id='word_1_256' title='bbox 411 2146 510 2168; x_wconf 87' lang='lat' dir='ltr'>mare</span> <span class='ocrx_word' id='word_1_257' title='bbox 527 2132 726 2169; x_wconf 82' lang='lat' dir='ltr'>Galilaeae</span> <span class='ocrx_word' id='word_1_258' title='bbox 749 2134 842 2168; x_wconf 81' lang='lat' dir='ltr'>inter</span> <span class='ocrx_word' id='word_1_259' title='bbox 857 2131 1100 2178; x_wconf 84' lang='lat' dir='ltr'>mediosfines</span> 
     </span>
     <span class='ocr_line' id='line_1_41' title="bbox 220 2182 1100 2232; baseline -0.003 -12"><span class='ocrx_word' id='word_1_260' title='bbox 220 2183 460 2232; x_wconf 72' lang='lat' dir='ltr'>Decapoleos.</span> <span class='ocrx_word' id='word_1_261' title='bbox 512 2183 565 2218; x_wconf 81' lang='lat' dir='ltr'>Et</span> <span class='ocrx_word' id='word_1_262' title='bbox 589 2183 776 2219; x_wconf 79' lang='lat' dir='ltr'>adducunt</span> <span class='ocrx_word' id='word_1_263' title='bbox 803 2185 835 2218; x_wconf 85' lang='lat' dir='ltr'>ei</span> <span class='ocrx_word' id='word_1_264' title='bbox 854 2182 1007 2219; x_wconf 83' lang='lat' dir='ltr'>surdum</span> <span class='ocrx_word' id='word_1_265' title='bbox 1031 2183 1100 2217; x_wconf 89' lang='lat' dir='ltr'>im-</span> 
     </span>
     <span class='ocr_line' id='line_1_42' title="bbox 218 2233 1100 2284; baseline -0.005 -14"><span class='ocrx_word' id='word_1_266' title='bbox 218 2233 362 2284; x_wconf 77' lang='lat' dir='ltr'>peditae</span> <span class='ocrx_word' id='word_1_267' title='bbox 388 2234 556 2281; x_wconf 80' lang='lat' dir='ltr'>linguae,</span> <span class='ocrx_word' id='word_1_268' title='bbox 581 2240 611 2279; x_wconf 68' lang='lat' dir='ltr'>ei</span> <span class='ocrx_word' id='word_1_269' title='bbox 636 2233 922 2281; x_wconf 81' lang='lat' dir='ltr'>deprecabantur</span> <span class='ocrx_word' id='word_1_270' title='bbox 937 2247 1033 2275; x_wconf 85' lang='lat' dir='ltr'>eum,</span> <span class='ocrx_word' id='word_1_271' title='bbox 1062 2237 1100 2267; x_wconf 77' lang='lat' dir='ltr'>ut</span> 
     </span>
     <span class='ocr_line' id='line_1_43' title="bbox 220 2282 1101 2334; baseline -0.003 -13"><span class='ocrx_word' id='word_1_272' title='bbox 220 2287 414 2334; x_wconf 83' lang='lat' dir='ltr'>imponeret</span> <span class='ocrx_word' id='word_1_273' title='bbox 445 2284 507 2319; x_wconf 85' lang='lat' dir='ltr'>illi</span> <span class='ocrx_word' id='word_1_274' title='bbox 534 2297 696 2321; x_wconf 87' lang='lat' dir='ltr'>manum.</span> <span class='ocrx_word' id='word_1_275' title='bbox 749 2285 802 2318; x_wconf 79' lang='lat' dir='ltr'>Et</span> <span class='ocrx_word' id='word_1_276' title='bbox 826 2282 1101 2333; x_wconf 79' lang='lat' dir='ltr'>apprehendens</span> 
     </span>
     <span class='ocr_line' id='line_1_44' title="bbox 220 2333 1101 2380; baseline -0.003 -8"><span class='ocrx_word' id='word_1_277' title='bbox 220 2349 298 2372; x_wconf 87' lang='lat' dir='ltr'>eum</span> <span class='ocrx_word' id='word_1_278' title='bbox 315 2334 356 2370; x_wconf 87' lang='lat' dir='ltr'>de</span> <span class='ocrx_word' id='word_1_279' title='bbox 371 2335 478 2370; x_wconf 77' lang='lat' dir='ltr'>turba</span> <span class='ocrx_word' id='word_1_280' title='bbox 494 2348 653 2370; x_wconf 81' lang='lat' dir='ltr'>seorsum</span> <span class='ocrx_word' id='word_1_281' title='bbox 664 2363 672 2377; x_wconf 87' lang='lat'>,</span> <span class='ocrx_word' id='word_1_282' title='bbox 694 2334 793 2370; x_wconf 77' lang='lat' dir='ltr'>misit</span> <span class='ocrx_word' id='word_1_283' title='bbox 811 2333 946 2380; x_wconf 78' lang='lat' dir='ltr'>digitos</span> <span class='ocrx_word' id='word_1_284' title='bbox 961 2347 1046 2369; x_wconf 86' lang='lat' dir='ltr'>suos</span> <span class='ocrx_word' id='word_1_285' title='bbox 1062 2334 1101 2368; x_wconf 80' lang='lat' dir='ltr'>in</span> 
     </span>
     <span class='ocr_line' id='line_1_45' title="bbox 222 2385 1102 2433; baseline -0.003 -11"><span class='ocrx_word' id='word_1_286' title='bbox 222 2399 329 2422; x_wconf 85' lang='lat' dir='ltr'>aures</span> <span class='ocrx_word' id='word_1_287' title='bbox 347 2386 441 2431; x_wconf 83' lang='lat' dir='ltr'>eius,</span> <span class='ocrx_word' id='word_1_288' title='bbox 467 2391 497 2420; x_wconf 81' lang='lat' dir='ltr'>et</span> <span class='ocrx_word' id='word_1_289' title='bbox 518 2398 675 2433; x_wconf 64' lang='lat' dir='ltr'>expuens</span> <span class='ocrx_word' id='word_1_290' title='bbox 694 2386 810 2432; x_wconf 78' lang='lat' dir='ltr'>tetigit</span> <span class='ocrx_word' id='word_1_291' title='bbox 828 2385 998 2431; x_wconf 81' lang='lat' dir='ltr'>linguam</span> <span class='ocrx_word' id='word_1_292' title='bbox 1017 2385 1102 2426; x_wconf 87' lang='lat' dir='ltr'>eius,</span> 
     </span>
     <span class='ocr_line' id='line_1_46' title="bbox 223 2435 1102 2484; baseline -0.003 -12"><span class='ocrx_word' id='word_1_293' title='bbox 223 2443 253 2472; x_wconf 78' lang='lat' dir='ltr'>et</span> <span class='ocrx_word' id='word_1_294' title='bbox 286 2437 485 2484; x_wconf 78' lang='lat' dir='ltr'>suspiciens</span> <span class='ocrx_word' id='word_1_295' title='bbox 515 2437 553 2471; x_wconf 85' lang='lat' dir='ltr'>in</span> <span class='ocrx_word' id='word_1_296' title='bbox 583 2435 738 2478; x_wconf 79' lang='lat' dir='ltr'>coelum,</span> <span class='ocrx_word' id='word_1_297' title='bbox 770 2436 963 2483; x_wconf 78' lang='lat' dir='ltr'>ingemuit,</span> <span class='ocrx_word' id='word_1_298' title='bbox 995 2441 1025 2470; x_wconf 78' lang='lat' dir='ltr'>et</span> <span class='ocrx_word' id='word_1_299' title='bbox 1048 2436 1102 2469; x_wconf 84' lang='lat' dir='ltr'>ait</span> 
     </span>
     <span class='ocr_line' id='line_1_47' title="bbox 228 2485 1102 2535; baseline -0.002 -13"><span class='ocrx_word' id='word_1_300' title='bbox 228 2487 307 2522; x_wconf 86' lang='lat' dir='ltr'>illi.-</span> <span class='ocrx_word' id='word_1_301' title='bbox 343 2485 546 2534; x_wconf 78' lang='lat' dir='ltr'>Ephalha,</span> <span class='ocrx_word' id='word_1_302' title='bbox 588 2485 688 2535; x_wconf 78' lang='lat' dir='ltr'>quod</span> <span class='ocrx_word' id='word_1_303' title='bbox 717 2492 784 2527; x_wconf 81' lang='lat' dir='ltr'>est,</span> <span class='ocrx_word' id='word_1_304' title='bbox 823 2485 1036 2534; x_wconf 83' lang='lat' dir='ltr'>adaperire,</span> <span class='ocrx_word' id='word_1_305' title='bbox 1073 2491 1102 2520; x_wconf 78' lang='lat' dir='ltr'>et</span> 
     </span>
    </p>
   </div>
   <div class='ocr_carea' id='block_1_9' title="bbox 223 2535 1103 2585">
    <p class='ocr_par' dir='ltr' id='par_1_9' title="bbox 223 2535 1103 2585">
     <span class='ocr_line' id='line_1_48' title="bbox 223 2535 1103 2585; baseline -0.003 -12"><span class='ocrx_word' id='word_1_306' title='bbox 223 2539 350 2573; x_wconf 76' lang='lat' dir='ltr'>statim</span> <span class='ocrx_word' id='word_1_307' title='bbox 373 2543 519 2585; x_wconf 77' lang='lat' dir='ltr'>apertae</span> <span class='ocrx_word' id='word_1_308' title='bbox 541 2543 625 2572; x_wconf 80' lang='lat' dir='ltr'>sunl</span> <span class='ocrx_word' id='word_1_309' title='bbox 649 2550 756 2572; x_wconf 83' lang='lat' dir='ltr'>aures</span> <span class='ocrx_word' id='word_1_310' title='bbox 775 2538 868 2578; x_wconf 82' lang='lat' dir='ltr'>eius,</span> <span class='ocrx_word' id='word_1_311' title='bbox 896 2542 926 2570; x_wconf 72' lang='lat' dir='ltr'>el</span> <span class='ocrx_word' id='word_1_312' title='bbox 943 2535 1103 2571; x_wconf 81' lang='lat' dir='ltr'>solutum</span> 
     </span>
    </p>
   </div>
   <div class='ocr_carea' id='block_1_10' title="bbox 228 2587 1478 2634">
    <p class='ocr_par' dir='ltr' id='par_1_10' title="bbox 228 2587 1478 2634">
     <span class='ocr_line' id='line_1_49' title="bbox 228 2587 1478 2634; baseline -0.004 -11"><span class='ocrx_word' id='word_1_313' title='bbox 228 2594 277 2623; x_wconf 80' lang='lat' dir='ltr'>est</span> <span class='ocrx_word' id='word_1_314' title='bbox 308 2587 490 2623; x_wconf 61' lang='lat' dir='ltr'>vinculum</span> <span class='ocrx_word' id='word_1_315' title='bbox 520 2587 670 2634; x_wconf 81' lang='lat' dir='ltr'>linguae</span> <span class='ocrx_word' id='word_1_316' title='bbox 701 2588 796 2631; x_wconf 83' lang='lat' dir='ltr'>eius,</span> <span class='ocrx_word' id='word_1_317' title='bbox 831 2593 861 2622; x_wconf 68' lang='lat' dir='ltr'>ee</span> <span class='ocrx_word' id='word_1_318' title='bbox 893 2587 1106 2634; x_wconf 81' lang='lat' dir='ltr'>loquebatur</span> <span class='ocrx_word' id='word_1_319' title='bbox 1158 2588 1222 2623; x_wconf 90' lang='lat' dir='ltr'>scit</span> <span class='ocrx_word' id='word_1_320' title='bbox 1245 2587 1395 2630; x_wconf 71' lang='lat' dir='ltr'>compati</span> <span class='ocrx_word' id='word_1_321' title='bbox 1416 2593 1478 2619; x_wconf 86' lang='lat' dir='ltr'>etc.</span> 
     </span>
    </p>
   </div>
   <div class='ocr_carea' id='block_1_11' title="bbox 181 2636 1105 2725">
    <p class='ocr_par' dir='ltr' id='par_1_11' title="bbox 181 2636 1105 2725">
     <span class='ocr_line' id='line_1_50' title="bbox 230 2636 1105 2687; baseline 0 -15"><span class='ocrx_word' id='word_1_322' title='bbox 230 2645 327 2675; x_wconf 85' lang='lat' dir='ltr'>recle.</span> <span class='ocrx_word' id='word_1_323' title='bbox 385 2638 438 2673; x_wconf 83' lang='lat' dir='ltr'>Et</span> <span class='ocrx_word' id='word_1_324' title='bbox 461 2639 640 2687; x_wconf 79' lang='lat' dir='ltr'>praecepit</span> <span class='ocrx_word' id='word_1_325' title='bbox 663 2638 762 2680; x_wconf 88' lang='lat' dir='ltr'>illis,</span> <span class='ocrx_word' id='word_1_326' title='bbox 796 2651 838 2674; x_wconf 87' lang='lat' dir='ltr'>ne</span> <span class='ocrx_word' id='word_1_327' title='bbox 860 2640 919 2674; x_wconf 83' lang='lat' dir='ltr'>cui</span> <span class='ocrx_word' id='word_1_328' title='bbox 941 2636 1105 2676; x_wconf 81' lang='lat' dir='ltr'>dicerent.</span> 
     </span>
     <span class='ocr_line' id='line_1_51' title="bbox 181 2691 715 2725; baseline 0.002 -2"><span class='ocrx_word' id='word_1_329' title='bbox 181 2692 355 2724; x_wconf 65' lang='lat' dir='ltr'>Munna.</span> <span class='ocrx_word' id='word_1_330' title='bbox 385 2694 486 2725; x_wconf 71' lang='lat' dir='ltr'>Oeen.</span> <span class='ocrx_word' id='word_1_331' title='bbox 512 2692 593 2723; x_wconf 82' lang='lat' dir='ltr'>Voi..</span> <span class='ocrx_word' id='word_1_332' title='bbox 624 2691 715 2724; x_wconf 72' lang='lat' dir='ltr'>XIV.</span> 
     </span>
    </p>
   </div>
   <div class='ocr_carea' id='block_1_12' title="bbox 787 86 1584 126">
    <p class='ocr_par' dir='ltr' id='par_1_12' title="bbox 787 86 1584 126">
     <span class='ocr_line' id='line_1_52' title="bbox 787 86 1584 126; baseline 0.004 -3"><span class='ocrx_word' id='word_1_333' title='bbox 787 86 1180 125; x_wconf 74' lang='lat' dir='ltr'><strong>ANNOTATIONES</strong></span> <span class='ocrx_word' id='word_1_334' title='bbox 1209 89 1257 124; x_wconf 85' lang='lat' dir='ltr'>IN</span> <span class='ocrx_word' id='word_1_335' title='bbox 1285 88 1584 126; x_wconf 65' lang='lat' dir='ltr'>EVANGELIA.</span> 
     </span>
    </p>
   </div>
   <div class='ocr_carea' id='block_1_13' title="bbox 2056 90 2129 126">
    <p class='ocr_par' dir='ltr' id='par_1_13' title="bbox 2056 90 2129 126">
     <span class='ocr_line' id='line_1_53' title="bbox 2056 90 2129 126; baseline 0 -1"><span class='ocrx_word' id='word_1_336' title='bbox 2056 90 2129 126; x_wconf 83' lang='lat'>354</span> 
     </span>
    </p>
   </div>
   <div class='ocr_carea' id='block_1_14' title="bbox 1243 173 2125 374">
    <p class='ocr_par' dir='ltr' id='par_1_14' title="bbox 1243 173 2125 374">
     <span class='ocr_line' id='line_1_54' title="bbox 1245 173 2125 222; baseline 0.001 -14"><span class='ocrx_word' id='word_1_337' title='bbox 1245 173 1396 221; x_wconf 79' lang='lat' dir='ltr'>Quanto</span> <span class='ocrx_word' id='word_1_338' title='bbox 1422 180 1542 208; x_wconf 85' lang='lat' dir='ltr'>aulem</span> <span class='ocrx_word' id='word_1_339' title='bbox 1568 175 1689 220; x_wconf 68' lang='lat' dir='ltr'>magis</span> <span class='ocrx_word' id='word_1_340' title='bbox 1713 173 1778 209; x_wconf 79' lang='lat' dir='ltr'>ille</span> <span class='ocrx_word' id='word_1_341' title='bbox 1799 174 1849 209; x_wconf 78' lang='grc' dir='ltr'>είς</span> <span class='ocrx_word' id='word_1_342' title='bbox 1869 175 2125 222; x_wconf 74' lang='lat' dir='ltr'>praecipiebat,</span> 
     </span>
     <span class='ocr_line' id='line_1_55' title="bbox 1244 225 2124 272; baseline 0.001 -14"><span class='ocrx_word' id='word_1_343' title='bbox 1244 230 1349 259; x_wconf 74' lang='lat' dir='ltr'>tanto</span> <span class='ocrx_word' id='word_1_344' title='bbox 1378 225 1499 270; x_wconf 78' lang='lat' dir='ltr'>magis</span> <span class='ocrx_word' id='word_1_345' title='bbox 1530 225 1815 270; x_wconf 79' lang='lat' dir='ltr'>praedicabant,</span> <span class='ocrx_word' id='word_1_346' title='bbox 1852 230 1881 258; x_wconf 79' lang='lat' dir='ltr'>el</span> <span class='ocrx_word' id='word_1_347' title='bbox 1910 238 2022 272; x_wconf 80' lang='lat' dir='ltr'>supra</span> <span class='ocrx_word' id='word_1_348' title='bbox 2048 238 2124 260; x_wconf 87' lang='lat' dir='ltr'>mo-</span> 
     </span>
     <span class='ocr_line' id='line_1_56' title="bbox 1245 274 2125 322; baseline 0.001 -13"><span class='ocrx_word' id='word_1_349' title='bbox 1245 274 1331 309; x_wconf 85' lang='lat' dir='ltr'>dum</span> <span class='ocrx_word' id='word_1_350' title='bbox 1353 275 1565 321; x_wconf 80' lang='lat' dir='ltr'>stupebant,</span> <span class='ocrx_word' id='word_1_351' title='bbox 1600 275 1770 309; x_wconf 67' lang='lat' dir='ltr'>dicentes:</span> <span class='ocrx_word' id='word_1_352' title='bbox 1797 275 1896 309; x_wconf 78' lang='lat' dir='ltr'>Bene</span> <span class='ocrx_word' id='word_1_353' title='bbox 1921 277 2044 310; x_wconf 85' lang='lat' dir='ltr'>omnia</span> <span class='ocrx_word' id='word_1_354' title='bbox 2068 277 2125 322; x_wconf 81' lang='lat' dir='ltr'>se-</span> 
     </span>
     <span class='ocr_line' id='line_1_57' title="bbox 1243 323 2102 374; baseline 0 -14"><span class='ocrx_word' id='word_1_355' title='bbox 1243 327 1307 365; x_wconf 86' lang='lat' dir='ltr'>cit,</span> <span class='ocrx_word' id='word_1_356' title='bbox 1335 330 1364 360; x_wconf 78' lang='lat' dir='ltr'>ct</span> <span class='ocrx_word' id='word_1_357' title='bbox 1381 323 1614 373; x_wconf 76' lang='lat' dir='ltr'>surdosfecil</span> <span class='ocrx_word' id='word_1_358' title='bbox 1631 326 1778 365; x_wconf 83' lang='lat' dir='ltr'>audire,</span> <span class='ocrx_word' id='word_1_359' title='bbox 1807 331 1837 359; x_wconf 83' lang='lat' dir='ltr'>el</span> <span class='ocrx_word' id='word_1_360' title='bbox 1854 331 1970 361; x_wconf 83' lang='lat' dir='ltr'>mutos</span> <span class='ocrx_word' id='word_1_361' title='bbox 1990 326 2102 374; x_wconf 81' lang='lat' dir='ltr'>loqui.</span> 
     </span>
    </p>
   </div>
   <div class='ocr_carea' id='block_1_15' title="bbox 1113 402 2126 1094">
    <p class='ocr_par' dir='ltr' id='par_1_15' title="bbox 1141 402 2124 649">
     <span class='ocr_line' id='line_1_58' title="bbox 1246 402 2124 449; baseline 0 -12"><span class='ocrx_word' id='word_1_362' title='bbox 1246 403 1274 440; x_wconf 83' lang='lat' dir='ltr'>l.</span> <span class='ocrx_word' id='word_1_363' title='bbox 1325 402 1405 438; x_wconf 79' lang='lat' dir='ltr'>Una</span> <span class='ocrx_word' id='word_1_364' title='bbox 1437 403 1607 449; x_wconf 86' lang='lat' dir='ltr'>quaedam</span> <span class='ocrx_word' id='word_1_365' title='bbox 1638 409 1801 446; x_wconf 84' lang='lat' dir='ltr'>perpetua</span> <span class='ocrx_word' id='word_1_366' title='bbox 1828 404 1985 437; x_wconf 69' lang='lat' dir='ltr'>doctrina</span> <span class='ocrx_word' id='word_1_367' title='bbox 2011 405 2045 437; x_wconf 90' lang='lat' dir='ltr'>in</span> <span class='ocrx_word' id='word_1_368' title='bbox 2071 403 2124 438; x_wconf 90' lang='lat' dir='ltr'>his</span> 
     </span>
     <span class='ocr_line' id='line_1_59' title="bbox 1142 453 2124 497; baseline 0.001 -10"><span class='ocrx_word' id='word_1_369' title='bbox 1142 455 1321 488; x_wconf 88' lang='lat' dir='ltr'>miraculis</span> <span class='ocrx_word' id='word_1_370' title='bbox 1343 455 1509 487; x_wconf 88' lang='lat' dir='ltr'>omnibus</span> <span class='ocrx_word' id='word_1_371' title='bbox 1525 453 1742 486; x_wconf 76' lang='lat' dir='ltr'>observanda</span> <span class='ocrx_word' id='word_1_372' title='bbox 1761 459 1827 493; x_wconf 89' lang='lat' dir='ltr'>est,</span> <span class='ocrx_word' id='word_1_373' title='bbox 1854 455 1946 497; x_wconf 88' lang='lat' dir='ltr'>quod</span> <span class='ocrx_word' id='word_1_374' title='bbox 1966 455 2124 488; x_wconf 89' lang='lat' dir='ltr'>testimo-</span> 
     </span>
     <span class='ocr_line' id='line_1_60' title="bbox 1141 500 2123 548; baseline 0 -10"><span class='ocrx_word' id='word_1_375' title='bbox 1141 506 1199 538; x_wconf 79' lang='lat' dir='ltr'>nia</span> <span class='ocrx_word' id='word_1_376' title='bbox 1233 512 1331 542; x_wconf 86' lang='lat' dir='ltr'>sunt,</span> <span class='ocrx_word' id='word_1_377' title='bbox 1368 517 1456 548; x_wconf 90' lang='lat' dir='ltr'>quae</span> <span class='ocrx_word' id='word_1_378' title='bbox 1485 505 1674 538; x_wconf 79' lang='lat' dir='ltr'>ostendunt</span> <span class='ocrx_word' id='word_1_379' title='bbox 1700 500 1931 546; x_wconf 82' lang='lat' dir='ltr'>Evangelium</span> <span class='ocrx_word' id='word_1_380' title='bbox 1957 516 2029 536; x_wconf 88' lang='lat' dir='ltr'>non</span> <span class='ocrx_word' id='word_1_381' title='bbox 2052 517 2123 538; x_wconf 88' lang='lat' dir='ltr'>esse</span> 
     </span>
     <span class='ocr_line' id='line_1_61' title="bbox 1143 554 2123 596; baseline -0.002 -7"><span class='ocrx_word' id='word_1_382' title='bbox 1143 555 1441 596; x_wconf 87' lang='lat' dir='ltr'>commentitium,</span> <span class='ocrx_word' id='word_1_383' title='bbox 1474 556 1531 588; x_wconf 81' lang='lat' dir='ltr'>sed</span> <span class='ocrx_word' id='word_1_384' title='bbox 1558 554 1729 587; x_wconf 78' lang='lat' dir='ltr'>(livinitus</span> <span class='ocrx_word' id='word_1_385' title='bbox 1751 554 1929 587; x_wconf 82' lang='lat' dir='ltr'>traditum.</span> <span class='ocrx_word' id='word_1_386' title='bbox 1981 556 2016 588; x_wconf 74' lang='lat'>2.</span> <span class='ocrx_word' id='word_1_387' title='bbox 2043 555 2123 587; x_wconf 81' lang='lat' dir='ltr'>Mo-</span> 
     </span>
     <span class='ocr_line' id='line_1_62' title="bbox 1142 601 2124 649; baseline -0.003 -10"><span class='ocrx_word' id='word_1_388' title='bbox 1142 613 1228 640; x_wconf 78' lang='lat' dir='ltr'>nent</span> <span class='ocrx_word' id='word_1_389' title='bbox 1250 607 1333 639; x_wconf 83' lang='lat' dir='ltr'>item</span> <span class='ocrx_word' id='word_1_390' title='bbox 1353 607 1447 649; x_wconf 85' lang='lat' dir='ltr'>quod</span> <span class='ocrx_word' id='word_1_391' title='bbox 1467 605 1598 638; x_wconf 74' lang='lat' dir='ltr'>venerit</span> <span class='ocrx_word' id='word_1_392' title='bbox 1615 601 1774 637; x_wconf 83' lang='lat' dir='ltr'>Christus</span> <span class='ocrx_word' id='word_1_393' title='bbox 1787 631 1794 643; x_wconf 87' lang='lat'>,</span> <span class='ocrx_word' id='word_1_394' title='bbox 1823 612 1854 638; x_wconf 92' lang='lat' dir='ltr'>et</span> <span class='ocrx_word' id='word_1_395' title='bbox 1871 610 1948 637; x_wconf 90' lang='lat' dir='ltr'>sunt</span> <span class='ocrx_word' id='word_1_396' title='bbox 1967 605 2124 637; x_wconf 81' lang='lat' dir='ltr'>testimo-</span> 
     </span>
    </p>

    <p class='ocr_par' dir='ltr' id='par_1_16' title="bbox 1114 655 2124 700">
     <span class='ocr_line' id='line_1_63' title="bbox 1114 655 2124 700; baseline -0.003 -11"><span class='ocrx_word' id='word_1_397' title='bbox 1114 681 1117 692; x_wconf 86' lang='lat'>.</span> <span class='ocrx_word' id='word_1_398' title='bbox 1142 657 1200 689; x_wconf 82' lang='lat' dir='ltr'>nia</span> <span class='ocrx_word' id='word_1_399' title='bbox 1238 656 1528 700; x_wconf 76' lang='lat' dir='ltr'>promissionum,</span> <span class='ocrx_word' id='word_1_400' title='bbox 1569 655 1749 694; x_wconf 72' lang='lat' dir='ltr'>videlicet,</span> <span class='ocrx_word' id='word_1_401' title='bbox 1794 655 1887 698; x_wconf 89' lang='lat' dir='ltr'>quod</span> <span class='ocrx_word' id='word_1_402' title='bbox 1926 666 2004 688; x_wconf 83' lang='lat' dir='ltr'>vere</span> <span class='ocrx_word' id='word_1_403' title='bbox 2041 655 2124 688; x_wconf 83' lang='lat' dir='ltr'>velit</span> 
     </span>
    </p>

    <p class='ocr_par' dir='ltr' id='par_1_17' title="bbox 1113 704 2126 1094">
     <span class='ocr_line' id='line_1_64' title="bbox 1113 704 2122 781; baseline -0.005 -40"><span class='ocrx_word' id='word_1_404' title='bbox 1113 711 1117 781; x_wconf 63' lang='grc' dir='ltr'>Ι</span> <span class='ocrx_word' id='word_1_405' title='bbox 1142 706 1304 741; x_wconf 83' lang='lat' dir='ltr'>Christus</span> <span class='ocrx_word' id='word_1_406' title='bbox 1322 707 1444 739; x_wconf 79' lang='lat' dir='ltr'>tollere</span> <span class='ocrx_word' id='word_1_407' title='bbox 1464 711 1641 749; x_wconf 77' lang='lat' dir='ltr'>peccatum</span> <span class='ocrx_word' id='word_1_408' title='bbox 1660 710 1692 737; x_wconf 83' lang='lat' dir='ltr'>et</span> <span class='ocrx_word' id='word_1_409' title='bbox 1708 711 1868 738; x_wconf 84' lang='lat' dir='ltr'>mortem.</span> <span class='ocrx_word' id='word_1_410' title='bbox 1921 704 2012 747; x_wconf 83' lang='lat' dir='ltr'>Quia</span> <span class='ocrx_word' id='word_1_411' title='bbox 2029 706 2122 737; x_wconf 88' lang='lat' dir='ltr'>enim</span> 
     </span>
     <span class='ocr_line' id='line_1_65' title="bbox 1142 755 2123 795; baseline -0.003 -4"><span class='ocrx_word' id='word_1_412' title='bbox 1142 758 1235 792; x_wconf 85' lang='lat' dir='ltr'>tollit</span> <span class='ocrx_word' id='word_1_413' title='bbox 1259 758 1420 795; x_wconf 82' lang='lat' dir='ltr'>morbos,</span> <span class='ocrx_word' id='word_1_414' title='bbox 1456 763 1487 790; x_wconf 85' lang='lat' dir='ltr'>et</span> <span class='ocrx_word' id='word_1_415' title='bbox 1511 755 1635 788; x_wconf 84' lang='lat' dir='ltr'>excitat</span> <span class='ocrx_word' id='word_1_416' title='bbox 1659 761 1833 793; x_wconf 89' lang='lat' dir='ltr'>mortuos,</span> <span class='ocrx_word' id='word_1_417' title='bbox 1860 755 1961 787; x_wconf 80' lang='lat' dir='ltr'>etiam</span> <span class='ocrx_word' id='word_1_418' title='bbox 1985 767 2123 789; x_wconf 83' lang='lat' dir='ltr'>causam</span> 
     </span>
     <span class='ocr_line' id='line_1_66' title="bbox 1142 805 2124 848; baseline -0.003 -7"><span class='ocrx_word' id='word_1_419' title='bbox 1142 809 1376 842; x_wconf 77' lang='lat' dir='ltr'>calamitatum</span> <span class='ocrx_word' id='word_1_420' title='bbox 1401 805 1693 846; x_wconf 87' lang='lat' dir='ltr'>tollet,-scilicet‚</span> <span class='ocrx_word' id='word_1_421' title='bbox 1723 811 1900 847; x_wconf 87' lang='lat' dir='ltr'>peccatum</span> <span class='ocrx_word' id='word_1_422' title='bbox 1923 811 1955 838; x_wconf 86' lang='lat' dir='ltr'>et</span> <span class='ocrx_word' id='word_1_423' title='bbox 1978 817 2124 848; x_wconf 81' lang='lat' dir='ltr'>regnum</span> 
     </span>
     <span class='ocr_line' id='line_1_67' title="bbox 1143 853 2126 895; baseline -0.004 -3"><span class='ocrx_word' id='word_1_424' title='bbox 1143 859 1286 892; x_wconf 84' lang='lat' dir='ltr'>diaboli.</span> <span class='ocrx_word' id='word_1_425' title='bbox 1338 858 1373 892; x_wconf 81' lang='lat'>5.</span> <span class='ocrx_word' id='word_1_426' title='bbox 1401 857 1497 891; x_wconf 90' lang='lat' dir='ltr'>Haec</span> <span class='ocrx_word' id='word_1_427' title='bbox 1509 855 1678 889; x_wconf 89' lang='lat' dir='ltr'>miracula</span> <span class='ocrx_word' id='word_1_428' title='bbox 1694 855 1901 895; x_wconf 89' lang='lat' dir='ltr'>ostendunt,</span> <span class='ocrx_word' id='word_1_429' title='bbox 1929 853 2126 889; x_wconf 87' lang='lat' dir='ltr'>hunclibe-</span> 
     </span>
     <span class='ocr_line' id='line_1_68' title="bbox 1141 905 2126 949; baseline -0.004 -6"><span class='ocrx_word' id='word_1_430' title='bbox 1141 917 1292 944; x_wconf 85' lang='lat' dir='ltr'>ratorem</span> <span class='ocrx_word' id='word_1_431' title='bbox 1317 907 1446 942; x_wconf 86' lang='lat' dir='ltr'>hahere</span> <span class='ocrx_word' id='word_1_432' title='bbox 1463 906 1620 940; x_wconf 90' lang='lat' dir='ltr'>divinam</span> <span class='ocrx_word' id='word_1_433' title='bbox 1638 905 1827 948; x_wconf 87' lang='lat' dir='ltr'>potentiam</span> <span class='ocrx_word' id='word_1_434' title='bbox 1839 929 1850 946; x_wconf 94' lang='lat'><em>‚</em></span> <span class='ocrx_word' id='word_1_435' title='bbox 1878 905 1959 949; x_wconf 88' lang='lat' dir='ltr'>quia</span> <span class='ocrx_word' id='word_1_436' title='bbox 1976 907 2126 939; x_wconf 88' lang='lat' dir='ltr'>restituit</span> 
     </span>
     <span class='ocr_line' id='line_1_69' title="bbox 1142 955 2126 1001; baseline -0.004 -8"><span class='ocrx_word' id='word_1_437' title='bbox 1142 967 1305 994; x_wconf 88' lang='lat' dir='ltr'>naturam</span> <span class='ocrx_word' id='word_1_438' title='bbox 1329 959 1534 997; x_wconf 72' lang='lat' dir='ltr'>extinctam,</span> <span class='ocrx_word' id='word_1_439' title='bbox 1559 956 1652 1001; x_wconf 88' lang='lat' dir='ltr'>quod</span> <span class='ocrx_word' id='word_1_440' title='bbox 1677 961 1727 988; x_wconf 87' lang='lat' dir='ltr'>est</span> <span class='ocrx_word' id='word_1_441' title='bbox 1751 961 1888 988; x_wconf 85' lang='lat' dir='ltr'>tantum</span> <span class='ocrx_word' id='word_1_442' title='bbox 1907 955 2047 988; x_wconf 86' lang='lat' dir='ltr'>divinae</span> <span class='ocrx_word' id='word_1_443' title='bbox 2065 969 2126 1000; x_wconf 88' lang='lat' dir='ltr'>po-</span> 
     </span>
     <span class='ocr_line' id='line_1_70' title="bbox 1143 1005 2126 1050; baseline -0.006 -6"><span class='ocrx_word' id='word_1_444' title='bbox 1143 1010 1283 1045; x_wconf 88' lang='lat' dir='ltr'>tentiae.</span> <span class='ocrx_word' id='word_1_445' title='bbox 1336 1010 1393 1042; x_wconf 88' lang='lat' dir='ltr'>Ad</span> <span class='ocrx_word' id='word_1_446' title='bbox 1416 1006 1509 1042; x_wconf 87' lang='lat' dir='ltr'>hanc</span> <span class='ocrx_word' id='word_1_447' title='bbox 1534 1006 1730 1050; x_wconf 78' lang='lat' dir='ltr'>generalem</span> <span class='ocrx_word' id='word_1_448' title='bbox 1748 1005 1903 1048; x_wconf 86' lang='lat' dir='ltr'>regulam</span> <span class='ocrx_word' id='word_1_449' title='bbox 1925 1006 2041 1039; x_wconf 90' lang='lat' dir='ltr'>omnia</span> <span class='ocrx_word' id='word_1_450' title='bbox 2059 1007 2126 1039; x_wconf 81' lang='lat' dir='ltr'>mi-</span> 
     </span>
     <span class='ocr_line' id='line_1_71' title="bbox 1143 1060 1488 1094; baseline -0.009 0"><span class='ocrx_word' id='word_1_451' title='bbox 1143 1061 1260 1094; x_wconf 84' lang='lat' dir='ltr'>racula</span> <span class='ocrx_word' id='word_1_452' title='bbox 1277 1060 1488 1093; x_wconf 85' lang='lat' dir='ltr'>referantur.</span> 
     </span>
    </p>
   </div>
   <div class='ocr_carea' id='block_1_16' title="bbox 1113 784 1118 884">
    <p class='ocr_par' dir='ltr' id='par_1_18' title="bbox 1113 784 1118 884">
     <span class='ocr_line' id='line_1_72' title="bbox 1113 784 1118 884; baseline 0 2031"><span class='ocrx_word' id='word_1_453' title='bbox 1113 784 1118 884; x_wconf 95' lang='lat' dir='ltr'> </span> 
     </span>
    </p>
   </div>
   <div class='ocr_carea' id='block_1_17' title="bbox 1144 1115 2129 1711">
    <p class='ocr_par' dir='ltr' id='par_1_19' title="bbox 1144 1115 2129 1711">
     <span class='ocr_line' id='line_1_73' title="bbox 1246 1115 2127 1155; baseline -0.005 -3"><span class='ocrx_word' id='word_1_454' title='bbox 1246 1118 1293 1155; x_wconf 88' lang='lat' dir='ltr'>lt.</span> <span class='ocrx_word' id='word_1_455' title='bbox 1347 1117 1388 1151; x_wconf 93' lang='lat' dir='ltr'>In</span> <span class='ocrx_word' id='word_1_456' title='bbox 1418 1115 1474 1150; x_wconf 90' lang='lat' dir='ltr'>his</span> <span class='ocrx_word' id='word_1_457' title='bbox 1501 1115 1680 1149; x_wconf 87' lang='lat' dir='ltr'>miraculis</span> <span class='ocrx_word' id='word_1_458' title='bbox 1712 1126 1833 1148; x_wconf 80' lang='lat' dir='ltr'>causae</span> <span class='ocrx_word' id='word_1_459' title='bbox 1864 1115 2069 1149; x_wconf 88' lang='lat' dir='ltr'>morborum</span> <span class='ocrx_word' id='word_1_460' title='bbox 2095 1123 2127 1149; x_wconf 88' lang='lat' dir='ltr'>et</span> 
     </span>
     <span class='ocr_line' id='line_1_74' title="bbox 1144 1165 2127 1211; baseline -0.005 -7"><span class='ocrx_word' id='word_1_461' title='bbox 1144 1170 1304 1205; x_wconf 88' lang='lat' dir='ltr'>omnium</span> <span class='ocrx_word' id='word_1_462' title='bbox 1334 1168 1570 1202; x_wconf 83' lang='lat' dir='ltr'>calamitatum</span> <span class='ocrx_word' id='word_1_463' title='bbox 1602 1165 1886 1204; x_wconf 85' lang='lat' dir='ltr'>considerentur,</span> <span class='ocrx_word' id='word_1_464' title='bbox 1927 1177 2014 1211; x_wconf 88' lang='lat' dir='ltr'>quae</span> <span class='ocrx_word' id='word_1_465' title='bbox 2046 1173 2127 1200; x_wconf 89' lang='lat' dir='ltr'>sunt</span> 
     </span>
     <span class='ocr_line' id='line_1_75' title="bbox 1145 1215 2126 1266; baseline -0.005 -13"><span class='ocrx_word' id='word_1_466' title='bbox 1145 1227 1324 1266; x_wconf 81' lang='lat' dir='ltr'>peccatum</span> <span class='ocrx_word' id='word_1_467' title='bbox 1350 1226 1384 1253; x_wconf 87' lang='lat' dir='ltr'>et</span> <span class='ocrx_word' id='word_1_468' title='bbox 1405 1217 1565 1263; x_wconf 83' lang='lat' dir='ltr'>tyrannis</span> <span class='ocrx_word' id='word_1_469' title='bbox 1589 1215 1744 1255; x_wconf 72' lang='lat' dir='ltr'>diaboli,¹</span> <span class='ocrx_word' id='word_1_470' title='bbox 1770 1215 1831 1261; x_wconf 89' lang='lat' dir='ltr'>qui</span> <span class='ocrx_word' id='word_1_471' title='bbox 1855 1216 2004 1260; x_wconf 89' lang='lat' dir='ltr'>impellit</span> <span class='ocrx_word' id='word_1_472' title='bbox 2026 1216 2126 1248; x_wconf 80' lang='lat' dir='ltr'>infir-</span> 
     </span>
     <span class='ocr_line' id='line_1_76' title="bbox 1144 1266 2127 1310; baseline -0.006 -6"><span class='ocrx_word' id='word_1_473' title='bbox 1144 1282 1219 1304; x_wconf 87' lang='lat' dir='ltr'>mas</span> <span class='ocrx_word' id='word_1_474' title='bbox 1243 1276 1375 1303; x_wconf 86' lang='lat' dir='ltr'>mentes</span> <span class='ocrx_word' id='word_1_475' title='bbox 1399 1269 1444 1302; x_wconf 86' lang='lat' dir='ltr'>ad</span> <span class='ocrx_word' id='word_1_476' title='bbox 1465 1267 1575 1300; x_wconf 78' lang='lat' dir='ltr'>multa</span> <span class='ocrx_word' id='word_1_477' title='bbox 1593 1266 1723 1309; x_wconf 80' lang='lat' dir='ltr'>flagitia</span> <span class='ocrx_word' id='word_1_478' title='bbox 1739 1273 1771 1299; x_wconf 88' lang='lat' dir='ltr'>et</span> <span class='ocrx_word' id='word_1_479' title='bbox 1786 1277 1887 1310; x_wconf 84' lang='lat' dir='ltr'>saepe</span> <span class='ocrx_word' id='word_1_480' title='bbox 1907 1278 2051 1310; x_wconf 87' lang='lat' dir='ltr'>corpora</span> <span class='ocrx_word' id='word_1_481' title='bbox 2069 1278 2127 1299; x_wconf 84' lang='lat' dir='ltr'>ex-</span> 
     </span>
     <span class='ocr_line' id='line_1_77' title="bbox 1145 1317 2128 1358; baseline -0.007 -3"><span class='ocrx_word' id='word_1_482' title='bbox 1145 1321 1275 1355; x_wconf 84' lang='lat' dir='ltr'>cruciat</span> <span class='ocrx_word' id='word_1_483' title='bbox 1307 1319 1458 1358; x_wconf 88' lang='lat' dir='ltr'>morbis,</span> <span class='ocrx_word' id='word_1_484' title='bbox 1491 1317 1578 1350; x_wconf 90' lang='lat' dir='ltr'>sicut</span> <span class='ocrx_word' id='word_1_485' title='bbox 1612 1317 1732 1349; x_wconf 86' lang='lat' dir='ltr'>caedes</span> <span class='ocrx_word' id='word_1_486' title='bbox 1763 1323 1794 1349; x_wconf 92' lang='lat' dir='ltr'>et</span> <span class='ocrx_word' id='word_1_487' title='bbox 1819 1317 1946 1349; x_wconf 77' lang='lat' dir='ltr'>similia</span> <span class='ocrx_word' id='word_1_488' title='bbox 1973 1317 2128 1358; x_wconf 87' lang='lat' dir='ltr'>molitur,</span> 
     </span>
     <span class='ocr_line' id='line_1_78' title="bbox 1145 1365 2127 1404; baseline -0.005 0"><span class='ocrx_word' id='word_1_489' title='bbox 1145 1383 1223 1404; x_wconf 90' lang='lat' dir='ltr'>cum</span> <span class='ocrx_word' id='word_1_490' title='bbox 1243 1370 1287 1404; x_wconf 87' lang='lat' dir='ltr'>sit</span> <span class='ocrx_word' id='word_1_491' title='bbox 1307 1367 1495 1402; x_wconf 73' lang='lat' dir='ltr'>homicida.</span> <span class='ocrx_word' id='word_1_492' title='bbox 1549 1365 1644 1399; x_wconf 85' lang='lat' dir='ltr'>Haec</span> <span class='ocrx_word' id='word_1_493' title='bbox 1661 1365 1812 1399; x_wconf 72' lang='lat' dir='ltr'>breviter</span> <span class='ocrx_word' id='word_1_494' title='bbox 1828 1367 2074 1400; x_wconf 86' lang='lat' dir='ltr'>describuntur</span> <span class='ocrx_word' id='word_1_495' title='bbox 2092 1367 2127 1399; x_wconf 88' lang='lat' dir='ltr'>in</span> 
     </span>
     <span class='ocr_line' id='line_1_79' title="bbox 1147 1416 2127 1459; baseline -0.007 -4"><span class='ocrx_word' id='word_1_496' title='bbox 1147 1421 1298 1459; x_wconf 90' lang='lat' dir='ltr'>Genesi,</span> <span class='ocrx_word' id='word_1_497' title='bbox 1330 1419 1394 1453; x_wconf 85' lang='lat' dir='ltr'>ubi</span> <span class='ocrx_word' id='word_1_498' title='bbox 1432 1418 1579 1451; x_wconf 86' lang='lat' dir='ltr'>dicitur:</span> <span class='ocrx_word' id='word_1_499' title='bbox 1617 1416 1768 1459; x_wconf 89' lang='lat' dir='ltr'>Serpens</span> <span class='ocrx_word' id='word_1_500' title='bbox 1803 1417 1978 1449; x_wconf 85' lang='lat' dir='ltr'>mordebit</span> <span class='ocrx_word' id='word_1_501' title='bbox 2015 1417 2127 1449; x_wconf 70' lang='lat' dir='ltr'>calca·</span> 
     </span>
     <span class='ocr_line' id='line_1_80' title="bbox 1148 1466 2128 1513; baseline -0.007 -7"><span class='ocrx_word' id='word_1_502' title='bbox 1148 1484 1265 1507; x_wconf 83' lang='lat' dir='ltr'>neum.</span> <span class='ocrx_word' id='word_1_503' title='bbox 1327 1470 1439 1504; x_wconf 85' lang='lat' dir='ltr'>Nemo</span> <span class='ocrx_word' id='word_1_504' title='bbox 1467 1475 1517 1502; x_wconf 89' lang='lat' dir='ltr'>est</span> <span class='ocrx_word' id='word_1_505' title='bbox 1546 1467 1607 1513; x_wconf 89' lang='lat' dir='ltr'>qui</span> <span class='ocrx_word' id='word_1_506' title='bbox 1636 1478 1707 1500; x_wconf 92' lang='lat' dir='ltr'>nou</span> <span class='ocrx_word' id='word_1_507' title='bbox 1732 1466 1930 1510; x_wconf 77' lang='lat' dir='ltr'>experiatur</span> <span class='ocrx_word' id='word_1_508' title='bbox 1955 1467 2128 1510; x_wconf 87' lang='lat' dir='ltr'>insignem</span> 
     </span>
     <span class='ocr_line' id='line_1_81' title="bbox 1146 1517 2129 1567; baseline -0.005 -11"><span class='ocrx_word' id='word_1_509' title='bbox 1146 1523 1298 1567; x_wconf 85' lang='lat' dir='ltr'>aliquem</span> <span class='ocrx_word' id='word_1_510' title='bbox 1322 1531 1498 1560; x_wconf 89' lang='lat' dir='ltr'>morsum,</span> <span class='ocrx_word' id='word_1_511' title='bbox 1523 1524 1563 1552; x_wconf 85' lang='lat' dir='ltr'>ut</span> <span class='ocrx_word' id='word_1_512' title='bbox 1585 1518 1779 1550; x_wconf 84' lang='lat' dir='ltr'>ostendunt</span> <span class='ocrx_word' id='word_1_513' title='bbox 1801 1517 2012 1551; x_wconf 84' lang='lat' dir='ltr'>calamitates</span> <span class='ocrx_word' id='word_1_514' title='bbox 2028 1524 2060 1550; x_wconf 91' lang='lat' dir='ltr'>et</span> <span class='ocrx_word' id='word_1_515' title='bbox 2079 1517 2129 1551; x_wconf 88' lang='lat' dir='ltr'>la-</span> 
     </span>
     <span class='ocr_line' id='line_1_82' title="bbox 1147 1565 2128 1618; baseline -0.007 -11"><span class='ocrx_word' id='word_1_516' title='bbox 1147 1585 1230 1618; x_wconf 90' lang='lat' dir='ltr'>psus</span> <span class='ocrx_word' id='word_1_517' title='bbox 1252 1578 1475 1610; x_wconf 87' lang='lat' dir='ltr'>sanctorum,</span> <span class='ocrx_word' id='word_1_518' title='bbox 1501 1576 1539 1603; x_wconf 88' lang='lat' dir='ltr'>ut</span> <span class='ocrx_word' id='word_1_519' title='bbox 1557 1567 1683 1608; x_wconf 84' lang='lat' dir='ltr'>Moisi,</span> <span class='ocrx_word' id='word_1_520' title='bbox 1711 1565 1879 1607; x_wconf 85' lang='lat' dir='ltr'>Aaronis,</span> <span class='ocrx_word' id='word_1_521' title='bbox 1906 1566 2068 1608; x_wconf 86' lang='lat' dir='ltr'>Davidis,</span> <span class='ocrx_word' id='word_1_522' title='bbox 2097 1575 2128 1602; x_wconf 88' lang='lat' dir='ltr'>et</span> 
     </span>
     <span class='ocr_line' id='line_1_83' title="bbox 1148 1618 2128 1664; baseline -0.006 -8"><span class='ocrx_word' id='word_1_523' title='bbox 1148 1624 1310 1657; x_wconf 90' lang='lat' dir='ltr'>aliorum.</span> <span class='ocrx_word' id='word_1_524' title='bbox 1370 1620 1502 1664; x_wconf 82' lang='lat' dir='ltr'>lmpios</span> <span class='ocrx_word' id='word_1_525' title='bbox 1530 1630 1613 1651; x_wconf 87' lang='lat' dir='ltr'>vero</span> <span class='ocrx_word' id='word_1_526' title='bbox 1637 1618 1784 1650; x_wconf 91' lang='lat' dir='ltr'>omnino</span> <span class='ocrx_word' id='word_1_527' title='bbox 1808 1618 1951 1651; x_wconf 86' lang='lat' dir='ltr'>devorat</span> <span class='ocrx_word' id='word_1_528' title='bbox 1975 1628 2128 1662; x_wconf 84' lang='lat' dir='ltr'>serpens,</span> 
     </span>
     <span class='ocr_line' id='line_1_84' title="bbox 1148 1664 2105 1711; baseline -0.007 -4"><span class='ocrx_word' id='word_1_529' title='bbox 1148 1681 1187 1707; x_wconf 88' lang='lat' dir='ltr'>ut</span> <span class='ocrx_word' id='word_1_530' title='bbox 1202 1673 1393 1707; x_wconf 84' lang='lat' dir='ltr'>ostendunt</span> <span class='ocrx_word' id='word_1_531' title='bbox 1409 1668 1594 1703; x_wconf 80' lang='lat' dir='ltr'>horribilia</span> <span class='ocrx_word' id='word_1_532' title='bbox 1616 1667 1771 1711; x_wconf 86' lang='lat' dir='ltr'>exempla</span> <span class='ocrx_word' id='word_1_533' title='bbox 1788 1664 1953 1708; x_wconf 85' lang='lat' dir='ltr'>historiae</span> <span class='ocrx_word' id='word_1_534' title='bbox 1970 1668 2105 1701; x_wconf 88' lang='lat' dir='ltr'>mundi.</span> 
     </span>
    </p>
   </div>
   <div class='ocr_carea' id='block_1_18' title="bbox 1150 1724 2136 2620">
    <p class='ocr_par' dir='ltr' id='par_1_20' title="bbox 1150 1724 2131 2320">
     <span class='ocr_line' id='line_1_85' title="bbox 1253 1724 2129 1765; baseline -0.006 -2"><span class='ocrx_word' id='word_1_535' title='bbox 1253 1729 1316 1764; x_wconf 82' lang='grc' dir='ltr'><strong>ΙΙΙ.</strong></span> <span class='ocrx_word' id='word_1_536' title='bbox 1369 1727 1501 1762; x_wconf 81' lang='lat' dir='ltr'>Contra</span> <span class='ocrx_word' id='word_1_537' title='bbox 1516 1724 1600 1759; x_wconf 87' lang='lat' dir='ltr'>haec</span> <span class='ocrx_word' id='word_1_538' title='bbox 1617 1724 1784 1757; x_wconf 87' lang='lat' dir='ltr'>miracula</span> <span class='ocrx_word' id='word_1_539' title='bbox 1800 1729 1981 1765; x_wconf 77' lang='lat' dir='ltr'>testantur,</span> <span class='ocrx_word' id='word_1_540' title='bbox 2008 1726 2129 1758; x_wconf 87' lang='lat' dir='ltr'>datum</span> 
     </span>
     <span class='ocr_line' id='line_1_86' title="bbox 1150 1775 2130 1821; baseline -0.007 -6"><span class='ocrx_word' id='word_1_541' title='bbox 1150 1793 1222 1816; x_wconf 91' lang='lat' dir='ltr'>esse</span> <span class='ocrx_word' id='word_1_542' title='bbox 1243 1781 1489 1820; x_wconf 81' lang='lat' dir='ltr'>liberatorem,</span> <span class='ocrx_word' id='word_1_543' title='bbox 1516 1776 1577 1821; x_wconf 89' lang='lat' dir='ltr'>qui</span> <span class='ocrx_word' id='word_1_544' title='bbox 1599 1781 1631 1808; x_wconf 92' lang='lat' dir='ltr'>et</span> <span class='ocrx_word' id='word_1_545' title='bbox 1645 1780 1804 1807; x_wconf 81' lang='lat' dir='ltr'>naturam</span> <span class='ocrx_word' id='word_1_546' title='bbox 1823 1775 1977 1814; x_wconf 85' lang='lat' dir='ltr'>sanabit,</span> <span class='ocrx_word' id='word_1_547' title='bbox 2005 1783 2037 1809; x_wconf 90' lang='lat' dir='ltr'>et</span> <span class='ocrx_word' id='word_1_548' title='bbox 2055 1776 2130 1808; x_wconf 82' lang='lat' dir='ltr'>bel-</span> 
     </span>
     <span class='ocr_line' id='line_1_87' title="bbox 1151 1825 2129 1875; baseline -0.013 -9"><span class='ocrx_word' id='word_1_549' title='bbox 1151 1833 1318 1875; x_wconf 82' lang='lat' dir='ltr'>ligeratur</span> <span class='ocrx_word' id='word_1_550' title='bbox 1340 1840 1419 1863; x_wconf 90' lang='lat' dir='ltr'>cum</span> <span class='ocrx_word' id='word_1_551' title='bbox 1443 1833 1624 1870; x_wconf 87' lang='lat' dir='ltr'>serpente,</span> <span class='ocrx_word' id='word_1_552' title='bbox 1650 1831 1765 1858; x_wconf 85' lang='lat' dir='ltr'>servat</span> <span class='ocrx_word' id='word_1_553' title='bbox 1782 1830 1815 1857; x_wconf 86' lang='lat' dir='ltr'>et</span> <span class='ocrx_word' id='word_1_554' title='bbox 1833 1825 1990 1859; x_wconf 71' lang='lat' dir='ltr'>defendit</span> <span class='ocrx_word' id='word_1_555' title='bbox 2010 1833 2129 1869; x_wconf 84' lang='lat' dir='ltr'>peten-</span> 
     </span>
     <span class='ocr_line' id='line_1_88' title="bbox 1150 1873 2131 1921; baseline -0.006 -6"><span class='ocrx_word' id='word_1_556' title='bbox 1150 1891 1201 1918; x_wconf 80' lang='lat' dir='ltr'>tes</span> <span class='ocrx_word' id='word_1_557' title='bbox 1223 1880 1393 1921; x_wconf 80' lang='lat' dir='ltr'>auxilium</span> <span class='ocrx_word' id='word_1_558' title='bbox 1417 1884 1538 1917; x_wconf 86' lang='lat' dir='ltr'>contra</span> <span class='ocrx_word' id='word_1_559' title='bbox 1563 1882 1777 1919; x_wconf 85' lang='lat' dir='ltr'>serpentem,</span> <span class='ocrx_word' id='word_1_560' title='bbox 1803 1875 1891 1908; x_wconf 89' lang='lat' dir='ltr'>sicut</span> <span class='ocrx_word' id='word_1_561' title='bbox 1911 1873 2057 1909; x_wconf 78' lang='lat' dir='ltr'>Genesis</span> <span class='ocrx_word' id='word_1_562' title='bbox 2075 1877 2131 1909; x_wconf 93' lang='lat' dir='ltr'>in-</span> 
     </span>
     <span class='ocr_line' id='line_1_89' title="bbox 1152 1926 2130 1978; baseline -0.006 -13"><span class='ocrx_word' id='word_1_563' title='bbox 1152 1933 1245 1978; x_wconf 89' lang='lat' dir='ltr'>quit:</span> <span class='ocrx_word' id='word_1_564' title='bbox 1275 1930 1392 1975; x_wconf 89' lang='lat' dir='ltr'>Ipsum</span> <span class='ocrx_word' id='word_1_565' title='bbox 1416 1939 1533 1962; x_wconf 90' lang='lat' dir='ltr'>semen</span> <span class='ocrx_word' id='word_1_566' title='bbox 1559 1932 1714 1960; x_wconf 84' lang='lat' dir='ltr'>conteret</span> <span class='ocrx_word' id='word_1_567' title='bbox 1736 1932 1840 1971; x_wconf 86' lang='lat' dir='ltr'>caput</span> <span class='ocrx_word' id='word_1_568' title='bbox 1862 1928 2044 1969; x_wconf 83' lang='lat' dir='ltr'>serpentis.</span> <span class='ocrx_word' id='word_1_569' title='bbox 2098 1926 2130 1960; x_wconf 90' lang='lat' dir='ltr'>Is</span> 
     </span>
     <span class='ocr_line' id='line_1_90' title="bbox 1152 1972 2131 2029; baseline -0.006 -12"><span class='ocrx_word' id='word_1_570' title='bbox 1152 1983 1213 2029; x_wconf 90' lang='lat' dir='ltr'>qui</span> <span class='ocrx_word' id='word_1_571' title='bbox 1233 1987 1336 2026; x_wconf 87' lang='lat' dir='ltr'>caput</span> <span class='ocrx_word' id='word_1_572' title='bbox 1355 1978 1502 2013; x_wconf 88' lang='lat' dir='ltr'>conterit</span> <span class='ocrx_word' id='word_1_573' title='bbox 1521 1984 1570 2011; x_wconf 87' lang='lat' dir='ltr'>est</span> <span class='ocrx_word' id='word_1_574' title='bbox 1587 1976 1716 2017; x_wconf 88' lang='lat' dir='ltr'>victor,</span> <span class='ocrx_word' id='word_1_575' title='bbox 1739 1983 1773 2009; x_wconf 87' lang='lat' dir='ltr'>at</span> <span class='ocrx_word' id='word_1_576' title='bbox 1790 1972 1900 2009; x_wconf 90' lang='lat' dir='ltr'>hostis</span> <span class='ocrx_word' id='word_1_577' title='bbox 1917 1976 1978 2021; x_wconf 90' lang='lat' dir='ltr'>qui</span> <span class='ocrx_word' id='word_1_578' title='bbox 1995 1978 2131 2011; x_wconf 83' lang='lat' dir='ltr'>mordet</span> 
     </span>
     <span class='ocr_line' id='line_1_91' title="bbox 1152 2027 2131 2073; baseline -0.006 -6"><span class='ocrx_word' id='word_1_579' title='bbox 1152 2034 1352 2068; x_wconf 81' lang='lat' dir='ltr'>calcaneum</span> <span class='ocrx_word' id='word_1_580' title='bbox 1365 2056 1373 2071; x_wconf 91' lang='lat'><strong>‚</strong></span> <span class='ocrx_word' id='word_1_581' title='bbox 1400 2029 1435 2063; x_wconf 90' lang='lat' dir='ltr'>id</span> <span class='ocrx_word' id='word_1_582' title='bbox 1455 2035 1516 2066; x_wconf 88' lang='lat' dir='ltr'>est,</span> <span class='ocrx_word' id='word_1_583' title='bbox 1542 2027 1604 2073; x_wconf 88' lang='lat' dir='ltr'>qui</span> <span class='ocrx_word' id='word_1_584' title='bbox 1618 2027 1716 2067; x_wconf 84' lang='lat' dir='ltr'>iacet,</span> <span class='ocrx_word' id='word_1_585' title='bbox 1743 2038 1804 2059; x_wconf 87' lang='lat' dir='ltr'>nec</span> <span class='ocrx_word' id='word_1_586' title='bbox 1822 2032 1934 2070; x_wconf 88' lang='lat' dir='ltr'>potest</span> <span class='ocrx_word' id='word_1_587' title='bbox 1950 2038 1985 2060; x_wconf 90' lang='lat' dir='ltr'>se</span> <span class='ocrx_word' id='word_1_588' title='bbox 1999 2028 2131 2071; x_wconf 87' lang='lat' dir='ltr'>erigere</span> 
     </span>
     <span class='ocr_line' id='line_1_92' title="bbox 1153 2077 2131 2121; baseline -0.008 -2"><span class='ocrx_word' id='word_1_589' title='bbox 1153 2091 1186 2118; x_wconf 88' lang='lat' dir='ltr'>et.</span> <span class='ocrx_word' id='word_1_590' title='bbox 1208 2082 1384 2121; x_wconf 89' lang='lat' dir='ltr'>attollere,</span> <span class='ocrx_word' id='word_1_591' title='bbox 1409 2080 1570 2112; x_wconf 84' lang='lat' dir='ltr'>vincetur</span> <span class='ocrx_word' id='word_1_592' title='bbox 1591 2077 1679 2110; x_wconf 89' lang='lat' dir='ltr'>sicut</span> <span class='ocrx_word' id='word_1_593' title='bbox 1700 2088 1842 2120; x_wconf 83' lang='lat' dir='ltr'>serpens</span> <span class='ocrx_word' id='word_1_594' title='bbox 1867 2089 1938 2110; x_wconf 93' lang='lat' dir='ltr'>non</span> <span class='ocrx_word' id='word_1_595' title='bbox 1963 2084 2072 2121; x_wconf 86' lang='lat' dir='ltr'>potest</span> <span class='ocrx_word' id='word_1_596' title='bbox 2095 2089 2131 2111; x_wconf 82' lang='lat' dir='ltr'>se</span> 
     </span>
     <span class='ocr_line' id='line_1_93' title="bbox 1153 2126 2131 2173; baseline -0.007 -5"><span class='ocrx_word' id='word_1_597' title='bbox 1153 2134 1321 2173; x_wconf 78' lang='lat' dir='ltr'>attollere,</span> <span class='ocrx_word' id='word_1_598' title='bbox 1343 2131 1389 2165; x_wconf 88' lang='lat' dir='ltr'>ita</span> <span class='ocrx_word' id='word_1_599' title='bbox 1406 2131 1556 2164; x_wconf 84' lang='lat' dir='ltr'>sciamus</span> <span class='ocrx_word' id='word_1_600' title='bbox 1570 2127 1749 2161; x_wconf 88' lang='lat' dir='ltr'>diabolum</span> <span class='ocrx_word' id='word_1_601' title='bbox 1768 2138 1838 2160; x_wconf 85' lang='lat' dir='ltr'>esse</span> <span class='ocrx_word' id='word_1_602' title='bbox 1858 2127 1986 2160; x_wconf 77' lang='lat' dir='ltr'>victum</span> <span class='ocrx_word' id='word_1_603' title='bbox 1999 2126 2131 2161; x_wconf 84' lang='lat' dir='ltr'>aChri-</span> 
     </span>
     <span class='ocr_line' id='line_1_94' title="bbox 1153 2178 2131 2227; baseline -0.007 -9"><span class='ocrx_word' id='word_1_604' title='bbox 1153 2192 1217 2220; x_wconf 92' lang='lat' dir='ltr'>sto.</span> <span class='ocrx_word' id='word_1_605' title='bbox 1267 2182 1312 2216; x_wconf 87' lang='lat' dir='ltr'>Et</span> <span class='ocrx_word' id='word_1_606' title='bbox 1334 2192 1535 2227; x_wconf 83' lang='lat' dir='ltr'>quanquam</span> <span class='ocrx_word' id='word_1_607' title='bbox 1560 2178 1731 2212; x_wconf 81' lang='lat' dir='ltr'>iaculatur</span> <span class='ocrx_word' id='word_1_608' title='bbox 1749 2189 1899 2217; x_wconf 74' lang='lat' dir='ltr'>venena,</span> <span class='ocrx_word' id='word_1_609' title='bbox 1926 2185 2040 2210; x_wconf 87' lang='lat' dir='ltr'>tamen</span> <span class='ocrx_word' id='word_1_610' title='bbox 2062 2179 2131 2211; x_wconf 88' lang='lat' dir='ltr'>eri-</span> 
     </span>
     <span class='ocr_line' id='line_1_95' title="bbox 1153 2225 2131 2279; baseline -0.006 -11"><span class='ocrx_word' id='word_1_611' title='bbox 1153 2246 1233 2279; x_wconf 88' lang='lat' dir='ltr'>gere</span> <span class='ocrx_word' id='word_1_612' title='bbox 1258 2245 1293 2267; x_wconf 93' lang='lat' dir='ltr'>se</span> <span class='ocrx_word' id='word_1_613' title='bbox 1315 2245 1389 2266; x_wconf 92' lang='lat' dir='ltr'>non</span> <span class='ocrx_word' id='word_1_614' title='bbox 1411 2237 1544 2276; x_wconf 85' lang='lat' dir='ltr'>potest,</span> <span class='ocrx_word' id='word_1_615' title='bbox 1570 2235 1604 2263; x_wconf 88' lang='lat' dir='ltr'>et</span> <span class='ocrx_word' id='word_1_616' title='bbox 1629 2229 1769 2262; x_wconf 87' lang='lat' dir='ltr'>taudem</span> <span class='ocrx_word' id='word_1_617' title='bbox 1794 2240 1810 2260; x_wconf 89' lang='lat' dir='ltr'>a</span> <span class='ocrx_word' id='word_1_618' title='bbox 1826 2225 1967 2262; x_wconf 90' lang='lat' dir='ltr'>Christo</span> <span class='ocrx_word' id='word_1_619' title='bbox 1987 2229 2131 2263; x_wconf 90' lang='lat' dir='ltr'>concul-</span> 
     </span>
     <span class='ocr_line' id='line_1_96' title="bbox 1154 2284 1302 2320; baseline -0.02 0"><span class='ocrx_word' id='word_1_620' title='bbox 1154 2284 1302 2320; x_wconf 87' lang='lat' dir='ltr'>cabitur.</span> 
     </span>
    </p>

    <p class='ocr_par' dir='ltr' id='par_1_21' title="bbox 1155 2325 2136 2620">
     <span class='ocr_line' id='line_1_97' title="bbox 1257 2325 2133 2372; baseline -0.009 -4"><span class='ocrx_word' id='word_1_621' title='bbox 1257 2333 1340 2370; x_wconf 84' lang='lat' dir='ltr'>llll.</span> <span class='ocrx_word' id='word_1_622' title='bbox 1382 2333 1538 2367; x_wconf 78' lang='lat' dir='ltr'>Affectus</span> <span class='ocrx_word' id='word_1_623' title='bbox 1546 2328 1677 2365; x_wconf 89' lang='lat' dir='ltr'>Christi</span> <span class='ocrx_word' id='word_1_624' title='bbox 1691 2327 1874 2372; x_wconf 85' lang='lat' dir='ltr'>praecipue</span> <span class='ocrx_word' id='word_1_625' title='bbox 1885 2327 1922 2361; x_wconf 90' lang='lat' dir='ltr'>in</span> <span class='ocrx_word' id='word_1_626' title='bbox 1938 2325 2004 2362; x_wconf 88' lang='lat' dir='ltr'>hoc</span> <span class='ocrx_word' id='word_1_627' title='bbox 2013 2327 2133 2362; x_wconf 82' lang='lat' dir='ltr'>Evan-</span> 
     </span>
     <span class='ocr_line' id='line_1_98' title="bbox 1155 2377 2133 2431; baseline -0.012 -10"><span class='ocrx_word' id='word_1_628' title='bbox 1155 2387 1245 2431; x_wconf 87' lang='lat' dir='ltr'>gelio</span> <span class='ocrx_word' id='word_1_629' title='bbox 1263 2385 1524 2424; x_wconf 87' lang='lat' dir='ltr'>consideretur,</span> <span class='ocrx_word' id='word_1_630' title='bbox 1547 2381 1610 2415; x_wconf 90' lang='lat' dir='ltr'>ubi</span> <span class='ocrx_word' id='word_1_631' title='bbox 1629 2379 1759 2413; x_wconf 87' lang='lat' dir='ltr'>dicitur</span> <span class='ocrx_word' id='word_1_632' title='bbox 1777 2379 1996 2422; x_wconf 87' lang='lat' dir='ltr'>ingemuisse.</span> <span class='ocrx_word' id='word_1_633' title='bbox 2047 2377 2133 2413; x_wconf 86' lang='lat' dir='ltr'>Cre-</span> 
     </span>
     <span class='ocr_line' id='line_1_99' title="bbox 1155 2429 2134 2475; baseline -0.01 -3"><span class='ocrx_word' id='word_1_634' title='bbox 1155 2439 1279 2472; x_wconf 87' lang='lat' dir='ltr'>damus</span> <span class='ocrx_word' id='word_1_635' title='bbox 1294 2446 1392 2469; x_wconf 87' lang='lat' dir='ltr'>veros</span> <span class='ocrx_word' id='word_1_636' title='bbox 1408 2441 1441 2468; x_wconf 90' lang='lat' dir='ltr'>et</span> <span class='ocrx_word' id='word_1_637' title='bbox 1460 2443 1602 2475; x_wconf 84' lang='lat' dir='ltr'>magnos</span> <span class='ocrx_word' id='word_1_638' title='bbox 1620 2436 1737 2463; x_wconf 88' lang='lat' dir='ltr'>motus</span> <span class='ocrx_word' id='word_1_639' title='bbox 1753 2429 1860 2462; x_wconf 85' lang='lat' dir='ltr'>animi</span> <span class='ocrx_word' id='word_1_640' title='bbox 1876 2440 1964 2469; x_wconf 90' lang='lat' dir='ltr'>esse,</span> <span class='ocrx_word' id='word_1_641' title='bbox 1989 2429 2048 2473; x_wconf 89' lang='lat' dir='ltr'>qui</span> <span class='ocrx_word' id='word_1_642' title='bbox 2066 2430 2134 2463; x_wconf 90' lang='lat' dir='ltr'>mi-</span> 
     </span>
     <span class='ocr_line' id='line_1_100' title="bbox 1156 2477 2134 2528; baseline -0.013 -6"><span class='ocrx_word' id='word_1_643' title='bbox 1156 2487 1345 2522; x_wconf 90' lang='lat' dir='ltr'>sericordia</span> <span class='ocrx_word' id='word_1_644' title='bbox 1369 2484 1504 2528; x_wconf 88' lang='lat' dir='ltr'>generis</span> <span class='ocrx_word' id='word_1_645' title='bbox 1527 2481 1671 2516; x_wconf 84' lang='lat' dir='ltr'>humani</span> <span class='ocrx_word' id='word_1_646' title='bbox 1695 2480 1860 2519; x_wconf 84' lang='lat' dir='ltr'>afficitur,</span> <span class='ocrx_word' id='word_1_647' title='bbox 1886 2478 1975 2512; x_wconf 90' lang='lat' dir='ltr'>sicut</span> <span class='ocrx_word' id='word_1_648' title='bbox 1992 2479 2028 2512; x_wconf 91' lang='lat' dir='ltr'>iu</span> <span class='ocrx_word' id='word_1_649' title='bbox 2046 2477 2134 2524; x_wconf 81' lang='lat' dir='ltr'>Epi-</span> 
     </span>
     <span class='ocr_line' id='line_1_101' title="bbox 1155 2529 2136 2575; baseline -0.014 -2"><span class='ocrx_word' id='word_1_650' title='bbox 1155 2539 1245 2572; x_wconf 84' lang='lat' dir='ltr'>stola</span> <span class='ocrx_word' id='word_1_651' title='bbox 1261 2539 1304 2572; x_wconf 88' lang='lat' dir='ltr'>ad</span> <span class='ocrx_word' id='word_1_652' title='bbox 1323 2535 1478 2570; x_wconf 86' lang='lat' dir='ltr'>Ebraeos</span> <span class='ocrx_word' id='word_1_653' title='bbox 1493 2534 1635 2568; x_wconf 86' lang='lat' dir='ltr'>dicitur:</span> <span class='ocrx_word' id='word_1_654' title='bbox 1664 2530 1842 2564; x_wconf 86' lang='lat' dir='ltr'>Habemus</span> <span class='ocrx_word' id='word_1_655' title='bbox 1859 2529 2055 2571; x_wconf 82' lang='lat' dir='ltr'>pontificem</span> <span class='ocrx_word' id='word_1_656' title='bbox 2075 2532 2136 2575; x_wconf 81' lang='lat' dir='ltr'>qui</span> 
     </span>
     <span class='ocr_line' id='line_1_102' title="bbox 1532 2579 2136 2620; baseline -0.01 -4"><span class='ocrx_word' id='word_1_657' title='bbox 1532 2583 1599 2617; x_wconf 85' lang='lat' dir='ltr'>Sed</span> <span class='ocrx_word' id='word_1_658' title='bbox 1624 2580 1784 2614; x_wconf 87' lang='lat' dir='ltr'>homines</span> <span class='ocrx_word' id='word_1_659' title='bbox 1801 2586 1882 2612; x_wconf 91' lang='lat' dir='ltr'>sunt</span> <span class='ocrx_word' id='word_1_660' title='bbox 1898 2579 2022 2620; x_wconf 79' lang='lat' dir='ltr'>ferrei,</span> <span class='ocrx_word' id='word_1_661' title='bbox 2048 2582 2136 2615; x_wconf 78' lang='lat' dir='ltr'>sicut</span> 
     </span>
    </p>
   </div>
   <div class='ocr_carea' id='block_1_19' title="bbox 1160 2629 2136 2679">
    <p class='ocr_par' dir='ltr' id='par_1_22' title="bbox 1160 2629 2136 2679">
     <span class='ocr_line' id='line_1_103' title="bbox 1160 2629 2136 2679; baseline -0.008 -6"><span class='ocrx_word' id='word_1_662' title='bbox 1160 2638 1217 2674; x_wconf 87' lang='lat' dir='ltr'>hic</span> <span class='ocrx_word' id='word_1_663' title='bbox 1246 2639 1392 2679; x_wconf 84' lang='lat' dir='ltr'>surdus,</span> <span class='ocrx_word' id='word_1_664' title='bbox 1425 2647 1498 2669; x_wconf 91' lang='lat' dir='ltr'>non</span> <span class='ocrx_word' id='word_1_665' title='bbox 1523 2637 1682 2668; x_wconf 75' lang='lat' dir='ltr'>statuunt</span> <span class='ocrx_word' id='word_1_666' title='bbox 1705 2641 1785 2664; x_wconf 91' lang='lat' dir='ltr'>vere</span> <span class='ocrx_word' id='word_1_667' title='bbox 1808 2629 1897 2663; x_wconf 76' lang='lat' dir='ltr'>affici</span> <span class='ocrx_word' id='word_1_668' title='bbox 1920 2629 2033 2664; x_wconf 90' lang='lat' dir='ltr'>Deum</span> <span class='ocrx_word' id='word_1_669' title='bbox 2056 2644 2136 2665; x_wconf 83' lang='lat' dir='ltr'>cura</span> 
     </span>
    </p>
   </div>
  </div>
 </body>
</html>
