2409 2915
64 113 138 152 245
599 110 680 145 XII.

120 197 212 234 Vere
227 196 426 244 languores
441 199 584 230 nostros
607 194 682 241 ipse
705 193 811 235 tulit,
846 200 875 228 et
903 193 1045 229 dolores

169 254 312 282 nostros
327 248 401 295 ipse
414 244 601 286 sustinuit,
622 257 688 279 nos
704 246 948 292 reputavimus
966 259 1043 280 eum

168 304 346 346 tanquam
364 295 570 345 adflictum,
597 300 627 328 et
643 308 666 328 a
685 294 768 328 Deo
783 307 991 342 percussum
1015 301 1044 330 et

165 350 372 397 proiectum.
424 345 500 381 Sed
513 345 725 380 vulneratus
741 352 789 379 est
806 352 951 394 propter
966 360 1045 394 pec-

166 405 248 434 cata
273 403 419 439 nostra,
451 403 481 431 et
504 394 675 444 adflictus
695 400 841 444 propter
867 398 1045 445 iniquita-

166 456 216 484 tes
234 453 391 483 nostras.

114 498 272 535 Poenam
292 499 366 545 ipse
382 498 556 542 sustinet,
590 503 628 531 ut
653 496 758 531 nobis
779 509 860 544 pax
885 503 914 531 et
941 500 1043 532 venia

164 547 396 591 concedatur,
431 554 461 582 et
488 548 697 583 vulneribus
725 549 800 582 eius
827 561 892 582 nos
917 549 1046 584 sanati

164 612 302 636 sumus.

113 647 250 685 Omnes
267 663 333 685 nos
347 650 459 698 quasi
477 662 555 684 oues
577 650 798 691 erracimus,
831 649 976 695 singuli
999 650 1037 683 in

165 702 233 735 viis
250 702 348 743 suis,
376 706 406 735 et
424 699 612 734 Dominus
635 701 779 735 coniecit
805 701 843 733 in
867 714 944 733 eum
971 701 1044 734 ini-

165 752 321 799 quitates
339 752 499 786 omnium
519 756 694 787 nostrum.
745 746 836 785 Cum
857 764 878 784 a
875 751 1042 799 Jssigere-

163 808 223 836 tur
240 808 269 836 et
285 800 562 843 humiliaretur,
597 815 668 836 non
693 802 834 848 aperuit
863 814 900 835 os
925 815 1042 841 suum,

164 854 256 886 sicut
274 866 395 899 agnus
413 853 478 901 qui
493 851 547 886 ad
561 853 815 886 mactationem
836 850 989 891 ducitur,
1012 857 1042 885 et

162 904 254 937 sicut
271 905 364 945 oris,
390 915 483 951 quae
503 903 710 937 obmutescit
735 915 854 936 coram
879 902 1042 936 tondente

165 953 283 1001 ipsam
295 980 303 992 ,
331 967 393 989 nec
409 955 525 1000 aperit
542 967 581 988 os
598 967 715 988 suum.

111 1002 180 1038 Ex
198 1005 397 1052 afflictione
413 1010 444 1039 et
458 1017 574 1050 poena
599 1004 776 1038 liberatus
800 1009 867 1042 est,
905 1009 934 1036 et
959 1016 1041 1050 quis

162 1056 352 1090 enarrabit
380 1055 503 1095 secula
532 1055 636 1088 eius?
668 1052 760 1089 Cum
785 1053 968 1087 abscissus
991 1059 1040 1087 est

162 1104 204 1139 de
236 1111 332 1140 terra
365 1106 574 1146 viventium,
607 1110 752 1152 propter
773 1104 888 1137 scelus
912 1104 1044 1151 populi

159 1158 322 1202 percussi
336 1170 432 1198 etun,
460 1161 489 1189 et
504 1156 667 1202 sepultus
685 1161 734 1189 est
749 1155 840 1188 sicut
860 1155 982 1201 impii,
1011 1160 1040 1188 et

163 1212 327 1241 mortuus
352 1207 444 1240 sicut
480 1205 619 1241 divites,
682 1205 766 1252 Ipse
803 1218 874 1237 non
909 1205 1041 1238 iniuste

165 1258 254 1302 egit,
282 1270 342 1292 nec
368 1256 475 1290 dolus
492 1257 573 1302 suit
597 1257 632 1289 in
659 1268 716 1289 ore
742 1256 836 1295 eius,
869 1254 936 1288 sed
958 1254 1041 1288 Deo

157 1306 300 1353 placuit
317 1321 394 1342 eum
410 1312 583 1341 conterere
601 1306 816 1354 afflictione.
862 1303 962 1351 Quia
981 1304 1040 1338 de-

164 1355 218 1390 dit
238 1359 405 1391 animam
421 1370 528 1391 suam
555 1362 590 1390 ut
617 1361 703 1390 esset
725 1353 847 1388 hostia
872 1368 939 1402 pro
961 1367 1040 1402 pec-

162 1412 260 1449 cato,
288 1407 420 1442 videbit
437 1408 588 1453 longam
602 1406 867 1454 posteritatem,
901 1411 930 1439 et
957 1418 1040 1439 con-

159 1457 288 1492 silium
310 1458 389 1493 Dei
407 1458 571 1506 feliciter
592 1455 795 1504 perficietur
816 1469 929 1489 manu
954 1456 1040 1498 eius,

158 1509 247 1556 quia
274 1509 459 1544 laboravit
482 1508 611 1542 anima
637 1509 730 1548 cius,
764 1507 916 1555 fruetur
939 1506 1040 1540 volu-

159 1564 268 1605 ptate.

111 1608 163 1642 Et
181 1622 303 1645 servus
321 1622 419 1644 meus
444 1610 560 1644 iustus
586 1607 799 1652 iustificabit
825 1609 960 1642 noticia
981 1608 1043 1642 sui

158 1659 311 1701 multos,
339 1661 428 1708 quia
444 1665 589 1707 peccata
608 1672 727 1694 eorum
754 1659 828 1706 ipse
849 1659 1038 1695 sustinuit.

163 1709 254 1745 Ideo
278 1710 499 1746 distribuam
519 1711 551 1744 ei
564 1722 741 1755 magnam
767 1708 1041 1751 haereditatem,

162 1767 192 1794 et
208 1762 330 1809 sortes
352 1761 548 1808 spoliabit,
584 1761 672 1808 quia
692 1759 848 1793 tradidit
873 1760 1039 1792 unimam

161 1814 319 1846 suumin
334 1817 496 1853 mortem,
513 1817 542 1845 et
561 1824 638 1845 cum
655 1810 841 1845 sceleratis
854 1816 1040 1857 reputatus

162 1868 230 1902 est,
259 1869 289 1897 et
307 1864 380 1910 ipse
394 1868 539 1908 peccata
556 1861 754 1895 multorum
778 1862 972 1901 sustinuit,
1009 1866 1039 1895 et

158 1926 225 1960 pro
243 1913 578 1960 transgressoribus
597 1912 756 1958 rogarit.

193 2025 259 2065 De
279 2026 409 2079 Aguo
427 2030 599 2064 mactato
618 2024 659 2063 iu
679 2023 902 2063 Paschatc.

345 2095 398 2130 Ex
421 2097 532 2144 capite
554 2097 609 2130 12.
629 2094 755 2129 Exodi.

160 2163 303 2198 Certum
327 2171 376 2197 est
403 2171 552 2197 veterem
578 2164 685 2197 ritum
712 2163 935 2197 mactationis
959 2163 1039 2205 agni

64 2215 169 2250 tantis
186 2214 599 2254 miraculisinstitutum,
626 2226 699 2247 non
723 2214 835 2247 solum
860 2214 964 2246 fuisse
991 2214 1039 2245 si-

61 2278 168 2310 gnum
201 2267 394 2298 admonens
429 2266 470 2297 de
503 2265 685 2307 praeterita
719 2264 944 2306 liberatione,
979 2265 1039 2297 sed

61 2318 164 2350 etiam
189 2317 231 2350 de
254 2316 387 2353 sutura,
427 2322 458 2348 et
483 2316 525 2348 (le
549 2326 657 2357 agno,
691 2312 757 2348 hoc
783 2322 849 2353 est,
885 2315 1038 2353 victima,

63 2380 123 2411 per
141 2380 244 2412 quam
262 2378 340 2399 vera
367 2374 398 2399 et
420 2373 558 2398 aeterna
583 2366 744 2398 liberatio
767 2367 930 2397 donanda
956 2373 1039 2401 erat.

64 2417 146 2452 Ideo
162 2425 194 2452 et
211 2417 342 2451 Paulus
363 2417 498 2451 confert
522 2424 619 2450 vetus
636 2413 766 2448 Pascha
791 2428 867 2447 cum
886 2413 1039 2457 Christo,

63 2469 241 2514 inquiens:
262 2465 393 2502 Pascha
411 2475 569 2501 nostrum
590 2467 788 2499 immolatus
805 2473 854 2499 est
870 2464 1039 2500 (Ihristus.

166 2519 212 2555 Ut
235 2526 349 2552 autem
375 2519 410 2551 in
438 2526 556 2551 nostro
581 2515 766 2555 Paschate,
799 2517 832 2549 id
861 2523 930 2557 est,
962 2529 1038 2561 pas-

65 2571 160 2604 sione
178 2568 330 2610 Christi,
357 2569 571 2613 conspicitur
588 2569 790 2612 magnitudo
809 2568 878 2600 irae
895 2567 960 2601 Dei
977 2570 1038 2601 ad—

64 2633 182 2655 versus
212 2629 407 2665 peccatum:
442 2626 475 2654 et
507 2631 627 2653 rursus
655 2619 894 2652 misericordia
921 2619 957 2651 in
984 2619 1039 2652 in-

67 2672 224 2706 coatione
252 2672 342 2705 vitae
371 2678 549 2708 aeternae,
584 2682 645 2714 per
665 2670 972 2710 resurrectionem,
1007 2677 1038 2705 et

731 109 1121 146 ANNOTATIONES
1155 110 1202 145 ΙΝ
1237 110 1538 148 EVANGELIA.

2001 116 2076 152 246

1095 195 1363 239 promissionem
1395 197 1614 231 liberationis
1643 209 1661 231 a
1686 204 1824 241 peccato
1848 205 1881 232 et
1905 210 1924 232 a
1950 207 2072 235 morte.

1096 245 1145 280 lta
1169 246 1206 278 in
1228 245 1393 280 paschate
1418 248 1526 280 veteri
1551 254 1622 281 tota
1649 246 1794 282 historia
1818 249 2071 291 consideretur,

1094 303 1132 330 ut
1155 303 1188 330 et
1214 297 1264 329 ira
1290 296 1357 330 Dei
1379 298 1545 330 adversus
1569 306 1703 341 peccata
1728 299 2000 344 Aegyptiorum,
2037 309 2070 336 et

1095 347 1333 380 misericordia
1349 348 1386 380 in
1403 347 1612 381 liberatione
1629 348 1800 382 Ecclesiae
1816 359 2034 393 agnoscatur.

1196 396 1313 431 Triste
1332 398 1529 442 exemplum
1545 398 1623 437 fuit,
1641 409 1786 441 regnum
1806 400 1893 434 illud
1913 402 2072 435 omniurn

1094 454 1166 481 toto
1182 449 1267 481 orbe
1286 455 1458 482 terrarum
1477 448 1776 489 florentissimum,
1792 451 1906 484 subito
1918 453 2072 486 tumultu

1094 498 1257 545 dissipari
1272 505 1304 532 et
1319 499 1448 539 everti,
1474 505 1655 533 consumta
1673 500 1822 532 maxima
1842 508 1937 542 parte
1955 499 2072 535 homi-

1095 561 1200 589 num,
1227 550 1441 584 continuatis
1464 550 1623 584 cladibus
1644 549 1922 593 multiplicibus,
1949 553 2072 585 deletis

1097 599 1335 644 principibus,
1363 607 1493 634 mutata
1512 607 1584 634 tota
1600 601 1696 643 regni
1721 601 1842 634 forma.
1895 601 1972 635 Hae
1996 603 2073 635 sue-

1093 657 1174 683 runt
1218 663 1349 694 poeuae
1385 651 1623 690 idololatriae,
1673 651 1826 694 magiae,
1869 652 2072 692 libidinum,

1093 701 1309 734 crudelitatis
1325 702 1491 735 adversus
1507 708 1652 734 sanctos.

1193 751 1351 785 Primum
1383 759 1498 785 autem
1531 751 1742 785 describitur
1770 759 1924 797 tempus,
1958 754 2072 798 primo

1094 813 1228 842 mense,
1255 803 1292 836 id
1309 809 1378 843 est,
1404 815 1520 836 mense
1538 803 1675 843 lunari,
1711 803 1770 847 qui
1795 804 1952 846 proxime
1975 816 2072 837 secu-

1093 859 1147 884 tus
1169 859 1218 886 est
1240 854 1500 898 aequinoctium
1525 865 1692 893 vernum,
1728 854 1757 885 is
1779 854 1872 886 enim
1897 854 1964 887 suit
1985 855 2070 887 anni

1093 903 1244 935 initium.
1295 903 1361 937 Die
1378 904 1512 937 decimo
1531 904 1710 945 eligendus
1727 910 1775 936 est
1793 915 1902 947 agnus
1929 905 2071 947 integer,

1093 953 1295 992 anniculus,
1330 955 1523 995 masculus,
1560 961 1592 987 ct
1616 966 1655 986 ex
1680 954 1777 997 agnis
1802 962 1834 988 et
1860 952 2000 995 hoedis,
2035 956 2070 988 id

1093 1011 1158 1044 est,
1186 1016 1226 1036 ex
1243 1005 1378 1049 reliquo
1397 1016 1498 1047 grege
1513 1005 1724 1044 sumendus,
1751 1011 1784 1038 et
1801 1006 1992 1039 servandus
2010 1018 2070 1039 us-

1092 1066 1157 1098 que
1175 1056 1215 1086 ad
1236 1054 1335 1090 Xlll.
1355 1056 1469 1096 diem,
1506 1063 1588 1088 tunc
1611 1067 1753 1101 vespere
1777 1057 1984 1088 mactandus
2010 1063 2072 1091 est.

1092 1104 1185 1137 Haec
1209 1106 1394 1149 descriptio
1417 1107 1581 1139 convenit
1605 1108 1646 1138 ad
1666 1103 1859 1139 Christum.
1914 1105 2072 1139 Genera-

1094 1156 1171 1187 liter
1204 1168 1312 1198 agnus
1343 1164 1375 1190 et
1400 1157 1600 1200 praesertim
1628 1163 1796 1189 mactatus
1823 1156 1993 1198 significat
2019 1157 2071 1189 vi—

1091 1206 1247 1238 ctimam:
1284 1220 1390 1251 quare
1416 1215 1449 1240 et
1474 1208 1537 1251 ipsi
1561 1206 1736 1241 Israelitae
1758 1207 2001 1250 intelligebant
2026 1208 2073 1240 si·-

1091 1256 1247 1298 gnisicari
1280 1258 1384 1290 aliam
1422 1260 1597 1302 quandam
1633 1258 1830 1298 victimam,
1873 1270 1933 1301 per
1967 1270 2071 1303 quam

1092 1308 1312 1340 consecuturi
1343 1315 1454 1340 essent
1488 1320 1606 1341 veram
1631 1316 1662 1341 et
1687 1316 1863 1342 aeternam
1888 1309 2073 1342 liberatio-

1092 1368 1189 1397 nem,
1230 1364 1262 1391 et
1285 1369 1359 1390 eam
1384 1359 1559 1392 victimam
1586 1359 1766 1401 oportebat
1793 1370 1864 1391 esse
1889 1359 2072 1401 integram,

1091 1407 1166 1439 sine
1185 1415 1342 1451 peccato,
1369 1410 1579 1447 masculam,
1602 1410 1745 1442 sortem:
1781 1415 1928 1441 sumtam
1953 1421 1991 1441 ex
2018 1421 2072 1441 re-

1091 1457 1188 1501 liquo
1205 1469 1324 1501 grege,
1351 1460 1385 1492 id
1405 1466 1473 1499 est,
1509 1472 1547 1491 ex
1571 1460 1702 1503 populo
1731 1458 1844 1492 lsrael.
1902 1456 2074 1503 Oportuit

1093 1508 1199 1551 igitur
1214 1507 1394 1543 Christum
1413 1509 1450 1542 in
1469 1508 1534 1543 hoc
1552 1510 1683 1554 populo
1700 1510 1793 1543 nasci
1806 1537 1814 1549 ,
1835 1516 1867 1543 et
1885 1521 1956 1542 non
1974 1510 2074 1550 alibi,

1092 1560 1248 1602 oportuit
1274 1572 1354 1593 eum
1378 1560 1414 1593 in
1439 1558 1505 1593 hoc
1525 1561 1656 1604 populo
1683 1561 1899 1605 praedicare,
1926 1567 1959 1594 et
1984 1561 2071 1604 pati:

1092 1610 1170 1641 ideo
1200 1610 1296 1653 prius
1319 1612 1564 1654 segregabatur
1586 1623 1716 1654 agnus,
1756 1618 1794 1644 ut
1819 1611 2073 1654 significaretur

1094 1660 1189 1703 prius
1198 1658 1377 1693 Christum
1394 1662 1512 1705 aliquo
1530 1668 1686 1704 tempore
1696 1661 1977 1704 praedicaturum
1987 1672 2070 1696 esse.

1195 1709 1238 1745 ll.
1267 1710 1416 1754 Vespere
1436 1712 1648 1749 mactabunt,
1667 1718 1697 1744 et
1717 1711 1885 1754 sanguiue
1904 1723 2072 1755 consper-

1093 1767 1173 1803 gent
1216 1761 1357 1794 limina:
1404 1761 1664 1804 significabatur
1694 1759 1874 1795 Christum
1918 1773 2072 1805 vespere,

1093 1812 1181 1843 circa
1214 1812 1335 1844 mundi
1371 1813 1475 1844 finem
1509 1819 1695 1844 venturum
1722 1823 1812 1851 esse,
1848 1819 1879 1845 et
1901 1813 2070 1854 sanguine

1093 1862 1166 1894 eius
1181 1864 1477 1905 conspergendam
1498 1861 1708 1902 Ecclesiam,
1743 1863 1777 1895 id
1801 1870 1868 1898 est.
1901 1863 2070 1906 sanguine

1093 1910 1225 1946 Christi
1242 1913 1458 1946 abluendum
1480 1920 1670 1957 peccatum.

1195 1961 1258 1995 ΙΙΙ.
1292 1962 1423 1996 Carnes
1445 1975 1539 1996 assae
1565 1965 1725 1996 edantur.
1764 1962 1992 1997 Manducatio
2011 1976 2074 1996 no-

1093 2020 1160 2046 stra
1179 2011 1277 2047 Ioan.
1294 2013 1329 2047 6.
1346 2014 1517 2057 descripta
1537 2020 1597 2049 est.
1641 2014 1687 2049 [jt
1702 2013 1879 2046 Israelitae
1898 2021 2072 2047 vescentes

1093 2075 1221 2107 agnum
1240 2064 1506 2102 nutriebantur,
1535 2065 1583 2097 sic
1605 2076 1670 2097 nos
1694 2077 1771 2097 cuin
1795 2064 1920 2097 fiducia
1940 2062 2070 2097 Christi

1093 2115 1129 2146 in
1163 2114 1254 2147 veris
1284 2116 1478 2148 terroribus
1503 2115 1687 2158 erigimur,
1720 2115 1890 2148 efficimur
1914 2115 2068 2147 membra

1092 2162 1242 2204 Christi,
1269 2166 1488 2199 vivificamur
1503 2178 1562 2210 per
1587 2178 1682 2199 eum:
1718 2166 1871 2198 ascendit
1893 2165 2005 2204 enim,
2033 2172 2069 2197 ut

1093 2217 1147 2248 det
1168 2217 1259 2248 dona
1278 2214 1503 2256 hominibus,
1538 2225 1570 2251 et
1584 2228 1664 2249 vere
1681 2216 1725 2249 sit
1747 2216 1883 2254 efficax,
1915 2217 1971 2249 det
1990 2215 2071 2259 Spi-

1092 2266 1197 2299 ritum
1233 2276 1404 2303 sanctum.
1464 2267 1530 2301 Sed
1563 2268 1790 2300 comedantur
1823 2278 1943 2299 carnes
1963 2277 2069 2299 assae:

1092 2329 1164 2349 non
1184 2318 1332 2351 dubium
1349 2326 1399 2352 est
1423 2319 1618 2362 passionem
1645 2317 1831 2359 significari
1856 2317 1928 2360 ipsa
1951 2317 2069 2360 appel-

1092 2368 1222 2402 latione
1239 2369 1317 2412 agni
1337 2376 1368 2402 et
1389 2369 1620 2402 mactationis.
1665 2367 1889 2411 significatur
1904 2374 2016 2399 autem
2037 2374 2069 2399 et

1092 2416 1149 2452 hic
1175 2420 1255 2461 agni
1281 2420 1409 2464 passio:
1444 2420 1525 2464 quia
1544 2417 1705 2453 Christus
1730 2430 1809 2452 vere
1834 2424 1993 2461 expertus
2019 2425 2069 2450 est

1092 2470 1227 2513 ignem,
1253 2468 1319 2504 hoc
1336 2478 1404 2511 est,
1431 2471 1599 2503 iudicium
1616 2469 1692 2511 Dei,
1706 2470 1846 2502 subiens
1864 2479 1991 2510 poenas
2006 2479 2068 2512 pro

1091 2520 1207 2554 nobis.
1257 2520 1324 2555 Sed
1343 2522 1508 2555 usitatum
1533 2529 1579 2554 est
1605 2519 1687 2553 haec
1713 2522 1755 2552 de
1779 2519 1945 2563 qualitate
1969 2530 2067 2550 man-

1092 2571 1296 2605 ducantium
1326 2572 1562 2617 interpretari.
1612 2571 1768 2605 Crudum
1795 2570 1903 2602 edunt
1925 2580 2066 2611 agnum,

1092 2623 1153 2666 qui
1184 2622 1250 2666 ipsi
1283 2623 1456 2656 carnalem
1490 2622 1696 2655 cruditatem
1720 2619 1891 2658 retinent,
1927 2619 2067 2656 scilicet,

1091 2670 1300 2717 Epicuream
1335 2680 1394 2707 aut
1428 2671 1680 2717 hypocriticam
1709 2671 1946 2710 securitatem,
1982 2682 2068 2715 quae

1529 2719 1604 2754 16·
