2409 2915
239 103 313 139 379

349 187 517 238 nuptias,
555 190 586 221 el
602 182 778 221 nolebant
797 185 923 221 venire.
975 185 1114 222 Iterum
1139 186 1240 221 misit

349 240 448 275 alius
469 249 608 284 servos,
642 234 780 273 dicens:
808 235 934 272 Dicite
960 237 1144 283 incitatis,
1173 249 1242 271 ecce

832 104 960 142 PHIL.
984 102 1103 141 MEL.
1128 103 1336 142 SCRIPTA
1363 101 1667 141 EXEGETICA.·

2194 97 2272 147 'eso

1396 185 1521 231 Qualis
1537 193 1652 222 autem
1668 186 1712 221 sit
1731 185 1861 231 species
1876 183 1983 222 huius
2005 194 2141 234 coetus,
2165 193 2276 238 signi-

1294 237 1417 271 ficatur
1437 236 1511 279 hic,
1537 250 1614 272 cum
1632 238 1698 277 ait,
1726 238 1913 272 maximam
1929 245 2064 282 partem
2088 239 2276 277 hominum

349 286 552 339 prandiam
569 301 684 323 meum
705 289 855 336 paravi,
887 289 989 323 tauri
1011 289 1082 323 mei
1103 294 1132 323 et
1154 287 1243 322 alli·
1294 288 1475 332 aspernari
1491 288 1600 332 ipsam
1617 289 1848 324 vocationem.
1901 287 1989 330 Alii,
2016 289 2154 335 inquit,
2179 300 2277 328 ante-

349 341 406 376 lia
425 344 586 375 mactata
602 344 706 377 sunt,
743 344 773 373 et
792 339 917 373 onmia
940 345 1098 386 parata,
1133 338 1244 373 venite

353 390 409 426 ad
439 392 600 438 nuptias.
658 389 732 424 Illi
765 395 884 423 autem
917 389 1173 436 neglexerunt,
1213 393 1243 422 et

355 441 536 482 abierunt,
563 440 664 475 alius
680 439 824 488 quidem
843 440 882 473 in
899 440 1087 488 proprium
1102 451 1245 486 agrum,

355 493 458 528 alius
477 505 555 526 cero
572 490 626 525 ad
647 490 929 537 negociationem
953 503 1079 531 suam,
1115 488 1247 537 reliqui

357 557 436 579 sero
468 546 655 577 tenuerunt
687 553 806 575 servos
829 540 922 580 eius,
965 545 995 575 et
1019 539 1246 575 contumeliis

356 593 523 643 affectos,
558 589 772 626 occiderunt.
825 589 913 624 Rea·
935 596 1053 626 autem
1078 603 1154 624 cum
1179 602 1247 623 au-

355 639 483 682 disset,
503 644 622 676 iratus
638 646 708 683 est,
732 646 761 675 et
778 641 902 676 missis
917 641 1132 676 exercitibus
1158 640 1248 681 suis,

355 692 515 743 perdidit
535 690 740 726 homicidas
765 691 874 732 illos,
903 697 932 726 et
956 693 1134 726 civitatem
1161 689 1248 724 illo-

358 758 436 780 rum
455 741 646 778 succendit.

308 796 412 832 Tunc
429 795 482 829 ait
499 793 610 828 servis
623 793 716 827 suis:
743 790 908 840 Nuptiae
923 791 1066 840 quidem
1090 796 1248 839 paratae

357 851 463 887 sunt,
496 843 562 878 sed
584 846 651 892 qui
672 843 822 877 invitati
842 847 967 885 erant,
998 856 1070 877 non
1090 842 1248 891 suerunt

360 896 477 942 digni.
531 894 585 928 Ile
602 907 686 939 ergo
702 892 756 927 acl
770 894 889 927 caitus
908 895 1069 933 viarum,
1095 897 1124 926 at
1140 905 1248 940 quos-

360 958 495 993 cunque
513 944 736 983 insenerilis,
766 948 884 977 vocate
906 942 961 977 ad
979 943 1142 991 nuptias.
1195 942 1249 976 Et

360 995 603 1043 egressiservi
617 995 653 1027 in
674 995 771 1033 cias,
800 998 1105 1039 congregaverunt
1128 1004 1250 1026 omnes

361 1059 450 1095 quos
469 1049 694 1085 imenerunt,
719 1042 839 1077 malos
855 1049 885 1077 et
904 1043 1035 1084 bonos,
1068 1048 1098 1077 et
1123 1043 1251 1091 imple-

361 1105 417 1132 tae
433 1101 516 1129 sunl
541 1094 689 1141 nuptiae
716 1093 1034 1131 discumbentibus.
1085 1092 1250 1128 Intravit

362 1153 480 1182 aulem
506 1157 590 1185 rex,
634 1150 670 1178 ut
692 1150 866 1192 spectaret
902 1142 1181 1184 discumbentes,
1220 1149 1250 1178 et

363 1196 451 1231 vidi!
477 1195 555 1229 illic
577 1192 759 1228 hominem
782 1208 854 1229 non
881 1195 1044 1229 vestitum
1071 1200 1161 1229 veste
1184 1207 1252 1229 nu-

360 1247 485 1296 pliali.
533 1245 585 1279 Et
609 1245 663 1279 ait
688 1245 766 1279 illi:
807 1244 948 1287 Amice,
981 1243 1161 1293 quomodo
1183 1243 1252 1279 huc

362 1296 531 1338 intrasti,
560 1309 633 1330 non
652 1294 792 1329 habens
810 1300 934 1329 vestem
951 1294 1179 1343 nuptialem?
1204 1294 1252 1329 At

366 1348 430 1382 ille
456 1347 646 1381 obmutuit.
705 1344 811 1380 Tunc
837 1345 936 1379 dixit
965 1358 1029 1380 rea:
1055 1345 1253 1380 ministris:

363 1397 502 1444 Ligate
521 1397 553 1430 ei
565 1394 671 1444 pedes
689 1401 719 1430 et
737 1409 890 1435 manus,
918 1401 947 1429 et
966 1395 1096 1429 mittite
1115 1409 1191 1430 eum
1217 1396 1254 1429 in

365 1448 529 1483 tenebras
545 1447 756 1487 e.2·ter1'ores,
782 1445 838 1479 ibi
853 1446 918 1480 erit
933 1445 1103 1494 ploratus
1121 1451 1150 1480 et
1169 1445 1255 1480 stri-

365 1499 433 1533 dor
450 1497 622 1532 dentium.
649 1495 776 1531 fllulti
789 1497 881 1530 enim
901 1501 985 1531 sunt
1005 1497 1133 1539 vocati,
1147 1497 1258 1544 pauci

365 1555 485 1583 autem
505 1547 614 1584 electi.

342 1616 432 1650 Tota
465 1615 630 1660 parabola
666 1621 715 1647 est
752 1613 865 1657 imago
895 1613 1070 1647 Ecclesiae
1097 1613 1256 1648 omnium

264 1676 475 1712 temporum.
528 1663 572 1698 Et
592 1677 792 1709 qu.=nquam
811 1662 868 1698 liic
893 1664 1078 1712 praecipue
1100 1665 1259 1709 loquitur

267 1722 310 1752 (le
327 1717 514 1751 reiectione
531 1723 563 1748 ct
590 1728 700 1759 poena
723 1715 881 1747 lutlaicae
905 1715 1036 1757 gentis,
1072 1721 1189 1748 tamen
1214 1715 1257 1747 ad

267 1771 427 1803 omnium
460 1775 656 1809 temporum
690 1766 822 1798 similes
851 1774 997 1798 eventus
1030 1763 1114 1798 liaec
1136 1765 1258 1798 concio

267 1819 563 1854 accommodanda
591 1823 651 1849 est.
719 1815 864 1849 Vocavit
891 1814 985 1848 Deus
1013 1816 1113 1849 initio
1139 1814 1258 1848 Eccle-

269 1872 367 1909 siam,
383 1870 441 1902 seul
460 1867 618 1911 plerique
637 1865 853 1899 vocationem
867 1873 1141 1905 contemserunt,
1157 1867 1258 1899 multi

268 1921 372 1954 etiam
406 1918 655 1950 interfecerunt
689 1922 870 1956 vocantes,
911 1916 988 1948 ideo
1019 1922 1100 1948 sunt
1125 1923 1261 1949 secutae

269 1981 421 2016 poenae,
458 1975 495 2001 ut
519 1967 710 2003 diluvium,
746 1966 879 1998 eversio
905 1966 1161 2005 Sodomorum,
1192 1966 1261 1999 Ae-

270 2020 385 2066 gypti,
409 2018 694 2054 Canauaeorum.
723 2023 838 2059 postca
857 2016 954 2058 regui
975 2015 1100 2054 lsrael,
1134 2016 1261 2049 deinde

271 2071 503 2105 ludaeorum,
533 2075 648 2110 postea
676 2065 938 2105 Romanorum,
972 2074 1005 2100 et
1031 2067 1181 2100 aliorum
1207 2079 1261 2100 re-

271 2132 433 2165 gnorum.
491 2118 613 2164 Aliqui
640 2124 755 2151 tamen
790 2117 901 2150 vocati
936 2124 1195 2157 convenerunt,
1231 2125 1262 2151 et

271 2182 409 2214 semper
432 2168 548 2213 aliqua
574 2168 638 2201 suit
664 2167 828 2202 Ecclesia.
883 2167 1064 2200 Discamus
1090 2180 1170 2211 crgo
1197 2166 1264 2208 liic,

272 2222 356 2267 quid
375 2228 407 2254 ct
425 2219 538 2264 qualis
556 2216 785 2254 sitEcclesia‚
804 2230 892 2263 quae
908 2218 1056 2261 species,
1073 2231 1161 2264 quae
1181 2231 1264 2263 poe-

273 2285 338 2306 nae
355 2269 508 2304 hostium
527 2267 721 2308 Ecclesiae,
749 2275 780 2302 et
799 2269 971 2301 malorum
995 2268 1030 2301 in
1047 2266 1214 2305 Ecclesia.

646 2351 694 2376 De
720 2351 900 2377 necundo.

377 2403 474 2446 Quid
495 2410 543 2437 cst
562 2400 743 2437 Ecclesia?
776 2401 839 2438 Est
858 2403 1078 2447 congregatio
1106 2404 1264 2438 omnium

274 2456 334 2503 qui
361 2455 508 2488 credunt
531 2451 746 2496 Evangelio,
783 2461 816 2488 et
848 2455 1108 2488 sanctificantur
1131 2455 1265 2499 Spiritu

275 2513 414 2547 sancto,
451 2504 506 2538 cui
533 2504 791 2547 congregationi
815 2511 930 2538 tamen
955 2505 1057 2540 multi
1086 2506 1168 2538 mali
1205 2508 1266 2538 ail-

277 2557 372 2590 mixti
391 2562 490 2596 sunt,
517 2556 774 2589 consentientes
791 2556 834 2588 de
859 2556 1038 2597 doctrina,
1064 2562 1096 2589 ct
1121 2568 1184 2589 usu
1202 2558 1265 2589 Sa-

276 2612 552 2647 ·ramentorum,
579 2605 639 2651 qui
662 2612 694 2640 et
718 2605 784 2651 ipsi
812 2613 894 2640 sunt
920 2607 1003 2639 socii
1029 2617 1087 2640 seu
1112 2608 1266 2640 membra

277 2665 437 2692 externae
457 2656 649 2696 societatis,
678 2662 711 2691 ct
728 2656 1048 2693 administrationis
1065 2654 1252 2693 Ecdmiae.

1270 347 1271 352 ¹
1296 339 1413 373 ferunt
1429 349 1511 372 suos
1525 349 1645 381 agros,
1670 339 1731 371 alii
1749 351 1810 373 sua
1834 340 1997 383 negocia,
2025 341 2087 375 alii
2113 343 2278 377 occidunt

1297 396 1479 433 vocantes,
1520 388 1557 422 id
1581 395 1653 427 est,
1694 395 1789 423 extra
1811 388 2006 424 Ecclesiam
2030 399 2112 426 sunt
2147 404 2280 433 omnes,

1298 439 1358 484 qui
1376 451 1449 473 non
1466 439 1727 483 amplectuntur
1751 440 1946 474 doctrinam
1971 453 2109 484 veram,
2136 451 2175 477 ut
2190 441 2280 478 Eth-

1299 490 1387 531 nici,
1431 489 1570 530 ludaei,
1611 487 1898 532 Mahometistae,
1938 489 2126 536 Epicurei,
2161 500 2193 527 et
2218 493 2280 538 qui

1298 552 1392 574 nunc
1407 547 1489 574 sunt
1504 538 1622 573 hostes
1636 551 1738 573 verae
1755 540 1952 582 doctrinae,
1990 543 2125 577 etiamsi
2151 555 2281 577 vocan-

1299 598 1356 625 tur
1365 588 1573 624 Christiani.
1627 589 1699 623 Nee
1716 589 1814 624 locus
1826 597 1887 625 aut
1905 592 2047 632 titulus,
2071 595 2130 628 sed
2150 594 2282 628 doctri-

1299 653 1364 674 nae
1381 652 1481 674 verae
1497 640 1665 685 professio
1682 639 2052 676 (liscernitEcclesiam
2068 645 2112 678 ab
2135 645 2194 685 iis,
2221 644 2283 689 qui

1300 699 1383 725 sunt
1409 697 1502 725 extra
1535 689 1739 726 Ecclesiam.
1798 690 1901 724 Nunc
1931 704 2071 738 quoque
2094 695 2199 728 multi
2221 694 2284 739 qui

1301 748 1472 775 vocantur
1482 738 1695 782 Christiani,
1720 748 1837 775 tamen
1855 750 1999 786 propter
2013 755 2115 791 agros
2132 756 2214 778 suos
2227 744 2285 778 fu-

1301 793 1402 835 giunt
1418 791 1597 825 doctrinae
1614 791 1884 836 professionem,
1920 799 1953 827 et
1969 793 2057 828 fiunt
2081 801 2144 829 aut
2168 794 2285 839 palam

1301 841 1487 886 Epicurei,
1521 848 1581 876 aut
1597 842 1793 876 defendunt
1816 843 1964 877 usitatos
1986 855 2121 878 errores
2143 851 2287 888 propter

1302 900 1479 932 ventrem,
1506 898 1546 926 ut
1563 892 1666 925 multi
1682 890 1869 937 Episcopi,
1896 893 2086 935 Canonici‚
2113 901 2148 929 et
2163 895 2235 930 alii.

1404 943 1478 976 Alii
1507 949 1650 986 propter
1684 954 1745 976 sua
1773 944 1916 987 negocia
1943 944 2085 988 fugiunt
2107 945 2289 980 doctrinae

1303 993 1564 1038 professionem.
1624 992 1692 1026 Hic
1717 995 1901 1038 praecipue
1926 1001 2090 1029 taxantur
2113 996 2289 1040 principes
2334 992 2340 998 '

1304 1051 1337 1078 et
1353 1043 1480 1084 aulici,
1506 1042 1567 1088 qui
1583 1042 1808 1076 etiamsinon
1831 1052 1991 1079 exercent
2012 1046 2207 1087 saevitiam,
2235 1052 2290 1080 ta-

1303 1106 1386 1127 men
1403 1093 1587 1137 negligunt
1602 1091 1835 1136 Evangelium
1853 1101 1886 1128 et
1899 1092 2090 1137 Ecclesias,
2117 1103 2149 1130 et
2167 1102 2291 1141 putant

1305 1143 1429 1179 harum
1444 1155 1562 1178 rerum
1580 1155 1699 1177 curam
1717 1155 1752 1176 se
1770 1144 1951 1188 indignam
1976 1157 2067 1184 esse,
2101 1144 2231 1181 habere
2254 1157 2290 1180 se

1305 1195 1551 1239 occupationes
1568 1204 1728 1237 magnas»,
1757 1195 1966 1228 necessarias
1981 1193 2166 1229 bominum
2186 1197 2291 1235 vitae,

1307 1246 1470 1279 videlicet
1487 1244 1773 1278 constitutionem
1797 1252 1830 1278 et
1854 1245 2095 1279 defensionem
2124 1247 2292 1290 imperio-

1306 1308 1396 1329 rum.
1449 1295 1551 1328 Hanc
1568 1295 1831 1338 occupationem
1849 1296 1983 1330 ducunt
1998 1308 2070 1330 esse
2092 1296 2291 1340 gloriosam.

1307 1344 1481 1379 Ecclesias
1498 1342 1589 1378 nihil
1607 1351 1740 1378 curant.
1791 1344 1849 1378 Sic
1868 1345 1905 1378 in
1922 1346 1989 1379 alia
2013 1347 2180 1391 parabola
2203 1347 2292 1380 dici-

1309 1403 1385 1437 tur,
1428 1407 1546 1429 semen
1577 1395 1669 1428 inter
1698 1395 1816 1438 spinas
1839 1396 1982 1434 cadere,
2017 1397 2079 1430 ubi
2106 1397 2292 1442 praecipue

1310 1447 1429 1491 spinae
1446 1446 1578 1480 aulicae
1607 1445 1860 1488 intelligantur.
1921 1445 2083 1481 Tertium
2110 1459 2219 1490 genus
2241 1453 2294 1481 est

1310 1504 1564 1542 tyrannorum,
1591 1495 1652 1540 qui
1669 1495 1785 1528 delere
1806 1493 2039 1539 Evangelium
2059 1505 2244 1532 conantur.

1413 1545 1492 1580 Erit
1512 1547 1620 1589 igitur
1637 1545 1780 1589 exignus
1796 1553 1914 1580 coetus
1934 1544 2109 1588 Ecclesia,
2136 1549 2219 1594 quia
2235 1559 2294 1581 su-

1312 1598 1449 1642 periora
1481 1597 1547 1630 tria
1573 1607 1699 1639 genera
1723 1602 1804 1629 sunt
1829 1606 1923 1630 extra
1947 1595 2152 1631 Ecclesiam.
2211 1597 2294 1632 tdeo

1313 1648 1442 1682 dicitur
1460 1644 1592 1690 Sopho.
1611 1646 1664 1681 8.:
1693 1644 1740 1680 Et
1764 1646 1940 1692 reliquum
1964 1647 2090 1681 faciam
2114 1649 2152 1682 in
2178 1648 2294 1682 medio

1313 1699 1363 1733 tui
1383 1697 1552 1742 populum
1570 1708 1760 1741 pauperem
1785 1703 1817 1730 et
1843 1709 2011 1741 egenum,
2045 1705 2078 1732 et
2104 1700 2297 1743 sperabunt

1312 1750 1350 1782 in
1369 1748 1512 1781 nomine
1528 1745 1686 1780 Domini.
1740 1746 1835 1780 llaec
1852 1748 2106 1783 consideranda
2124 1757 2222 1791 sunt,
2250 1761 2296 1783 ne

1314 1800 1505 1843 cogitemus
1532 1797 1700 1841 populum
1718 1796 1784 1831 Dei
1808 1808 1880 1831 esse
1902 1799 2070 1832 maiorem
2093 1800 2297 1835 multitudi-

1315 1862 1414 1889 nem,
1441 1855 1473 1882 et
1491 1848 1658 1892 imperia,
1681 1859 1769 1892 quae
1787 1849 1895 1891 magis
1913 1849 2038 1883 florent
2052 1850 2163 1893 gloria
2181 1857 2215 1885 et
2232 1862 2296 1895 po-

1315 1900 1442 1940 tentia,
1469 1905 1502 1932 et
1519 1909 1563 1930 ne
1580 1897 1714 1931 abiecto
1735 1898 1843 1932 verbo
1863 1899 1949 1939 Dei,
1984 1901 2026 1933 ad
2054 1900 2150 1933 illam
2175 1901 2297 1934 multi·

1315 1951 1475 1985 tudinem
1493 1948 1712 1988 deficiamus,
1739 1948 1827 1982 sicut
1850 1946 2002 1983 hnmana
2024 1951 2113 1984 ratio
2135 1957 2298 1985 movetur

1316 1999 1544 2034 multitudine
1560 2005 1592 2031 et
1616 1998 1774 2038 fortuna,
1803 1999 1930 2042 cogitat
1956 2006 2026 2033 tam
2049 2000 2198 2039 multos,
2226 2008 2296 2035 tarn

1317 2052 1497 2090 florentes,
1542 2061 1614 2081 nou
1645 2049 1773 2093 negligi
1798 2061 1815 2082 a
1841 2048 1930 2083 Deo.
2003 2049 2181 2085 Adversus
2212 2048 2297 2085 haec

1316 2100 1477 2135 scandala
1497 2100 1744 2133 confirmemus
1771 2111 1834 2133 nos
1860 2101 2157 2145 descriptionibus
2173 2099 2298 2136 Eccle—

1317 2154 1405 2192 siae,
1433 2150 1572 2184 traditis
1591 2161 1607 2182 a
1627 2147 1772 2183 Clu-isto
1792 2156 1825 2183 et
1841 2148 2045 2194 Prophetis,
2079 2158 2117 2186 ut
2137 2152 2172 2185 in
2196 2163 2298 2197 parn-

1318 2203 1398 2235 bola
1415 2202 1458 2234 ‹le
1475 2200 1627 2241 semine,
1653 2199 1834 2234 et’Patilus
1855 2200 1971 2246 inquit
1992 2202 2021 2237 1.
2038 2200 2120 2236 Cor.
2140 2203 2189 2238 1.:
2216 2201 2298 2237 Non

1318 2252 1419 2286 multi
1437 2245 1610 2295 sapientes
1626 2251 1817 2284 secundum
1835 2263 1993 2293 carnem,
2020 2264 2091 2286 non
2107 2252 2209 2286 multi
2235 2264 2298 2297 po-

1320 2309 1447 2341 tentes,
1475 2314 1547 2334 non
1565 2300 1667 2336 multi
1684 2301 1818 2335 nobiles
1836 2308 1897 2336 etc.

1420 2352 1618 2396 Diligenter
1653 2358 1769 2386 autem
1803 2351 1951 2386 observa
1990 2351 2027 2384 in
2064 2352 2300 2398 descriptione

1319 2404 1411 2448 apud
1430 2401 1670 2447 Sopboniam,
1703 2402 1796 2448 quod
1825 2402 1937 2435 addit:
1974 2399 2019 2436 Et
2042 2403 2234 2447 sperabunt
2259 2403 2298 2436 in

1320 2454 1464 2488 nomine
1482 2452 1639 2487 Domini.
1690 2449 1843 2486 Ecclesia
1863 2452 2002 2494 alligata
2028 2460 2077 2487 est
2101 2454 2143 2487 ad
2165 2453 2298 2488 doctri-

1295 2546 1297 2555 !
1321 2517 1401 2539 uam
1420 2515 1538 2537 veram
1551 2527 1560 2542 ,
1584 2513 1657 2535 non
1676 2503 1718 2536 ad
1734 2510 1824 2536 certa
1844 2503 1988 2547 imperia
2006 2515 2125 2547 regum
2152 2510 2185 2537 et
2209 2513 2298 2547 pon—

1319 2556 1451 2590 tificum
1463 2581 1472 2594 ,
1497 2560 1530 2588 et
1549 2552 1723 2587 invocatio
1740 2553 1927 2587 discrimen
1943 2553 2036 2589 facit.
2088 2551 2162 2588 Etsi
2179 2552 2297 2588 ludaei

1293 2638 1297 2647 ,
1321 2613 1351 2640 et
1371 2605 1479 2639 Turci
1499 2603 1620 2638 ‹licunt
1638 2614 1673 2637 se
1697 2603 1858 2637 invocare
1881 2615 1992 2637 unum
2010 2601 2144 2647 Deum,
2175 2605 2299 2639 condi-

1295 2666 1297 2670 “
1321 2664 1431 2690 torem
1462 2666 1598 2689 rerum:
1634 2661 1749 2688 tamen
1784 2661 1911 2699 negant
1936 2655 2051 2689 Deum
2080 2655 2298 2690 conditorem

2397 933 2409 954 ιιι
2399 629 2409 903 ἐῴη-μη*
2407 585 2409 599 -

2389 1898 2409 2124 σ”ἒΐὲ-Ξ·Ε

2379 2302 2409 2684 ..ΑιιΛιῆ-ιὶ-ιτβ
2391 2203 2409 2276 3‘2
