2409 2915
267 106 363 142 1103

265 189 485 236 agnoscenda
514 193 576 221 est,
628 181 792 218 Christus
812 187 927 215 antem
953 179 1086 225 inquit:
1115 177 1253 212 Venitis

266 246 309 277 ad
330 253 383 274 me
398 249 519 272 omnes
536 237 596 281 qui
614 234 792 268 laboratis.
840 230 984 276 Ergoxet
1003 230 1111 275 patris
1125 230 1252 263 volun-

265 302 318 327 tas
350 298 418 330 est,
452 289 592 322 reficere
615 296 738 319 omnes
765 284 984 323 laborantes,
1019 282 1054 313 id
1077 281 1171 326 quod
1195 278 1253 313 hic

266 343 370 376 etiam
394 340 519 373 adiecit
542 335 719 371 Christus:
754 333 850 367 Ilaec
873 340 924 367 est
948 332 1112 365 voluntas
1133 331 1252 375 patris,

265 400 324 430 ut,
353 391 413 435 qui
432 391 596 425 credunt,
625 386 711 420 salvi
730 387 826 419 fiant.
878 383 931 418 De
950 383 1130 417 voluntate
1145 381 1254 426 patris

266 443 340 476 noli
358 440 550 480 haesitare,
577 439 605 471 si
623 437 697 472 filio
715 435 838 470 credis.

323 541 403 590 Qui
427 539 537 575 credit
562 540 599 573 in
626 549 699 579 me,
727 534 836 569 habel
862 534 975 568 vitam
1001 538 1198 568 aeternam.

368 610 518 654 Propter
543 606 786 653 pusillanimes
810 603 914 644 dicit,
950 602 1010 648 qui
1034 601 1253 645 conspicien-

266 671 318 697 tes
346 661 627 704 magnitudinem
661 655 791 702 peccati
821 654 893 694 sui,
927 665 998 687 non
1025 653 1153 686 audent
1179 662 1254 684 cre-

269 715 369 753 dere3
399 713 481 745 item
503 717 648 755 propter
665 719 739 747 e05,
764 706 844 751 qui,
871 716 1071 750 quanquam
1089 703 1157 734 iam
1175 713 1254 734 coe-
1279 708 1282 752 ἶ
1306 697 1329 718 ¹¹

267 763 384 808 perint
406 763 568 801 credere,
603 767 721 793 tamen
745 758 782 790 in
807 755 1036 790 tentationem
1064 753 1255 791 labascunt,

267 814 330 848 ubi
353 825 388 846 se
407 818 532 857 putant
550 810 663 844 deseri
679 816 785 853 atque
804 807 883 839 ideo
898 806 1084 850 perituros.
1137 803 1255 847 Atque

267 863 353 898 haec
377 871 427 896 est
452 861 667 900 consolatio,
693 870 796 904 quam
823 869 839 890 a
859 854 1177 899 praedestinatione
1195 865 1255 897 pe—

268 916 395 954 timus,
422 914 528 953 scire,
556 912 649 957 quod
677 911 712 942 in
740 919 846 941 manu
875 906 994 938 divina
1020 905 1140 938 simus.
1197 903 1255 938 Sic

267 965 470 999 consolatur
488 962 679 1007 Apostolus
697 959 800 993 Rom.
818 955 933 990 Vlll.:
961 955 999 990 Si
1017 956 1054 988 in
1069 966 1174 988 manu
1189 953 1255 987 Dei

267 1027 407 1054 sumus,
435 1015 556 1048 eadere
575 1023 646 1045 non
667 1019 862 1055 possumus.

338 1115 439 1151 Haec
465 1118 514 1148 est
537 1117 657 1147 aulem
686 1108 857 1145 voluntas
881 1108 1002 1156 patris
1027 1106 1099 1141 mei
1121 1112 1192 1148 etc„

268 1187 362 1233 quod
389 1185 469 1219 ideo
498 1183 603 1223 dicit,
635 1193 679 1213 ne
706 1177 940 1213 conscientiae
963 1176 1144 1218 dubitent,
1170 1176 1255 1222 quin

268 1235 441 1281 ipsissima
466 1234 629 1267 voluntas
651 1231 760 1275 patris
783 1230 844 1270 sit,
878 1227 969 1261 velle
993 1227 1127 1260 salvare
1152 1235 1255 1273 quot-

269 1295 356 1332 quot
392 1287 552 1320 credunt.
623 1282 763 1316 Scimus
801 1278 891 1314 lianc
929 1278 1147 1312 voluntatem
1186 1290 1257 1311 esse

267 1337 412 1373 Christi.

418 1425 548 1461 Patres
576 1424 684 1458 vestri
710 1420 1023 1457 manducaverunt
1047 1425 1109 1457 εἰσ.

372 1496 537 1539 Quatuor
564 1505 605 1526 ex
634 1493 759 1526 ordine
784 1497 992 1525 tractantur:
1030 1501 1119 1534 quae
1140 1489 1184 1522 sit
1205 1489 1257 1522 vis

269 1547 391 1594 panis,
425 1544 602 1591 quomodo
629 1544 822 1582 utendum,
850 1542 944 1574 uude
969 1540 1013 1573 sit
1036 1551 1074 1573 ea
1101 1540 1172 1579 vis,
1196 1551 1258 1573 cur

270 1610 409 1633 carnem
440 1595 611 1629 nominet.
674 1593 851 1630 Primum,
884 1589 1046 1625 Christus
1072 1590 1257 1632 distinguit

271 1648 338 1683 hoc
361 1658 522 1682 sermone
547 1646 658 1687 legem
685 1656 703 1677 a
721 1644 808 1680 fide,
836 1643 973 1677 literam
993 1653 1010 1674 a
1028 1641 1174 1684 spiritu,
1201 1641 1256 1673 iu-

270 1700 385 1734 sticias
410 1698 495 1740 legis
516 1710 532 1730 a
558 1695 694 1729 iusticia
718 1695 882 1737 spiritus,
916 1705 995 1726 cum
1022 1692 1155 1737 inquit:
1190 1690 1255 1724 Pa—

269 1759 340 1784 tres
373 1749 477 1782 vestri
505 1748 805 1780 manducaverunt
831 1755 958 1777 manna
985 1749 1068 1781 etc„
1104 1743 1126 1775 i.
1149 1754 1177 1778 e.
1204 1742 1255 1775 lex

270 1813 342 1835 non
368 1800 521 1833 vivificat
545 1809 617 1832 vos,
685 1796 783 1830 Sicut
808 1806 938 1828 manna
963 1794 1154 1836 corporalis
1178 1800 1255 1827 tan—

268 1860 342 1887 tum
368 1852 466 1884 cibus
491 1857 558 1889 est,
586 1849 632 1881 ita
657 1859 762 1891 opera
788 1847 872 1888 legis
897 1845 1095 1888 corporales
1120 1851 1255 1878 tautum

270 1910 302 1937 et
329 1908 488 1935 externae
511 1899 667 1932 iusticiae
686 1905 787 1936 sunt,
812 1895 972 1932 Christus
991 1903 1106 1927 autem
1127 1903 1175 1928 est
1196 1907 1255 1937 pa—

270 1954 326 1987 nis
350 1952 529 1984 vivificans
553 1950 589 1982 iu
612 1956 804 1982 aeternum.
859 1947 994 1980 Manna
1015 1957 1075 1979 seu
1101 1946 1257 1978 iusticia«-

270 2004 356 2047 legis
379 2002 555 2035 neminem
581 2006 719 2032 servant
743 2011 759 2031 a
781 2004 911 2037 morte,
938 1998 1019 2040 qnia
1038 2009 1076 2029 ex
1093 1997 1255 2040 operibus

271 2055 353 2096 legis
376 2065 448 2086 non
466 2051 671 2085 iustihcatur
690 2061 806 2083 coram
826 2048 899 2081 Deo
917 2047 1033 2080 ouuiis
1051 2059 1143 2082 caro.

269 2106 400 2139 dicium
423 2102 486 2137 Dei
507 2101 692 2135 confundit
709 2100 827 2134 omnia
845 2111 949 2142 opera
967 2105 1097 2133 nostra.
1151 2097 1255 2131 Panis

269 2164 384 2190 autem
423 2155 543 2193 xivus,
585 2152 643 2196 qui
684 2152 727 2184 de
757 2151 855 2184 coelo
885 2150 1085 2187 descendit,
1123 2156 1256 2182 servata

270 2213 382 2240 morte
400 2205 480 2249 quia
499 2205 542 2236 de
557 2203 654 2236 coelo
672 2201 863 2236 descendit.
897 2201 1008 2233 Nemo
1024 2200 1116 2231 enim
1135 2212 1256 2233 asceu-

268 2259 320 2291 dit
349 2257 383 2289 in
409 2256 543 2289 coelum
558 2281 566 2292 ,
594 2254 660 2286 nisi
679 2253 738 2298 qui
759 2251 957 2291 descondit,
984 2251 1008 2284 i.
1027 2262 1055 2283 c.
1073 2251 1107 2282 iu
1129 2251 1256 2295 quilius

269 2317 317 2341 cst
348 2307 492 2350 spiritus
517 2303 667 2342 Christi.
702 2305 723 2336 ii
755 2315 826 2336 uon
857 2309 1000 2346 possunt
1026 2303 1138 2339 mori,
1170 2302 1254 2334 sicut

272 2371 386 2403 neque
403 2356 564 2391 Christus
580 2356 668 2388 mori
687 2362 810 2399 potest.
865 2353 967 2387 Fides
985 2359 1054 2391 est.
1080 2364 1168 2397 qnae
1185 2365 1254 2384 uon

271 2411 445 2442 indicatur
469 2415 500 2440 ct
524 2407 679 2440 subsistit
703 2418 818 2439 coram
838 2403 929 2444 Deo;
957 2415 1061 2447 opera
1078 2415 1149 2437 non
1171 2416 1255 2436 con·

269 2467 406 2494 sistunt.

387 2552 430 2584 Si
456 2551 536 2598 quis
567 2547 843 2582 mandaram-rit
870 2559 914 2581 ea·
939 2544 1003 2581 hoc
1027 2558 1132 2593 pane.

372 2619 584 2656 Secundum,
613 2618 790 2662 quomodo
809 2617 991 2649 utendum.
1041 2613 1257 2647 Mandat-nr«-

269 2670 354 2704 alias
379 2677 446 2707 cst.
475 2669 586 2702 traiici
612 2669 729 2702 cibum
755 2668 791 2701 iu
816 2678 937 2701 omnes
958 2665 1114 2710 corporis
1133 2672 1257 2709 partes.

861 95 986 131 PfflL.
1013 92 1130 129 MEL.
1153 91 1363 129 SCRIPTA
1389 90 1688 129 ExEGEthA.

1279 753 1282 775 l

1279 777 1283 872 l

1280 1027 1284 1082 l

1200 2046 1255 2080 lu-
1282 2059 1285 2064 ·

2191 96 2288 131 1104

1305 179 1365 224 qui
1395 190 1469 213 non
1498 186 1659 213 assuatur
1683 178 1842 223 corpori,
1876 180 1936 213 sed
1962 180 2181 214 adnascatur.
2232 181 2286 215 Ita

1306 229 1363 263 hic
1384 231 1595 263 manducare
1619 242 1743 274 panem
1767 230 1951 263 coelestem
1973 238 2042 269 est,
2069 231 2184 264 traiici
2206 243 2285 265 eum

1305 282 1397 313 intra
1429 292 1508 319 cor,
1541 287 1574 313 et
1602 281 1677 313 fieri
1701 281 1818 314 cordis
1842 281 1961 317 vitam.
2012 280 2182 322 Cernere,
2215 288 2287 315 tra-

1305 338 1397 365 ctare
1420 330 1603 370 manibus,
1637 343 1758 364 vorare
1784 343 1928 375 panem,
1960 343 2033 365 non
2058 339 2109 364 est
2131 333 2288 366 mandu-

1305 393 1402 421 care,
1427 381 1473 414 ali
1490 392 1572 414 vero
1588 387 1639 414 est
1654 383 1876 416 manducare.
1929 381 1978 416 lta
1995 380 2175 416 Christum
2192 382 2289 426 cogi-

1306 439 1378 466 tare
1395 431 1567 464 simulatis
1583 431 1856 473 intentionibus,
1883 432 2012 466 imitari
2029 445 2133 477 opera
2149 444 2222 467 non
2237 439 2289 467 est

1306 483 1518 516 manducare
1535 479 1736 522 Christum,
1761 484 1820 515 sed
1844 484 1948 517 corde
1970 484 2123 524 renasci,
2149 491 2182 517 et
2199 484 2290 516 vivi-

1306 533 1400 566 ficari
1425 533 1550 576 spiritu
1573 529 1724 573 Christi,
1758 533 1862 566 corde
1884 534 2025 572 timere,
2060 535 2219 574 credere,
2252 534 2289 568 id

1307 585 1449 617 demum
1476 595 1556 616 vere
1581 585 1795 616 manducare
1816 590 1878 618 est.
1931 584 2037 627 Quod
2052 593 2166 618 autem
2183 596 2290 618 man-

1306 636 1434 667 ducare
1457 633 1501 667 sit
1524 634 1684 673 credere,
1709 634 1782 677 ipse
1800 634 1942 678 exponit
1957 636 2132 680 principio
2148 635 2290 669 concio-

1333 686 1379 719 is:
1409 684 1482 727 Qui
1507 685 1617 717 credit
1644 685 1680 717 in
1703 696 1777 725 me,
1810 681 1916 719 habet
1938 686 2059 722 vitam.
2110 685 2157 719 Et
2180 686 2288 719 infra:

1307 735 1395 770 Caro
1422 747 1494 767 non
1520 736 1662 778 prodest
1682 734 1883 780 quicquam.
1936 734 1974 769 Si
1998 737 2076 780 quis
2099 738 2291 770 manduca-

1308 787 1414 826 verit,
1449 787 1472 821 i.
1492 797 1521 818 e.
1549 786 1577 818 si
1601 786 1679 831 quis
1706 786 1894 820 crediderit
1917 798 1957 819 ex
1977 788 2101 826 corde,
2135 788 2229 821 vivet
2254 787 2290 820 in

1307 845 1500 871 aeternum.

1561 918 1639 968 Qui
1663 918 1704 954 de
1728 919 1824 955 coelo
1847 917 2038 956 descendit.

1411 987 1552 1027 Tertio,
1578 990 1674 1023 unde
1693 989 1736 1022 sit
1756 989 1820 1022 vis.
1875 988 1914 1021 ld
1931 988 2072 1032 exponit
2089 986 2144 1023 his
2159 990 2289 1024 verbis:

1309 1037 1380 1081 Qui
1406 1040 1450 1072 de
1473 1040 1570 1073 coelo
1593 1040 1781 1075 descendit.
1834 1037 1881 1073 Et
1904 1039 2048 1072 deinde:
2075 1039 2173 1075 Sicut
2195 1041 2293 1075 misit

1309 1101 1363 1122 me
1389 1090 1511 1123 vivens
1537 1097 1652 1134 pater,
1680 1091 1726 1124 ita
1750 1097 1783 1124 et
1806 1101 1869 1133 ego
1887 1090 1967 1123 vivo
1986 1098 2129 1135 propter
2144 1099 2293 1135 patrem,

1311 1141 1332 1176 i.
1350 1153 1378 1176 e.
1403 1153 1482 1174 caro
1499 1153 1573 1174 non
1593 1149 1658 1182 est,
1687 1153 1776 1187 quae
1794 1141 1963 1181 vivificat,
1987 1143 2047 1174 sed
2065 1140 2177 1182 Deus;
2203 1142 2293 1176 sicut

1307 1203 1413 1235 supra
1435 1193 1541 1225 dixit:
1571 1192 1671 1226 Sicut
1695 1199 1792 1234 pater
1815 1191 1958 1225 suscitat
1979 1199 2139 1226 mortuos
2153 1199 2186 1226 et
2203 1193 2294 1226 vivi·

1310 1243 1407 1283 ficat,
1436 1243 1483 1276 ita
1507 1243 1601 1276 filius
1623 1243 1773 1276 viviticat
1797 1254 1886 1288 quos
1909 1243 2002 1276 vult:
2029 1251 2067 1277 ut
2091 1255 2135 1276 ne
2151 1243 2293 1278 dubite-

1310 1305 1404 1334 mus,
1431 1294 1623 1337 potentiam
1636 1294 1702 1327 Dei
1720 1306 1791 1326 esse
1811 1293 2002 1336 potentiam
2013 1292 2156 1336 Christi,
2183 1305 2294 1339 quan·

1310 1356 1413 1388 quam
1432 1345 1570 1377 infirma
1588 1356 1669 1378 caro
1688 1356 1760 1378 esse
1779 1345 1949 1379 videatur.

1397 1423 1533 1467 Panis,
1567 1439 1671 1475 quem
1695 1439 1759 1474 ego
1783 1426 1900 1471 dabo,
1933 1440 2018 1462 caro
2045 1439 2124 1462 mea
2147 1433 2208 1463 esi.

1412 1495 1569 1538 Quarto,
1594 1507 1702 1540 quare
1719 1496 1827 1538 igitur
1843 1496 1928 1530 dicit
1945 1508 2084 1530 carnem
2103 1503 2137 1530 et
2153 1498 2295 1541 sangui-

1310 1558 1412 1587 nem,
1444 1545 1472 1579 si
1506 1546 1650 1590 quidem
1681 1557 1762 1579 caro
1793 1558 1866 1579 non
1896 1553 1964 1584 est,
1995 1558 2085 1591 qnae
2117 1547 2296 1582 vivificat?

1310 1596 1542 1644 Respondeo,
1571 1596 1606 1628 id
1625 1608 1696 1629 esse
1717 1597 1811 1642 qnod
1835 1595 2075 1631 1.Corinth.l.
2096 1597 2180 1631 dicit
2197 1598 2295 1643 Apo-

1309 1647 1435 1681 stolus:
1463 1647 1544 1692 quia
1564 1659 1636 1680 non
1655 1647 1819 1691 cognovit
1835 1659 1898 1691 per
1915 1648 2122 1691 sapientiam
2140 1651 2296 1683 mundus

1311 1699 1423 1732 Deum
1449 1698 1485 1731 in
1503 1698 1691 1741 sapientia,
1718 1699 1796 1731 ideo
1813 1698 1944 1742 placuit
1960 1698 2010 1736 ei,
2036 1711 2098 1743 per
2112 1699 2295 1734 stultitiam

1311 1749 1424 1782 crucis
1446 1749 1559 1782 salvos
1582 1750 1694 1782 facere
1718 1750 1908 1783 credentes.
1962 1749 2045 1783 Ideo
2064 1761 2143 1783 caro
2163 1748 2295 1784 Christi

1311 1798 1465 1833 exhibita
1484 1807 1553 1840 est,
1579 1807 1616 1833 ut
1635 1800 1670 1832 in
1688 1797 1866 1834 Christum
1883 1799 2084 1834 crucifixum
2102 1802 2298 1843 credamus,

1311 1849 1377 1884 hoc
1402 1858 1472 1890 est,
1507 1859 1544 1884 ut
1567 1851 1716 1883 sciamus
1739 1858 1902 1895 oportere
1927 1862 1992 1885 nos
2012 1851 2234 1893 mortificari,
2263 1860 2296 1886 et

1309 1902 1510 1939 credamus,
1539 1913 1601 1945 per
1624 1908 1773 1935 mortem
1799 1913 1862 1935 nos
1878 1901 1984 1935 vitam
2001 1909 2223 1945 accepturos,
2248 1904 2296 1936 si-

1310 1959 1366 1986 cut
1391 1959 1421 1985 et
1438 1950 1600 1985 Christus
1617 1964 1680 1996 per
1695 1960 1842 1986 mortem
1860 1952 2073 1993 glorificatus
2089 1960 2150 1986 cst.
2202 1953 2297 1992 ltem.

1310 2004 1390 2048 quia
1415 2015 1476 2036 sua
1502 2015 1607 2036 carne
1634 2003 1698 2045 legi
1723 2003 1909 2041 satisfacit,
1937 2010 1968 2036 et
1988 2010 2147 2037 mortuus
2164 2011 2213 2037 est
2231 2016 2296 2048 pro

1312 2055 1431 2095 nohis,
1475 2055 1674 2092 credamus,
1718 2066 1792 2086 cam
1831 2053 2103 2087 satisfactionem
2141 2061 2295 2089 nostram

1312 2117 1395 2139 esse.
1447 2102 1491 2138 Et
1519 2102 1584 2137 hoc
1612 2112 1681 2143 cst,
1706 2105 1799 2149 qnod
1824 2105 1928 2138 dicit:
1957 2103 2088 2137 Panem
2107 2117 2211 2150 quem
2233 2117 2296 2150 ego

1309 2156 1422 2195 daho,
1459 2168 1539 2188 caro
1572 2167 1666 2195 mea,
1701 2163 1748 2189 est
1782 2167 1845 2200 pro
1877 2156 1947 2188 vita
1978 2156 2114 2190 mnndi.
2177 2155 2298 2203 ltaque

1310 2219 1449 2240 carnem
1477 2206 1681 2239 manducari
1707 2206 1801 2244 vnn.
1829 2213 1867 2240 ut
1890 2205 2161 2245 mortificemur,
2188 2215 2223 2242 et
2243 2215 2296 2242 ta-

1284 2270 1285 2273 *
1311 2270 1390 2290 men
1415 2257 1482 2293 ait.
1511 2254 1604 2290 hunc
1629 2269 1754 2300 panem
1776 2257 1895 2291 vivum
1914 2268 2007 2296 esse,
2036 2265 2072 2291 ut
2093 2258 2243 2292 sciamus
2259 2258 2294 2293 in

1312 2315 1424 2342 morte
1444 2308 1550 2342 vitam
1568 2319 1649 2343 esse.

1584 2390 1716 2427 Durus
1741 2397 1790 2426 esc
1814 2392 1869 2426 hic
1892 2404 2021 2428 sermo.

1414 2462 1533 2505 Longa
1552 2463 1720 2495 concione
1737 2460 2048 2506 peregitChristus.
2077 2475 2205 2497 manna
2222 2474 2293 2497 non

1312 2514 1520 2548 vivificasse2
1547 2525 1583 2547 sc
1607 2525 1680 2547 esse
1707 2513 1767 2558 qni
1791 2513 1960 2549 vivificet,
1987 2514 2294 2548 manducationem

1311 2565 1362 2597 sui
1390 2565 1497 2598 vitani
1521 2575 1602 2598 csse.
1660 2562 1752 2596 llaec
1776 2564 1970 2608 spiritualis
1992 2565 2151 2598 doctrina
2171 2577 2293 2598 carna-

1313 2617 1360 2648 les
1394 2613 1555 2648 hominen
1587 2615 1753 2652 offendit.
1789 2627 1860 2648 nun
1888 2612 1952 2648 lioc
1977 2622 2113 2648 tantum
2141 2616 2294 2654 nomine.

1311 2668 1381 2711 qud
1400 2667 1564 2701 audirent
1578 2677 1718 2699 caruem
1735 2666 1810 2699 eius
1825 2667 2105 2700 manducandam
2123 2678 2206 2701 csse.
2234 2669 2291 2701 sed
