2409 2915
239 87 261 119 3

240 172 333 204 inter
349 169 538 202 sententias
563 173 595 200 et
614 165 814 209 proverbia:
842 171 957 198 tamen
981 163 1126 197 Ebraeis
1150 175 1222 197 uno

241 221 384 254 nomine
402 218 596 263 promiscue
614 224 792 260 utrunque
809 215 1036 259 significatur.

342 277 520 312 Sententia
539 287 599 309 seu
614 270 747 322 γνώμη
769 281 820 308 est
835 275 941 308 breve
957 274 1109 314 dictum,
1136 285 1222 307 con-

241 330 358 363 tinens
382 333 604 372 praeceptum
629 326 673 359 de
695 325 874 364 moribus,
901 332 961 359 aut
984 325 1220 358 commonefa-

239 381 389 413 ctionem
408 379 449 410 de
470 375 632 420 praemiis
654 383 687 410 et
706 376 846 420 poenis,
872 383 933 410 aut
949 375 1220 419 descriptionem

240 437 428 463 eventuum
461 428 499 460 in
535 428 625 466 vita,
668 424 821 472 quornm
852 426 1088 460 consideratio
1117 426 1220 459 etiam

238 480 379 521 prodest
403 480 445 512 acl
471 477 857 511 commonefactionem.
912 477 1100 521 Praecepta
1123 483 1220 509 sunt:

238 531 374 574 Sperne
397 530 612 573 voluptates,
648 535 751 562 nocet
782 535 871 562 emta
897 528 1020 562 dolore
1050 528 1221 571 voluptas.

236 579 421 625 ΒΙεῖιινησο
439 578 616 614 ἀπιστεῖν.
645 579 777 613 Ι’νιῦθι
789 576 958 614 σεαυτὸν.
987 578 1038 612 De
1058 577 1221 622 praemiis

237 639 270 665 et
296 632 434 676 poenis:
471 627 654 674 sfioqfffwv
676 627 847 664 παίδεσσι
871 628 917 663 τὰ
942 625 1053 670 λώϊα,
1089 627 1221 663 δυσσε-

234 681 335 728 βέων
351 680 449 717 δὀὐ.
503 680 555 714 De
572 680 766 716 eventibus,
819 681 1022 714 Luxuriant
1040 680 1149 713 animi
1167 691 1222 713 re-

234 735 300 767 bus
317 733 512 777 plerunque
533 732 709 768 secundis.
762 730 920 766 Fortuna
944 743 1048 777 quem
1071 730 1221 764 nimium

235 785 349 824 fovet,
377 783 524 817 stultum
539 782 632 817 facit.

339 840 408 875 Sed
442 839 676 874 Proverbium
708 846 758 873 est
790 840 892 873 valde
924 839 1138 872 celebratum
1168 839 1222 873 di—

235 900 348 932 ctum,
376 898 410 925 et
428 892 625 936 plerunque
642 890 750 934 figura
769 890 898 935 aliqua,
924 902 985 923 seu
1007 887 1223 933 metaphora,

234 956 295 977 seu
319 943 528 982 collatione,
557 953 618 975 seu
643 941 817 984 imagine,
844 953 904 974 seu
920 938 1134 986 hyperbole,
1161 952 1220 974 seu

234 994 349 1028 ironia
375 993 511 1038 aliquid
536 992 756 1036 significans,
784 993 856 1025 sive
873 991 1083 1025 sententiam
1106 991 1221 1025 conti-

234 1052 332 1088 neat,
380 1044 453 1077 sive
486 1043 590 1076 aliam
623 1042 907 1089 qualemcunque
936 1041 1220 1085 descriptionem,

234 1104 287 1131 ut:
324 1094 470 1129 Dolium
502 1100 694 1138 pertusum.
763 1091 819 1126 Ad
852 1092 1026 1126 Calendas
1056 1091 1220 1128 Graecas.

235 1146 304 1181 Eat
335 1147 377 1180 ad
408 1156 542 1180 corvos.
599 1142 737 1188 Euripo
775 1143 992 1177 mutabilior.
1057 1142 1153 1176 Haec
1188 1151 1220 1178 et

234 1198 344 1231 multa
367 1196 436 1229 alia
459 1196 574 1229 nullas
596 1195 786 1229 sententias
805 1195 999 1230 continent.
1053 1192 1124 1227 Sed
1149 1195 1218 1228 alia

233 1256 388 1293 tempus,
409 1247 477 1280 alia
494 1247 626 1287 locum,
648 1244 716 1279 alia
735 1245 821 1303 alias
837 1245 1116 1279 circumstantias
1131 1246 1218 1289 figu-

231 1307 305 1334 rate
321 1298 529 1343 significant.

335 1357 410 1394 Etsi
426 1357 535 1401 igitur
551 1356 647 1390 aliud
671 1362 721 1390 est
743 1356 989 1401 proverbium,
1016 1357 1114 1390 alind
1140 1367 1218 1390 sen-

231 1411 357 1445 tentia:
386 1416 504 1443 tamen
528 1408 637 1441 multa
654 1408 841 1452 proverbia
858 1407 963 1441 simul
980 1414 1063 1442 sunt
1077 1414 1217 1442 senten-

231 1463 318 1501 tiae,
344 1467 382 1495 ut
401 1460 563 1504 Spartam
582 1465 705 1493 nactus
722 1471 776 1500 es,
804 1456 894 1492 hanc
913 1470 1011 1493 orna.
1066 1457 1217 1493 Senten-

231 1514 278 1547 tia
295 1520 365 1551 est,
396 1522 546 1545 monens
564 1516 603 1544 ut
620 1521 718 1544 suam
738 1510 887 1555 quisque
903 1510 1142 1554 vocationem,
1169 1510 1216 1542 εἰ-

231 1572 289 1599 cut
305 1563 550 1602 nominamus,
580 1561 770 1604 intelligat,
798 1567 832 1595 et
855 1561 947 1595 intra
964 1568 1074 1595 metas
1093 1561 1166 1594 eius
1181 1572 1216 1594 se

230 1616 427 1654 contineat,
453 1621 486 1647 et
513 1618 604 1646 recte
628 1612 731 1646 faciat
754 1623 792 1645 ea
816 1624 906 1658 quae
927 1619 1010 1646 sunt
1024 1612 1076 1645 sui
1097 1612 1215 1648 officii.

232 1665 315 1699 Ideo
333 1672 449 1698 autem
469 1670 502 1695 et
522 1661 749 1705 proverbium
767 1667 835 1700 est,
863 1663 946 1703 quia
970 1663 1079 1702 figura
1106 1675 1212 1697 orna-

230 1724 304 1751 tum
321 1721 390 1755 est,
408 1720 442 1747 et
461 1713 563 1745 valde
581 1710 807 1745 celebratum.
842 1707 921 1743 Non
937 1709 1095 1742 videmus
1112 1721 1214 1742 man-

229 1768 317 1801 ticae
340 1766 435 1811 qnod
461 1763 498 1796 in
516 1770 612 1805 tergo
636 1768 708 1801 est,
735 1760 908 1794 sententia
925 1766 995 1798 est,
1020 1758 1212 1804 reprehen-

230 1820 317 1851 dens
333 1827 470 1850 caecam
487 1809 700 1861 φιλαυτίαι,
727 1822 816 1856 quae
833 1817 950 1845 tamen
961 1812 1004 1844 de
1021 1811 1100 1844 aliis
1116 1823 1212 1844 acer-

229 1870 308 1904 bius
333 1867 474 1901 indicat.
526 1863 641 1899 Simul
655 1869 770 1897 autem
788 1862 1018 1906 proverbium
1035 1868 1104 1901 est,
1131 1862 1214 1906 qnia

230 1921 418 1964 figuratum
435 1923 506 1957 est,
533 1922 567 1949 et
585 1913 686 1947 valde
705 1913 929 1947 celebratum.
966 1911 1016 1947 lta
1034 1919 1117 1947 sunt
1134 1923 1213 1945 sen-

230 1971 360 2005 tentiae
384 1976 416 2003 et
442 1965 646 2012 proverbia:
682 1963 752 1998 Dat
783 1964 922 1997 veniam
947 1964 1080 2004 corvis,
1114 1970 1214 1996 vexat

229 2033 376 2056 censura
399 2018 591 2054 columbas.
637 2013 715 2051 Τὰν
738 2013 874 2061 ἀρετὰν
899 2027 962 2049 και
985 2012 1055 2049 τάν
1075 2025 1214 2060 σοφιαι

229 2086 336 2108 νικαι
342 2085 373 2107 τι
393 2072 511 2116 γελωι
514 2081 573 2109 αι
599 2067 634 2101 id
661 2073 730 2107 est,
760 2067 925 2100 virtutem
951 2073 983 2100 et
1005 2065 1213 2110 sapientiam

231 2125 376 2158 vincunt
392 2121 602 2160 testudines,
630 2119 665 2151 id
685 2125 752 2158 est,
778 2117 940 2162 pecunia.

330 2183 419 2216 Cum
441 2188 556 2214 autem
584 2179 667 2213 talia
692 2178 784 2212 dicta
808 2177 919 2211 multa
939 2176 1064 2210 sintin
1081 2173 1147 2209 boc
1170 2176 1214 2209 li-
1239 2201 1241 2214 ,

231 2236 343 2271 bello.
368 2246 456 2278 qnae
475 2232 579 2265 simul
599 2237 633 2264 et
654 2229 847 2263 sententiae
865 2236 947 2262 sunt
965 2235 996 2262 et
1013 2227 1213 2271 proverbia,
1239 2238 1241 2257 :

230 2287 354 2320 titulus
373 2283 647 2318 proverbiorum
666 2293 738 2314 non
755 2279 846 2313 male
862 2279 1036 2323 congruit,
1064 2279 1122 2312 scil
1142 2279 1215 2311 sive

230 2338 353 2370 titulus
377 2336 439 2369 crit
468 2333 680 2372 sentcntiae,
708 2332 779 2365 sive
799 2331 1007 2376 proverbia,
1032 2330 1214 2363 sciendum

231 2395 297 2427 nst,
335 2386 390 2420 hic
423 2387 608 2419 collectum
634 2394 706 2416 esse
732 2394 895 2416 acervum
930 2381 1214 2416 dulcissimarum
1239 2376 1242 2431 s

233 2439 503 2477 sentcnti..rnm,
539 2447 627 2482 qnae
659 2441 738 2467 sunt
765 2440 945 2478 praecepta
979 2434 1021 2466 ‹le
1050 2432 1216 2466 omnibus
1240 2436 1241 2443 ¹

230 2490 429 2522 virtutibus.

333 2556 443 2599 Saepe
469 2563 582 2588 autem
611 2564 813 2590 monemus,
843 2563 1016 2584 summam
1035 2551 1216 2584 doctrinae

233 2610 274 2639 εἰσ·
293 2607 500 2643 siri-nibus,
528 2613 562 2637 nt
581 2606 698 2649 aliquo
723 2604 828 2636 modo
855 2600 1108 2646 comprehendi
1137 2614 1215 2645 pos-
1240 2623 1243 2639 2

232 2660 293 2696 sit,
323 2658 570 2691 includendam
595 2669 665 2688 csse
693 2657 727 2687 in
755 2653 981 2697 Decalognm.
1037 2653 1131 2687 ltlrm
1160 2650 1216 2685 liic

832 78 956 113 PHlL.
984 76 1100 113 MEL.
1129 75 1338 113 SCRIPTA
1365 75 1665 112 EXEGETICA.

1240 2535 1241 2538 Ἰ
1270 2498 1324 2530 nis
1351 2510 1384 2529 ει
1377 2497 1437 2529 cl«¹
1430 2508 1530 2529 ·rnm.

2239 85 2262 118 4

1276 162 1478 196 faciendum
1505 169 1574 201 est,
1601 169 1635 196 et
1659 173 1786 206 genera
1806 163 2059 198 sententiarum
2077 166 2172 201 iuxta
2188 168 2258 203 De-

1276 213 1436 256 calogum
1461 213 1734 247 distribuantur.
1796 211 1898 247 Aliae
1920 214 1964 247 de
1988 215 2100 258 prima
2126 220 2257 262 tabula,

1275 264 1364 297 aliae
1382 264 1424 296 de
1442 264 1595 297 secunda
1615 264 1820 308 loquuntur.
1872 262 1968 298 Haec
1984 276 2109 308 genera
2126 270 2175 302 sic
2189 282 2256 304 no-

1275 313 1405 347 minari
1421 320 1585 357 possunt:
1614 312 1717 347 Aliae
1737 321 1819 348 sunt
1829 311 2086 359 Theologicae‚
2114 329 2201 362 qnae
2213 321 2256 355 de

1275 364 1349 399 Deo
1367 364 1453 397 etde
1471 364 1665 408 praeceptis
1681 365 1814 408 primae
1831 365 1972 398 tabulae
1988 366 2254 407 concionantur,
2293 361 2298 365 “

1276 413 1377 448 Aliae
1393 413 1582 452 Politicae,
1610 427 1699 459 quae
1717 416 1992 458 gubernatorum
2010 417 2124 451 officia
2143 419 2257 453 conti-

1275 471 1371 498 nent.
1400 462 1502 498 Aliae
1511 463 1667 507 Ethicae,
1682 477 1770 511 quae
1780 466 1823 499 de
1835 467 2082 501 communibus
2098 469 2258 504 omniurn

1274 516 1435 549 moribus
1457 515 1689 560 praecipiunt.
1743 515 1844 550 Aliae
1862 513 2140 557 Oeconomicae‚
2168 532 2257 565 quae

1277 567 1319 600 de
1347 566 1533 610 coniugio,
1571 574 1603 600 et
1635 568 1678 601 de
1704 567 1893 601 domestica
1921 568 2176 611 gubernatione
2203 571 2257 603 lo-

1275 623 1444 663 quuntur.

1377 666 1465 702 Cum
1495 673 1610 701 autem
1642 668 1834 702 sententiae
1861 668 1899 701 in
1929 668 2095 702 omnibus
2126 669 2258 713 linguis

1277 725 1392 762 gratae
1408 718 1496 759 sint,
1523 718 1605 764 quia
1622 718 1778 753 breviter
1799 720 1841 753 de
1864 719 1968 753 rebus
1985 716 2142 754 honestis
2157 733 2256 765 prae—

1276 769 1431 814 cipiunt,
1458 775 1744 813 ‹et-expetuntur,
1770 777 1937 815 tanquam
1958 770 2118 805 assiduae
2139 771 2256 805 moni-

1275 821 1380 854 trices
1403 820 1440 852 in
1466 817 1531 853 hac
1555 826 1652 854 tanta
1676 821 1844 855 varietate
1875 821 2053 855 actionum
2080 819 2257 855 humana-

1275 883 1372 911 rum,
1404 871 1586 904 sciendum
1617 877 1686 912 est,
1721 872 1759 904 in
1790 869 1846 905 his
1876 872 2124 906 vetustissimis
2154 873 2257 907 dictis

1275 921 1475 955 Salomonis
1497 921 1710 964 singularem
1739 933 1811 956 esse
1837 923 2083 964 dulcedinem,
2119 930 2151 957 et
2172 935 2255 968 pro-

1276 979 1351 1017 pter
1368 973 1494 1016 figuras
1506 1000 1514 1013 ,
1537 978 1569 1005 et
1583 979 1727 1016 propter
1742 985 1796 1006 res
1810 975 1913 1018 ipsas.
1965 973 2082 1008 Multa
2097 975 2193 1008 enim
2213 975 2256 1008 de

1274 1024 1413 1057 arcanis
1437 1023 1637 1063 affectibus,
1666 1022 1777 1056 multa
1801 1025 1844 1058 de
1868 1025 1981 1058 causis
2006 1031 2040 1058 et
2061 1025 2256 1059 seminibus

1274 1075 1506 1108 maximarum
1525 1073 1764 1107 mutationum
1783 1073 1821 1106 in
1835 1074 1925 1115 vita,
1950 1082 1983 1109 et
2001 1076 2043 1109 de
2061 1076 2256 1120 praecipuis

1274 1125 1463 1158 momentis
1483 1123 1749 1168 gubernationis
1771 1130 1934 1164 monent,
1967 1137 2055 1169 quae
2077 1139 2151 1161 non
2175 1133 2258 1160 sunt

1273 1176 1441 1219 agrestia,
1467 1187 1528 1209 seu
1548 1174 1733 1215 Bucolica,
1767 1181 1805 1208 ut
1824 1175 1927 1208 multi
1950 1181 2086 1219 putant.
2138 1177 2254 1218 Quam

1273 1227 1402 1260 blanda
1424 1227 1561 1270 pictura
1585 1232 1634 1258 est
1652 1225 1824 1268 coniugii,
1852 1237 1931 1259 cum
1948 1226 2068 1259 mariti
2082 1232 2116 1259 et
2132 1225 2257 1259 coniu-

1273 1278 1324 1321 gis
1340 1283 1503 1311 mutuum
1521 1288 1675 1310 amorem
1689 1303 1698 1315 ,
1725 1276 1939 1321 simplicem,
1963 1276 2156 1317 sincerum,
2175 1276 2256 1309 dul-

1272 1340 1367 1367 cem,
1393 1325 1485 1361 nihil
1505 1328 1594 1368 fuci,
1622 1324 1713 1360 nihil
1735 1327 1963 1371 suspicionis,
1989 1324 2082 1359 nihil
2105 1326 2255 1360 morosi-

1271 1379 1352 1414 tatis
1369 1377 1576 1417 habentem,
1605 1378 1716 1422 pingit
1733 1378 1885 1421 imagine
1902 1389 2045 1421 capreae
2067 1383 2101 1411 et
2124 1375 2256 1410 hinni?

1272 1429 1413 1474 Quanta
1431 1430 1584 1464 suavitas
1601 1436 1651 1462 est
1668 1429 1842 1473 praecepti
1861 1428 2096 1462 oeconomici:
2124 1427 2255 1462 Fontes

1271 1482 1324 1515 tui
1348 1482 1555 1515 deriventur
1580 1481 1691 1521 foras,
1721 1487 1753 1514 et
1779 1487 1816 1514 tu
1844 1479 2011 1513 dominus
2033 1491 2156 1513 eorum
2181 1491 2255 1512 ma-

1270 1539 1362 1567 neto.
1418 1532 1514 1575 Quid
1534 1531 1721 1565 amabilius
1742 1537 1792 1564 est
1810 1531 1968 1565 fontibus
1985 1537 2019 1564 et
2033 1530 2171 1571 rivulis,
2205 1529 2255 1563 ri—

1269 1583 1436 1627 gantibus
1459 1590 1490 1617 et
1519 1588 1595 1616 tuos
1620 1580 1758 1623 hortos,
1786 1589 1820 1616 et
1841 1582 2000 1615 vicinos?
2053 1580 2170 1624 Quam
2195 1593 2254 1614 co·-

1270 1635 1537 1679 piosadoctrina
1555 1634 1758 1666 continetur
1774 1633 1810 1665 in
1828 1630 1893 1666 hoc
1910 1633 2016 1666 dicto.
2070 1630 2255 1689 Approbat

1268 1685 1531 1718 distinctionem
1547 1684 1808 1723 dominiorum,
1835 1683 2006 1726 praecipit
2026 1682 2199 1715 iusticiam
2222 1688 2256 1713 et

1267 1730 1520 1775 frugalitatem,
1537 1736 1575 1763 ut
1589 1740 1691 1762 suum
1711 1739 1858 1773 quisque
1875 1734 2009 1766 teneat,
2027 1734 2059 1760 et
2076 1729 2120 1761 ab
2137 1728 2253 1762 alieno

1268 1782 1460 1821 abstineat,
1475 1791 1556 1813 suos
1571 1779 1700 1812 snndos
1715 1777 2026 1821 diligentercolat‚
2055 1777 2252 1812 beneficen-

1267 1833 1352 1866 tiam
1370 1842 1512 1877 quoque
1536 1836 1709 1868 exerceat,
1737 1830 1796 1862 sed
1824 1829 1891 1869 ita,
1919 1840 1962 1861 ne
1992 1839 2032 1861 ex
2056 1828 2167 1862 fundo
2192 1841 2252 1862 ex-

1268 1883 1443 1921 cutiatur,
1471 1893 1594 1915 verum
1616 1881 1711 1914 iuvet
1735 1879 1834 1913 alios
1845 1892 1884 1912 ex
1907 1879 2092 1913 fructibus.
2146 1878 2253 1914 Tales

1267 1940 1350 1968 sunt
1374 1933 1504 1967 multae
1529 1931 1722 1965 sententiae
1745 1931 1780 1963 in
1808 1928 1873 1964 hoc
1896 1937 1970 1964 toto
1992 1941 2136 1969 acervo,
2163 1942 2253 1975 quae

1267 1984 1509 2019 blandissimis
1553 1983 1768 2026 imaginibus
1802 1989 1835 2017 et
1878 1981 2091 2015 dulcissimis
2131 1981 2251 2025 figuris

1268 2036 1466 2080 significant
1482 2045 1536 2068 res
1553 2034 1731 2067 maximas.

1370 2086 1515 2120 Necesse
1534 2092 1583 2119 est
1601 2092 1717 2119 autem
1736 2091 1769 2118 et
1786 2081 1852 2117 hoc
1872 2076 1974 2117 initio
1993 2083 2150 2121 moneri,
2174 2094 2250 2117 ma·

1267 2151 1375 2183 guum
1394 2138 1583 2171 discrimen
1610 2143 1659 2169 est
1686 2135 1776 2169 inter
1799 2136 1990 2182 μ’ωιιολο)
1992 2131 2060 2173 [ας
2082 2131 2253 2175 ethnicas,

1267 2197 1304 2223 ut
1323 2196 1401 2223 sunt
1422 2186 1626 2233 ΡΙ]υι-)1ἰ(1ἰε
1642 2193 1701 2220 aut
1720 2186 1752 2219 T
1758 2184 1842 2229 'wot-
1834 2186 1959 2225 'nidis
1986 2192 2018 2219 et
2035 2182 2098 2218 lias
2114 2196 2132 2218 a
2149 2184 2251 2219 Salo-

1269 2253 1372 2274 mone
1394 2241 1428 2273 in
1453 2237 1607 2272 Ecclesia
1632 2237 1696 2270 Dei
1722 2237 1882 2275 traditas
1911 2237 1999 2269 sicut
2023 2236 2108 2269 alias
2133 2235 2168 2267 in
2192 2246 2251 2277 gc-

1269 2304 1350 2325 nere
1372 2291 1501 2324 dicitur
1518 2291 1562 2323 ‹le
1577 2288 1780 2322 discrimine
1805 2284 2047 2332 philosophiae
2068 2292 2100 2319 et
2119 2286 2250 2319 doctri-

1268 2355 1332 2375 nae
1352 2342 1510 2376 sonantis
1529 2341 1563 2373 in
1584 2338 1750 2373 Ecclesia.

1373 2393 1417 2428 Ut
1442 2389 1665 2437 philosophia
1690 2389 1896 2435 particulam
1921 2387 2006 2430 legis
2029 2386 2176 2430 retinet,
2204 2387 2250 2422 ita

1269 2452 1299 2479 ct
1320 2443 1530 2490 Phocylinles
1547 2443 1680 2488 aliquid
1702 2441 1785 2474 dicit
1804 2441 1846 2472 ιΙι.
1871 2439 1920 2472 ica
1938 2438 2023 2479 Dei
2050 2445 2083 2472 et
2107 2439 2150 2471 dr
2169 2449 2252 2496 poe-

1584 2494 1651 2528 Sccl
1679 2493 1721 2525 ‹le
1739 2491 1953 2530 Meiliatorc
1980 2491 2024 2523 de
2046 2489 2251 2523 remissione

1270 2546 1578 2592 pecc.nor=11n.‹l‹
1601 2542 1904 2580 reconciliationi«
1931 2543 1974 2574 ‹lc
2004 2552 2083 2574 vera
2105 2540 2249 2574 invoca-

1270 2600 1383 2634 tione
1413 2600 1478 2631 tute
1497 2605 1528 2632 ct
1545 2608 1622 2640 spe,
1651 2597 1693 2627 «lc
1712 2593 1906 2639 praesentia
1924 2592 1987 2627 Dei
2014 2592 2048 2624 in
2070 2590 2251 2625 calamita-

1269 2651 1363 2685 tibns
1387 2649 1537 2689 nostris
1566 2659 1636 2680 non
1657 2646 1760 2681 «licit
1789 2652 1963 2678 cac-tirum
1991 2649 2171 2687 utcunque
2195 2653 2249 2675 re-
