2409 2915
271 97 368 135 1003

853 77 979 112 PHlL.
1007 74 1123 110 MEL.
1149 74 1357 110 SCRIPTA
1383 73 1683 111 EXEGETlCA.

2198 75 2296 110 1004

271 189 324 218 est
340 188 458 217 causa,
486 180 525 209 ut
544 170 635 206 male
652 167 769 202 audiat
786 162 1036 207 Evangelium‚
1065 168 1097 195 et
1112 161 1257 194 doleant
1283 163 1289 202 ξ
1311 160 1407 195 Haec
1431 167 1479 194 est
1503 160 1638 204 egregia
1659 159 1866 195 consolatio.
1919 157 2103 194 Confessio
2127 171 2207 194 vera
2226 172 2300 195 non

271 231 414 269 Sancti,
440 233 473 260 et
492 223 593 258 multi
610 223 852 254 deterreantur
868 227 887 248 a
904 213 1083 270 doctrina,
1112 212 1190 270 ideo
1208 212 1258 245 si-

273 293 352 317 mus
373 275 635 321 diligentiores,
673 276 706 303 et
733 276 912 306 curemuS,
946 270 985 298 ut
1007 269 1079 297 vita
1105 269 1150 296 sit
1175 273 1261 296 con-

272 333 388 367 fessio.
951 363 959 372 α

372 379 497 414 Postea
526 373 607 408 facit
637 368 815 405 Dominus
843 365 1067 400 collationem
1098 373 1261 407 operum:

273 433 448 475 Pauperes
484 435 622 470 semper
653 419 789 454 habetis
818 416 1018 454 vobiscum,
1060 426 1115 447 me
1146 420 1263 447 autem

274 496 347 518 nou
364 490 517 523 semper,
545 472 643 522 quasi
661 472 770 503 dicat:
799 466 940 500 Bonum
965 472 1015 499 est
1039 465 1159 498 iuvare
1177 475 1264 507 pau-

274 544 374 579 peres
393 541 472 563 vere
488 534 627 571 egentes
639 549 648 564 ,
671 529 705 555 et
721 530 860 562 semper
877 515 1012 550 habetis
1028 515 1258 549 occasionem.

277 585 345 620 Sed
370 581 495 614 melius
519 583 589 616 est,
615 572 799 607 ostendere
826 567 1102 604 confessionem,
1136 572 1170 599 et
1192 576 1265 622 non

276 644 413 677 semper
429 642 491 673 ego
510 625 640 659 visibili
666 619 861 667 praesentia
880 618 1060 652 vobiscum
1083 628 1156 649 ero.
1207 614 1267 649 Sic

276 691 413 720 tantum
453 675 659 721 simpliciter
691 670 909 713 intelligatur
940 666 1008 701 hoc
1038 667 1192 706 dictum,
1235 671 1269 698 et

276 747 350 770 non
376 736 509 777 pugnat
531 738 610 761 cum
637 723 706 758 alio
730 722 842 755 dicto:
886 717 962 761 Ego
984 718 1166 751 vobiscum
1191 727 1268 773 sum

276 796 388 830 usque
417 782 460 815 ad
490 774 832 813 consummationem
861 770 969 804 seculi
997 768 1162 802 omnibus
1192 767 1270 800 die-

277 838 356 870 bus.
405 831 470 866 Est
485 828 670 863 nobiscum
694 831 727 859 et
744 834 824 856 vere
850 831 1013 865 praesens
1033 825 1102 857 est,
1129 829 1191 851 sua
1214 816 1270 850 di·-

280 887 363 920 vina
382 881 537 927 potentia
560 888 624 911 nos
648 885 791 919 regens,
819 872 1031 910 defendens,
1056 868 1270 905 custodiens,

281 937 432 972 salvans.
470 930 579 965 Aliud
598 934 646 961 est
665 925 761 970 loqui
780 924 823 956 de
841 920 973 955 visibili
990 919 1271 957 conversatione,

282 986 398 1034 qualis
416 992 500 1018 tunc
529 986 620 1018 erat,
655 983 688 1009 et
712 974 883 1017 significat
906 972 975 1005 cito
998 982 1034 1004 se
1058 970 1270 1003 moriturum

282 1049 372 1076 esse,
398 1041 430 1067 et
449 1041 533 1066 tuuc
553 1031 646 1074 ipsos
665 1026 803 1060 futuros
820 1034 892 1057 non
914 1022 1028 1055 solum
1046 1020 1084 1053 in
1102 1031 1271 1060 moerore,

282 1089 341 1122 sed
360 1085 463 1119 etiam
485 1083 522 1115 in
546 1089 671 1122 magna
695 1074 926 1109 dubitatione.
979 1070 1040 1105 Me
1064 1083 1138 1104 non
1162 1068 1270 1104 habe-

283 1138 379 1177 bitis,
408 1135 443 1167 id
461 1139 529 1166 est:
557 1127 705 1164 Etiamsi
724 1138 783 1159 ero
802 1124 1002 1163 vobiscum,
1028 1122 1144 1155 iacens
1161 1121 1198 1153 iu
1218 1132 1270 1153 se-

281 1189 423 1234 pulcro,
450 1191 566 1218 tamen
582 1191 638 1212 me
655 1189 729 1211 non
747 1174 938 1215 habebitis,
965 1174 1001 1206 id
1019 1178 1079 1213 est,
1106 1183 1179 1205 non
1196 1183 1271 1204 cre-

283 1239 372 1274 detis
402 1247 456 1268 me
484 1244 556 1266 esse
589 1234 886 1266 resurrecturum,
922 1235 994 1258 non
1018 1229 1102 1256 tunc
1126 1221 1274 1256 credetis

285 1302 340 1324 me
357 1299 428 1322 esse
454 1285 682 1319 salvatorem,
710 1278 915 1312 reddentem
933 1275 1040 1308 vitam
1061 1273 1223 1308 mortuis.

385 1336 432 1371 Et
449 1333 658 1371 consideres,
686 1341 758 1362 non
776 1327 878 1361 dicit:
907 1325 988 1360 Non
1005 1336 1064 1357 ero
1080 1324 1274 1363 vobiscum,

285 1391 342 1424 sed
370 1399 440 1421 non
468 1382 642 1418 habebitis
666 1392 733 1414 me.
793 1376 904 1411 Adest
927 1374 1104 1409 Dominus
1127 1381 1211 1407 tunc
1237 1372 1274 1405 in

285 1443 362 1485 ipso
387 1435 550 1471 convivio
586 1431 785 1464 visibiliter.
845 1425 891 1461 Et
917 1433 1033 1459 tamen
1054 1436 1126 1458 non
1155 1434 1276 1458 omnes

286 1490 464 1525 habehant
481 1497 572 1524 eum,
589 1483 622 1515 id
640 1489 702 1520 est,
720 1490 791 1512 non
809 1488 930 1511 omnes
946 1476 1181 1519 agnoscebant
1197 1486 1276 1507 eum

287 1554 359 1576 esse
376 1537 542 1573 Messinm
555 1561 563 1573 ,
591 1544 662 1565 non
681 1541 802 1563 omnes
820 1528 1021 1561 credebant.

391 1589 512 1622 Postea
535 1583 708 1617 Dominus
734 1581 849 1612 laudat
876 1589 964 1621 opus
981 1588 999 1609 a
1017 1574 1187 1618 singulari
1208 1574 1277 1608 cir-
1302 1584 1304 1601 τ

288 1638 514 1676 cumstantia,
544 1645 648 1679 quam
672 1630 800 1663 mulier
822 1627 977 1661 fortassis
1003 1638 1075 1659 non
1100 1625 1278 1669 cogitave-

288 1700 358 1730 rat,
387 1690 444 1723 sed
459 1687 612 1730 Spiritus
629 1689 768 1716 sauctus
787 1680 823 1711 in
844 1678 1003 1717 muliere,
1030 1687 1176 1709 movens
1192 1687 1280 1716 eam,

289 1742 483 1785 significare
500 1734 566 1770 hoc
583 1744 748 1768 arcanum
769 1729 893 1763 voluit.
945 1727 1025 1761 Mos
1042 1733 1116 1760 erat
1133 1738 1279 1770 corpora

289 1793 503 1828 Iudaeorum
535 1792 674 1820 mortua
700 1781 910 1827 perfundere
944 1778 1122 1818 balsamo,
1155 1783 1194 1811 ut
1218 1776 1281 1810 diu

288 1846 467 1879 durarent.

391 1887 645 1926 Accommodat
663 1884 770 1927 igitur
779 1880 955 1915 Dominus
973 1876 1062 1911 hanc
1079 1878 1281 1911 unctionem

291 1945 334 1979 ad
354 1942 590 1987 sepulturam,
616 1943 649 1970 et
673 1935 715 1968 ad
738 1930 1040 1966 conservationem
1065 1929 1222 1972 corporis
1245 1928 1280 1961 in

294 1993 467 2039 sepulcro.
536 1987 646 2022 Unxit
668 1996 742 2023 me,
778 1981 910 2025 inquit,
947 1979 1028 2024 quia
1049 1979 1215 2023 sepeliar,
1250 1986 1283 2012 et

294 2047 368 2090 ipsa
392 2043 469 2076 vult
491 2050 607 2073 meum
633 2046 760 2079 corpus
793 2045 864 2065 nou
890 2031 1088 2074 corrumpi,
1130 2031 1189 2063 sed
1223 2042 1282 2063 ex-

293 2101 424 2139 spectat
440 2088 744 2126 resurrectionem.
789 2083 932 2122 Videte,
960 2088 1126 2126 quantam
1144 2080 1283 2125 sapien-

293 2148 378 2183 tiam
396 2144 443 2177 ait
469 2153 540 2176 esse
567 2140 603 2172 in
628 2136 695 2171 boc
716 2136 839 2178 exiguo
866 2133 996 2177 opere?
1030 2132 1186 2165 'l'antum
1211 2132 1285 2164 sor-

294 2197 394 2235 tassis
410 2206 480 2227 non
499 2190 711 2233 cogitaverat
729 2185 874 2224 mulier,
900 2184 957 2216 sed
977 2190 1112 2216 tantum
1130 2182 1284 2227 Spiritus

297 2255 436 2284 sanctus
454 2245 489 2276 in
506 2241 651 2275 muliere
669 2236 752 2272 baec
768 2235 954 2279 cogitabat.
981 2241 1013 2267 et
1028 2232 1204 2267 Dominus
1221 2230 1285 2266 hac

298 2305 394 2335 tanta
421 2296 523 2328 laude
547 2297 647 2325 ornat
673 2300 762 2333 opus
787 2285 1036 2324 confessionis,
1064 2291 1097 2317 et
1119 2284 1286 2324 ostendit,

1311 212 1440 256 poterit
1458 212 1633 256 opprimi,
1660 211 1795 244 etiamsi
1813 210 1918 244 multi
1935 211 2185 252 adversantur,
2215 218 2248 245 et
2264 211 2302 244 in

1313 262 1492 307 aliquibus
1510 262 1594 296 locis
1611 261 1858 304 exstinguunt,
1893 266 2011 294 tamen
2028 272 2167 305 semper
2190 268 2305 295 servat

1312 312 1408 346 Deus
1433 312 1586 357 aliquam
1604 311 1815 353 Ecclesiam,
1841 312 1877 344 in
1903 322 1973 356 qua
1996 318 2114 345 manet
2136 311 2195 345 lux
2219 323 2307 345 con-

1315 362 1488 398 fessionis.

1418 411 1514 446 Haec
1536 412 1589 452 sit,
1604 411 1721 445 brevis
1743 411 1921 446 enarratio
1944 411 2108 456 exempli.
2160 409 2206 445 Et
2231 423 2308 445 me-

1318 470 1484 504 mentote,
1510 460 1576 495 hoc
1592 473 1680 506 opus
1698 462 1857 496 mulieris
1871 474 1944 496 esse
1962 474 2051 507 opus
2067 462 2309 498 confessionis.

1319 511 1492 549 Monachi
1508 525 1571 546 sua
1590 524 1694 557 opera
1714 513 1821 547 electa
1833 513 1908 546 sine
1925 514 2091 546 mandato
2110 512 2235 546 volunt
2249 524 2312 557 per

1319 563 1385 599 hoc
1402 564 1599 608 exemplum
1627 574 1803 597 excusare.
1855 562 1922 597 Sed
1941 563 2098 607 ipsorum
2116 575 2219 607 opera
2238 574 2312 597 non

1319 623 1401 650 sunt
1418 614 1578 658 exempla
1597 613 1838 654 consessionis,
1864 620 1897 648 et
1911 614 1977 658 ipsi
1994 613 2128 647 faciunt
2145 621 2312 659 tanquam

1322 666 1434 712 pretia
1454 672 1487 699 et
1503 664 1758 698 satisfactiones
1782 675 1844 708 pro
1861 664 2031 708 peccatis,
2057 671 2122 699 etc.

1422 723 1604 758 Postremo
1628 735 1668 756 ex
1693 720 1760 756 hoc
1783 722 1941 766 exemplo
1965 722 2124 756 mulieris
2140 722 2316 757 discamus

1323 774 1427 809 etiam
1448 772 1583 808 honore
1601 774 1804 806 afficiendos
1825 784 1896 806 esse
1921 773 2101 806 ministros
2117 770 2315 816 Evangelii.

1324 825 1407 859 Ideo
1434 823 1501 858 hoc
1526 836 1614 868 opus
1635 824 1817 864 laudatur,
1845 823 1926 868 quia
1953 821 2037 857 haec
2061 824 2128 857 suit
2150 823 2314 866 intentio,

1323 874 1419 910 hunc
1435 875 1610 909 defessum
1626 875 1912 909 concionatorem
1930 886 2098 910 recreare.

1580 965 1686 1001 Tunc
1713 965 1807 1000 abiit
1824 964 1946 1000 Iudas
1958 991 1966 1006 ,
1994 969 2054 1003 etc.

1427 1035 1470 1069 In
1499 1041 1570 1070 tota
1596 1032 1744 1068 historia
1770 1033 1947 1068 Passionis
1974 1031 2128 1076 Christi,
2167 1034 2257 1070 sicut
2278 1035 2316 1069 in

1326 1087 1404 1121 :iliis
1418 1085 1594 1127 historiis,
1622 1092 1760 1130 oportet
1778 1082 1862 1118 baec
1885 1095 1942 1118 sex
1961 1085 2189 1119 considerari.

1478 1145 1662 1180 Personas.

1479 1195 1627 1236 Causas,
1655 1206 1716 1228 cur
1732 1194 1825 1228 inter
1841 1205 1876 1228 se
1891 1205 2060 1239 personae
2077 1201 2246 1241 pugnent.

1483 1246 1582 1281 Acta.

1479 1296 1714 1330 Personarum
1731 1295 1855 1329 socios.

1481 1347 1616 1380 Poenas
1633 1347 1822 1381 malorum.

1482 1396 1726 1431 Liberationes
1741 1397 1928 1429 iustorum.

1431 1457 1490 1491 Sic
1523 1457 1558 1489 in
1590 1453 1655 1489 hac
1693 1453 1839 1488 historia
1872 1456 2026 1499 primum
2055 1455 2322 1489 considerentur

1331 1520 1510 1553 personae.
1562 1505 1608 1539 Et
1632 1506 1838 1550 principalis
1861 1517 2008 1549 persona
2032 1513 2081 1538 est
2108 1504 2220 1539 Filius
2239 1506 2321 1547 Dei,

1331 1560 1391 1604 qui
1417 1558 1531 1597 venit,
1565 1563 1602 1590 ut
1631 1554 1697 1589 hoc
1725 1557 1832 1589 modo
1857 1556 1915 1589 fiat
1941 1555 2082 1588 victima
2109 1567 2172 1599 pro
2198 1567 2324 1600 genere

1333 1607 1506 1648 humano,
1539 1613 1572 1640 et
1598 1607 1699 1640 docet
1723 1604 1976 1649 &angelium
2019 1606 2134 1649 arguit
2163 1606 2324 1651 impieta·

1334 1667 1401 1694 tem
1428 1666 1459 1692 et
1481 1657 1600 1691 omnia
1624 1664 1773 1701 peccata.
1832 1655 1878 1690 Et
1898 1657 1999 1690 docet
2024 1657 2238 1690 voluntatem
2257 1656 2324 1692 Dei

1335 1711 1378 1744 de
1410 1708 1552 1754 poenis,
1594 1714 1628 1741 et
1655 1708 1698 1740 de
1724 1707 1877 1748 iustitia,
1913 1714 1946 1740 et
1970 1708 2013 1740 de
2038 1707 2245 1742 liberatione
2269 1708 2324 1743 iu·

1336 1768 1482 1795 storum.

1436 1809 1536 1844 Hanc
1557 1819 1741 1854 personam
1768 1807 1984 1842 comitantur
2008 1807 2128 1852 pauci,
2159 1809 2219 1854 qui
2245 1817 2327 1845 sunt

1336 1861 1491 1895 membra
1516 1858 1692 1894 Ecclesiae
1715 1857 1799 1898 Dei.
1835 1866 1868 1892 et
1893 1859 2043 1892 audiunt
2070 1871 2168 1900 eum,
2202 1860 2325 1895 dolent

1336 1914 1410 1958 ipso
1427 1912 1586 1951 dolente,
1614 1910 1790 1944 laetantur
1811 1910 1886 1953 ipso
1906 1909 2119 1943 resuscitato.

1436 1969 1644 2005 Contrariae
1675 1979 1844 2012 personae
1868 1968 2080 2011 principales
2106 1975 2205 2009 sunt,
2237 1967 2326 2004 Dia·

1338 2023 1429 2063 boli,
1457 2021 1554 2065 impii
1576 2018 1781 2057 Pontifices,
1808 2025 1839 2051 et
1867 2019 1965 2063 impii
1985 2018 2185 2063 Principes,
2212 2026 2243 2054 et
2263 2018 2327 2055 ho-

1338 2086 1415 2108 rum
1439 2070 1592 2105 ministri
1619 2069 1738 2114 impii,
1776 2076 1808 2103 et
1832 2069 1966 2114 reliqua
1994 2070 2185 2103 multitudo
2210 2071 2329 2116 impia,

1337 2125 1418 2170 quia
1453 2133 1562 2166 genus
1588 2117 1784 2154 humanum
1817 2121 1852 2152 in
1877 2121 1963 2153 duas
1989 2128 2103 2164 partes
2127 2129 2175 2156 est
2201 2122 2328 2158 distra-

1340 2182 1447 2214 ctum,
1473 2174 1509 2206 in
1531 2170 1723 2206 Ecclesiam
1742 2169 1807 2204 Dei
1829 2183 1957 2210 veram,
1972 2183 2061 2216 quae
2078 2183 2198 2206 verum
2214 2172 2327 2207 Deum

1339 2227 1478 2259 invocat
1512 2231 1544 2257 et
1571 2230 1661 2257 recte
1685 2222 1789 2262 colit,
1830 2228 1861 2255 et
1890 2222 1926 2254 in
1950 2222 2215 2257 multitudinem
2240 2236 2327 2259 con·

1338 2276 1531 2310 temti-icem
1548 2272 1626 2308 Dei.

2345 0 2371 409 ἓ

2358 418 2375 542 ³.

2365 510 2379 594 ὲ,

2363 602 2376 670 ἓ

2362 706 2388 1065 ἔ

297 2349 468 2394 Spiritum
490 2350 648 2377 sanctum
674 2341 709 2372 in
726 2338 863 2373 Sanctis
886 2336 993 2369 multa
1011 2335 1231 2368 considerare
1250 2335 1284 2367 in
1309 2339 1314 2371 l

299 2399 466 2435 omnibus
490 2394 592 2427 bonis
617 2391 795 2435 operibus.
856 2388 1002 2431 Semper
1027 2386 1063 2419 iu
1091 2398 1163 2417 uno
1190 2386 1285 2418 bono

299 2462 402 2496 opere
427 2446 534 2479 multa
562 2445 653 2477 bona
680 2453 783 2485 opera
811 2439 943 2472 insunt.
1006 2435 1052 2471 Et
1075 2444 1214 2474 contra,
1250 2437 1284 2468 in

298 2516 370 2536 uno
387 2499 514 2531 delicto
531 2495 639 2527 multa
659 2498 794 2537 peccata
813 2489 917 2523 simul
937 2489 1073 2526 insunt,
1100 2487 1182 2520 haec
1199 2488 1287 2521 bene

301 2548 554 2587 consideranda
579 2550 671 2578 sunt.

394 2600 515 2633 Postea
541 2595 671 2640 inquit:
708 2591 919 2635 Ubicunque
945 2588 1202 2632 praedicabitur
1222 2585 1287 2621 hoc

300 2648 532 2691 Evangelium
552 2647 587 2679 in
607 2651 679 2680 toto
703 2643 856 2682 mundo,
884 2641 1087 2674 laudabitur
1106 2637 1171 2673 hoc
1189 2651 1288 2683 opus.

1311 2374 1313 2378 Ι
1441 2333 1486 2369 Et
1503 2334 1592 2367 sicut
1612 2333 1648 2365 in
1665 2332 1830 2366 omnibus
1850 2332 2017 2375 negotiis.
2046 2344 2135 2377 quae
2154 2345 2217 2377 per
2235 2336 2329 2369 mul·

1311 2386 1314 2410 ἵ
1339 2394 1393 2419 tos
1412 2393 1584 2428 aguntur,
1612 2395 1781 2428 personae
1797 2383 1912 2416 variae
1935 2390 2036 2422 sunt,
2064 2384 2110 2417 ita
2130 2384 2166 2417 in
2184 2381 2331 2421 historia

1312 2446 1313 2475 1
1341 2437 1535 2477 Passionis,
1582 2435 1618 2467 in
1660 2442 1756 2477 parte
1789 2434 1929 2467 inimica
1962 2431 2119 2475 Christo,
2160 2447 2330 2479 personae

1340 2489 1470 2522 inultae
1502 2492 1602 2524 sunt,
1645 2484 1815 2518 Diabolus
1844 2491 1891 2518 est
1919 2485 2104 2525 excitator,
2142 2485 2328 2522 Pontifices

1341 2547 1421 2573 sunt
1442 2535 1618 2582 praecipui
1638 2533 1754 2568 hostes
1773 2535 1948 2575 visibiles,
1975 2536 2035 2581 qui
2058 2548 2193 2570 summa
2213 2539 2330 2572 tonsi-

1344 2591 1388 2623 lia
1406 2590 1624 2633 gubernant,
1650 2593 1768 2628 postea
1792 2583 1924 2621 babent
1947 2593 2118 2629 armatos,
2144 2585 2274 2624 habent
2298 2596 2331 2624 et

1343 2641 1558 2686 proditores,
1585 2637 1632 2671 sic
1651 2637 1687 2670 fit
1705 2637 1740 2670 in
1764 2637 1876 2673 bellis.
