2409 2915
253 112 326 148 647

256 193 347 229 Fial
365 212 372 226 ι
386 193 533 226 aluums
553 195 636 227 lua,
662 188 752 222 sicut
775 188 813 221 in
829 187 924 222 coelo
950 186 1001 221 sic
1018 191 1048 221 ei
1076 186 1114 220 in
1132 191 1241 222 terra.
1268 197 1272 207 ¹

360 268 536 302 Dominus
553 266 631 299 facit
650 265 791 299 initium
815 263 1025 308 precationis
1044 276 1061 296 a
1080 275 1159 296 vera
1177 261 1241 296 Dei
1268 261 1271 295 ἴ

258 321 455 362 agnitione,
490 325 522 350 et
548 317 717 354 efficacia,
749 327 809 349 seu
838 314 1093 357 gubernatione
1123 315 1242 346 divina
1269 299 1272 338 i

259 374 293 404 in
314 370 414 403 nobis
436 369 530 413 ipsis.
584 367 702 410 Quare
730 378 823 399 nunc
849 365 1008 410 sequitur
1032 365 1132 398 tertia
1153 364 1242 408 peti-

259 423 325 458 tio,
355 420 533 464 pertinens
551 420 592 451 ad
609 418 750 451 tertium
774 424 805 450 et
831 422 994 460 quartum
1021 422 1244 459 praeceptum

260 471 447 514 Decalogi,
482 482 570 515 quae
601 470 643 501 de
674 467 920 501 vocationibus
945 473 978 500 et
1002 465 1244 500 functionibus

259 525 465 567 loquuntur.
531 520 603 554 Nec
634 519 701 551 iam
736 518 872 563 privata
900 524 1035 550 tantum
1062 517 1153 550 bona
1178 515 1245 549 tibi

261 574 325 616 ipsi
346 573 450 616 petis,
467 572 524 604 sed
547 570 662 615 potius
678 568 878 602 communia
896 575 928 601 et
944 568 1082 612 publica
1099 567 1244 613 quibus-

262 626 347 657 libet
366 622 629 660 vocationibus,
657 620 862 660 ordinibus,
891 626 923 653 et
947 620 1091 653 statibus
1117 618 1246 651 saluta-

263 676 325 708 ria.
380 672 473 706 Oras
496 671 624 705 etenim
653 683 715 714 pro
743 670 940 704 ministerio
957 669 1158 713 Evangelii,
1184 681 1248 712 pro

261 723 522 768 magistratibus
538 729 569 756 ct
591 722 724 766 politia,
751 733 809 755 seu
827 733 890 766 pro
910 723 1004 754 bono
1022 728 1110 754 statu
1131 720 1248 765 publi-

264 789 323 815 co,
352 787 414 819 pro
437 773 661 807 oeconomica
689 785 747 807 seu
771 773 958 805 domestica
984 772 1249 814 gubernatione,

263 836 340 859 curn
361 833 438 858 tuae
459 825 610 857 familiae
629 831 701 857 tum
719 824 886 857 aliarum:
913 821 968 856 Ah
982 821 1132 855 Domine
1143 821 1250 861 Deus,

265 886 302 911 tu
337 888 433 920 regas
466 876 538 920 ipse
562 882 593 908 et
621 876 763 908 adiuves
799 881 873 907 tuas
901 873 1114 913 functiones,
1149 879 1187 905 ut
1212 872 1249 903 in

263 928 360 961 omni
391 927 662 970 gubernatione,
697 924 1020 961 administratione,
1055 923 1251 961 vocatione,

265 977 350 1012 Tua
376 978 537 1010 voluntas
562 977 635 1016 fiat,
665 977 698 1008 id
725 982 793 1017 est,
821 981 857 1007 ut
887 975 969 1006 fiant
993 987 1049 1013 ea,
1077 985 1165 1019 quae
1191 970 1250 1006 Tu

265 1029 457 1065 mandasti,
484 1028 568 1060 fiant
593 1026 656 1059 tibi
676 1033 770 1069 grata
797 1032 827 1058 et
858 1025 1051 1068 placentia,
1079 1024 1253 1064 videlicet,

268 1088 302 1113 nt
322 1079 585 1112 concionatores
603 1083 635 1110 et
653 1075 828 1110 Ecclesiae
854 1075 1007 1109 ministri
1028 1081 1138 1113 recte,
1166 1075 1251 1107 fide-

267 1131 346 1164 liter
383 1135 569 1173 sancteque
608 1129 774 1167 doceant,
822 1133 860 1159 ut
895 1137 1010 1168 reges,
1060 1125 1252 1173 principes,

267 1180 444 1220 consules,
472 1191 510 1212 ac
531 1190 652 1211 omnes
673 1179 732 1223 qui
759 1184 942 1221 praesunt,
971 1177 1039 1223 piis
1066 1184 1097 1210 et
1123 1177 1254 1210 saluta-

267 1233 364 1265 ribus
391 1230 548 1263 consiliis
571 1229 809 1271 constituant,
842 1234 962 1271 regant
994 1239 1033 1260 ac
1065 1228 1255 1260 defendant

268 1282 497 1326 respublicas,
522 1287 562 1314 ut
586 1287 701 1323 patres
726 1287 923 1323 matresque
940 1278 1091 1311 familias
1109 1276 1254 1310 honeste

268 1339 391 1367 curent
420 1344 500 1365 suos
525 1331 655 1364 liberos
678 1330 834 1369 educari,
869 1328 1001 1362 erudiri
1032 1335 1064 1362 et
1096 1327 1254 1370 castigari

272 1386 363 1417 iuxta
382 1383 579 1416 doctrinam
598 1381 800 1420 coelestem,
827 1387 934 1424 utque
952 1379 1080 1421 singuli
1099 1390 1161 1411 suo
1180 1379 1255 1410 loco

269 1435 422 1468 officium
446 1444 547 1466 suum
566 1432 633 1465 rite
652 1439 683 1465 et
699 1431 848 1464 feliciter
865 1430 1012 1469 saciant,
1037 1441 1074 1462 ac
1091 1434 1255 1462 maneant

269 1496 390 1519 omnes
402 1483 557 1517 adiuncti
575 1482 798 1526 copulatique
816 1481 878 1514 tibi
891 1479 977 1523 Deo,
995 1487 1137 1525 tamque
1147 1491 1257 1511 mem-

271 1538 331 1569 bra
351 1536 427 1567 viva
449 1546 512 1567 suo
539 1545 621 1566 vero
645 1533 768 1577 capiti,
797 1538 829 1565 et
851 1542 971 1565 omnes
991 1531 1054 1564 tibi
1080 1530 1259 1569 obediant,

270 1599 332 1619 nec
356 1585 467 1618 avulsi
500 1584 679 1617 discedant
708 1589 741 1615 et
775 1583 938 1615 aberrent
968 1593 986 1614 a
1019 1593 1102 1614 vero
1135 1580 1259 1624 capite.

273 1637 376 1671 Tolle
406 1635 524 1668 omnia
556 1633 718 1667 scandala
752 1633 1028 1676 gubernatorum
1054 1638 1086 1665 et
1109 1631 1259 1664 aliorum

272 1700 360 1733 quae
377 1686 563 1719 offendunt
588 1692 684 1718 tuam
702 1683 932 1717 voluntatem.
986 1681 1066 1715 Non
1092 1681 1262 1715 concedas

273 1747 309 1773 ut
328 1737 460 1771 diaboli
478 1743 595 1769 serant
613 1735 735 1768 falsam
752 1734 968 1774 doctrinam,
991 1739 1155 1777 spargant
1171 1732 1264 1765 inter

275 1802 338 1823 nos
359 1795 465 1822 tetros
475 1798 610 1820 errores
627 1793 659 1820 et
677 1785 950 1819 contumeliosos
962 1785 1127 1817 adversus
1138 1782 1264 1822 Deum,

274 1841 402 1886 quibus
431 1836 592 1871 homines
621 1837 772 1870 avellant
803 1848 821 1869 a
846 1834 940 1876 Deo,
981 1835 1070 1868 sicut
1092 1833 1206 1868 Adam
1233 1839 1265 1867 et

276 1891 385 1924 Evam
405 1892 565 1933 deceptos
581 1889 824 1920 abstraxerunt
840 1898 858 1919 a
878 1893 936 1919 tua
954 1886 1145 1918 voluntate.
1181 1883 1262 1918 Non

277 1942 468 1974 accendant
493 1938 624 1971 diaboli
652 1937 734 1971 odio
765 1936 814 1969 tui
847 1935 1053 1981 tyrannides
1078 1942 1109 1967 et
1135 1935 1264 1967 iniusta

279 1992 368 2025 bella
388 1997 507 2023 contra
535 1996 628 2021 tuam
657 1987 894 2026 voluntatem,
921 1998 964 2018 ne
991 1991 1182 2030 sequantur
1202 1984 1266 2017 tri-

279 2042 446 2077 stissimae
469 2039 681 2073 vastationes
699 2035 952 2075 Ecclesiarum,
982 2036 1146 2070 interitus
1162 2035 1285 2068 disci-'

281 2094 396 2139 plinae
412 2099 444 2126 et
462 2091 600 2135 piorum
619 2089 800 2123 sudiorum
818 2087 1022 2122 iuventutiS.

384 2167 435 2202 De
466 2165 522 2200 his
553 2166 659 2200 tantis
692 2165 796 2198 rebus
834 2164 991 2208 loquitur
1027 2160 1092 2196 boc
1125 2163 1266 2196 tertium

284 2221 495 2253 membrum:
525 2216 603 2251 Fiat
621 2216 783 2249 voluntas
801 2222 876 2252 tua,
903 2215 989 2247 sicut
1021 2215 1054 2246 in
1079 2215 1194 2253 coelo,
1222 2214 1270 2246 sic

283 2273 385 2305 etiam
405 2271 439 2302 in
460 2277 562 2303 terra.
616 2266 770 2300 Proinde
787 2265 923 2311 quoties
947 2262 1030 2297 haer
1054 2266 1157 2297 verba
1182 2264 1268 2297 reri-

284 2330 351 2361 tas,
377 2321 508 2362 cogita,
537 2327 568 2353 te
594 2316 651 2352 bic
668 2330 739 2351 non
763 2317 875 2350 solnm
903 2328 964 2359 pro
992 2322 1023 2347 te
1047 2322 1180 2358 petere,
1210 2316 1268 2348 sed

283 2386 346 2417 pro
365 2379 436 2405 toto
455 2382 599 2415 corpore
609 2366 795 2407 Ecclesiae,
815 2366 1267 2411 prosingulisordinibuset

285 2423 443 2461 statibus,
462 2435 524 2466 pro
536 2421 700 2453 omnibns
712 2419 953 2460 regiminibus,
969 2417 1167 2450 coetibuset
1181 2417 1270 2450 vitae

285 2475 482 2516 geue-ribus.
513 2472 562 2506 Ac
573 2483 672 2515 saepe
684 2471 904 2514 nuiltumquc
920 2469 1024 2501 debes
1035 2465 1099 2501 boc
1118 2475 1176 2500 tuo
1194 2481 1271 2500 cuin

287 2524 648 2561 :·nimnc.·nsi‹temre,
667 2522 759 2567 qnod
772 2527 874 2554 antea
886 2518 1205 2560 monuidiligenter
1215 2531 1272 2551 ex-

289 2577 513 2616 pendendum
535 2581 562 2606 et
583 2574 617 2607 in
639 2571 1029 2616 conspectum-mudum
1048 2581 1132 2604 esse.
1164 2568 1274 2602 Filius

289 2627 350 2660 Dei
370 2627 464 2659 iussit
482 2627 551 2668 ipsc
563 2625 629 2668 prti
642 2632 752 2657 tantas
766 2635 827 2658 res,
849 2636 860 2652 x
873 2622 1021 2657 idn-licet,
1038 2621 1273 2653 conservatio-

288 2691 366 2711 nem
385 2677 540 2709 cun-lestis
565 2675 763 2711 doctrinae,
792 2673 1082 2715 gubernationem
1107 2679 1135 2703 ct
1160 2671 1272 2703 essita-

840 101 966 137 PHlL.
993 100 1109 137 MEL.
1135 98 1342 138 SCRIPTA
1369 99 1668 137 EXEGETICA.

2197 97 2273 137 648

1295 186 1384 220 ciam
1400 187 1557 220 divinam
1571 187 1607 220 in
1624 186 1744 227 nobis,
1771 185 2062 230 gubernationem
2087 187 2274 221 salutarem

1294 235 1548 278 Ecclesiarum,
1581 238 1662 270 item
1689 237 1901 281 regiminum
1927 243 1960 270 et
1981 237 2206 281 politiarum,
2237 244 2276 271 ut

1295 286 1506 321 Ecclesiolae
1521 288 1675 322 misellae
1693 289 1878 322 foveantur
1895 295 1929 322 et
1946 294 2184 332 protegantur.

1397 353 1474 388 llae
1501 362 1590 389 certe
1615 365 1698 391 sunt
1721 369 1774 390 res
1800 364 1904 402 atque
1932 356 2119 401 petitiones
2135 355 2275 388 maximi

1295 405 1486 446 momenti,
1513 407 1762 452 omniumque,
1784 420 1873 453 quae
1887 407 2032 451 cogitari
2048 419 2086 440 ac
2102 405 2278 440 nominari

1296 469 1357 490 seu
1387 457 1547 490 oratione
1578 455 1828 502 comprehendi
1860 465 2026 502 possunt,
2059 468 2216 491 summae
2248 463 2281 489 et

1297 508 1551 552 amplissimae;
1597 515 1828 542 veruntamen
1853 509 1934 554 quia
1958 509 2134 543 Dominus
2163 514 2282 541 noster

1301 558 1394 592 lesus
1412 557 1571 594 Christus
1593 559 1788 603 praecepit,
1814 567 1852 593 ut
1875 558 1959 594 haec
1983 567 2078 594 tanta
2105 560 2196 593 bona
2222 569 2284 605 pe-

1299 617 1431 650 tamus,
1457 621 1520 643 nec
1539 610 1637 642 irrita
1658 619 1736 644 vota
1764 617 1903 651 nostra,
1937 623 2000 644 nec
2025 611 2147 644 inanes
2170 616 2203 642 et
2227 609 2283 641 in-

1300 661 1404 695 utiles
1421 667 1524 694 erunt
1539 661 1707 693 clamores
1727 661 1850 693 nostri.

1402 727 1672 761 Bleminerimus
1707 727 1829 766 etiam,
1872 729 2039 762 maximas
2068 729 2286 773 maximeque

1303 779 1513 813 necessarias
1529 789 1583 812 res
1602 779 1680 811 ideo
1699 775 1968 822 comprehensas
1984 791 2055 813 esse
2073 781 2108 813 in
2131 777 2195 813 hac
2214 779 2284 812 sor-

1304 843 1356 863 ma
1383 829 1613 874 precationis,
1647 829 1771 862 divino
1795 830 1944 863 consilio
1967 831 2114 869 tradita,
2149 837 2190 864 ut
2222 840 2288 862 nos

1304 893 1360 914 eas
1376 880 1586 923 cogitatione
1608 880 1795 924 complexi,
1824 880 2059 918 afficeremur,
2083 881 2232 914 aliorum
2256 887 2288 913 et

1305 932 1412 966 totius
1428 929 1602 964 Ecclesiae
1617 942 1698 963 cura
1711 957 1719 971 ‚
1747 942 1791 963 ne
1809 931 1994 964 securitate
2020 939 2051 965 et
2070 931 2204 965 feritate
2221 930 2290 976 sy-

1306 982 1439 1026 clopica
1467 982 1624 1014 viventes
1648 981 1684 1013 in
1708 981 1821 1021 diem,
1855 993 2008 1015 essemus
2034 983 2109 1015 sine
2134 982 2290 1015 solicitu-

1306 1034 1409 1072 dine,
1436 1044 1499 1065 nec
1513 1043 1722 1074 angeremur
1739 1044 1802 1076 pro
1826 1032 1924 1073 aliis,
1950 1033 2009 1066 sed
2038 1039 2153 1066 mente
2174 1039 2206 1066 et
2231 1043 2291 1065 co—

1306 1084 1474 1128 gitatione
1499 1083 1668 1127 cuiusque
1701 1082 1737 1114 in
1762 1082 1901 1126 publica
1928 1083 2039 1116 salute
2064 1083 2204 1124 defixis,
2238 1082 2294 1114 in-

1307 1143 1487 1169 tueremur
1510 1139 1543 1166 et
1567 1132 1879 1177 complecteremur
1898 1140 2006 1167 totam
2024 1132 2235 1173 Ecclesiam,
2262 1139 2295 1166 et

1308 1185 1511 1219 universum
1528 1183 1683 1226 regimen
1707 1183 1908 1227 politicum,
1935 1184 2092 1229 motique
2116 1184 2296 1217 calamita-

1309 1237 1404 1270 tibus
1440 1233 1635 1273 Ecclesiae,
1686 1232 1918 1278 reipublicae,
1960 1242 2165 1279 parentum,
2207 1234 2296 1267 libe-

1311 1298 1453 1325 rorum,
1498 1291 1529 1317 et
1555 1285 1768 1324 amicorum,
1810 1297 1883 1318 non
1909 1285 2012 1319 nobis
2040 1293 2198 1326 tantum,
2238 1284 2296 1318 sed

1311 1337 1414 1370 etiam
1432 1335 1510 1368 aliis
1526 1347 1628 1379 opem
1644 1335 1726 1367 ferri
1743 1335 1990 1379 flagitaremus,
2045 1335 2167 1381 ltaque
2183 1335 2299 1369 consi-

1312 1389 1473 1421 deremus
1499 1397 1702 1419 communes
1726 1393 1757 1419 et
1786 1386 1939 1429 privatas
1970 1387 2207 1427 necessitates,
2244 1386 2301 1418 in-

1312 1437 1505 1482 primisque
1523 1436 1662 1480 publica
1688 1436 1842 1479 pericula
1860 1437 2063 1480 regionum,
2091 1448 2180 1483 quae
2196 1436 2301 1470 nobis

1314 1496 1345 1522 et
1360 1486 1518 1521 honestis
1537 1487 1663 1520 studiis
1677 1484 1829 1530 hospitia
1845 1488 2063 1529 concedunt,
2089 1500 2127 1522 ac
2143 1494 2302 1532 petamus

1314 1550 1378 1572 nos
1414 1539 1490 1571 luce
1522 1537 1644 1570 divina
1668 1537 1740 1581 regi
1767 1537 1802 1569 in
1826 1538 2030 1578 vocatione,
2071 1538 2106 1571 in
2135 1538 2303 1571 omnibus

1315 1589 1490 1625 consiliis,
1533 1588 1570 1620 in
1605 1590 1735 1621 tuenda
1770 1588 1920 1631 puritate
1942 1586 2138 1629 Ecclesiae,
2178 1589 2216 1621 in
2239 1589 2304 1622 do-

1315 1640 1448 1679 cendo,
1490 1639 1526 1671 in
1555 1639 1705 1681 regenda
1738 1638 1917 1682 republica
1950 1645 1982 1672 et
2013 1636 2159 1674 honesta
2195 1639 2304 1673 disci-

1318 1691 1426 1735 plina.

1340 1779 1480 1816 Panem
1499 1785 1662 1814 nostrum
1681 1779 1940 1828 quotidianum
1961 1780 2010 1816 da
2033 1781 2140 1817 nobIs
2159 1780 2281 1819 hodie.

1421 1849 1674 1883 Praecedentes
1692 1848 1879 1893 petitiones
1895 1850 2031 1894 optimo
2055 1850 2182 1884 ordine
2205 1863 2305 1895 prae-

1319 1902 1468 1946 scriptae
1485 1900 1662 1944 sapienter
1677 1910 1817 1932 exorsae
1835 1908 1917 1935 sunt
1934 1913 1953 1933 a
1973 1901 2086 1944 primo
2111 1909 2308 1946 praecepto,

1321 1952 1503 1988 videlicet,
1529 1951 1572 1983 ab
1597 1949 1777 1993 agnitione
1794 1948 1879 1989 Dei,
1906 1957 1938 1984 et
1963 1951 2135 1991 efficacia,
2161 1963 2220 1986 seu
2241 1964 2308 1996 gu-

1321 2002 1528 2036 bernatione
1552 2000 1673 2033 divina
1706 2000 1742 2033 in
1767 2001 1882 2035 nobis.
1944 2001 2052 2035 lstum
2087 2002 2307 2046 aptissimum

1322 2053 1483 2087 ordinem
1502 2052 1590 2084 hene
1615 2051 1898 2085 animadvertere
1921 2064 1959 2085 ac
1987 2052 2184 2096 intelligere
2206 2053 2309 2087 valde

1321 2104 1483 2148 prodest,
1512 2109 1544 2135 et
1560 2102 1597 2134 in
1614 2102 1775 2135 docendo
1800 2102 1993 2145 plurimum
2014 2103 2101 2136 lucis
2117 2109 2151 2137 et
2176 2104 2310 2149 perspi-

1322 2153 1460 2188 cuitatis
1480 2153 1591 2186 affert.

1425 2211 1518 2245 Haec
1534 2218 1656 2257 quarta
1682 2211 1822 2256 petitio:
1852 2211 1982 2245 Panem
2010 2219 2169 2247 nostrum
2192 2214 2311 2258 quoti-

1323 2264 1468 2297 dianum
1487 2264 1529 2295 da
1547 2262 1649 2296 nobis
1668 2259 1773 2295 hodie
1786 2290 1794 2302 ,
1822 2263 1980 2307 loquitur
2001 2265 2044 2296 de
2067 2264 2312 2308 corporalibus

1326 2314 1445 2351 bonis,
1470 2314 1513 2347 de
1530 2313 1600 2347 vita
1621 2320 1653 2347 et
1672 2313 1913 2347 incolumitate
1928 2325 2134 2358 corporum,
2156 2315 2201 2348 de
2220 2315 2311 2350 bona

1325 2365 1546 2405 valetudine,
1574 2365 1616 2397 de
1645 2364 1758 2404 victu,
1785 2361 1956 2407 bospitio,
1990 2364 2194 2407 domicilio,
2221 2377 2314 2411 pate,

1325 2415 1548 2455 defensione,
1591 2414 1757 2447 omnibus
1794 2414 1947 2459 denique
1980 2415 2072 2449 vitae
2108 2416 2313 2455 commodis.

1327 2466 1526 2512 praesidiis,
1555 2473 1587 2499 et
1606 2464 1852 2505 adminiculis,
1884 2465 1972 2499 sicut
1992 2465 2028 2499 in
2052 2466 2225 2511 praesenti
2242 2466 2312 2501 vita

1327 2529 1473 2561 corpora
1499 2516 1618 2550 multis
1646 2522 1676 2549 et
1703 2515 1851 2549 diversis
1877 2517 1981 2549 rebus
2014 2517 2195 2561 indigent,
2220 2517 2313 2556 cibo.

1328 2576 1431 2616 potu.
1460 2569 1551 2601 bona
1586 2566 1806 2604 valetudine„
1839 2567 1942 2601 certis
1972 2567 2206 2607 oeconomiis,
2233 2581 2313 2613 pos-

1328 2619 1562 2654 sessionibus,
1607 2617 1739 2650 nidulis
1765 2630 1799 2649 ar
1835 2619 2040 2660 tuguriolis,
2078 2618 2168 2652 felici
2196 2632 2233 2652 ac
2259 2619 2313 2663 pia

1328 2669 1632 2704 miministratione
1659 2668 1882 2712 politiaruuv,
1908 2682 1994 2714 qnae
2021 2670 2185 2713 praebent
2211 2671 2315 2704 nobis
