2409 2915
492 86 887 125 ANNOTATIONES
915 86 981 123 ET
1008 84 1292 123 CONCIONES
1320 85 1370 120 IN
1396 84 1580 123 EVANG.
1609 84 1823 123 IOANNIS.

79 183 112 210 et
138 175 255 209 salvus
279 175 363 214 eris,
401 176 505 209 etiam
531 174 560 207 si
585 186 706 207 omnes
738 182 916 208 creaturae
948 175 1066 209 omnia
1092 174 1096 216 ξ
1120 172 1208 204 ritus
1243 171 1390 205 arbitrio
1419 171 1520 212 facit,

79 227 170 260 mala
194 226 449 261 obniterentur.
503 224 561 259 Sic
587 222 768 257 Abraham
794 227 972 269 egreditur
998 234 1068 260 ter—
1093 219 1096 242 ³

79 288 153 311 ram
179 276 404 321 promissam,
442 275 601 309 nesciens
631 287 799 320 quorsum
827 277 872 310 sit
900 278 1067 311 eundum.

78 326 139 361 Sic
164 333 318 370 expectat
343 327 579 370 posteritatem
605 326 831 370 promissam,
866 339 1067 372 quanquam

84 90 180 127 1093
357 90 439 125 ΧΠ.

2011 88 2105 125 1094

1570 172 1757 206 mortificat
1795 184 1954 212 carnem,
2002 174 2107 209 servit

1121 222 1302 266 proximo,
1332 229 1364 256 et
1388 223 1517 265 libere,
1546 223 1566 257 i.
1583 235 1612 257 e.
1632 221 1737 256 hilari
1753 225 1983 264 conscientia,
2012 226 2106 269 quod

1121 270 1176 305 his
1195 273 1362 316 operibus
1379 272 1411 315 ³)
1431 274 1493 306 scit
1510 283 1583 306 non
1605 274 1757 317 primum
1786 276 2008 309 emerendam
2034 286 2107 309 esse

1094 352 1095 363 ,
1121 323 1311 363 iusticiam,
1338 324 1397 356 sed
1423 324 1492 356 iam
1517 325 1683 357 donatam
1708 336 1779 358 esse
1793 324 1836 372 ⁴).
1888 325 2107 360 Ceremoniis

80 377 174 412 filius
210 377 391 410 iuberetur
419 377 542 412 occidi.
609 376 667 410 Sic
692 376 810 411 Moses
839 378 955 411 educit
978 378 1068 411 filios
1120 374 1203 408 item
1221 379 1254 406 et
1270 371 1433 407 humanis
1452 374 1734 408 ordinationibus
1757 377 1869 410 utitur
1891 377 1956 418 ita,
1985 382 2023 410 ut
2039 388 2106 421 po-

80 427 188 461 Isra'e'l
201 453 210 468 ,
244 439 444 472 quanquam
465 427 613 468 nesciat,
641 429 820 472 quomodo
837 429 879 462 sit
895 429 994 462 Deus
1010 440 1068 462 eos
1120 425 1226 459 stulat
1243 421 1405 459 charitas.
1440 423 1479 458 In
1497 425 1662 458 omnibus
1679 432 1793 459 autem
1814 439 1901 471 quae
1916 428 2016 468 facit,
2044 425 2108 461 ha—

77 479 244 512 adversus
259 479 331 510 vim
349 478 440 521 regis
457 476 653 512 Pharaonis
670 478 898 520 defensurus,
925 480 1067 525 quando
1121 476 1180 509 bet
1194 473 1277 508 facti
1297 475 1349 508 sui
1375 475 1546 508 rationem
1559 500 1568 514 ‚
1601 487 1705 521 quam
1729 474 1786 509 hic
1812 484 1994 519 causatur,
2027 489 2106 511 cum

79 535 186 563 staret
211 529 253 562 ad
277 539 373 562 mare
400 529 567 570 rubrum,
601 529 760 562 nesciens
784 531 962 576 quomodo
987 542 1068 563 eva-
1120 525 1253 570 inquit:
1291 524 1363 568 Qui
1381 526 1517 559 sanavit
1534 538 1607 564 me,
1633 526 1752 567 iussit,
1780 533 1818 560 ut
1831 528 1985 560 auferam
2003 529 2108 571 grab-

78 579 154 613 suri
169 585 300 619 essent,
329 579 427 613 iubet
448 587 567 614 tamen
592 579 802 618 consistere.
830 581 968 614 visuros
992 592 1067 614 ma-
1120 577 1260 616 batum,
1287 576 1322 608 id
1348 584 1416 616 est,
1452 588 1492 608 ex
1515 576 1582 609 fide
1604 577 1687 610 facit
1711 578 1879 623 quicquid
1906 578 2008 619 facit,
2035 590 2107 612 ser-

79 629 194 673 gnalia
215 630 283 663 Dei
301 636 363 663 etc.
1121 634 1247 672 vatque
1271 627 1427 670 regulam
1452 626 1554 660 Pauli
1576 626 1681 661 Rom.
1701 627 1814 664 XIV,:
1850 626 1987 669 Omne,
2014 629 2108 674 quod

1093 678 1097 725 ζ
1121 689 1193 711 non
1212 683 1262 711 est
1279 689 1318 710 ex
1336 677 1424 717 fide,
1453 684 1632 720 peccatum
1651 684 1711 712 est.

463 745 598 799 Caput
622 745 677 787 V.
1093 738 1096 808 1

175 829 321 863 Summa
341 826 446 862 buius
463 828 586 872 capitis
603 835 667 863 est:
697 827 859 864 Christus
877 829 995 864 reddit
1010 840 1067 862 ra—

78 880 213 915 tionem
230 879 350 912 violati
379 879 533 919 sabbati,
559 880 642 914 facit
662 887 777 914 autem
798 882 889 914 idem
908 892 1013 924 supra
1029 880 1068 912 in

77 931 155 965 aliis
171 929 424 973 Evangelistis,
452 931 512 963 sed
532 930 644 964 multo
663 931 773 966 aliter.
816 931 930 975 Supra
950 943 1066 964 exem-

77 981 177 1026 plum
194 979 309 1014 David
331 987 513 1022 causatur,
540 981 601 1026 qui
628 981 738 1024 legem
757 983 800 1016 de
818 983 969 1026 panibus
985 993 1067 1026 pro-

77 1031 264 1077 positionis
300 1031 338 1064 in
368 1031 572 1065 necessitate
605 1032 762 1068 violavit.
829 1032 1002 1066 Causatur
1034 1039 1068 1065 et

78 1082 276 1126 exemplum
309 1083 546 1123 sacerdotum,
581 1084 676 1127 quod
702 1084 847 1117 sabbato
867 1084 1000 1116 violent
1017 1083 1068 1115 le-
1095 1122 1096 1130 ἵ
1220 1078 1300 1112 Duo
1328 1086 1410 1112 sunt
1432 1078 1469 1110 in
1497 1078 1596 1110 omni
1619 1078 1810 1111 afflictione
1834 1081 2110 1124 consyderanda,

78 1145 173 1178 gem,
211 1133 246 1165 id
278 1133 372 1177 quod
399 1139 432 1166 et
458 1133 511 1166 lex
536 1140 634 1177 cogat
656 1133 696 1178 ¹).
749 1133 853 1168 Unde
883 1134 1069 1175 intelligas,
1120 1129 1291 1163 iudicium
1315 1136 1347 1162 et
1377 1129 1630 1164 misericordia.
1698 1127 1873 1162 Indicium
1906 1137 1973 1169 est,
2015 1133 2111 1176 quod

76 1196 121 1217 ne
140 1185 312 1217 servando
332 1183 475 1228 quidem
493 1183 602 1226 legem
625 1185 766 1218 servari.
818 1184 884 1218 Hic
907 1191 1069 1218 causatur
1095 1182 1097 1188 '
1120 1188 1263 1225 propter
1278 1187 1417 1227 peccata
1434 1186 1553 1213 nostra
1577 1179 1764 1223 punimur:
1803 1180 1882 1213 ideo
1906 1180 1992 1215 dicit
2005 1179 2111 1215 Chri-

78 1234 302 1268 autoritatem
325 1241 478 1278 patrem,
505 1235 695 1280 docetque,
722 1235 829 1268 simul
852 1235 990 1279 operari
1007 1246 1068 1278 pa·
1095 1245 1097 1285 1¹
1122 1239 1211 1265 stus:
1248 1230 1330 1263 Noli
1355 1242 1496 1274 peccare
1518 1242 1561 1262 ne
1585 1230 1671 1274 quid
1695 1230 1760 1263 tibi
1785 1231 1940 1265 deterius
1967 1231 2112 1267 accidat.

78 1292 168 1319 trem
188 1292 220 1319 et
238 1296 290 1325 se3
318 1297 424 1330 quare
441 1285 502 1330 qui
517 1296 619 1318 suum
641 1297 729 1329 opus
747 1286 888 1325 iudicat,
914 1286 1069 1319 iudicare
1096 1291 1097 1334 J
1122 1281 1180 1315 Sic
1197 1287 1266 1315 tota
1287 1281 1341 1314 lex
1358 1288 1390 1314 et
1403 1278 1600 1324 Prophetae
1620 1281 1757 1315 docent.
1785 1280 1853 1314 Sed
1871 1288 2009 1325 praeter
2027 1280 2112 1316 haec

78 1343 112 1369 et
136 1335 244 1380 patris
267 1346 366 1379 opus.
430 1333 503 1367 Iam
535 1335 624 1369 sicut
650 1336 734 1378 legis
757 1336 927 1370 autoritas
950 1347 969 1367 a
994 1335 1068 1368 Deo
1096 1341 1097 1377 ξ
1122 1332 1209 1364 scire
1237 1338 1376 1374 oportet
1401 1331 1697 1371 misericordiam,
1737 1331 1759 1363 i.
1782 1343 1810 1365 e.
1842 1333 1936 1376 quod
1962 1333 2112 1376 puniens

79 1393 152 1425 est,
194 1386 242 1419 ita
272 1392 305 1419 et
337 1385 456 1418 divina
486 1385 674 1419 autoritate
698 1386 833 1419 violari.
896 1384 1070 1425 Breviter,
1096 1382 1097 1407 ἵ
1122 1394 1194 1415 non
1222 1381 1257 1413 iu
1282 1379 1348 1414 hoc
1373 1381 1496 1425 punit,
1535 1388 1574 1414 ut
1596 1381 1735 1424 perdat,
1778 1382 1836 1413 sed
1861 1389 1899 1416 ut
1921 1389 2114 1424 convertat,

79 1437 174 1482 quod
207 1436 244 1468 in
270 1435 349 1468 aliis
375 1433 611 1479 Evangelistis
638 1436 770 1481 inquit:
811 1436 986 1470 Dominus
1019 1441 1071 1469 est
1096 1451 1098 1482 ᾗ
1121 1433 1228 1465 modo
1246 1431 1277 1464 ei
1296 1432 1488 1466 credamus,
1545 1432 1576 1464 1.
1592 1429 1673 1465 Cor.
1689 1429 1770 1464 XL:
1806 1430 1899 1464 Dum
1917 1431 2115 1466 iudicamur

78 1487 172 1520 filius
193 1483 350 1520 hominis
370 1486 474 1520 etiam
500 1487 654 1527 sabbati,
687 1488 722 1519 id
747 1485 906 1520 hocloco
925 1487 1070 1530 exponi-
1096 1485 1098 1537 y
1122 1496 1139 1516 a
1155 1481 1230 1516 Deo
1251 1482 1481 1526 corripimur,
1509 1493 1554 1514 ne
1568 1493 1647 1515 cum
1664 1482 1798 1515 mundo
1821 1482 2039 1517 damnemur.
2068 1481 2115 1517 Et

79 1544 156 1578 tur,
198 1549 305 1582 quare
320 1535 352 1582 2)
378 1543 411 1570 et
440 1538 617 1581 quomodo
652 1538 696 1571 sit
729 1538 894 1570 dominus
924 1537 1070 1570 sabbati.
1096 1541 1098 1586 1
1122 1530 1279 1567 Nahum:
1307 1532 1430 1565 Bonus
1450 1532 1617 1565 dominus
1633 1538 1665 1565 et
1683 1532 1886 1565 confortans
1905 1533 1942 1565 in
1962 1533 2114 1568 tribula-

78 1586 212 1633 Estque
237 1600 278 1621 ex
301 1585 368 1620 hoc
392 1587 469 1620 loco
495 1588 644 1631 petenda
669 1588 757 1621 ratio
782 1588 954 1621 libertatis
976 1585 1070 1620 chri·
1096 1592 1098 1642 ἰ
1123 1583 1292 1617 tionibus·
1330 1582 1445 1616 David
1462 1581 1614 1616 XXIX-2
1645 1581 1772 1615 Invoca
1791 1594 1846 1615 me
1866 1582 1903 1615 in
1923 1583 1980 1616 die
1999 1584 2114 1618 tribu-

81 1638 224 1673 stianae,
1096 1647 1098 1681 ς
1124 1634 1276 1668 lationis.
1332 1633 1382 1667 lta
1401 1633 1606 1666 confirmata
1626 1632 1838 1667 conscientia
1857 1634 1993 1674 credat,
2020 1635 2114 1668 salu-

1096 1712 1098 1723 ,
1123 1692 1233 1718 tarem
1255 1695 1326 1717 esse
1343 1696 1479 1717 crucem
1494 1711 1502 1725 ,
1525 1695 1613 1728 quae
1630 1682 1714 1715 fides
1740 1696 1859 1727 pacem
1883 1684 1921 1718 in
1947 1685 2115 1719 cordibus

1397 758 1592 796 Nesciebat
1620 761 1702 808 quis
1731 766 1830 800 esset,

1094 809 1096 821 Ι

1119 828 1153 860 id
1173 833 1241 868 est,
1269 827 1436 866 verbum,
1464 828 1556 871 quod
1579 827 1740 861 audierat
1759 834 1790 861 et
1810 836 2016 872 conceperat
2031 841 2108 864 cor—

1094 909 1096 916 ,
1120 879 1178 918 de,
1204 889 1276 911 non
1295 884 1397 911 norat
1416 884 1531 910 autem
1550 875 1731 911 Christum
1751 879 1941 912 secundum
1958 891 2109 919 carnem,

1094 917 1096 954 l
1119 940 1183 962 nec
1201 926 1268 962 hoe
1287 928 1363 961 vult
1383 925 1556 962 Christus.

1259 1011 1352 1046 Ecce
1381 1023 1497 1046 sanus
1518 1011 1651 1059 factus
1673 1022 1728 1052 ιε,
1764 1023 1807 1046 ne
1832 1024 1960 1059 pecces.

309 1701 481 1751 Quinque
505 1703 665 1751 porticus
693 1701 845 1737 habens.

82 1835 160 1857 cum
180 1834 253 1855 non
270 1822 453 1863 iustificet‚
490 1823 598 1855 immo
625 1823 712 1856 iram
740 1830 876 1857 tantum
894 1829 1070 1866 operetur,

82 1880 177 1908 tenet
201 1874 418 1916 languentes.
472 1872 612 1906 Piscina
636 1873 887 1917 Evangelium,
913 1874 1070 1917 adeoque

83 1925 309 1969 baptismum.
376 1924 479 1969 Aqua
511 1924 669 1964 turbida,
711 1926 805 1969 quod
836 1922 1070 1966 Evangelium

83 1976 129 2009 sit
144 1987 258 2008 sermo
284 1975 408 2008 crucis.
461 1973 578 2008 Baiuli
601 1986 785 2018 aegrorum
804 1981 885 2008 sunt
903 1976 1071 2008 doctores.

84 2025 191 2069 Quod
223 2025 289 2058 soli
317 2025 423 2069 prImi
454 2027 691 2066 sanabantur,
741 2023 831 2058 mihi
860 2025 1000 2059 videtur
1029 2026 1071 2057 ad

86 2076 293 2110 electionem
310 2076 498 2119 pertinere.
551 2074 716 2110 Christus
737 2077 844 2110 verbo
861 2076 895 2109 id
911 2076 1073 2115 efficiens,

84 2128 179 2172 quod
198 2127 332 2160 solebat
346 2138 445 2170 aqua,
472 2127 640 2165 declarat,
666 2127 813 2160 verbum
831 2138 931 2160 suum
949 2127 985 2159 id
1002 2138 1073 2159 esse

84 2178 179 2223 quod
211 2176 382 2220 significat
407 2189 508 2221 aqua.

86 2229 184 2261 vides
215 2240 255 2260 ex
283 2225 348 2260 hoc
371 2234 475 2262 textu.

87 2279 181 2324 quod
199 2290 366 2311 sanamur
383 2278 494 2321 aegri,
528 2275 595 2311 hoc
609 2284 678 2317 est,
704 2279 798 2323 quod
815 2278 920 2321 gratis
937 2284 1073 2322 peccata

86 2380 209 2419 nobis,
244 2379 385 2413 sustulit
411 2379 649 2413 maledictum.
711 2378 897 2419 Secundo,
932 2379 993 2424 qui
1019 2392 1073 2413 sa-

86 2431 161 2464 nati
177 2437 270 2469 sunt,
285 2430 410 2473 spiritu
427 2437 590 2474 aguntur,
612 2437 649 2464 ut
668 2430 736 2463 iam
752 2437 939 2472 agnoscant
949 2430 1075 2470 Deum,
1100 2429 1102 2458 ἰ

88 2482 233 2515 credant
259 2480 353 2521 Deo,
386 2481 531 2515 timeant
548 2480 682 2522 Deum,
719 2482 813 2526 quod
840 2487 941 2514 antea
964 2480 1075 2514 facere
1100 2475 1103 2536 ἑ

89 2543 163 2566 non
188 2538 392 2580 potuerunt.
446 2531 591 2573 Tertio,
627 2539 767 2566 externa
785 2544 891 2576 opera
915 2544 979 2576 pro
1004 2531 1075 2576 spi—

127 2665 157 2693 ¹)
176 2665 243 2688 Ταῦ.
263 2666 355 2696 royar.
459 2666 489 2693 2)
510 2666 605 2689 secer.
627 2671 716 2697 quor,
736 2666 800 2689 Tub.
820 2671 880 2689 οων.

1098 2003 1099 2019 ι
1124 2000 1217 2021 suae.

1098 2050 1100 2056 ·
1125 2037 1178 2073 Ex
1197 2038 1270 2080 ipso
1290 2045 1323 2071 et
1340 2049 1401 2081 per
1421 2037 1535 2081 ipsum
1553 2044 1585 2071 et
1604 2037 1640 2069 in
1667 2037 1742 2080 ipso
1766 2045 1847 2072 sunt
1870 2037 2006 2070 omnia:
2047 2049 2116 2081 qua

1100 2119 1101 2126 ,
1125 2088 1315 2128 sententia,
1344 2088 1371 2120 si
1391 2088 1470 2132 quis
1485 2099 1559 2122 eam
1581 2088 1716 2120 ratione
1734 2088 1915 2128 metiatur,
1942 2085 2034 2120 nihil
2051 2087 2117 2120 erit

571 2177 674 2211 Unde
696 2184 728 2210 et
752 2189 839 2222 quae
863 2177 907 2210 sit
932 2177 1074 2210 libertas
1100 2174 1101 2201 ἶ

528 2226 688 2261 Primum
714 2228 751 2260 in
781 2240 821 2260 eo
848 2234 898 2261 est
919 2228 1074 2266 libertas,
1100 2247 1101 2255 κ

1100 2310 1101 2313 =
1126 2291 1299 2335 praesenti
1318 2298 1425 2335 patre.

86 2329 326 2369 dimittuntur,
352 2326 617 2373 quiaChristus‚
641 2329 751 2362 sactus
770 2328 995 2362 maledictum
1011 2341 1074 2373 pro
1099 2336 1101 2369 J
1126 2342 1296 2375 (fiendum
1323 2349 1370 2375 est
1396 2353 1456 2385 per
1480 2347 1627 2373 mortem
1656 2347 1750 2373 exn-3
1773 2351 1894 2373 omnes
1926 2346 2115 2382 creaturas,

246 1771 254 1779 .
470 1772 477 1779 .
746 1772 752 1779 .
808 1772 814 1778 ,
1096 1726 1335 1768 ἷείἨίεῐοι-υῐη
1352 1734 1466 1768 efficit.

183 1770 352 1816 Quinque
385 1779 541 1816 porticus
580 1772 690 1814 legem
725 1772 942 1815 significant,
983 1782 1098 1816 quaei

1265 1815 1376 1852 Pater
1401 1829 1498 1852 meus
1525 1829 1635 1866 usque
1659 1815 1766 1852 modo
1791 1823 1972 1865 operatur,

1123 1883 1214 1919 nibil
1238 1885 1334 1919 aliud
1353 1892 1421 1925 est,
1455 1898 1559 1930 quam
1586 1892 1718 1929 patrem
1744 1886 1901 1929 operari,
1940 1892 1972 1919 et
1996 1885 2115 1919 omnia

1125 1937 1261 1981 operari
1294 1937 1330 1968 in
1373 1936 1539 1969 omnibus
1575 1936 1668 1969 iuxta
1701 1936 1888 1969 consilium
1925 1936 2117 1970 voluntatis

1280 1985 1327 2021 Ut
1357 1986 1486 2020 Paulus
1506 1983 1634 2031 Ephes.
1653 1985 1678 2019 l.
1702 1986 1806 2027 dicit,
1841 1993 1873 2020 et
1899 1985 2007 2021 Rom.
2033 1985 2116 2022 XL:

1126 2139 1326 2173 absurdius.
1380 2138 1510 2173 Contra
1536 2137 1632 2172 fideli
1650 2149 1723 2171 non
1747 2138 1815 2170 alia
1835 2145 1883 2171 est
1900 2138 2116 2181 praesentior

1126 2190 1317 2223 consolatio
1334 2201 1438 2235 quam
1459 2190 1486 2222 si
1503 2189 1603 2229 sciat,
1629 2200 1664 2221 se
1682 2189 1718 2221 in
1736 2200 1841 2221 manu
1860 2187 1925 2221 Dei
1943 2200 2036 2229 esse,
2062 2188 2116 2220 vi-

1126 2247 1216 2281 tam,
1245 2241 1374 2274 victum
1395 2247 1563 2277 mortem,
1593 2239 1711 2271 omnia
1735 2250 1794 2271 sua
1819 2239 1891 2281 regi
1916 2245 1949 2271 et
1975 2238 2116 2282 disponi

1481 2289 1552 2332 Qui
1572 2302 1643 2322 non
1661 2290 1822 2329 credunt,
1850 2289 1902 2321 illi
1920 2301 1998 2322 cum
2018 2300 2116 2331 egre-

1125 2404 1198 2426 non
1218 2393 1392 2430 sentiunt,
1421 2403 1455 2425 se
1476 2391 1512 2423 in
1533 2391 1649 2424 sinum
1667 2389 1696 2434 5)
1722 2388 1787 2423 Dei
1812 2390 1985 2434 irrepere,
2009 2396 2114 2435 atque

1161 2543 1191 2571 3)
1213 2545 1304 2567 Socer.
1325 2541 1456 2565 mendose
1477 2540 1588 2570 opibus.

1163 2588 1194 2614 ⁴)
1212 2587 1278 2609 Tub.
1313 2585 1395 2615 Quod
1414 2585 1450 2608 iis
1470 2583 1603 2614 operibus
1623 2589 1679 2606 non
1699 2583 1737 2607 sit
1758 2583 1879 2608 iusticia
1897 2583 2023 2614 primum
2042 2591 2115 2610 eme-

1198 2621 1288 2644 renda
1307 2619 1357 2643 sed
1377 2619 1436 2642 iam
1453 2618 1572 2642 donata.

1164 2663 1196 2692 ὁ)
1217 2664 1313 2687 secer.
1332 2661 1461 2685 mendose
1474 2661 1549 2684 sinu.

1427 2693 1507 2729 69*
