2409 2915
65 122 134 158 781
315 119 392 156 ΧΠ.

67 214 99 241 et
124 206 346 246 erudiamur,
372 206 466 250 qnod
493 216 628 248 semper
651 204 689 236 in
714 216 754 237 co
779 211 880 237 coetu
903 217 963 238 εει]
986 217 1048 248 ρο-

67 258 167 302 pulo,
202 257 264 302 qui
295 257 500 290 nominatur
523 253 698 293 Ecclesia,
728 255 798 287 sint
829 256 900 288 duo
923 267 1049 299 genera
1075 268 1077 297 j

1075 303 1077 310 ’
1101 304 1256 337 dissidiis
1274 305 1498 346 docentium,
1524 308 1676 351 populus
1693 308 1730 340 in
1747 309 1900 343 diversas
1917 310 2087 343 factiones

65 307 267 342 hominum:
300 308 446 340 alterum
461 333 470 346 ,
504 317 651 349 magnae
673 305 913 339 multitudinis
937 304 1049 352 hypo-

66 360 250 394 critarum:
284 359 453 398 aherum,
485 356 599 399 exigui
624 357 775 399 agminis
800 369 880 390 vere
903 359 1049 391 creden—

65 411 172 451 tium,
213 420 382 453 verosque
418 407 532 441 cultus
572 406 647 440 Deo
687 408 743 451 pie
782 408 1049 455 praestantium.

65 461 176 495 Porro
201 458 284 494 haec
305 458 574 499 dissimilitudo,
599 465 632 493 et
655 456 722 491 hoc
739 459 943 493 scandalum
962 470 1049 503 pau-

65 513 179 546 citatis
202 522 282 544 vere
307 509 527 543 credentium
550 509 697 542 mirifice
723 517 876 551 exercet,
904 517 1049 544 contur-

66 565 144 603 bat,
176 568 208 595 et
231 560 381 594 offendit
406 561 628 604 singulorum
652 561 809 601 animos,
838 569 877 595 ut
900 561 1048 594 manife-

65 621 156 648 stum
179 618 229 646 est
254 611 291 644 in
310 609 465 645 Ecclesia
490 609 555 644 hoc
580 618 737 656 tempore
759 612 952 655 plurimum
976 623 1049 645 esse

65 662 343 698 tristissimarum
369 663 637 703 confusionum,
665 663 857 706 plurimum
878 663 1048 696 dilacera-

64 715 220 753 tionum‚
262 713 510 754 dissidiorum,
551 714 765 754 factionum,
807 711 1047 754 schismatum,

63 777 141 801 cum
167 764 229 797 alii
251 764 363 797 videri
389 764 499 798 velint
521 764 708 808 Papistici‚
734 764 795 798 alii
823 765 989 798 simulent
1013 775 1048 797 se

62 815 225 859 amplecti
259 812 453 859 Sphingem
486 814 747 858 Augustanam,
790 816 889 849 cuius
924 815 1049 850 titulus

62 874 112 900 est
137 863 310 907 Interim,
345 867 406 899 alii
433 873 665 900 numerentur
690 867 783 900 inter
806 865 1047 909 Evangelicos,

61 917 123 952 alii
149 918 301 961 probent
324 917 556 951 fanaticorum
575 916 888 961 Anabaptistarum
905 917 1046 951 deliria:

60 968 216 1003 breviter
247 966 313 1014 (ne
343 968 445 1012 plura
476 980 602 1011 genera
635 976 806 1002 sectarum
837 975 942 1013 atque
965 979 1047 1012 par-

59 1020 148 1054 tium
171 1019 416 1053 distractarum
441 1018 661 1064 enumerem)
679 1017 735 1058 hi,
765 1031 852 1064 quos
868 1020 974 1052 modo
993 1019 1048 1052 di-

59 1071 112 1111 xi,
147 1082 268 1103 omnes
298 1071 526 1115 quantumvis
557 1070 710 1113 graviter
739 1071 832 1104 inter
857 1082 892 1103 se
917 1071 959 1103 de
984 1070 1048 1103 do-

61 1122 173 1155 ctrina
197 1121 460 1158 dissentientes,
490 1128 606 1154 tamen
629 1128 794 1164 arrogant
818 1121 887 1155 sibi
903 1121 1046 1155 titulum

59 1171 235 1206 Ecclesiae
252 1179 286 1205 et
305 1173 427 1216 populi
447 1171 524 1206 Dei.

162 1229 263 1263 Hanc
282 1230 537 1274 deplorandam
557 1229 897 1270 dissimilitudinem,
925 1236 955 1262 et
975 1240 1047 1261 sae-

60 1292 138 1313 vam
163 1281 449 1314 dilacerationem
473 1278 582 1313 huius
605 1281 783 1324 corporis,
809 1282 903 1324 quod
930 1280 1047 1312 nomi-

60 1339 166 1365 natur
180 1329 354 1372 Ecclesia,
382 1343 459 1364 cnm
486 1329 648 1363 homines
670 1332 873 1368 intuentur,
901 1329 1046 1374 plurimi

60 1388 151 1415 certe
164 1379 385 1414 horribiliter
400 1381 641 1421 offenduntur,
665 1381 823 1425 adeoque
834 1381 1047 1423 perturban-

57 1439 132 1472 tur,
160 1439 198 1465 ut
220 1432 386 1466 fluctibus
408 1432 670 1465 dubitationum
695 1432 851 1475 oppressi
868 1437 1047 1476 nequeant

59 1483 254 1516 diiudicare
278 1494 338 1516 seu
364 1489 532 1523 statuere,
561 1483 603 1515 ad
624 1494 730 1527 qnam
750 1480 873 1516 harum
893 1482 1045 1526 partium

59 1533 131 1567 sive
141 1540 312 1567 sectarum
326 1534 516 1576 adiungere
529 1545 563 1566 se
575 1534 738 1573 debeant,
758 1545 819 1566 seu
832 1533 924 1578 quod
938 1544 1047 1576 genus

57 1585 239 1618 doctrinae
257 1585 405 1617 debeant
423 1585 599 1628 amplecti.
655 1584 763 1617 Multi
780 1596 922 1628 prorsus
937 1596 954 1616 a
970 1583 1046 1617 Deo

57 1636 244 1678 deficiunt,
280 1643 482 1679 propterea,
520 1636 614 1680 quod
647 1635 819 1678 cogitant,
852 1645 972 1667 omnes
1003 1635 1046 1666 de

57 1686 229 1729 religione
247 1686 504 1720 controversias
521 1686 652 1730 pariter
668 1686 829 1725 incertas,
854 1685 1047 1727 ambiguas,

56 1737 259 1783 perplexas,
300 1743 333 1770 et
365 1736 624 1770 inextricabiles
654 1747 745 1776 esse,
777 1735 927 1779 proinde
958 1735 1047 1768 fiunt

56 1789 243 1830 insigniter
269 1788 430 1831 profani,
457 1787 573 1827 efferi,
601 1786 783 1831 Cyclopici
811 1792 1046 1820 contemtores

54 1837 141 1876 Dei,
169 1845 201 1871 et
218 1838 331 1881 palam
352 1835 542 1882 Epicurei,
570 1840 631 1870 seu'
646 1835 768 1871 Athei.

159 1904 280 1948 Quid?
307 1906 401 1949 quod
428 1903 605 1938 Pontificii
635 1916 695 1937 seu
722 1903 886 1949 Papistae
910 1916 1046 1937 accom-

55 1957 202 1991 modant
227 1955 294 1989 sibi
321 1955 526 1999 plausibiles
550 1962 584 1989 et
609 1955 782 1998 gloriosos
804 1955 926 1988 titulos
943 1962 1046 2000 atque

54 2006 277 2052 praetextus?
310 2006 469 2040 iactitant
498 2018 534 2040 se
561 2013 680 2040 tenere
708 2006 924 2039 ordinariam
948 2014 1045 2050 pote-

54 2065 178 2093 statem
203 2058 241 2090 in
263 2058 481 2091 successione
499 2057 667 2091 continua
688 2069 748 2090 sen
769 2063 935 2101 perpetua
953 2057 1046 2090 mul-

54 2117 172 2144 torum
196 2108 415 2148 seculorum,
449 2114 626 2142 ostentant
651 2108 924 2142 concinnitatem
951 2120 1045 2141 cere-

54 2159 272 2200 moniarum,
305 2158 569 2192 distinctionem
602 2161 774 2203 graduum
807 2166 840 2192 et
866 2171 1044 2192 sacrorum

55 2211 242 2250 ordinum,
277 2209 434 2253 pulcram
467 2210 619 2255 deniqne
650 2209 799 2254 speciem
829 2210 1045 2254 spectaculo-

55 2273 156 2301 rum,
191 2260 508 2304 supplicationum,
541 2272 602 2293 seu
627 2272 837 2305 pomparum
863 2260 1045 2303 religiosa-

54 2324 152 2354 rum,
179 2319 211 2346 et
229 2312 379 2346 aliarum
398 2311 694 2345 constitutionum
711 2311 1034 2345 ecclesiasticarum.

157 2377 204 2413 At
229 2377 483 2422 Anabaptistae
516 2378 628 2412 multo
659 2377 817 2412 inflatius
842 2378 1046 2422 praedicant

54 2428 313 2466 enthusiasmos
339 2435 371 2462 et
397 2429 535 2462 afflatus
552 2429 711 2469 divinos,
739 2428 952 2473 capiuntque
968 2429 1046 2461 ani-

54 2493 131 2516 mos
153 2479 340 2514 hominum
361 2481 564 2524 prodigiosa
593 2480 818 2514 simulatione
841 2481 1046 2521 sanctitatis,

54 2530 265 2568 humilitatis
284 2531 532 2575 etpatientiae.

154 2591 223 2625 Hic
253 2602 391 2624 necesse
423 2597 473 2624 est
506 2591 597 2624 veris
628 2590 868 2625 fundamentis
891 2591 1044 2630 innixos,

55 2643 162 2676 fultos
188 2650 220 2676 et
243 2648 455 2675 sustentatos
481 2641 639 2685 piorum,
673 2655 734 2677 seu
759 2640 1043 2677 Christianorum

56 2694 192 2728 animos
209 2700 327 2727 tenere
348 2690 438 2726 hanc
454 2693 591 2726 firmam
609 2694 887 2728 consolationem
899 2720 907 2735 ,
935 2700 968 2727 et
985 2693 1043 2726 fir-

445 115 838 154 ANNOTATIONES
866 115 932 153 ET
960 114 1239 153 CONCIONES
1269 116 1317 152 ΙΝ
1344 115 1528 155 EVANG.
1558 119 1833 157 MATTHAEI.

2015 122 2087 157 782

1101 202 1257 235 missima
1290 205 1490 238 assensione
1521 212 1688 239 statuere:
1729 208 1842 252 quod,
1884 218 2085 254 quanquam

1102 253 1232 287 multae
1253 254 1520 289 dilacerationes
1537 257 1644 289 sactae
1661 265 1760 298 sunt,
1784 265 1817 292 et
1834 270 1928 292 nunc
1946 270 2086 303 quoque

1102 353 1331 396 distrahitur,
1358 358 1475 389 tamen
1492 355 1587 390 Deus
1612 358 1649 390 in
1671 365 1766 392 tanta
1785 361 1992 394 confusione
2008 360 2086 404 opi-

1101 406 1270 446 nionum,
1305 418 1342 439 ac
1372 407 1573 441 turbatione
1605 408 1653 451 pii
1677 420 1886 452 consensus,
1919 417 2087 455 perpetuo

1100 457 1167 490 sibi
1190 457 1331 500 colligat
1354 464 1387 491 et
1411 465 1524 491 servet
1550 458 1587 490 in
1612 470 1736 502 genere
1761 458 1915 495 humano
1933 463 2087 506 aliquam

1101 519 1216 541 veram
1236 515 1269 541 et
1286 515 1463 541 aeternam
1484 507 1688 545 Ecclesiam.
1741 509 1930 555 Propterea
1951 524 2088 545 necesse

1101 566 1169 599 est,
1195 556 1416 592 Christianos
1434 561 1699 604 circumspicere
1715 573 1753 594 ac
1771 563 1877 603 scire,
1905 574 2088 607 quaenam,

1101 610 1233 654 qualis,
1261 617 1294 644 et
1316 611 1376 643 ubi
1399 611 1443 644 sit
1461 609 1634 652 Ecclesia,
1664 612 1701 644 in
1724 625 1795 657 quo
1816 618 1935 652 coetu,
1964 614 1998 645 in
2019 625 2088 657 qua

1100 661 1285 704 societate,
1316 661 1502 703 colligatur
1525 669 1662 696 aeterna
1688 661 1885 697 haereditas
1908 664 1980 696 filio
2005 664 2089 703 Dei,

1101 712 1137 744 in
1162 724 1231 755 quo
1256 724 1403 756 corpore
1426 712 1497 746 sint
1519 725 1600 745 vera
1625 720 1659 747 et
1685 714 1763 747 viva
1781 715 1937 748 membra
1954 712 2089 749 Christi

1101 769 1132 796 et
1151 760 1345 803 Ecclesiae,
1372 763 1555 804 videlicet,
1583 763 1620 795 in
1645 776 1684 797 eo
1710 773 1828 806 coetu,
1855 778 1915 798 seu
1944 777 2089 809 corpore

1101 813 1344 858 (quantumvis
1366 814 1527 859 squalido
1554 820 1588 847 et
1610 814 1742 861 lacero)
1761 816 1798 847 in
1817 828 1886 861 quo
1905 824 2005 850 sonat
2022 828 2089 849 vox

1100 876 1202 897 verae
1220 865 1401 898 doctrinae
1421 865 1644 909 incorrupta,
1672 877 1737 899 nec
1753 867 1994 900 defenduntur
2010 879 2090 910 per-

1101 915 1263 949 tinaciter
1280 916 1386 957 idola,
1414 924 1446 950 et
1463 927 1598 949 errores
1615 923 1810 960 pugnantes
1828 929 1907 951 cum
1925 929 2008 950 voce
2026 917 2090 949 filii

1100 965 1185 1006 Dei,
1214 967 1511 1011 quemadmodum
1539 966 1716 1001 Dominus
1745 968 1912 1010 affirmat,
1941 966 2090 1002 lohann.

1106 1018 1176 1052 10.:
1207 1016 1304 1050 Oves
1326 1030 1422 1051 meae
1446 1029 1566 1050 vocem
1590 1030 1704 1052 meam
1722 1020 1893 1060 audiunt,
1919 1026 1984 1054 etc.
2038 1017 2091 1052 Ac

1101 1068 1176 1101 sine
1196 1069 1268 1101 nlla
1288 1068 1510 1101 dubitatione
1527 1076 1766 1112 persecutores
1786 1082 1888 1103 verae
1907 1070 2090 1104 doctrinae

1101 1127 1204 1164 atque
1222 1119 1422 1152 defensores
1443 1118 1635 1157 ldolornm,
1664 1121 1891 1164 quantumvis
1908 1121 2091 1154 venditent

1102 1182 1136 1202 se
1169 1170 1350 1213 plausibili
1373 1177 1407 1204 et
1432 1170 1524 1202 bella
1551 1170 1663 1213 specie
1690 1172 1920 1205 successionis
1943 1172 2090 1205 ordina—

1101 1221 1184 1259 riae,
1209 1221 1422 1263 elegantium
1440 1222 1731 1263 ceremoniarum,
1758 1223 1995 1256 distinctionis
2011 1234 2091 1266 gra-

1101 1274 1211 1304 duum
1244 1279 1275 1304 et
1299 1271 1566 1311 exercitiorum,
1600 1273 1829 1317 quantumvis
1850 1275 1952 1307 etiam
1979 1274 2089 1306 simu-

1101 1323 1174 1355 lent
1199 1322 1362 1364 pietatem
1387 1322 1541 1364 gestibus
1564 1324 1734 1361 externis,
1768 1325 2002 1358 clamitantes:
2032 1322 2090 1357 Ah

1101 1372 1253 1405 Domine
1278 1371 1393 1409 Deus,
1436 1384 1456 1405 o
1479 1371 1634 1406 Domine
1658 1372 1834 1415 Domine,
1876 1382 1938 1409 etc.
1974 1382 2090 1407 tamen

1101 1435 1321 1467 nequaquam
1349 1430 1431 1457 sunt
1454 1423 1611 1457 membra
1641 1424 1764 1469 populi
1782 1423 1849 1458 Dei
1867 1433 1899 1459 et
1917 1426 2008 1459 cives
2024 1425 2092 1458 Ec—

1100 1474 1224 1506 clesiae
1241 1471 1385 1507 Christi.

1203 1524 1444 1566 Quamobrem
1457 1537 1520 1558 nec
1533 1525 1704 1568 elegantia
1717 1526 2008 1569 ceremoniarum,
2028 1540 2091 1561 nec

1100 1575 1271 1608 autoritas
1294 1575 1363 1608 loci
1383 1572 1576 1615 ordinarii,
1604 1588 1668 1609 nec
1684 1577 1852 1621 splendor
1867 1590 2091 1622 pomparum,

1100 1627 1377 1670 spectaculorum
1391 1654 1400 1667 ,
1433 1627 1749 1671 supplicationum,
1776 1640 1989 1672 quemquam
2006 1641 2092 1662 con-

1099 1677 1217 1710 turbet
1240 1683 1300 1709 aut
1321 1684 1477 1717 moveat,
1505 1684 1543 1710 ut
1567 1678 1775 1711 adversariis
1799 1679 1875 1722 piae
1897 1680 2092 1720 doctrinae,

1101 1727 1327 1771 pertinaciter
1356 1727 1451 1760 idola
1486 1728 1686 1767 tuentibus,
1719 1729 1773 1761 vel
1800 1730 2012 1764 assentiatur
2036 1732 2090 1764 vel

1101 1778 1302 1822 applaudat.
1355 1777 1424 1812 Sed
1457 1779 1586 1821 singuli
1619 1791 1737 1811 veram
1763 1781 1980 1821 doctrinam,
2016 1782 2091 1815 sine

1101 1828 1309 1872 corruptelis
1346 1829 1516 1872 amplexi,
1555 1828 1708 1863 fideliter
1746 1837 1852 1875 atque
1891 1839 2090 1866 constanter

1100 1879 1320 1919 custodiant,
1354 1879 1607 1920 confiteantur,
1641 1887 1672 1913 et
1698 1886 1846 1926 utraque
1870 1894 1996 1923 mann,
2030 1895 2091 1918 seu

1099 1930 1217 1974 potius
1237 1936 1311 1963 toto
1327 1937 1486 1974 pectore,
1515 1930 1700 1964 retineant.

1201 1979 1388 2013 Caeterum
1414 1992 1488 2014 non
1506 1981 1650 2022 exiguus
1668 1988 1718 2014 est
1736 1994 1905 2017 numerus
1923 1981 2090 2029 hypocri—

1099 2038 1214 2065 tarum
1231 2032 1335 2064 etiam
1354 2032 1390 2063 in
1411 2032 1541 2065 nostris
1557 2030 1742 2076 Ecclesiis‚
1773 2033 1810 2066 in
1828 2035 1958 2078 quibus
1972 2042 2090 2069 tamen

1098 2082 1164 2116 Dei
1192 2081 1360 2115 beneficio
1381 2095 1447 2115 vox
1463 2081 1645 2124 Evangelii
1664 2091 1763 2117 sonat
1781 2085 2001 2129 incorrupta:
2030 2089 2089 2120 sed

1099 2140 1223 2167 notum
1239 2133 1285 2167 sit
1300 2133 1501 2168 discrimen.
1556 2133 1696 2177 Singuli
1715 2135 1820 2175 enim,
1841 2148 1991 2180 quorum
2012 2149 2089 2170 cor-

1099 2185 1142 2217 da
1167 2184 1324 2217 sentiunt
1348 2196 1448 2218 veros
1471 2197 1619 2229 pavores
1645 2197 1683 2218 ac
1705 2186 1862 2226 dolores,
1897 2187 2013 2229 agnita
2037 2188 2089 2221 ira

1098 2233 1165 2268 Dei
1183 2235 1350 2268 adversus
1368 2243 1546 2279 peccatum
1559 2263 1566 2277 ,
1595 2243 1627 2269 et
1642 2248 1762 2269 rursus
1779 2236 1979 2279 eriguntur,
2003 2251 2088 2272 con-

1099 2292 1268 2330 ceptaque
1289 2287 1530 2320 consolatione
1554 2287 1753 2320 liberantur
1774 2299 1812 2320 ex
1831 2288 2015 2322 doloribus
2032 2290 2087 2322 in-

1098 2337 1254 2369 ferorum
1281 2337 1540 2382 acquiescentes
1563 2337 1690 2370 fiducia
1714 2335 1847 2371 Christi
1867 2337 2088 2381 hiematuris,

1099 2394 1203 2433 atque
1222 2387 1268 2421 ita
1287 2385 1416 2422 habent
1436 2388 1536 2421 initia
1555 2387 1793 2432 poenitentiae
1810 2401 1870 2423 seu
1888 2391 2088 2425 conversio-

1098 2438 1153 2471 nis
1185 2439 1227 2471 ad
1253 2438 1386 2478 Deum,
1422 2436 1460 2470 hi
1491 2438 1648 2472 universi
1675 2438 1853 2484 (inquam)
1885 2448 1978 2474 certo
2006 2449 2088 2476 sunt

1098 2489 1161 2522 filii
1179 2487 1262 2530 Dei,
1290 2487 1458 2522 haeredes
1483 2496 1644 2523 aeternae
1662 2490 1804 2530 salutis,
1832 2498 1865 2524 et
1884 2491 1961 2524 viva
1979 2504 2087 2526 mern-

1098 2540 1160 2573 bra
1201 2553 1302 2573 verae
1339 2539 1515 2574 Ecclesiae
1554 2538 1707 2579 Christi,
1757 2541 1837 2585 qui,
1886 2554 2088 2587 quanquam

1098 2602 1176 2625 suas
1199 2588 1331 2625 habent
1357 2590 1578 2625 infirmitates
1602 2603 1665 2624 nec
1683 2591 1841 2633 exiguas,
1867 2599 1899 2625 et
1915 2594 2089 2638 multipli-

1098 2654 1170 2682 ces,
1197 2650 1313 2676 tamen
1340 2642 1439 2675 nullo
1463 2643 1570 2676 modo
1596 2649 1679 2675 sunt
1703 2642 1739 2675 in
1765 2643 1927 2677 societate
1944 2652 2004 2679 aut
2021 2657 2089 2679 nu-

1098 2705 1194 2727 mero
1224 2705 1298 2727 non
1328 2700 1530 2727 renatorum
1564 2705 1624 2726 seu
1655 2693 1865 2728 reiectorum
1890 2692 2088 2740 hypocrita-
