2409 2915
79 127 152 163 789
349 128 432 163 xlt.

78 226 119 248 ac
143 213 233 247 velle
256 213 361 247 nobis
388 212 570 258 opitulari.

77 263 165 299 haec
183 265 276 299 bona
288 289 298 304 ‚
326 271 387 298 aut
405 264 484 310 quis
501 275 580 297 eum
600 262 799 303 invocaret,
827 263 895 296 nisi
919 264 1075 309 exempla

79 322 195 350 essent
209 315 415 360 proposita?
459 313 578 348 Etiam
594 325 674 347 cum
693 313 841 356 legimus
860 321 893 348 et
911 316 1076 348 audimus

79 364 166 401 haec
182 367 353 411 exempla,
380 378 420 399 ac
436 365 638 399 testimonia
654 364 767 398 oculis
782 365 938 399 subiecta
957 379 1074 399 coram

80 417 281 458 intuemur,
313 425 433 452 tamen
455 423 551 449 tanta
578 423 629 449 est
653 415 839 449 infirmitas
865 424 1001 458 nostra,
1036 425 1074 451 ut

485 122 880 163 ANNOTATIONES
907 124 974 161 ET
1002 124 1286 164 CONCIONES
1315 128 1364 164 ΙΝ
1390 129 1574 168 EVANG.
1602 133 1882 170 MATTHAEL

2055 141 2127 175 790

631 209 722 254 Quis
754 218 915 246 nostrum
944 220 1077 256 peteret
1102 206 1106 256 Ι
1126 213 1182 246 vet
1201 213 1329 248 fiducia
1349 222 1430 249 tuae
1447 217 1648 261 dignitatis,
1674 222 1862 256 munditiei
1880 230 1913 257 et
1929 226 2124 262 sanctitatis

1102 276 1104 300 l
1124 265 1168 296 ad
1187 264 1304 297 Deum
1331 268 1495 308 accedas,
1529 269 1582 301 vel
1608 277 1704 304 metu
1732 280 1954 316 peccatorum
1977 283 2121 312 tuorum

1101 314 1103 356 J
1123 314 1237 348 Deum
1255 316 1384 358 fugias:
1421 319 1481 350 sed
1499 326 1537 352 ut
1554 321 1590 352 in
1608 333 1688 354 vera
1708 326 1938 359 conversione
1954 339 2120 371 agnoscas

1100 403 1101 408 ¹
1123 372 1200 399 tuas
1217 367 1339 400 sordes
1356 374 1388 400 et
1406 376 1541 411 peccata
1555 397 1563 409 ‚
1591 377 1624 403 et
1649 373 1769 406 credas
1794 387 1832 408 ac
1856 385 1950 411 certo
1977 387 2106 414 statuas

1100 418 1101 421 ’
1123 413 1219 450 hunc
1232 416 1398 450 Messiam
1419 428 1563 462 propter
1579 418 1668 454 banc
1688 422 1798 465 ipsam
1814 439 1951 460 causam
1970 409 2118 471 venisse:

79 468 296 514 trepidemus
318 479 358 500 ac
380 467 600 506 dubitemus,
635 478 679 498 an
710 467 875 500 invocare
902 467 1015 501 Deum
1041 476 1074 502 et
1099 462 1101 468 Α

1098 524 1154 552 *et
1178 519 1228 552 eis
1253 519 1468 563 opituletur,
1506 522 1610 556 sicuti
1638 536 1721 557 voce
1747 536 1806 558 sua
1834 534 1994 562 testatur:
2032 531 2113 566 Non

78 527 197 565 petere
214 518 384 552 auxilium
400 518 445 565 ab
463 518 539 561 ipso
557 518 756 551 debeamus.
794 517 939 560 Quanto
960 519 1073 552 maior

81 577 117 605 et
134 569 269 604 tristior
284 569 402 602 futura
420 575 506 602 esset
525 567 720 609 dubitatio,
748 569 814 601 nisi
833 576 904 602 tam
923 570 1072 603 illustri-
1096 573 1098 598 5

81 622 149 655 bus
189 619 356 664 exemplis
393 619 583 663 propositis
618 626 774 652 nostram
811 619 1070 654 invocationem
1095 601 1099 666 i

77 670 174 706 Deus
199 670 273 715 ipse
299 670 496 713 flagitaret?

74 874 242 908 omnibus
272 874 430 907 consiliis
462 881 495 907 et
526 874 710 918 periculis,
756 874 1002 916 spiritualibus
1035 883 1068 909 et

73 925 337 970 corporalibus,
365 933 522 968 petamus
548 932 581 958 et
606 931 853 968 exspectemus,

71 973 159 1010 haec
180 977 273 1010 bona
297 977 416 1009 omnia
441 977 608 1020 petenda,
650 973 902 1019 comprehensa
935 977 971 1008 in
1004 975 1067 1010 ltac

72 1039 145 1061 una
168 1027 289 1070 regula
318 1027 381 1060 filii
409 1027 488 1061 Dei·r
528 1025 654 1060 Venite
679 1029 721 1058 ad
746 1038 802 1058 me
828 1039 970 1068 omnes,
1005 1029 1066 1072 qui
1089 1050 1090 1053 =

72 1078 242 1113 laboratis
257 1085 292 1112 et
306 1078 443 1112 onerati
459 1077 538 1111 estis
551 1105 559 1118 ‚
589 1089 651 1121 ego
667 1077 819 1110 reficiam
839 1089 910 1112 vos.

485 1170 654 1197 obiectio.

175 1234 218 1268 ln
242 1232 307 1268 hac
332 1234 406 1278 ipsa
432 1234 671 1267 consolatione
693 1244 792 1265 mens
818 1232 984 1275 languida
1009 1231 1065 1263 in—
1088 1258 1089 1261 ,

71 1285 233 1331 terpellat
250 1285 524 1324 invocationem,
546 1284 728 1327 inquiens:
756 1281 861 1315 Nulla
880 1290 930 1315 est
946 1282 1064 1324 digni—
1087 1312 1089 1318 ,

71 1344 124 1370 tas
143 1349 238 1377 mea,
275 1335 375 1369 nulla
401 1335 538 1369 merita.
596 1333 664 1366 Hic
688 1334 846 1377 leprosus
870 1340 903 1366 et
927 1333 1064 1372 caeteri,

69 1387 200 1432 quibus
229 1387 425 1430 opitulatur
449 1382 629 1422 Christus,
671 1395 732 1416 sua
768 1383 894 1426 pietate
927 1390 1061 1416 tantam

69 1437 323 1481 benignitatem
348 1436 596 1479 impetrarunt.
647 1432 722 1477 Ego
740 1434 908 1477 indignus
925 1446 989 1467 nec
1006 1434 1062 1466 in-

68 1500 196 1522 vocare
219 1499 284 1521 nec
308 1487 471 1520 accedere
488 1487 532 1519 ad
549 1484 663 1518 Deum
683 1496 836 1529 possum.
889 1484 957 1518 llic
975 1497 1060 1517 con-

68 1546 206 1584 spectus
229 1546 452 1582 peccatorum
469 1549 508 1571 ac
523 1536 680 1571 sordium
703 1543 927 1579 nostrarum,
959 1548 1060 1580 prae-

68 1591 212 1635 cipuum
230 1589 524 1633 impedimentum
543 1594 594 1621 est
610 1599 710 1620 verae
726 1587 971 1620 invocationis.
1015 1586 1061 1620 Et

19 1653 22 1656 ·
68 1641 142 1675 sola
159 1639 345 1684 Evangelii
363 1639 532 1682 sapientia
550 1640 668 1678 docet,
696 1651 763 1683 qua
778 1638 905 1671 fiducia
925 1645 959 1671 et
975 1650 1060 1670 con-

67 1692 242 1726 solatione
258 1691 354 1725 filius
372 1689 440 1723 Dei
456 1689 632 1723 Dominus
650 1696 770 1722 noster
789 1688 885 1721 lesus
898 1686 1061 1721 Christus

67 1743 335 1787 compellandus
351 1741 407 1776 sit.
460 1739 513 1773 Ac
530 1741 674 1773 fuerunt
691 1746 775 1772 tunc
792 1751 932 1783 qnoque
950 1739 1061 1772 multa

68 1793 182 1826 millia
198 1799 440 1836 aegrotorum,
466 1802 555 1835 quos
576 1791 716 1823 eaedem
741 1790 970 1833 cogitationes
992 1790 1059 1822 im-

65 1843 297 1889 pediverunt,
330 1854 402 1888 quo
426 1841 546 1874 minus
567 1842 611 1874 ad
634 1837 816 1874 Christum
842 1841 1058 1881 accederent,

66 1906 156 1940 quae
170 1894 275 1927 nobis
289 1893 427 1927 miseris
445 1889 652 1925 hominibus
674 1892 904 1935 obstrepunt,
932 1892 1057 1925 vndeli-

65 1953 132 1980 cet:
166 1944 242 1980 Cur
257 1945 382 1979 accedo
397 1944 440 1977 ad
458 1940 554 1976 hunc
571 1942 776 1976 doctorem?
805 1955 867 1975 cur
892 1949 970 1986 peto
995 1955 1058 1975 au-

65 1996 214 2031 xilium?
245 1995 334 2031 Cum
359 2002 476 2029 tantae
495 1994 566 2027 sint
590 2005 687 2027 meae
702 1994 842 2036 sordes,
870 2001 902 2027 et
919 2002 1056 2037 peccata

66 2055 137 2082 tam
157 2047 306 2088 atrocia,
333 2046 489 2080 dimittet
506 2045 730 2078 invocantem
747 2057 827 2077 cum
851 2045 1058 2088 ignominia,

65 2105 127 2132 aut
140 2099 366 2141 obiurgatum
390 2097 559 2141 depellet,
594 2096 697 2130 sicuti
720 2095 912 2140 discipulos
935 2096 1057 2129 obiur-

65 2157 122 2194 gat
145 2149 351 2194 aliquoties,
394 2149 522 2181 frustra
548 2155 691 2180 conatos
717 2147 848 2179 imitari
876 2147 1057 2187 miracula,

65 2200 194 2246 quibus
209 2207 309 2233 erant
333 2199 485 2243 impares
508 2206 571 2232 etc.
626 2197 776 2231 Talibus
793 2197 1056 2241 impedimentis

65 2251 150 2285 fidei
172 2259 206 2286 et
228 2250 463 2284 invocationis
481 2260 702 2294 opponamus
718 2261 837 2281 vocem
855 2247 1054 2292 Evangelii,

65 2310 100 2337 et
115 2301 199 2337 haec
216 2302 290 2346 ipsa
309 2300 526 2340 testimonia,
561 2312 649 2344 quae
675 2311 793 2332 veram
815 2306 848 2332 et
874 2299 1055 2333 indubita-

66 2363 136 2389 tam
152 2353 430 2388 consolationem
449 2357 661 2385 monstrant.
874 2384 877 2385 ⁷

170 2404 341 2450 Sequitur
379 2415 460 2446 ergo
504 2404 605 2436 tertia
646 2413 747 2434 causa
793 2401 1056 2442 miraculorum,

65 2456 159 2503 quod
179 2456 342 2490 videlicet
364 2463 446 2489 sunt
469 2454 626 2497 exempla
644 2452 890 2496 applicationis
907 2453 1055 2495 promis-

67 2509 226 2546 sionum,
261 2519 351 2552 quae
374 2508 522 2545 docent,
557 2505 736 2550 qtmmodo
758 2501 1054 2546 apprehvndenda

66 2561 111 2593 sit
141 2557 347 2603 promissio,
386 2565 419 2590 et
449 2558 628 2602 quomodo
659 2554 839 2587 excitanda
865 2567 903 2587 ac
928 2555 1056 2588 confir-

69 2611 196 2644 manda
214 2621 329 2649 mens,
357 2609 525 2642 accedens
546 2608 589 2640 ad
609 2604 704 2639 bunc
722 2605 915 2639 Dominum
943 2613 975 2640 et
995 2618 1056 2650 pe..

69 2669 145 2694 tens
160 2660 344 2694 auxilium.
393 2658 580 2702 Obstrepit
595 2657 761 2691 omnibus
779 2657 882 2689 nobis
899 2656 1056 2700 indigni-

556 672 649 704 Sunt
671 670 779 712 igitur
800 671 941 704 recitata
963 672 1069 704 mira·
1094 671 1097 719 ζ

76 722 176 779 ⁰⁰¹³?
202 721 394 779 etquidem
416 721 586 805 illggiria’
613 718 724 805 Utdhkis
747 722 915 805 exlg'plis
940 723 1067 755 confir·
1093 721 1096 778 i
1117 749 1308 781 certamine
1323 751 1538 793 proponitur
1556 751 1592 784 in
1611 750 1665 785 his
1684 754 1798 787 testim
1827 769 1835 787 t
1853 756 1875 788 i'

75 779 163 806 matt
181 780 214 806 et
229 779 368 806 excitati
388 785 453 805 con
508 780 606 806 enter
625 785 642 805 a
699 784 780 805 tunc
831 774 990 805 ominum
1033 786 1095 806 er:
1138 799 1145 804 .
1203 798 1215 805 s
1266 800 1273 806 .
1401 801 1406 806 .
1471 802 1477 807 .
1628 803 1634 809 .
1803 770 1846 788 ⁰¹
1868 770 1906 792 ¹⁵·

74 823 179 858 fidem
207 823 319 867 ipsius
345 825 571 861 accedamus,
608 830 641 856 et
664 823 833 856 auxilium
860 825 904 857 ab
931 786 1067 867 ipsopin
1092 846 1093 858 ἵ
1116 806 1162 832 cit
1187 797 1350 834 thrlstus
1374 804 1564 834 discrimen
1588 815 1818 848 miserorum,
1852 809 1912 852 qui
1938 813 2108 847 auxilium

1121 474 1159 500 ut
1176 476 1275 502 vocet
1293 476 1490 511 peccatores
1505 472 1547 503 ad
1567 472 1830 515 poenitentiam,
1859 479 2004 522 recipiat
2022 482 2115 524 ipsos

1120 570 1202 602 veui
1229 582 1355 603 vocare
1379 571 1510 613 iustos,
1550 574 1610 606 sed
1643 583 1857 619 peccatores,
1899 587 1936 613 ut
1967 595 2112 617 conver-

1121 627 1252 657 tantur.

1219 696 1314 731 Haec
1340 699 1430 732 lucta
1450 699 1531 733 fidei
1549 707 1582 734 et
1600 701 1747 736 victoria
1766 703 1802 736 in
1823 712 1892 739 tam
1912 709 2109 751 periculoso

1959 759 2039 794 Non
2057 765 2109 796 sa-

1092 851 1159 882 ¹ab
1192 850 1268 894 ipso
1304 859 1448 895 petunt,
1489 854 1547 885 sed
1585 855 1779 899 aequaliter
1815 870 1936 893 omues
1973 865 2109 908 recipit,

906 925 1068 970 Suntque
1090 953 1092 963 ,

1115 908 1289 946 quotquot
1304 904 1345 935 ad
1366 903 1480 946 ipsum
1498 904 1730 948 confugiunt,
1759 906 1924 947 ludaeos„
1952 912 2107 948 Samari-

1089 965 1091 984 :
1114 959 1232 992 tanos,
1259 951 1450 992 Ethnicos,
1479 954 1575 987 viros
1594 953 1760 990 honestos
1784 966 1817 991 et
1843 962 2007 997 mulieres
2034 979 2107 999 me-

1082 2642 1085 2689 i
1109 2658 1246 2691 illustre
1276 2660 1472 2701 exemplum
1498 2660 1576 2692 fidei
1604 2662 1770 2696 omnibus
1793 2667 1836 2699 sit
1860 2671 1983 2703 notissi

1114 1004 1269 1037 retrices.
1325 1003 1489 1038 Afferunt
1508 1003 1543 1038 hi
1564 1019 1686 1039 omnes
1703 1010 1743 1040 ad
1765 1009 1878 1052 ipsum
1896 1024 2031 1056 peccata
2050 1020 2105 1051 vel

1114 1054 1253 1097 publice
1285 1063 1387 1093 nota,
1429 1056 1482 1088 vel
1514 1057 1697 1091 manifesta
1720 1072 1802 1092 suae
1828 1063 1997 1109 cuiusque
2021 1081 2106 1102 con-

1114 1104 1291 1140 scientiae.
1344 1105 1415 1139 Nec
1432 1108 1584 1149 postulat
1602 1121 1618 1140 a
1636 1109 1765 1143 talibus
1780 1111 1875 1145 aliud
1894 1128 1998 1160 quam
2019 1132 2105 1152 con-

1115 1156 1325 1197 versionem,
1355 1170 1392 1189 ac
1409 1158 1524 1195 fidem,
1553 1171 1620 1202 qua
1640 1167 1795 1194 statuant
1811 1160 1906 1198 hunc
1923 1170 2104 1204 doctorem

1114 1219 1132 1239 a
1151 1207 1229 1239 Deo
1248 1208 1412 1248 missum,
1445 1215 1478 1240 et
1495 1207 1662 1242 Messinm
1690 1224 1781 1251 esse,
1818 1215 1877 1258 qui
1903 1229 2011 1260 genus
2036 1219 2104 1255 hu-

1114 1269 1258 1289 manum
1279 1259 1423 1302 recipiat
1440 1271 1478 1291 ac
1499 1260 1627 1299 salvet,
1670 1263 1800 1308 quique
1825 1268 1931 1307 possit
1955 1282 1993 1303 ac
2021 1275 2104 1307 velit

1114 1308 1280 1351 opitulari
1305 1309 1341 1340 in
1363 1310 1530 1342 omnibus
1556 1312 1730 1354 periculis.
1793 1313 1888 1350 llaec
1912 1319 2013 1355 initia
2042 1337 2103 1358 ne-

1113 1370 1206 1390 cesse
1238 1366 1288 1392 est
1322 1359 1447 1392 afferre
1478 1373 1620 1402 omnes,
1659 1364 1721 1410 qui
1751 1364 1902 1401 Messiae
1930 1374 2101 1407 „uxilium

1112 1416 1300 1454 quaerunt.
1354 1411 1406 1444 Ac
1425 1418 1506 1444 sunt
1525 1409 1609 1445 llaec
1626 1416 1885 1456 expressissime
1910 1422 2103 1464 significat-‘2

1112 1461 1149 1492 in
1166 1460 1317 1504 imagine
1333 1460 1634 1507 Syrophoenissae
1651 1463 1779 1500 Matth.
1799 1466 1876 1503 15.;
1912 1470 1930 1503 Χ
1945 1475 2016 1508 enit
2035 1476 2103 1509 (Ia-

1111 1523 1244 1544 nanaea
1261 1513 1397 1545 eiulans
1414 1527 1452 1546 ac
1467 1514 1637 1547 clamans:
1673 1515 1843 1552 Miserere
1860 1523 1927 1555 mei
1947 1522 2103 1561 Domine

1111 1562 1161 1594 fili
1183 1560 1318 1601 David,
1361 1564 1433 1597 fitia
1464 1577 1541 1598 mea
1572 1566 1662 1599 male
1688 1576 1833 1602 vexatur
1856 1584 1874 1604 a
1897 1572 2103 1612 Daemonio,

1111 1612 1180 1646 Sed
1203 1614 1385 1647 considera
1415 1627 1504 1659 quae
1530 1617 1651 1649 merita
1678 1619 1825 1653 afferat?
1876 1622 2028 1660 Ethnica
2052 1638 2103 1664 est

1111 1671 1143 1696 et
1159 1664 1314 1697 cultibus
1330 1665 1561 1699 idololatricis
1579 1676 1724 1708 assueta,
1741 1672 1800 1702 sed
1818 1681 1899 1707 sunt
1918 1675 1953 1708 in
1974 1690 2011 1710 ea
2032 1680 2101 1713 ini-

1111 1714 1157 1747 tia
1174 1714 1273 1754 fidei,
1300 1727 1368 1760 qua
1385 1713 1480 1749 hunc
1497 1715 1679 1750 Christum
1703 1724 1861 1762 agnoscit
1889 1733 1922 1759 et
1947 1728 2088 1765 invocat

1112 1764 1285 1798 Dominus
1301 1766 1454 1809 primum
1474 1764 1565 1800 nihil
1586 1772 1794 1812 respondet,
1831 1781 1864 1808 et
1889 1786 2007 1820 postea
2033 1758 2101 1815 du:

1110 1816 1195 1849 riter
1220 1817 1440 1860 obiurgatam
1464 1830 1608 1862 prorsus
1631 1820 1772 1855 videtur
1799 1837 1818 1857 a
1851 1836 1886 1858 se
1917 1832 2086 1874 repellere

1110 1879 1190 1900 cum
1210 1868 1391 1901 caniculae
1408 1880 1483 1901 eam
1506 1878 1695 1914 comparat.
2092 1862 2101 1874 i

1211 1942 1280 1977 Hic
1303 1945 1378 1978 sine
1401 1946 1473 1978 ulla
1497 1946 1718 1982 dubitatione
1745 1950 1845 1986 initia
1869 1954 1968 1997 fidei,
2009 1972 2098 2004 quae

1107 1994 1238 2035 adfert,
1267 2008 1358 2029 nova
1376 1997 1613 2041 trepidatione
1631 2002 1771 2034 concuti
1791 2015 1999 2048 coeperunt:
2037 1990 2097 2045 sed

1107 2044 1263 2089 Spiritus
1280 2054 1437 2088 sanctus,
1464 2048 1525 2092 qui
1548 2048 1647 2083 initia
1675 2051 1734 2084 illa
1758 2054 1839 2087 fidei
1861 2058 2015 2100 primum
2040 2075 2097 2096 ac-

1108 2097 1242 2136 cendit,
1277 2110 1371 2131 nunc
1388 2111 1529 2143 quoque
1546 2100 1582 2132 in
1599 2097 1663 2134 hac
1684 2115 1775 2137 nova
1792 2105 1884 2141 lucta
1901 2121 1976 2143 eam
1997 2113 2098 2146 adin-

1108 2155 1183 2187 vat,
1211 2149 1312 2182 sicuti
1331 2149 1447 2194 inquit
1466 2149 1612 2184 Paulus:
1643 2152 1798 2197 Spiritus
1822 2159 2019 2201 opitulatur
2041 2164 2098 2196 in-

1107 2198 1264 2232 firmitati
1280 2207 1430 2234 nostrae.
1484 2199 1585 2235 Item:
1615 2202 1806 2239 Intercedit
1826 2220 1889 2251 pro
1915 2212 2017 2245 nobis
2038 2227 2096 2257 ge-

1109 2249 1254 2283 mitibus
1277 2250 1589 2286 inenarrabilibus.
1654 2254 1702 2287 lta
1729 2265 1809 2291 sunt
1834 2259 1870 2291 in
1895 2257 1959 2294 bac
1985 2264 2096 2300 Syro-

1109 2297 1294 2343 phoenissa
1313 2303 1446 2345 agnitio
1463 2310 1496 2336 et
1519 2304 1691 2338 consessio
1713 2309 1877 2353 propriae
1903 2303 2096 2358 indignita-

1109 2351 1171 2392 tis,
1195 2359 1229 2386 et
1244 2353 1329 2386 fides
1345 2361 1545 2387 constanter
1570 2362 1689 2398 petens
1713 2364 1746 2391 et
1768 2369 1970 2405 exspectaus
1997 2369 2096 2401 auxi-

1108 2402 1210 2437 lium.
1264 2402 1409 2438 Fatetur
1425 2416 1459 2437 se
1477 2417 1548 2438 esse
1566 2405 1778 2450 caniculam,
1807 2423 1845 2444 ac
1860 2414 1965 2448 micas
2007 2430 2096 2463 quae

1108 2454 1284 2488 debentur
1301 2455 1454 2493 catellis,
1482 2456 1547 2488 sibi
1569 2469 1708 2502 quoque
1724 2461 1799 2493 dari
1826 2443 1991 2505 postumi,
2053 2469 2096 2504 11,

1109 2502 1173 2538 hac
1201 2506 1268 2538 fide
1291 2507 1372 2550 qnia
1405 2515 1622 2548 perseverat,
1663 2510 1833 2555 recipitur
1862 2518 2002 2550 tandem
2062 2530 2096 2556 et

1109 2568 1228 2589 vocem
1247 2555 1431 2601 Evangelii
1449 2557 1573 2591 laetam
1590 2572 1607 2591 a
1626 2557 1768 2594 Cliristo
1787 2566 1928 2609 accipit:
1965 2546 2096 2606 O'mu-

1110 2607 1173 2640 lier
1196 2620 1320 2651 magna
1349 2616 1399 2641 est
1425 2608 1507 2641 fides
1532 2617 1609 2649 tua,
1637 2611 1694 2644 fiat
1713 2613 1776 2646 tibi
1794 2614 1883 2650 sicut
1901 2619 1964 2654 vis.
2018 2620 2096 2658 Hoc

1989 2684 2096 2715 munt,

69 2718 119 2746 tas
139 2718 266 2745 nostra.
319 2709 452 2745 Contra
471 2721 553 2743 vero
569 2710 693 2742 docent
712 2705 794 2741 llaec
812 2708 986 2752 exempla,
1013 2721 1055 2742 ne
1077 2702 1084 2744 ᾗ
1108 2716 1145 2743 ut
1178 2722 1256 2742 cum
1290 2707 1353 2743 liae
1377 2708 1559 2743 cananaea
1585 2711 1695 2745 filium
1719 2713 1782 2748 Dei
1809 2715 2003 2756 Dominum
2031 2737 2095 2759 no-

1501 2761 1582 2795 50·
