2409 2915
60 109 144 146 *961
321 109 403 145 ΧΠ.

172 193 274 228 Hanc
296 196 572 230 consolationem
598 206 670 228 non
693 194 816 228 sinatis
840 195 941 228 vobis
958 194 1059 243 eripi.

463 107 858 145 ANNOTATIONES
883 107 950 145 ET
977 105 1255 145 CONCIONES
1284 107 1335 143 lN
1359 108 1537 145 EVANG.
1568 110 1850 149 MATTHAEI.

2021 120 2095 157 962

1210 191 1282 226 Lex
1304 200 1355 227 est
1378 195 1538 229 doctrina
1555 207 1574 230 a
1591 196 1669 231 Deo
1689 199 1836 241 tradita,
1864 202 2092 248 praecipiens,

69 243 166 278 Haec
204 247 398 280 admonitio
432 245 498 280 hoc
526 253 682 289 tempore
707 246 899 279 necessaria
923 253 992 288 est,
1024 251 1059 279 et.
1111 242 1231 287 quales
1255 255 1320 277 1¹0⁵
1344 256 1417 278 esse
1441 253 1617 289 ΟΡΟΝΘΜ,
1651 256 1683 282 et
1705 250 1789 294 quid
1812 263 1877 285 1¹0⁵
1898 253 2011 288 facere
2034 264 2093 291 aut

67 305 169 340 saepe
190 298 389 341 repetenda,
412 304 445 332 et
460 308 479 330 a
497 295 597 329 vobis
612 307 713 340 saepe
730 296 928 339 cogitanda.

173 354 274 390 Nunc
294 356 398 390 venio
421 356 464 389 ad
489 361 735 398 argumentum
757 353 892 390 Christi
918 356 961 390 de
984 355 1055 390 vita

69 413 145 449 post
161 403 251 439 hanc
270 407 388 440 vitam.

172 462 298 496 Videte
324 475 427 508 quam
452 463 567 497 tristes
589 464 753 497 tenebrae
774 464 906 498 suerint
929 463 966 496 in
990 463 1052 497 illo

69 514 214 556 populo.
267 513 462 547 Sadducaei
481 515 595 558 palam
615 521 831 558 negaverunt
853 515 958 548 vitam
975 521 1053 558 post

68 560 158 596 hanc
176 563 303 604 vitam,
330 570 362 597 et
386 565 635 609 quaesiverunt
663 565 812 598 ridicula
836 571 1052 608 argumenta.

68 611 119 646 lta
138 614 319 648 insaniunt
336 611 515 655 homines,
543 616 684 660 quando
702 616 888 649 discedunt
903 628 920 648 a
943 616 1049 647 verbo

63 661 152 703 Dei,
177 671 211 698 et
233 672 408 709 quaerunt
432 666 498 710 ipsi
523 666 762 699 cavillationes
788 679 850 710 pro
875 667 948 699 suis
972 666 1049 709 opi-

62 713 244 749 nionibus.
284 713 447 749 Christus
465 717 568 750 solvit
586 728 707 750 eorum
725 725 989 760 argumentum,
1016 723 1050 750 et

61 763 148 798 dicit
172 765 210 798 in
233 765 303 799 vita
327 773 467 800 aeterna
491 779 563 800 non
587 767 740 801 futuram
762 768 1047 802 commixtionem

61 814 166 847 talem
178 842 188 857 ,
213 822 254 850 ut.
269 816 306 849 fit
325 817 362 850 in
380 817 544 861 coniugio
562 817 599 850 in
618 815 682 850 hac
699 818 784 852 vita.

112 864 236 900 Postea
260 867 410 911 opponit
424 868 600 911 egregium
616 876 879 911 argumentum:

91 912 93 915 ⁸
161 916 258 950 Deus
281 925 331 951 est
346 916 441 951 Deus
458 919 672 959 viventium,
699 931 771 953 non
790 925 1022 953 mortuorum.

157 965 253 1001 Deus
269 974 319 1001 est
334 967 431 1002 Deus
448 966 623 1004 Abrahae.

159 1015 254 1061 Ergo
273 1016 453 1052 Abraham
473 1019 571 1054 vivit.

106 1074 184 1110 Hoc
213 1084 459 1120 argumentum
491 1077 649 1112 continet
679 1077 853 1121 egregiam
886 1078 1046 1111 consola-

58 1125 212 1168 tionem,
241 1139 314 1161 non
329 1128 443 1161 solum
463 1128 507 1161 de
526 1129 644 1162 futura
668 1128 738 1161 vita
753 1155 761 1168 ‚
787 1130 846 1161 sed
871 1128 974 1162 etiam
1003 1129 1046 1161 de

58 1174 124 1210 hac
142 1178 232 1218 vita,
260 1179 356 1223 quod
383 1179 511 1212 scilicet
525 1178 618 1213 Deus
636 1190 716 1212 vere
740 1186 837 1213 curet
853 1190 936 1219 nos,
964 1179 1045 1224 quia

60 1228 194 1269 dicere,
220 1229 315 1274 quod
332 1228 427 1263 Deus
443 1229 488 1262 sit
504 1228 599 1263 Deus
615 1229 822 1268 viventium,
851 1237 902 1263 est
918 1229 1046 1270 dicere,

59 1279 153 1322 quod
173 1286 288 1319 curet,
318 1281 412 1324 quod
430 1280 641 1320 benefaciat,
668 1287 782 1313 servet
797 1292 867 1320 eos,
890 1292 1043 1324 quorum

59 1340 94 1361 se
112 1330 272 1363 nominat
288 1330 424 1368 Deum,
450 1331 538 1362 sicut
556 1331 592 1362 in
617 1330 731 1373 primo
749 1337 932 1374 praecepto
956 1330 1044 1361 dici-

56 1385 128 1412 tur:
154 1377 230 1422 Ego
245 1391 321 1412 sum
342 1378 516 1413 Dominus
529 1378 624 1413 Deus
648 1387 747 1418 tuus,
776 1381 810 1412 id
836 1386 903 1421 est,
930 1386 963 1413 te
981 1392 1043 1412 cu—

56 1440 157 1467 rans,
185 1430 393 1468 exaudiens,
418 1430 563 1468 iuvans,
591 1441 744 1462 servans.

155 1488 238 1522 Hoc
261 1488 350 1522 bene
376 1488 593 1529 consideres,
621 1495 653 1522 et
676 1489 712 1521 in
736 1495 794 1522 tua
820 1487 1043 1521 invocatione

53 1548 189 1583 semper
207 1539 376 1573 excitetur
391 1539 494 1579 fides,
522 1539 617 1583 quod
635 1538 776 1572 invoces
795 1551 866 1572 non
884 1538 1040 1572 otiosum

53 1587 187 1627 Deum,
226 1589 286 1622 sed
309 1589 369 1633 qui
396 1595 430 1622 te
455 1589 635 1622 verissime
663 1590 739 1623 vult
762 1601 899 1630 curare,
936 1600 1040 1622 exau-

54 1640 148 1681 dire,
174 1640 313 1679 iuvare,
339 1639 491 1688 salvare,
518 1639 548 1672 si
567 1640 678 1673 credis
696 1640 732 1672 in
749 1640 874 1675 filium.

155 1698 338 1734 Caeterum
356 1698 445 1731 bene
461 1698 602 1731 refutati
627 1705 708 1732 sunt
723 1698 937 1744 Sadducaei,
966 1699 1038 1742 ipsa

51 1749 316 1784 resuscitatione
332 1747 485 1790 Christi,
510 1755 544 1783 et
560 1749 709 1782 aliorum
737 1749 929 1783 multorum
942 1776 950 1790 ‚
977 1750 1037 1794 qui

50 1799 246 1835 resuscitati
260 1806 341 1834 sunt
360 1805 391 1833 et
409 1799 586 1844 conspecti
605 1811 624 1833 a
644 1800 777 1834 multis-

100 1871 306 1910 Pharisaei
329 1878 450 1907 autem
480 1864 689 1912 audientes,
725 1872 828 1921 quod
848 1874 1035 1908 silentium

151 1923 380 1973 imposuisset
403 1921 653 1966 Sadducaeis,
680 1930 741 1961 etc.

98 1983 349 2031 Interrogavit
371 1995 447 2018 eum
465 1996 560 2018 unus
573 1995 620 2018 ex
636 1982 686 2018 eis
703 1981 931 2030 Legislalor.

151 2060 348 2096 Audivistis
374 2071 527 2104 pugnam
552 2070 633 2093 cum
649 2057 874 2093 Sadducaeis.
930 2058 1033 2093 Nunc

51 2112 210 2158 sequitur
225 2122 340 2155 pugna
359 2122 437 2142 cum
455 2107 671 2148 pharisaeis,
699 2106 764 2142 hos
782 2121 921 2155 quoque
938 2111 1032 2144 refu-

46 2171 97 2198 tat
115 2170 147 2197 et
166 2161 275 2194 vincit
291 2158 472 2197 Christus,
498 2167 532 2193 et
549 2166 640 2193 taxat
658 2171 779 2193 eorum
805 2161 1029 2204 praecipuum

47 2224 223 2252 errorem,
257 2211 352 2256 quod
382 2210 611 2254 ignorabant,
646 2210 725 2256 quis
756 2216 843 2243 esset
871 2210 1030 2252 Messias,

47 2272 80 2299 ct
97 2275 186 2310 quae
203 2262 273 2296 sint
290 2261 364 2295 eius
383 2273 463 2294 vera
489 2260 674 2301 beneficia,
701 2266 734 2294 et
749 2260 852 2306 quale
869 2261 1026 2294 futurum

47 2322 136 2350 esset
153 2325 311 2357 regnum.
352 2310 398 2345 Et
416 2311 504 2345 sicut
520 2311 716 2344 doctrinam
735 2323 853 2344 veram
871 2311 915 2344 de
931 2310 1028 2345 Mes—

45 2367 97 2401 sia
121 2366 392 2409 ignoraverunt,
425 2363 472 2396 ita
496 2361 694 2395 doctrinam
719 2361 763 2394 de
787 2361 918 2395 iustitia
945 2362 1024 2395 fide-i

36 2417 282 2451 -nesciverunt,
351 2413 424 2446 Has
465 2419 578 2446 tantas
607 2413 770 2445 tenebras
800 2409 857 2445 hic
895 2413 1025 2446 taxabit

45 2466 220 2502 Christus.
272 2464 318 2499 Et
333 2471 411 2498 sunt
431 2461 489 2496 hic
511 2464 601 2496 duae
624 2463 893 2506 disputationes:
929 2463 1026 2508 prior

46 2520 88 2553 de
113 2518 206 2561 lege,
239 2516 345 2549 altera
370 2516 413 2548 de
428 2513 636 2557 Evangelio.
689 2512 757 2547 Hic
783 2514 935 2556 primum
963 2527 1023 2548 ne-

47 2581 138 2604 cesse
152 2574 203 2602 est
221 2579 285 2600 nos
299 2566 450 2609 cogitare
467 2565 511 2598 de
529 2564 731 2599 discrimine
747 2563 850 2605 Legis
865 2563 1024 2599 etEvan-

44 2620 136 2664 gelii.
188 2617 265 2652 Hoc
300 2616 490 2650 discrimen
519 2616 676 2661 conspici
703 2614 742 2650 in
767 2614 923 2650 Ecclesia
961 2628 1023 2649 ne-

45 2682 137 2706 cesse
161 2675 221 2703 est.

93 2723 268 2754 ΜιιΑΙτιι.
297 2721 399 2752 Oua.
424 2718 506 2750 Vot..
535 2717 628 2750 XIV.

1109 304 1182 326 non
1197 292 1309 330 facere
1332 302 1508 338 oporteat,
1535 304 1569 331 et
1592 299 1774 343 requirens
1798 304 1985 346 perfectam
2007 306 2092 340 obe-

1107 343 1296 385 dientiam,
1329 352 1362 379 et
1385 347 1591 388 promittens
1614 349 1707 382 bona
1736 363 1800 395 pro
1827 355 1976 397 perfecta
2006 357 2092 390 obe-

1107 393 1240 428 dientia
1253 421 1263 435 ,
1289 401 1322 428 et
1341 407 1421 429 vere
1442 396 1592 430 irascens
1608 401 1794 443 omnibus,
1819 404 1880 448 qni
1898 417 1969 439 non
1988 419 2091 450 prae-

1106 451 1200 478 stant
1224 445 1411 488 perfectam
1436 447 1690 491 obedientiam,
1717 458 1750 484 et
1774 454 1925 496 puniens
1948 469 2089 491 omnem

1107 495 1402 537 inobedientiam,
1442 498 1532 532 sicut
1571 499 1739 544 scriptum
1772 510 1837 537 est:
1878 504 2088 542 Maledictus

1104 546 1255 591 quinon
1282 554 1399 580 manet
1423 548 1459 581 in
1481 550 1665 591 omnibus,
1693 563 1780 596 quae
1804 561 1886 588 sunt
1908 557 2032 600 scripta
2051 559 2088 591 in

1103 596 1189 639 lege.
1251 593 1298 629 Et
1323 597 1359 629 in
1382 608 1536 639 summa,
1570 600 1624 633 lex
1646 608 1697 636 est
1721 602 1795 645 ipsa
1820 617 1884 638 vox
1907 604 2086 652 Decalogi,

1103 647 1163 691 qui
1192 647 1337 681 damnat
1369 660 1491 682 omnes
1520 647 1681 685 homines
1714 652 1750 685 in
1776 651 1840 686 hac
1862 659 2087 701 corruptione

1102 703 1266 737 naturae,
1293 698 1374 742 quia
1393 710 1495 732 nemo
1513 702 1653 735 estsine
1669 703 1790 736 multis
1807 711 1840 738 et
1854 709 1988 750 magnis
2006 721 2086 753 pec-

1101 747 1202 788 catis,
1241 754 1274 781 et
1302 747 1398 782 Deus
1423 761 1502 782 vere
1534 750 1696 786 irascitur
1724 756 1890 797 peccatis,
1922 758 2011 793 sicut
2036 760 2087 793 ibi

1101 798 1249 832 dicitur:
1278 797 1372 833 Deus
1391 806 1441 833 est
1456 800 1547 844 ignis
1572 813 1793 840 consumenS.

1151 864 1248 899 Vel:

1200 932 1277 965 Lex
1291 931 1355 966 Dei
1382 940 1431 966 est
1459 941 1598 969 aeterna
1618 943 1651 969 et
1667 936 1810 972 immota
1829 940 1996 985 sapientia
2008 942 2086 985 Dei,

1100 988 1132 1015 et
1157 993 1280 1016 norma
1309 983 1463 1017 iustitiae
1488 985 1525 1017 in
1559 986 1740 1020 voluntate
1765 987 1849 1028 Dei,
1885 991 2086 1027 discernens

1098 1033 1191 1066 bona
1211 1039 1242 1067 et
1258 1034 1364 1074 mala,
1391 1035 1646 1069 communicata
1664 1038 1828 1072 rationali
1853 1050 2030 1077 creaturae
2049 1045 2085 1078 in

1099 1084 1294 1125 creatione,
1322 1091 1355 1118 et
1372 1086 1541 1128 patefacta
1560 1094 1676 1130 postea
1701 1100 1764 1121 suo
1789 1092 1916 1131 verbo,
1944 1101 1980 1127 ut
1997 1096 2085 1129 scia—

1099 1145 1196 1173 mus,
1225 1135 1339 1179 qualis
1354 1135 1399 1168 sit
1416 1134 1530 1176 Deus,
1556 1144 1588 1170 et
1613 1138 1773 1180 obligans
1790 1152 1912 1175 omnes
1929 1145 2085 1179 rationa—

1099 1184 1148 1217 les
1166 1192 1363 1225 creaturas,
1390 1193 1422 1219 et
1439 1187 1514 1220 vult
1538 1199 1660 1221 omnes
1684 1189 1751 1222 sibi
1774 1193 1973 1228 conformes
1999 1208 2084 1237 esse,

1098 1241 1130 1269 et
1147 1236 1319 1269 damnans
1336 1248 1458 1269 omnes
1480 1249 1552 1270 non
1571 1247 1803 1281 congruentes
1831 1244 1874 1275 ad
1904 1244 2000 1278 illam
2026 1259 2084 1280 ae-

1097 1292 1231 1319 ternam
1250 1294 1283 1320 et
1300 1287 1479 1320 immotam
1499 1289 1701 1332 sapientiam
1720 1290 1803 1332 Dei,
1831 1300 1890 1329 etc.

1199 1351 1268 1385 Sed
1286 1349 1519 1394 Evangelium
1539 1362 1589 1388 est
1607 1357 1819 1398 praedicatio
1838 1362 2084 1403 poenitentiae,

1097 1407 1131 1434 et
1151 1402 1338 1445 promissio
1357 1403 1575 1436 remissionis
1603 1414 1820 1448 peccatorum
1835 1436 1842 1449 ,
1871 1417 1903 1444 et
1932 1412 2084 1447 iustitiae

1096 1458 1129 1484 et
1147 1452 1236 1485 vitae
1252 1460 1432 1491 aeternae,
1460 1451 1678 1489 exhibendae
1696 1466 1837 1501 propter
1855 1462 2082 1497 mediatorem

1094 1502 1205 1536 filium
1223 1501 1306 1544 Dei,
1333 1504 1455 1546 gratis,
1484 1511 1517 1538 et
1535 1506 1758 1553 accipiendae
1776 1509 1854 1545 fide.

1194 1569 1260 1603 His
1283 1571 1549 1606 discriminibus
1566 1575 1788 1616 constitutis,
1815 1577 1882 1611 iam
1901 1581 2083 1616 sciendum

1094 1627 1162 1661 est,
1190 1622 1284 1666 quod
1303 1619 1408 1655 homo
1432 1634 1504 1655 non
1527 1625 1674 1668 accipiat
1697 1627 1938 1663 remissionem
1964 1644 2081 1674 pecca-

1093 1677 1230 1711 torum,
1258 1684 1320 1705 nec
1343 1672 1387 1706 sit
1406 1673 1517 1706 iustus
1541 1682 1685 1721 propter
1711 1677 1820 1719 legem
1844 1680 1898 1713 vel
1922 1692 1983 1715 sua
2008 1695 2081 1716 me-

1093 1722 1157 1754 rita
1169 1747 1177 1758 ,
1206 1729 1238 1755 et
1255 1723 1366 1755 multo
1387 1724 1505 1757 minus
1524 1732 1668 1769 propter
1684 1726 1918 1764 Monachatus
1933 1738 1965 1765 et
1981 1733 2081 1767 simi-

1092 1772 1142 1805 les
1159 1774 1386 1807 ceremonias.

1192 1830 1261 1864 Sed
1282 1831 1335 1864 lex
1353 1832 1432 1865 ideo
1452 1835 1684 1877 praedicanda
1708 1844 1776 1879 est,
1802 1846 1840 1872 ut
1863 1843 2023 1876 ostendat
2046 1851 2079 1879 et

1089 1888 1224 1914 accuset
1248 1889 1447 1925 peccatum,
1486 1891 1518 1917 et
1548 1897 1611 1917 nos
1643 1888 1756 1920 territi
1785 1891 1901 1932 agnita
1936 1893 1987 1926 ira
2012 1892 2077 1928 Dei

1089 1933 1333 1975 confugiamus
1350 1933 1394 1966 ad
1421 1933 1532 1968 filium
1550 1935 1633 1975 Dei,
1660 1944 1697 1971 ut
1717 1939 1761 1972 ab
1779 1940 1854 1984 ipso
1876 1953 2052 1980 sanemur.

1189 1998 1368 2044 Incipiunt
1391 2012 1472 2044 ergo
1498 2003 1771 2046 disputationem
1790 2007 1832 2041 de
1856 2008 1944 2052 lege:
1983 2009 2075 2045 Pha-

1086 2051 1218 2083 risaeus
1253 2050 1462 2094 interrogat,
1491 2054 1584 2098 quod
1612 2054 1655 2087 sit
1680 2067 1844 2100 magnum
1871 2062 2074 2096 mandatum

1085 2101 1122 2134 in
1161 2100 1260 2144 lege?
1309 2100 1516 2147 Respondet
1547 2102 1708 2139 Christus
1747 2108 2001 2152 sapientissime
2030 2114 2073 2146 de

1083 2163 1219 2185 summa
1232 2152 1316 2195 legis
1333 2158 1366 2186 et
1380 2154 1576 2197 praecipuis
1593 2157 1782 2192 mandatis:
1809 2158 1944 2203 Diligas
1956 2161 2069 2196 Deum

1083 2214 1122 2235 ex
1140 2208 1213 2235 toto
1230 2203 1345 2236 corde.
1397 2202 1443 2238 Et
1459 2206 1652 2239 secundum
1670 2206 1783 2242 simile
1805 2205 1907 2245 huic:
1935 2211 2068 2256 Diligas

1084 2253 1279 2297 proximum
1298 2261 1396 2288 tuum
1421 2255 1510 2289 sicut
1524 2256 1686 2299 teipsum.

1183 2310 1301 2355 Quare
1334 2313 1461 2348 adiecit
1499 2311 1675 2348 Christus:
1717 2315 1944 2352 Secundum?
1999 2320 2066 2356 Hic

1080 2369 1171 2396 taxat
1202 2361 1448 2404 pharisaeum,
1482 2364 1563 2409 quia
1598 2362 1806 2400 Pharisaeus
1842 2368 2065 2413 imaginatur.

1080 2413 1181 2457 louge
1214 2414 1347 2447 maiora
1381 2416 1544 2448 mandata
1576 2426 1648 2448 esse
1683 2418 1949 2461 ceremonialia,
1975 2434 2063 2465 quae

1078 2464 1161 2508 ipsis
1183 2471 1280 2497 erant
1306 2471 1532 2509 quaestuosa,
1573 2478 1677 2510 quam
1707 2469 1913 2503 mandatum
1939 2472 1982 2504 de
2007 2474 2062 2506 di-

1077 2515 1227 2549 lectione
1245 2515 1405 2558 proximi.
1459 2513 1505 2549 Et
1523 2513 1719 2559 Prophetae
1734 2525 1766 2551 et
1781 2515 1941 2554 Christus
1958 2533 2060 2568 saepe

1076 2563 1171 2599 hunc
1189 2577 1341 2598 errorem
1366 2572 1494 2599 taxant.
1547 2564 1593 2599 Et
1619 2579 1755 2611 semper
1781 2569 1873 2603 inter
1900 2568 2060 2608 homines

1076 2623 1219 2650 manent
1233 2616 1314 2649 talia
1337 2616 1484 2651 somnia.
1520 2615 1680 2660 Papistae
1699 2619 1782 2651 olim
1799 2620 2057 2667 existimabant,

1077 2667 1188 2701 maius
1203 2673 1381 2711 peccatum
1400 2677 1490 2708 esse,
1523 2666 1560 2699 in
1584 2667 1641 2700 die
1664 2675 1757 2702 sexta
1780 2672 1961 2706 comedere
1983 2687 2059 2709 car-

1523 2716 1568 2751 61
