2409 2915
0 743 1 746 ,
55 720 192 752 magna.

321 109 412 145 xn:

163 194 229 231 Hic
250 196 566 240 igitursdiscamus,
594 195 686 240 quod
698 194 794 229 Deus
809 202 905 229 curat
924 203 957 231 et
975 208 1045 229 ser—

62 254 119 281 vat
142 245 355 288 Ecclesiam,
382 246 516 281 etiamsi
540 243 646 279 habet
668 245 751 279 alias
776 246 935 288 mitiora,
962 248 1046 280 alias

62 298 204 332 duriora
223 298 381 342 imperia.
419 295 466 331 Et
476 294 745 330 haecdiscamus
758 297 933 341 sapienter
944 298 1044 331 ferre.

164 355 209 391 ΙΙ.
263 355 445 390 Discamus
467 352 525 388 hic
548 354 744 388 doctrinam
767 356 810 388 de
828 353 1044 389 didrachmo.

60 406 156 441 Dens
193 406 374 441 constituit
403 403 520 439 Exodi
537 404 597 440 30.
633 411 672 438 ut
704 405 853 448 singuli,
892 418 1042 451 quorum

61 465 153 491 aetas
175 457 363 500 maturuit,
392 455 570 489 solverent
593 457 784 500 quotannis
807 457 938 500 templo
957 458 1042 490 duas

59 506 241 541 drachmas
265 506 417 550 argenti,
449 518 537 550 quae
570 506 704 540 faciunt
728 518 840 539 unum
865 508 1042 551 quadran-

57 565 127 592 tem
150 557 260 591 nostri
281 557 387 590 aurei.
448 555 541 599 Quia
565 554 659 589 Deus
682 557 814 597 voluit,
847 564 887 591 ut
910 557 1041 601 singuli

59 609 220 642 iuvarent
235 607 536 641 conservationem
554 607 753 641 ministerii.
798 605 845 641 Et
862 608 929 641 suit
945 620 1041 641 sum-

57 670 112 691 ma
137 665 238 699 tunc,
261 670 341 691 cum
359 657 537 692 Israelitae
562 658 721 690 nondum
747 657 896 701 dispersi
917 665 1040 698 essent,

262 707 346 743 Fuit
381 707 571 753 quotannis
603 707 742 741 circiter
775 717 926 754 quatuor
957 716 1037 743 ton—

63 110 139 147 909

54 770 117 792 nas
135 771 223 794 auri.

155 808 224 842 Hic
239 808 430 849 discamus,
457 809 553 854 quod
569 808 612 842 sit
628 808 791 842 voluntas
800 807 866 842 Dei
877 835 886 849 ,
912 815 950 842 ut
965 808 1037 842 sin-

53 860 125 903 guli
144 859 236 892 inter
252 872 316 892 nos
332 871 472 904 quoque
489 859 670 893 conferant
685 859 818 904 aliquid
836 860 878 893 ad
896 871 1035 893 conser-

53 908 230 945 vationem
248 910 436 943 ministerii
455 907 653 952 Evangelii.

155 959 220 994 ΙΙΙ.
272 959 462 994 Sciendum
479 967 540 1000 est,
567 958 824 1005 quodRomani
843 958 932 994 hanc
949 972 1034 1004 pen-

53 1012 188 1045 sionem
214 1011 344 1053 templo
366 1011 580 1054 eripuerint,
608 1017 640 1044 et
655 1012 698 1043 ad
709 1022 790 1044 suos
805 1012 902 1044 fiscos
920 1018 1033 1045 trans-

52 1063 210 1097 tulerint.
279 1060 362 1094 Fuit
402 1061 509 1103 igitur
547 1073 671 1102 magna
705 1062 872 1106 quaestio.
941 1059 1031 1094 Cum

51 1113 172 1156 templi
197 1111 274 1146 iura
299 1112 519 1144 defendenda
543 1119 674 1151 essent,
710 1123 754 1144 an
776 1119 920 1156 propter
941 1109 1032 1144 hanc

51 1164 219 1197 iniuriam
245 1163 458 1195 movendum
484 1169 570 1195 esset
597 1162 746 1200 bellum,
775 1169 806 1195 et
831 1163 864 1195 vi
888 1174 1030 1206 recupe-

50 1215 200 1247 randum
226 1213 279 1245 ius
305 1212 450 1255 templi?
504 1212 608 1253 Item,
637 1213 799 1255 Apostoli
823 1213 1030 1255 cogitabant,

49 1277 85 1298 se
117 1265 185 1297 iam
217 1261 398 1296 habituros
430 1274 502 1296 esse
526 1263 741 1300 libertatern,
776 1263 857 1307 quia
883 1262 1029 1295 Messias

49 1315 214 1354 venisset,
250 1320 282 1346 et
309 1313 495 1357 sperabant
526 1311 616 1345 hanc
645 1313 862 1345 occasionem
885 1325 1030 1356 recupe-

46 1367 177 1398 randae
201 1363 371 1397 libertatis
395 1364 488 1403 fore,
515 1362 544 1395 si
562 1374 633 1395 non
651 1362 826 1396 solverent
842 1361 1027 1396 Romanis.

46 1415 91 1448 Et
114 1413 177 1447 hac
194 1415 236 1446 de
253 1425 289 1446 re
309 1423 408 1456 saepe
425 1413 641 1456 disputatum
659 1422 731 1445 esse
748 1419 890 1456 apparet
908 1419 940 1446 et
958 1413 1027 1445 alio

46 1466 123 1498 loco
145 1463 350 1507 Evangelii,
386 1462 446 1496 ubi
477 1469 553 1506 post
583 1462 767 1496 biennium
792 1464 1028 1506 interrogatur

43 1513 227 1555 Christus,
254 1526 298 1547 an
324 1514 427 1547 liceat
442 1512 581 1547 Caesari
608 1511 697 1546 hanc
714 1513 917 1559 pensionem
934 1515 1028 1554 dare,

44 1578 132 1611 quae
162 1566 276 1598 suerat
307 1563 454 1607 templi?
505 1562 600 1596 Haec
621 1564 687 1597 fuit
707 1564 843 1598 occasio
867 1564 1027 1608 disputa-

44 1616 169 1653 tionis,
205 1621 243 1648 ut
268 1614 400 1648 dictum
422 1619 483 1647 est.
541 1613 710 1648 Movetur
735 1626 816 1658 ergo
840 1612 897 1648 hic
920 1627 1026 1659 quae—

42 1667 109 1702 stio
128 1667 171 1699 de
189 1665 359 1698 libertate.

145 1715 228 1750 llll.
280 1714 463 1749 Discamus
493 1726 573 1758 ergo
604 1712 661 1748 hic
694 1715 848 1758 primum
874 1714 1027 1748 breviter

41 1780 130 1814 quae
154 1778 208 1800 res
231 1765 372 1810 proprie
397 1773 429 1799 et
455 1777 533 1798 vere
549 1765 591 1799 sit
609 1765 750 1798 libertas
768 1763 942 1799 Ecclesiae
959 1767 1024 1798 do—

44 1827 124 1853 nata
144 1830 205 1863 per
222 1817 332 1850 filium
351 1814 428 1850 Dei.
481 1814 538 1849 An
556 1816 598 1849 sit
621 1816 761 1849 libertas
778 1816 814 1848 in
834 1827 898 1849 usu
915 1816 1025 1849 facul-

40 1878 170 1909 tatum,
196 1875 255 1901 aut
278 1867 426 1900 aliarum
454 1865 689 1910 corporalium
713 1878 830 1899 rernm
847 1867 1025 1911 principa-

40 1921 137 1961 liter;
171 1931 216 1952 an
243 1930 324 1951 vero
348 1917 393 1951 sit
415 1917 483 1950 alia
507 1917 619 1951 multo
643 1917 768 1950 melior
793 1923 825 1951 et
845 1924 1023 1962 praestan-

37 1972 107 2006 tior
123 1968 296 2005 liberatio.

296 2043 365 2077 Hic
382 2043 535 2077 breviter
553 2044 768 2088 respondeo:

137 2113 298 2147 Libertas
314 2108 514 2144 Christiana
533 2118 581 2144 est
602 2109 843 2153 principaliter
859 2108 1020 2144 liberatio

36 2163 186 2210 gratuita
209 2164 252 2196 de
271 2167 428 2205 peccato,
453 2161 497 2192 ab
515 2160 562 2193 ira
581 2159 664 2201 Dei,
689 2166 722 2193 et
739 2166 851 2192 morte
867 2167 1020 2199 aeterna,

36 2222 180 2261 propter
209 2213 318 2246 filium
343 2210 430 2250 Dei,
465 2217 498 2243 et
524 2223 585 2253 per
610 2211 720 2243 filium
746 2209 831 2249 Dei,
866 2211 955 2244 sicut
982 2211 1017 2243 in

36 2265 195 2302 Iohanne
219 2263 363 2296 dicitur:
399 2260 436 2295 Si
463 2272 523 2293 vos
548 2260 660 2294 Filius
684 2259 903 2301 liberaverit,
939 2272 1018 2294 vere

35 2316 138 2352 liberi
171 2313 280 2348 eritis.

36 2376 98 2403 aut
122 2366 264 2405 merita,
297 2364 354 2397 sed
382 2367 524 2406 propter
546 2362 656 2394 filium
681 2360 746 2394 Dei
770 2361 961 2405 recipimur
984 2368 1017 2396 et

35 2425 242 2464 reputamur
260 2413 354 2454 iusti,
382 2420 414 2447 et
427 2411 590 2445 haeredes
603 2412 693 2446 vitae
705 2418 876 2451 aeternae,
903 2423 1015 2457 quan-
1040 2437 1042 2440 -

30 2481 134 2517 quam
153 2465 302 2509 indigni.

133 2517 230 2552 Haec
246 2516 389 2548 libertas
407 2520 456 2547 est
474 2525 638 2556 magnum
657 2513 810 2553 bonum,
838 2519 872 2546 et
889 2524 1013 2556 magna

463 107 856 146 ANNOTATIONES
883 110 950 146 ET
977 107 1259 146 CONCIONES
1289 109 1337 144 IN
1365 109 1547 151 EVANG.
1576 114 1854 155 MATTHAEI.

339 2311 420 2345 Non
452 2318 593 2354 propter
625 2317 779 2344 nostram
810 2311 1016 2353 dignitatem
1042 2339 1044 2344 ,

2021 122 2094 156 910

1099 206 1116 227 a
1133 201 1292 237 peccato,
1325 197 1369 229 ab
1393 197 1442 231 ira
1460 197 1543 239 Dei,
1571 206 1603 233 et
1623 213 1640 234 e
1657 209 1770 236 morte
1796 211 1935 238 aeterna
1949 232 1957 245 ,
1986 206 2089 250 longe

1098 245 1209 277 maius
1234 252 1302 284 est,
1335 259 1439 291 quam
1466 246 1594 283 habere
1619 252 1773 297 aliquam
1798 256 2016 299 corporalem
2043 258 2086 290 li-

1098 295 1267 328 bertatem
1298 295 1337 328 in
1362 309 1428 330 usu
1452 301 1609 333 carnium
1633 309 1691 336 aut
1708 303 1855 337 aliarum
1872 318 1988 339 rerum
2010 320 2087 341 cor-

1099 345 1286 389 poralium.
1356 346 1452 381 Haec
1487 350 1629 383 libertas
1655 359 1703 386 est
1733 355 1934 393 retinenda,
1981 359 2085 391 etiam

1097 407 1175 429 cum
1195 407 1342 438 corpora
1361 405 1458 444 capta
1478 401 1596 433 sedent
1617 402 1748 436 inclusa
1765 407 1932 442 turribus.

1198 444 1277 479 Alia
1304 455 1353 481 est
1378 448 1538 491 libertas,
1574 452 1676 485 etiam
1703 465 1847 498 corpora
1880 465 2082 493 sanctornm

1096 503 1173 540 post
1196 493 1286 529 hanc
1306 499 1412 532 vitam
1439 508 1541 534 erunt
1566 502 1675 535 libera
1699 516 1716 536 a
1742 513 1872 545 morte,
1900 520 1917 541 a
1938 511 2082 549 morbis,

1094 558 1112 580 a
1131 554 1351 591 paupertate,
1380 557 1442 585 etc.
1495 550 1590 586 Haec
1609 553 1750 588 libertas
1769 555 1805 587 in
1822 554 1886 591 bac
1903 559 1972 592 vita
1990 572 2081 593 non-

1093 598 1177 630 dum
1196 597 1300 631 nobis
1321 597 1476 634 exhibita
1502 609 1571 641 est,
1599 605 1656 637 sed
1683 612 1800 638 tamen
1818 619 1938 642 snmus
1956 607 2079 643 haere·

1093 648 1153 680 des
1169 645 1296 681 horum
1315 651 1551 694 corporalium
1569 654 1764 696 bonorum,
1792 664 1823 691 et
1840 655 2006 692 habemns
2026 661 2079 693 ius

1091 698 1135 730 ad
1160 710 1253 739 rem,
1281 701 1441 734 nondum
1467 702 1505 735 in
1531 715 1578 739 re.
1631 704 1730 740 Sicut
1753 707 1844 741 filius
1867 709 1932 742 viri
1958 711 2078 744 divitis

1091 748 1230 782 vivente
1254 757 1351 793 patre
1375 753 1534 785 nondum
1562 756 1712 798 possidet
1736 757 1826 791 bona
1855 762 1982 803 patris,
2017 764 2077 795 sed

1091 805 1208 832 tamen
1226 797 1332 835 habet
1348 802 1402 835 ius
1419 803 1463 835 ad
1479 815 1530 836 ea.
1583 803 1641 838 Sic
1657 804 1818 841 Christus
1838 807 1894 843 hic
1913 812 2008 852 dicit,
2035 813 2076 845 fi-

1090 849 1156 883 lios
1185 851 1282 893 regni
1313 852 1443 886 liberos
1471 865 1543 887 esse
1573 855 1675 889 etiam
1700 869 1718 890 a
1744 858 1899 901 tributo,
1934 863 2074 901 scilicet,

1089 899 1169 944 quia
1195 908 1276 935 sunt
1298 902 1360 935 filii
1385 910 1419 937 et
1444 900 1629 947 haeredes,
1666 908 1724 940 sed
1750 910 1908 943 nondum
1931 920 2012 946 sunt
2038 914 2075 946 in

1087 951 1305 994 possessione
1321 955 1558 997 corporalium
1583 957 1779 998 bonorum,
1807 972 1897 1007 quae
1920 963 2074 1006 primum

1087 1001 1316 1044 possidebunt
1333 1011 1411 1048 post
1434 1002 1524 1038 hanc
1540 1006 1658 1043 vitam.

1187 1058 1320 1093 Interea
1348 1074 1432 1095 vero
1456 1061 1550 1096 Deus
1574 1065 1648 1098 vult
1667 1065 1857 1103 Ecclesiam
1879 1072 2070 1107 subiectam

1086 1120 1157 1142 esse
1177 1109 1332 1154 imperiis
1354 1113 1500 1154 mundi,
1526 1121 1558 1148 et
1583 1116 1724 1159 quidem
1749 1121 1885 1154 duriter
1901 1123 1944 1155 ab
1959 1123 2070 1167 impe-

1084 1159 1146 1192 riis
1170 1162 1360 1204 premitur,
1394 1164 1484 1197 sicut
1507 1163 1632 1199 Daniel
1659 1169 1770 1212 capite
1785 1170 1820 1206 7.
1836 1172 1966 1216 pingit,
1994 1173 2070 1208 Ro-

1083 1222 1222 1243 manam
1246 1212 1392 1245 bestiam
1412 1216 1700 1251 conculcatricem
1727 1232 1816 1263 esse,
1844 1229 1881 1256 ut
1908 1236 2068 1268 persecu-

1083 1260 1196 1294 tiones
1211 1262 1369 1296 assiduae
1385 1266 1624 1301 ostenderunt.

1310 1334 1383 1370 Cur
1407 1345 1521 1372 autem
1547 1341 1632 1375 dicit
1651 1341 1836 1379 Christus?

1346 1407 1405 1445 Ne
1421 1410 1718 1450 scandalizemus
1736 1429 1804 1454 eos,

1187 1475 1418 1521 Respondeo:
1447 1477 1609 1516 Christus
1627 1485 1758 1519 omittit
1783 1486 1851 1520 iam
1877 1489 1962 1523 alias
1984 1504 2065 1526 cau-

1085 1537 1160 1567 sas,
1201 1539 1310 1571 quare
1337 1529 1544 1565 solvendum
1573 1533 1617 1567 sit
1645 1535 1836 1577 tributum,
1881 1547 1914 1574 et
1938 1542 2064 1587 allegat

1051 1593 1054 1642 Ρ
1081 1589 1189 1610 unam
1207 1579 1249 1610 de
1270 1581 1449 1613 communi
1468 1593 1551 1625 pace
1579 1586 1721 1628 populi,
1755 1590 1853 1632 quasi
1880 1592 1988 1626 dicat:
2022 1595 2062 1628 Si

1051 1646 1054 1687 ἶ
1080 1640 1154 1660 non
1169 1628 1406 1670 solveremus,
1433 1632 1588 1668 dicerent
1612 1647 1675 1668 nos
1700 1648 1773 1670 esse
1798 1641 1998 1683 seditiosos,
2027 1653 2060 1679 et

1079 1678 1190 1722 aliqui
1207 1685 1327 1712 nostro
1347 1682 1505 1725 exemplo
1524 1684 1626 1717 etiam
1645 1687 1780 1722 nollent
1795 1691 1940 1725 solvere.
1966 1693 2060 1729 Hinc

1079 1729 1260 1762 orirentur
1284 1730 1493 1773 seditiones,
1533 1734 1575 1766 de
1600 1732 1666 1770 hoc
1690 1741 1855 1773 scandalo
1890 1742 2058 1788 loquitur,

1049 1790 1053 1829 ιι
1079 1779 1159 1824 quia
1193 1786 1285 1813 certe
1315 1787 1470 1824 pastores
1495 1784 1619 1818 docere
1642 1789 1811 1831 populum
1838 1793 1985 1835 debent,
2018 1804 2057 1830 ut

1049 1832 1052 1882 j
1078 1830 1218 1863 tolleret
1233 1831 1436 1864 servitutem
1453 1836 1689 1878 corporalem,
1715 1846 1748 1873 et
1765 1853 1835 1874 non
1852 1853 1988 1879 moveat
2002 1858 2057 1880 se-

1049 1885 1051 1922 }
1078 1880 1242 1915 ditiones.
1301 1880 1390 1914 Cum
1417 1890 1532 1918 autem
1555 1888 1725 1921 confessio
1752 1891 1948 1934 flagitatur,
1981 1897 2056 1930 sin-

1077 1931 1149 1973 guli
1175 1942 1237 1963 suo
1264 1931 1419 1974 periculo
1435 1933 1671 1971 confiteantur
1696 1946 1729 1973 et
1753 1951 1951 1986 exspectent
1975 1959 2054 1982 cru-

1076 1993 1169 2021 cem,
1196 1981 1289 2014 iuxta
1310 1982 1416 2016 illud:
1450 1983 1521 2027 Qui
1540 1987 1693 2029 gladium
1710 1994 1899 2036 acceperit,
1935 1997 2052 2040 gladio

1076 2031 1216 2076 peribit.
1268 2033 1374 2066 Item:
1404 2033 1475 2077 Qui
1492 2039 1672 2080 potestati,
1697 2038 1772 2075 Deo
1789 2045 1928 2082 resistit.

1178 2088 1346 2125 Ostendit
1369 2100 1484 2127 autem
1503 2092 1684 2136 Christus,
1721 2111 1757 2133 se
1779 2108 1894 2136 tamen
1918 2117 2050 2145 curare,

1074 2152 1117 2172 ne
1135 2138 1309 2174 Ecclesiae
1326 2143 1414 2177 desit
1437 2144 1559 2178 victus.
1614 2146 1816 2197 lubet-capi
1843 2154 1988 2196 piscem,
2016 2165 2050 2191 et

1073 2191 1108 2223 in
1128 2191 1220 2234 pisce
1239 2191 1418 2226 invenitur
1435 2202 1559 2237 stater,
1584 2200 1677 2242 quod
1696 2212 1757 2243 ego
1774 2203 1952 2247 intelligo,
1985 2218 2049 2241 au-

1072 2254 1170 2274 reum
1188 2249 1358 2282 veterem,
1393 2245 1454 2289 qui
1473 2243 1595 2281 habuit
1614 2251 1751 2292 pondus
1774 2253 1925 2287 duorum
1943 2254 2048 2291 Hun-

1070 2292 1266 2335 garicorum
1284 2305 1484 2351 aureorum.
1537 2297 1628 2339 Quia
1647 2300 1870 2337 usitatissime
1897 2318 1960 2349 pro
1984 2320 2046 2341 au-

1070 2355 1129 2375 reo
1148 2355 1327 2376 commum
1343 2346 1396 2378 usi
1417 2353 1499 2379 sunt
1514 2349 1656 2382 nomine
1673 2349 1808 2388 Slater.
1861 2354 1963 2398 Inde,
1991 2358 2046 2392 in-

1068 2394 1164 2439 quit,
1190 2395 1331 2428 solvito.

1488 2462 1631 2488 Summa.

1167 2510 1262 2544 Haec
1279 2512 1436 2545 doctrina
1456 2523 1575 2549 monet
1592 2528 1675 2558 nos,
1701 2520 1793 2563 quod
1806 2518 1957 2557 Ecclesia
1975 2528 2040 2561 sub

32 2577 66 2605 et
93 2581 174 2603 vera
203 2565 395 2601 consolatio
426 2571 475 2597 est
506 2561 600 2597 hunc
628 2564 774 2606 gradum
802 2574 913 2598 nosse.
966 2561 1013 2597 Et
1037 2563 1040 2611 j
1066 2561 1223 2605 imperiis
1241 2574 1341 2607 saepe
1359 2563 1494 2597 duriter
1510 2577 1674 2609 oppressa
1690 2569 1752 2610 sit,
1785 2577 1817 2604 et
1842 2577 2040 2618 corporales

31 2629 232 2667 quanquam
262 2616 321 2650 alii
354 2615 481 2659 gradus
515 2614 686 2648 libertatis
717 2621 931 2658 sequuntur,
974 2621 1012 2647 ut
1036 2617 1039 2650 j
1064 2612 1285 2646 difficultates
1300 2613 1502 2648 tolerandae
1518 2616 1606 2657 sint,
1632 2625 1665 2652 et
1683 2631 1753 2652 non
1772 2626 1964 2659 movendae
1986 2639 2040 2661 se-

31 2678 147 2717 postea
170 2669 302 2709 dicam,
329 2673 446 2701 tamen
472 2662 538 2698 hoc
554 2665 707 2705 bonum,
735 2676 806 2698 esse
822 2665 1010 2699 liberatum
1034 2688 1039 2708 ,
1065 2662 1230 2698 ditiones.
1281 2661 1328 2698 Et
1345 2670 1460 2698 tamen
1477 2666 1658 2702 sciendum
1681 2676 1749 2713 est,
1782 2675 1875 2718 quod
1898 2675 2039 2714 libertas
