2409 2915
59 111 133 149 517
619 112 699 148 XII.
749 110 1138 148 ANNOTATIONES
1174 112 1221 147 lN
1255 113 1554 150 EVANGELIA.
2018 126 2092 162 513

161 196 216 233 De
239 199 368 234 talibus
391 199 544 234 cultibus
565 198 796 233 concionatur
814 197 978 233 Ieremias
996 197 1045 232 7.:
1070 197 1074 218 ¹
1097 209 1170 231 non
1197 198 1363 243 intelligit
1386 197 1475 233 hanc
1492 201 1774 243 damnationem,
1801 205 1873 240 imo
1890 209 1971 254 quia
1989 209 2084 245 Pon-

60 248 156 283 Haec
187 256 238 284 est
266 261 350 294 gens
380 261 468 295 quae
494 260 567 282 non
591 249 727 282 audivit
752 261 873 282 vocem
898 249 1045 283 Domini
1070 264 1072 268 ·
1097 248 1223 287 tifices,
1259 249 1445 293 Episcopi,
1480 250 1701 293 Sacerdotes,
1736 255 1925 300 Monachi,
1959 259 2082 305 Reges,

59 298 126 334 Dei
150 300 226 341 sui,
258 311 372 346 neque
396 300 526 344 recepit
551 299 794 343 disciplinam,
824 300 927 343 periit
952 301 1046 340 fides,
1097 297 1280 343 Principes
1309 300 1473 334 tribuunt
1500 301 1567 334 sibi
1591 303 1733 338 titulum
1756 305 1950 344 Ecclesiae:
1986 312 2067 345 item

61 356 95 384 et
118 351 234 385 ablata
255 357 305 385 est
329 351 373 383 de
395 361 456 383 ore
479 362 619 390 eorum,
646 350 897 384 dedicaverunt
913 351 1043 384 excelsa
1099 349 1180 395 quia
1199 350 1398 393 gloriantur
1412 348 1579 394 Episcopi
1596 353 1639 386 de
1656 356 1833 391 ordinaria
1851 341 2082 396 successione⁸

60 398 213 445 Tophet.
271 400 365 435 Dicit
388 401 510 433 sacella
537 400 664 443 passim
689 401 908 442 condidisse,
940 402 1043 435 insti·
1097 398 1160 433 hos
1184 408 1388 438 veneratur,
1418 407 1517 444 putat
1541 413 1614 435 esse
1630 415 1747 438 veram
1764 407 1971 453 Ecclesiam,
1999 392 2080 447 cuni

59 451 167 486 tuisse
192 451 305 485 cultus
325 450 402 484 sine
424 452 590 484 mandato
608 451 696 490 Dei,
723 452 811 485 sicut
835 459 917 485 tunc
939 452 1042 486 etiam
1095 450 1139 484 sit
1159 451 1372 494 persecutrix
1391 448 1523 486 Christi
1543 459 1575 486 et
1592 453 1826 492 idololatrica.
1879 460 1974 503 Quid
1993 477 2078 497 con-

58 501 188 536 liberos
212 501 444 535 immolabant
467 509 498 535 et
518 501 784 535 interficiebant.
835 500 882 537 Et
900 503 988 537 sicut
1005 503 1042 535 in
1094 508 1147 535 tra
1163 499 1247 535 haec
1265 502 1452 535 dicendum
1470 503 1544 537 est'?
1584 502 1744 539 Primum
1762 510 1973 546 conscientia
1994 526 2077 548 con-

56 553 190 586 mundo
213 558 357 585 manent
380 552 447 585 alia
470 559 609 596 peccata
634 559 754 586 contra
778 555 966 587 secundam
990 560 1042 586 ta-
1066 571 1069 594 ;
1094 552 1262 586 firmanda
1297 559 1363 593 est,
1406 565 1450 586 ne
1480 565 1685 589 moveamur
1716 557 1838 598 titulo,
1881 564 2066 599 autoritate

56 602 193 643 bulam,
220 601 267 635 ita
291 603 402 636 multo
427 603 537 645 magis
560 610 704 637 manent
727 604 893 637 omnibus
918 604 1040 638 aetati·
1065 611 1068 644 Ι
1094 603 1341 646 multitudine,
1375 611 1413 636 ut
1445 604 1525 637 illos
1558 612 1675 639 coetus
1696 606 1951 654 Episcoporum
1976 594 2077 658 pute:

54 653 139 692 bus,
166 653 331 687 omnibus
356 655 575 698 temporibus
598 661 736 698 peccata
753 662 872 688 contra
891 654 1040 698 primam
1065 649 1068 692 i
1093 665 1170 686 mus
1201 666 1272 687 esse
1295 652 1507 693 Ecclesiam,
1543 663 1602 688 aut
1627 665 1770 702 propter
1795 672 1852 694 eos
1877 664 2076 699 deficiamus

53 702 221 736 tabulam.
283 702 371 736 Nam
393 705 554 737 diabolus
578 705 727 737 maxime
752 712 899 738 conatur
925 703 1039 737 liomi-
1065 700 1067 742 J
1093 716 1111 736 a
1143 705 1249 738 verbo
1274 703 1357 747 Dei,
1395 706 1453 738 sed
1486 706 1636 740 sciamus
1659 709 1763 742 aliam
1788 723 1860 745 esse
1882 711 2074 750 Ecclesiam

54 764 117 787 nes
133 760 288 788 avertere
306 754 418 796 aDeo,
444 755 538 788 falsis
557 755 787 799 opinionibus
805 763 836 790 et
855 756 1018 789 cultibus.
1064 769 1066 786 z
1093 766 1209 787 veram
1233 763 1453 796 sanctorum,
1470 756 1628 800 scilicet,
1657 759 1718 804 qui
1744 763 1890 795 verbum
1910 763 1975 798 Dei
2001 779 2075 800 am-

156 803 340 849 Synagoga
363 813 519 850 tempore
545 804 676 839 Christi
700 818 772 839 non
797 804 946 840 habebat
971 813 1038 840 sta·
1063 810 1066 844 ἶ
1092 805 1313 848 plectuntur,
1340 813 1371 839 et
1395 813 1485 839 recte
1509 808 1647 843 docent.
1697 808 1814 844 Huius
1837 826 1938 848 verae
1954 814 2075 850 Eccle-

54 860 150 895 tuas,
190 862 223 889 et
246 862 362 889 tamen
386 864 461 890 erat
483 856 721 894 idololatrica,
759 858 907 900 negabat
933 854 1039 890 Chri·
1064 857 1066 870 ²
1092 856 1162 889 siae
1184 868 1247 890 nos
1267 858 1420 889 membra
1438 869 1510 890 esse
1527 857 1695 898 sciamus,
1723 861 1860 896 etiamsi
1878 876 1996 899 sumus
2014 870 2076 901 ab-

53 911 145 953 stpm
165 917 238 940 esse
253 905 383 940 Filium
403 906 487 947 Dei,
515 914 547 941 et
565 908 649 939 salsa
668 908 791 940 fiducia
809 909 968 941 servabat
985 920 1037 940 cea
1063 924 1065 927 ⁴
1093 906 1171 939 iecti
1195 914 1287 940 extra
1311 907 1389 940 illas
1408 909 1692 951 congregationes
1710 910 1920 947 Pontificum
1939 923 1970 950 et
1990 916 2075 962 Epi-

52 957 250 997 remonias,
284 957 410 1000 partim
433 958 580 991 traditas
604 958 639 990 in
664 958 754 1001 lege,
781 958 909 1002 partim
937 971 1038 991 exco-
1090 968 1295 1000 scoporum,
1337 957 1426 990 sicut
1455 955 1618 992 Christus
1652 960 1786 1006 inquit:
1829 962 1982 1001 Eiicient
2015 982 2076 1003 vos

52 1005 176 1048 gitatas
208 1008 253 1040 ab
282 1005 500 1042 hominihus.
563 1008 609 1041 Hi
643 1009 757 1041 cultus
789 1021 910 1042 eorum
941 1016 1039 1042 erant
1092 1015 1185 1040 extra
1211 1019 1413 1053 synagogas.
1467 1006 1620 1043 Difficile
1645 1017 1695 1044 est
1721 1014 1893 1048 sustinere
1916 1015 2009 1052 hunc
2029 1021 2073 1053 ti—

52 1056 167 1095 idola,
192 1057 322 1102 quibus
338 1059 561 1092 confidebant
577 1060 778 1102 ignorantes
794 1058 1039 1102 Evangelium,
1091 1059 1224 1095 tulum,
1261 1060 1352 1103 quod
1381 1071 1453 1092 non
1476 1059 1585 1092 simus
1611 1063 1767 1096 membra
1791 1062 1987 1108 Ecclesiae,
2015 1073 2072 1104 sed

51 1103 235 1142 Christum
259 1115 291 1142 et
306 1120 424 1142 veram
444 1109 722 1146 invocationem.
751 1122 839 1155 quae
857 1111 892 1143 fit
911 1110 1037 1143 fiducia
1062 1125 1064 1155 ‚¹
1091 1120 1310 1153 opponamus
1341 1107 1402 1142 has
1432 1110 1701 1146 consolationes.
1761 1113 1829 1149 Hic
1859 1118 1943 1152 dicit
1969 1119 2073 1154 Chri-

50 1157 313 1192 misericordiae
331 1160 521 1203 promissae
539 1167 683 1204 propter
699 1158 892 1195 Christum.
1062 1177 1064 1202 J
1091 1168 1182 1196 stus,
1211 1167 1447 1203 persecutores
1471 1173 1544 1193 ¹¹0⁰
1567 1173 1639 1195 ⁰⁵⁵?-
1662 1161 1865 1202 Ecclesiam.
1918 1167 1963 1203 Et
1981 1170 2074 1205 Pau-

154 1208 226 1242 lam
243 1207 310 1243 hoc
328 1217 484 1254 tempore
501 1212 613 1244 multo
630 1211 742 1244 maior
758 1218 807 1245 cst
827 1211 1038 1248 idololatria,
1062 1225 1063 1230 ¹
1090 1210 1143 1243 lus
1170 1210 1300 1254 inquit:
1330 1210 1366 1244 Si
1392 1212 1534 1253 angelus
1552 1213 1594 1244 de
1613 1214 1709 1247 coelo
1728 1215 1824 1249 aliud
1840 1215 2072 1263 Evangelium

50 1256 211 1302 Papistae
227 1268 487 1305 persequuntur
501 1259 733 1304 Evangelium
753 1269 786 1295 et
801 1274 919 1295 vocem
935 1259 1037 1295 Chri-
1091 1262 1282 1304 praedicet,
1310 1258 1496 1294 anatliema
1520 1263 1575 1296 sit,
1629 1263 1694 1297 Hic
1712 1264 1841 1300 Paulus
1859 1272 1992 1311 egreoie
2011 1285 2074 1306 nos

49 1309 104 1350 sti,
128 1308 444 1353 negantChristum
461 1323 532 1344 esse
549 1313 788 1349 mediatorem,
816 1320 847 1345 et
863 1313 1037 1345 finxerunt
1060 1352 1063 1358 ἱ
1089 1312 1308 1349 consolatur,
1335 1319 1367 1344 et
1393 1320 1531 1345 enarrat
1558 1310 1647 1347 hanc
1673 1328 1790 1349 vocem
1816 1298 1964 1356 Psalmio:
1994 1323 2073 1356 Non

49 1360 118 1393 sibi
134 1372 214 1393 suos
229 1360 343 1394 cultus
361 1361 485 1402 salsos,
511 1359 677 1400 Missam,
705 1358 955 1398 Monachatns,
983 1371 1036 1392 εει-
1061 1390 1063 1393 ,
1090 1371 1148 1392 ero
1172 1374 1306 1393 memor
1325 1374 1457 1394 eornm.
1510 1362 1598 1395 Cum
1617 1365 1709 1397 enim
1728 1376 1827 1401 vocat
1843 1369 2063 1407 anathemata

49 1410 304 1450 tisfactionem,
361 1411 622 1444 invocationem
666 1418 877 1445 sanctorum.
941 1410 1036 1443 Haec
1060 1421 1062 1435 ε
1088 1409 1259 1452 significat
1284 1420 1521 1453 persecutores
1536 1410 1687 1455 Christi,
1715 1417 1860 1451 reiectos
1878 1427 1911 1454 et
1927 1402 2075 1456 damna:

50 1461 169 1495 omnia
192 1461 393 1506 praedicant
412 1473 483 1494 esse
500 1461 691 1501 iusticiam,
719 1462 840 1495 merita
860 1461 1034 1494 remissio·
1088 1467 1140 1494 tos
1159 1473 1229 1494 esse
1247 1472 1264 1493 a
1280 1460 1366 1494 Deo.
1420 1460 1514 1505 Ergo
1533 1475 1605 1496 non
1625 1472 1706 1499 sunt
1722 1465 1889 1504 Ecclesia.

49 1512 105 1544 nis
139 1518 382 1554 peccatorum,
415 1518 448 1544 et
479 1511 657 1555 applicant
687 1512 776 1547 aliis.
830 1512 924 1545 Haec
955 1507 1062 1559 sunt}
1190 1511 1353 1545 Secundo
1380 1513 1507 1551 discas,
1537 1527 1658 1548 omnes
1681 1529 1801 1551 eornm
1826 1522 1958 1564 cultus,
1987 1523 2076 1558 Mis-

51 1561 290 1600 idololatrica,
318 1561 399 1606 quia
416 1569 498 1595 sunt
515 1563 767 1596 contumeliosa
788 1563 823 1595 in
843 1561 1035 1603 Christum,
1059 1564 1061 1597 1
1089 1573 1160 1597 sas,
1196 1561 1450 1600 monachatus,
1488 1565 1756 1611 satisfactiones,
1792 1571 1906 1605 cultus
1935 1583 2073 1609 sancto-

50 1612 155 1652 item,
179 1618 262 1645 sunt
287 1619 422 1656 recepta
444 1613 519 1645 sine
545 1614 651 1646 verbo
666 1612 744 1646 Dei.
799 1613 882 1646 Item
907 1613 1034 1647 fiducia
1059 1609 1061 1648 ι’
1089 1625 1184 1649 rum,
1212 1625 1282 1646 esse
1301 1615 1484 1647 damnatos
1502 1615 1633 1656 cultus,
1661 1624 1692 1649 et
1709 1618 1906 1662 fugiendos.

50 1674 139 1708 quae
163 1662 240 1695 Deo
273 1663 438 1699 debetur,
471 1663 662 1696 collocatur
693 1664 727 1695 iu
753 1661 814 1696 has
837 1676 900 1696 res.
955 1664 1034 1697 [deo
1059 1654 1062 1707 ξ

49 1711 135 1747 haec
163 1724 244 1746 vere
267 1720 349 1746 sunt
371 1713 483 1753 idola,
515 1715 557 1746 de
582 1715 710 1758 quibus
737 1712 792 1747 hic
817 1715 916 1747 dicit:
956 1715 1035 1747 Post
1059 1712 1062 1764 j
1299 1704 1375 1734 ΝΜ
1399 1703 1565 1746 ’ῬυΨΙΝω
1588 1715 1638 1736 '7²⁶
1660 1707 1694 1738 ὑ*
1719 1707 1863 1749 inferno·

0 1780 1 1790 π
50 1761 135 1798 haec
159 1763 344 1803 festinant,
373 1764 571 1807 significans
595 1776 755 1807 magnam
781 1777 852 1799 esse
874 1765 1034 1798 multitu·
1060 1779 1061 1807 j
1191 1764 1309 1798 Tertia
1342 1776 1420 1808 pars
1443 1764 1572 1799 Psalmi
1604 1774 1652 1801 est
1676 1773 1852 1806 enarratio
1878 1776 1921 1809 de
1946 1777 2074 1812 libera·

0 1816 2 1830 ²
49 1815 190 1855 dinem,
231 1825 375 1857 magnos
407 1827 613 1853 concursus,
653 1827 817 1857 magnum
851 1824 880 1849 et
911 1817 1035 1848 ardens
1089 1816 1183 1849 tione
1224 1828 1262 1848 ex
1295 1822 1425 1856 morte,
1469 1823 1500 1849 et
1533 1819 1796 1856 resurrectione.
1867 1824 1946 1860 Non
1977 1830 2074 1864 daffis

49 1866 207 1899 studium
231 1865 422 1909 impiorum
450 1872 482 1898 et
504 1866 804 1899 idololatricorum
821 1867 978 1900 cultuum
1000 1867 1035 1898 in
1060 1875 1061 1894 1
1088 1873 1246 1900 sanctum
1278 1872 1377 1899 tumn
1409 1867 1528 1899 videre
1555 1871 1835 1914 corruptionem,
1871 1877 1904 1909 id
1929 1886 1976 1913 est
2031 1895 2075 1915 ne

50 1918 206 1954 mundo,
243 1922 281 1949 ut
306 1928 399 1949 nunc
424 1917 527 1948 etiarn
556 1917 724 1949 videmus.
779 1916 960 1959 Quantum
987 1923 1035 1950 est
1060 1920 1061 1957 1
1088 1917 1230 1962 quidem
1261 1928 1340 1949 caro
1376 1928 1449 1949 inea
1484 1918 1676 1959 delebitur,
1711 1924 1768 1955 sed
1799 1929 1954 1962 ostendis
1986 1908 2072 1965 inihi

51 1966 260 2007 Missarum,
297 1974 466 2011 quantum
492 1965 790 2008 Monachatuum,
819 1981 920 2014 quam
950 1968 1034 2000 varii
1060 1975 1062 2010 ᾗ
1089 1967 1162 2001 vias
1187 1967 1293 2006 vitae,
1321 1967 1354 1998 id
1374 1972 1443 2006 est,
1472 1968 1644 2012 vivificas,
1674 1978 1704 2003 et
1721 1975 1904 2010 resuscitas
1923 1991 1961 2013 ex
1982 1994 2075 2016 mor-

51 2019 164 2051 cultus
189 2016 425 2051 Sanctorum?
466 2025 594 2062 quanta
627 2025 675 2051 est
707 2020 885 2052 veneratio
912 2019 1034 2051 talium
1060 2016 1062 2045 Ἰ
1088 2025 1138 2057 te,
1168 2017 1272 2050 etiam
1297 2028 1432 2059 corpus.
1486 2017 1555 2051 Sed
1582 2016 1637 2052 hic
1659 2021 1701 2054 de
1722 2021 1862 2060 Christo
1890 2032 2076 2072 peculiari-

51 2080 186 2108 rerum,
229 2069 370 2112 quantis
393 2069 567 2101 sumtibus
588 2068 734 2105 Missae,
769 2070 978 2103 monasteria
1005 2075 1035 2101 et
1090 2076 1141 2102 ter
1157 2067 1411 2100 diciturillud:
1437 2066 1515 2101 Non
1535 2069 1661 2103 videbo
1678 2077 1952 2118 corruptionem.
1987 2083 2073 2118 Nam

49 2119 178 2161 templa
211 2126 380 2152 constant.
452 2119 492 2151 In
525 2131 679 2155 summa,
723 2120 882 2163 Papistae
916 2120 1037 2152 colunt
1062 2142 1063 2161 ;
1090 2119 1306 2163 reliquorum
1331 2125 1530 2152 sanctorum
1555 2132 1720 2165 corpora,
1747 2127 1882 2163 etiarnsi
1907 2144 1976 2165 non
2003 2147 2074 2168 ma-

49 2169 163 2203 Deum
190 2180 291 2202 suurn
314 2168 466 2201 Maozim
493 2182 578 2202 auro
603 2177 634 2203 et
659 2178 821 2213 argento,
853 2171 940 2203 sicut
965 2169 1036 2203 Da-
1062 2179 1063 2219 J
1089 2176 1174 2202 nent
1199 2169 1234 2200 in
1261 2175 1426 2212 perpetua
1455 2171 1700 2215 corruptione,
1728 2178 1785 2209 sed
1808 2188 1951 2223 propter
1969 2182 2073 2219 Chri-

51 2221 123 2254 niel
141 2220 269 2265 inquit.
323 2219 491 2264 Sequitur
507 2220 611 2253 altera
632 2233 709 2262 pars
728 2222 769 2254 de
789 2233 911 2264 poena.
1090 2227 1180 2253 stum
1205 2220 1526 2260 resuscitabuntur,
1555 2229 1670 2255 tamen
1695 2226 1790 2268 prius
1805 2229 2022 2275 dissipantur
2039 2239 2075 2273 iu

1061 2279 1064 2298 t
1089 2279 1216 2305 aerem,
1243 2270 1331 2304 sicut
1348 2271 1491 2303 dicitur:
1521 2269 1655 2306 Omnes
1673 2274 1951 2318 immutabimur.
2007 2287 2074 2322 Sed

53 2319 124 2351 Rrec
154 2317 310 2358 recipiam
343 2316 516 2365 libationes
547 2327 656 2348 eorum
689 2317 727 2347 de
749 2318 922 2366 sqfayotitie.
968 2318 1039 2349 Nec
1090 2319 1223 2355 Christi
1241 2333 1337 2362 caro,
1366 2322 1500 2354 etiamsi
1517 2323 1551 2354 in
1569 2325 1728 2366 sepulcro
1745 2329 1914 2372 quieverit
1959 2342 2027 2369 tam

164 2370 286 2391 memor
309 2370 364 2390 ero
389 2370 555 2391 nomnium
581 2370 690 2390 eorum
716 2359 814 2390 labus
837 2371 927 2390 mets.
1090 2384 1161 2405 non
1188 2373 1300 2416 poluit
1324 2372 1522 2415 corrumpi·
1557 2374 1637 2417 quia
1666 2387 1709 2409 ne
1735 2378 1770 2411 in
1797 2361 1933 2416 mox-‘e’
1960 2351 2074 2422 uideen

155 2422 251 2456 Haec
282 2429 332 2456 est
362 2420 545 2455 horribilis
573 2422 715 2454 reiectio
740 2423 898 2454 omniurn
924 2422 1036 2454 idolo·
1089 2424 1208 2456 divina
1226 2430 1349 2456 natura
1367 2434 1384 2455 a
1402 2434 1547 2465 corpore
1562 2424 1637 2457 eius
1652 2426 1820 2469 discessit,
1849 2397 1956 2477 quar}
1971 2403 2076 2481 opo:-¹

53 2475 222 2509 latratum
262 2473 546 2518 persequentium
585 2470 786 2511 Christum,
837 2473 1038 2517 quicunque
1089 2474 1157 2507 tuit
1173 2474 1287 2507 statim
1309 2474 1570 2517 incorruptum,
1597 2486 1655 2509 seu
1672 2477 1845 2522 integrum
1865 2489 2061 2524 resuscitari

55 2533 153 2565 sunt,
182 2523 300 2558 ludaei
321 2530 379 2556 aut
397 2523 567 2566 Papistae.
622 2525 753 2566 Aperte
773 2531 874 2565 negat
893 2535 952 2556 eos
970 2535 1039 2556 esse
1089 2531 1129 2558 ut
1153 2525 1376 2558 revivisceret
1400 2530 1512 2564 totus,
1549 2525 1652 2558 etiam
1677 2539 1756 2562 cum
1783 2543 1949 2577 corpore,
1981 2518 2075 2584 quod

53 2573 245 2610 Ecclesiam
263 2574 349 2613 Dei,
377 2580 481 2617 negat
501 2586 559 2607 eos
575 2572 705 2607 habere
722 2574 888 2607 sacrificia
902 2601 910 2613 ,
937 2581 1039 2617 negat
1090 2582 1207 2608 tamen
1230 2574 1401 2608 transfodi
1425 2575 1462 2607 in
1481 2587 1601 2613 cruce,
1630 2583 1663 2610 et
1681 2580 1855 2623 expirare,
1884 2598 1921 2619 ac
1939 2593 2077 2632 59901;¹.;

54 2623 214 2661 Christus
238 2637 273 2658 se
296 2625 385 2658 velle
405 2636 468 2668 pro
487 2624 557 2658 illis
575 2638 692 2663 orare.
721 2625 832 2658 reiicit
851 2633 882 2658 et
896 2626 1038 2657 damnat
1061 2629 1065 2674 Ι
1090 2627 1265 2670 oportuit,
1293 2633 1330 2659 ut
1355 2624 1502 2658 sciretur
1527 2637 1607 2658 vere
1629 2636 1820 2667 mortuum.
1874 2635 1931 2670 Sic
1955 2639 2079 2678 Petrus

55 2682 164 2711 totum
199 2677 285 2710 illud
316 2687 439 2719 agmen
474 2675 756 2717 idololatricum,
794 2677 850 2709 sed
885 2677 1038 2709 nmndus
1061 2677 1063 2686 '
1091 2674 1174 2710 haec
1192 2677 1296 2710 verba
1313 2683 1468 2709 enarrat:
1498 2675 1612 2719 Quem
1626 2675 1721 2712 Deus
1738 2685 1927 2729 suscitavit,
1954 2693 2079 2729 solumS

1389 2724 1471 2758 33*
