2409 2915
280 88 354 124 96⁷

386 172 461 205 Imo
477 177 600 202 omnes
623 164 829 212 opiniones,
856 167 890 196 et
907 159 1022 195 cultus
1039 165 1137 193 extra
1151 155 1274 193 Evan-

285 223 414 267 gelium
446 218 673 257 reficiantur,
716 215 777 248 sed
803 218 941 247 tantum
973 211 1023 244 sie
1047 219 1276 255 agnoscamus

286 281 319 308 et
333 273 538 306 invocemus
553 267 669 302 Deum
693 264 912 305 firmissime,
938 261 1029 296 sicut
1051 272 1087 295 se
1105 259 1278 307 patefecit.

615 349 786 375 secunda
803 347 942 378 regula.

389 407 444 440 Ad
472 403 564 439 hanc
588 414 707 437 veram
732 400 930 435 doctrinam
960 396 1222 443 propagandam
1245 398 1279 427 et

288 457 564 495 conservandam
586 453 739 487 instituit
760 450 855 485 Deus
879 461 1015 494 semper
1040 455 1074 482 et
1096 449 1279 481 conservat

289 509 471 556 publicum
502 504 761 543 ministerium,
795 502 832 535 id
854 507 925 542 est,
957 500 1034 534 vult
1058 509 1131 531 esse
1153 497 1280 530 electas

290 567 401 596 certas
420 568 599 602 personas,
625 566 713 600 quae
732 555 880 587 doceant
902 558 936 585 et
952 548 1200 584 administrent
1215 545 1280 580 Sa-

291 616 479 646 cramenta.
531 605 578 641 Et
596 605 763 650 praecipit
786 601 914 637 horum
937 612 1058 635 vocem
1082 597 1216 638 audiri,
1242 602 1282 630 ut

291 662 407 696 Lucae
430 658 505 694 10.:
536 656 609 700 Qui
631 667 694 689 vos
711 653 828 694 audit,
854 665 910 687 me
933 651 1051 691 audit,
1077 656 1108 683 et
1133 648 1194 694 qui
1216 657 1281 680 nos

292 710 444 756 spernit,
471 720 526 741 me
543 707 687 752 spernit.
747 704 835 738 Vult
856 715 928 737 non
947 714 1018 736 esse
1036 698 1281 734 conventicula

294 763 330 795 in
353 759 527 799 tenebris,
565 758 655 791 sicut
685 762 785 790 erant
809 752 941 788 ethnici
970 757 1182 791 conventus,
1219 748 1282 783 ubi

293 823 440 856 magnae
459 808 701 853 turpitudiues
717 807 859 840 fiebant.

397 861 464 895 Sed
484 860 558 894 vult
576 857 802 900 Deus'palam
824 854 939 888 audiri
959 863 1079 885 vocem
1096 848 1283 892 Evangelii

294 913 367 952 sui,
403 911 477 944 vult
497 909 560 943 toti
588 907 706 951 generi
732 905 888 939 humano
913 902 1026 935 filium
1052 907 1175 934 notum
1197 910 1283 933 esse.

296 962 378 997 Ideo
398 960 549 995 instituit
565 966 596 991 et
615 961 799 990 conservat
815 952 1064 987 ministerium.

397 1019 456 1054 Sic
474 1018 603 1051 dicitur
620 1016 662 1047 ad
680 1011 853 1057 Ephesios
866 1010 915 1047 4.:
945 1010 1050 1045 Sedet
1065 1010 1106 1043 ad
1125 994 1283 1042 dexti’am

296 1070 409 1106 Patris
435 1069 565 1107 Filius,
600 1067 688 1099 dans
709 1065 803 1098 dona
831 1060 1056 1101 hominibus,
1078 1057 1285 1103 Prophetas,

297 1120 504 1165 Apostolos,
532 1116 791 1158 Evangelistas,
818 1112 999 1152 Pastores,
1024 1110 1206 1145 Doctores.
1240 1108 1286 1142 Et

296 1172 438 1218 quidem
456 1171 534 1202 ideo
550 1173 665 1200 servat
687 1164 755 1199 hoc
778 1163 1037 1203 ministerium,
1064 1167 1098 1195 et
1121 1161 1152 1194 ei
1177 1161 1286 1198 adest,

297 1230 336 1257 ut
370 1233 444 1255 uon
479 1218 769 1253 circumferamur
810 1214 907 1248 omni
949 1219 1054 1246 vento
1093 1211 1285 1246 doctrinae.

299 1273 384 1307 vult
400 1283 506 1306 unam
527 1277 729 1314 perpetuam
747 1277 867 1300 vocem
883 1265 937 1298 sui
956 1262 1140 1306 Evangelii
1159 1273 1285 1295 sonare

298 1334 420 1358 omnes
442 1321 643 1359 ministros,
677 1318 755 1352 vult
777 1328 899 1350 verum
925 1314 1037 1349 Deum
1065 1312 1223 1346 invocari
1248 1312 1285 1344 in

297 1374 476 1417 agnitione
503 1371 577 1404 filii.
632 1368 712 1402 Non
739 1367 814 1401 vult
837 1377 947 1399 novos
970 1364 1064 1398 Deos
1088 1370 1149 1397 aut
1172 1374 1285 1395 novos

298 1425 412 1458 cultus
432 1420 631 1464 excogitari.

399 1473 494 1507 Idem
518 1473 560 1505 de
585 1468 779 1503 ministerio
806 1465 862 1500 hic
884 1466 985 1500 dicit:
1026 1464 1156 1499 Sedent
1181 1473 1287 1507 super

299 1522 499 1559 cathedram
533 1521 624 1555 'Mosi
659 1519 802 1553 Scribae
832 1524 866 1552 et
897 1515 1089 1550 Pharisaei.
1151 1512 1285 1547 Omnia

299 1588 387 1622 qnae
405 1575 537 1611 dicunt,
562 1571 663 1604 facite
679 1576 742 1603 etc.

403 1624 440 1658 ln
466 1622 519 1657 his
543 1622 659 1655 verbis
681 1620 833 1665 primum
859 1619 978 1658 docet,
1007 1615 1101 1660 quod
1127 1615 1286 1648 ministe-

298 1678 391 1710 rium
409 1676 451 1709 sit
473 1674 692 1711 institutum,
726 1677 757 1703 et
783 1670 826 1703 sit
851 1668 1104 1706 necessarium,
1132 1666 1213 1711 quia
1230 1678 1287 1698 ca-

299 1726 422 1761 thedra
448 1725 539 1759 Mosi
564 1723 734 1766 signifieat
760 1720 993 1754 ministerium
1011 1730 1029 1751 a
1048 1716 1123 1751 Deo
1145 1717 1287 1750 institu-

299 1786 384 1812 turn,

298 1829 392 1861 Mosi
420 1834 451 1860 et
477 1826 554 1859 aliis
580 1821 767 1868 Prophetis
792 1822 977 1858 traditam.
1014 1827 1047 1854 et
1064 1820 1101 1852 in
1121 1831 1161 1853 eo
1182 1819 1285 1851 intel-

300 1880 407 1917 lectu,
435 1878 523 1910 sicut
542 1873 737 1918 Prophetae
757 1874 965 1906 docuerunt.

401 1928 471 1961 Nec
489 1926 659 1969 significat
678 1923 769 1957 Mosi
792 1921 956 1955 cathedra
985 1920 1192 1954 traditiones
1220 1917 1285 1952 hu-
1312 1948 1314 1967 ,7

300 1990 439 2016 manas,
482 1975 712 2020 pharisaicas,
742 1976 802 2006 aut
825 1973 928 2012 alias,
963 1971 1171 2014 excogitatas
1191 1977 1286 2002 extra
1312 1972 1313 1978 ¹

301 2042 420 2063 vocem
444 2025 693 2072 propheticam.
738 2024 891 2066 Quando
908 2023 1080 2055 docebant
1097 2019 1288 2061 Pharisaei,

300 2093 359 2115 sua
377 2079 542 2114 sacrificia
568 2076 693 2109 mereri
715 2075 953 2107 remissionem
972 2079 1201 2116 peccatorum.

405 2139 490 2171 Item
515 2136 680 2170 Messiam
708 2141 896 2167 venturum
922 2144 1010 2172 esse,
1037 2139 1075 2166 ut
1099 2131 1288 2165 constituat

303 2191 447 2235 imperia
467 2187 590 2220 mnndi
616 2193 700 2225 etc.,
728 2192 810 2218 tnnc
835 2197 905 2217 non
928 2185 1093 2217 sedebant
1116 2183 1150 2215 in
1170 2180 1287 2216 cathe-

301 2243 362 2274 dra
384 2240 475 2274 Mosi
491 2264 498 2275 ,
526 2239 583 2271 sed
604 2238 639 2270 in
659 2234 822 2270 cathedra
841 2235 1070 2279 pestilentiae.

401 2291 458 2323 Sis,
478 2289 569 2332 Papa
591 2301 661 2320 non
680 2288 773 2320 sedet
792 2287 827 2319 in
857 2284 1018 2319 cathedra
1037 2284 1148 2323 Petri,
1175 2297 1286 2329 quan·
1313 2311 1315 2317 Α

302 2343 347 2374 do
367 2342 450 2374 salsa
468 2342 565 2372 docet
583 2341 625 2371 de
643 2338 864 2372 Remissioiie
884 2343 1118 2380 peccatorum,
1146 2338 1187 2368 de
1201 2335 1286 2368 Mis·
1313 2356 1314 2359 =

741 2390 783 2422 de
813 2388 1036 2422 invocatione
1066 2386 1288 2426 Sanctorum,
1313 2387 1315 2421 J

1312 2441 1315 2473 Ι
1341 2434 1399 2460 ant
1423 2427 1492 2460 alio
1520 2425 1644 2462 niodo,
1671 2424 1729 2456 sed
1757 2423 1791 2455 sit
1815 2429 1950 2456 tantun·
1977 2433 2036 2465 per
2064 2434 2182 2454 vocem
2209 2419 2329 2456 Evau-

302 2404 354 2429 sa,
396 2394 440 2424 ‹le
459 2389 678 2424 Paenitentia
692 2417 700 2428 ,

303 2445 345 2475 de
362 2442 534 2483 Coniugio
547 2468 555 2481 ,
582 2448 644 2474 etc.

873 73 1002 110 PHIL-
1027 70 1145 111 MEI».
1169 65 1379 109 SCRIPTA
1405 65 1706 106 ExEGE'rtcA.

1312 2127 1313 2133 ¹
1341 2125 1429 2151 esse,

2233 69 2307 107 968

1425 152 1474 190 Et
1500 154 1670 199 coniungi
1693 153 1800 189 verba
1824 150 1958 189 Christi
1979 159 2135 199 oportet:
2176 152 2312 189 Omnia

1325 217 1416 252 quae
1432 206 1567 248 dicunt,
1587 207 1702 241 facite.
1734 204 1816 240 Non
1832 205 1992 250 loquitur
2007 206 2051 238 de
2065 203 2316 240 traditionibus

1325 255 1508 298 humanis,
1545 257 1630 303 quia
1653 255 1845 291 clarissime
1872 255 2003 290 dicitur
2025 255 2131 290 alibi:
2172 254 2210 290 Si
2234 256 2317 301 quis

1326 308 1424 342 aliud
1436 306 1668 351 Evangelium
1685 307 1804 348 docet,
1829 303 2015 340 anathema
2031 306 2085 340 sit.
2112 304 2182 340 Sed
2199 305 2316 352 loqui-

1327 366 1386 394 tur
1401 359 1446 392 de
1461 369 1546 391 vero
1561 358 1776 392 ministerio:
1812 355 1948 391 Omnia
1963 367 2053 402 quae
2076 356 2220 395 dicunt,
2249 356 2317 391 sci-

1326 409 1409 444 licet
1441 409 1479 442 in
1509 406 1673 443 cathedra
1695 407 1811 449 Mosi‚
1845 408 1884 441 in
1907 420 1990 441 vero
2014 405 2230 448 ministerio,
2262 407 2318 441 fa·

1328 460 1412 501 cite,
1435 459 1578 505 quando
1595 464 1723 492 sonant
1738 459 1884 492 verbum
1902 457 1968 492 Dei
1984 457 2154 492 traditum
2171 455 2267 491 Mosi
2284 464 2319 492 et

1328 508 1527 555 Prophetis.
1585 508 1666 543 Non
1689 508 1791 542 facite
1812 509 1900 550 alia,
1933 520 2023 555 quae
2047 509 2174 543 dicunt
2195 514 2318 543 contra

1329 572 1450 595 vocem
1467 558 1737 605 Prophetarum.

1431 618 1539 662 Quod
1561 616 1628 652 hoc
1645 617 1731 651 velit
1747 615 1926 657 Christus,
1953 617 2028 660 ipse
2045 623 2210 658 testatur,
2234 627 2318 651 cum

1330 680 1412 704 mox
1433 670 1548 704 addit:
1579 669 1661 703 Non
1678 668 1853 702 vocemini
1869 667 1999 703 Rabbi.
2051 667 2153 702 Unus
2170 675 2220 702 est
2237 667 2320 702 Ma-

1331 721 1438 764 gister
1457 727 1581 761 vester,
1603 717 1775 753 Christus.
1813 718 1853 753 Id
1872 725 1941 759 est,
1966 729 2040 752 non
2056 718 2176 761 fingite
2190 729 2321 753 novam

1332 771 1550 807 doctrinam.
1586 771 1646 803 sed
1672 770 1792 804 audite
1810 769 1956 803 unicum
1978 768 2190 812 Magistrum
2213 766 2322 803 Chri-

1332 829 1435 856 stum.
1487 820 1556 854 Hic
1572 827 1622 853 est
1638 819 1769 861 Filius,
1797 820 1858 864 qui
1880 831 1920 853 ex
1945 820 2025 852 sinu
2051 818 2183 852 aeterni
2207 817 2322 853 Patris

1333 871 1481 916 protulit
1511 870 1733 911 doctrinam,
1784 868 1876 903 hanc
1903 880 2010 902 unam
2038 869 2205 903 concordi
2237 880 2324 904 voce

1334 928 1469 956 sonate.

1436 971 1539 1005 Hanc
1553 971 1870 1005 considerationem
1890 971 1980 1004 bene
1995 970 2224 1009 considerate,
2242 970 2326 1016 quia

1333 1022 1495 1067 Papistae
1520 1029 1554 1056 et
1569 1021 1738 1066 Episcopi
1765 1033 1866 1066 saepe
1891 1034 1955 1066 pro
1981 1033 2042 1055 sua
2072 1021 2259 1055 autoritate
2273 1021 2325 1054 ti-

1334 1080 1410 1107 tant
1428 1071 1494 1106 hoc
1510 1073 1661 1106 dictum:
1689 1070 1824 1106 Omnia
1842 1084 1930 1118 quae
1945 1073 2085 1110 dicunt,
2113 1072 2226 1106 facite.
2255 1069 2324 1106 Hie

1335 1124 1486 1158 sciamus
1501 1130 1664 1167 oportere
1679 1123 1846 1166 coniungi
1861 1123 1968 1156 verba
1987 1121 2138 1164 Christi,
2164 1133 2256 1168 quae
2269 1122 2326 1155 di-

1335 1181 1439 1215 cunt,
1467 1175 1598 1208 seilicet
1623 1174 1661 1207 in
1688 1171 1852 1207 cathedra
1869 1173 1983 1214 Mosi‚
2019 1174 2052 1207 id
2077 1179 2147 1211 est,
2181 1173 2220 1206 in
2241 1184 2325 1206 vero

1334 1225 1554 1265 ministerio,
1587 1231 1751 1259 sonantes
1773 1225 1919 1258 verbum
1943 1224 2111 1258 traditum
2127 1221 2326 1268 Prophetis,

1336 1283 1369 1310 et
1387 1277 1424 1309 in
1441 1288 1482 1309 eo
1497 1276 1697 1313 intellectu,
1725 1276 1761 1308 in
1779 1288 1848 1321 quo
1865 1273 2052 1319 Prophetis
2074 1274 2242 1308 traditum
2265 1280 2328 1315 est,

1336 1327 1417 1371 quia
1436 1335 1553 1360 manet
1578 1327 1696 1369 regula
1723 1327 1886 1360 immota:
1923 1325 1960 1360 Si
1988 1326 2067 1371 quis
2091 1325 2185 1359 aliud
2206 1324 2327 1359 Evan-

1336 1377 1467 1419 gelium
1486 1378 1603 1415 docet,
1628 1374 1814 1410 anathema
1833 1376 1886 1410 sit.

1438 1434 1484 1469 Et
1503 1435 1551 1468 sic
1572 1435 1677 1468 solvit
1701 1432 1792 1467 hane
1806 1435 2040 1468 obiectionem
2061 1433 2149 1467 Dnci
2171 1433 2327 1477 Georgio

1337 1486 1418 1519 Dux
1443 1485 1644 1519 Fridericus
1668 1483 1828 1524 Elector,
1862 1497 1940 1518 cum
1962 1484 2040 1517 Dux
2063 1484 2237 1527 Georgius
2256 1486 2328 1518 dis-

1338 1544 1474 1581 putaret
1493 1548 1571 1569 cum
1591 1536 1688 1570 Duce
1708 1535 1887 1568 Friderico
1914 1535 1948 1567 in
1968 1533 2070 1568 Grim
2098 1536 2140 1568 de
2168 1535 2330 1569 traditio-

1338 1588 1443 1621 nibus
1463 1586 1576 1631 Papae
1592 1594 1625 1620 et
1641 1584 1914 1630 Episcoporum.

1440 1646 1626 1680 Discamus
1657 1652 1772 1678 autem
1807 1656 1928 1677 verum
1961 1643 2196 1678 ministerium
2226 1657 2330 1679 vene*

1341 1697 1431 1737 rari,
1461 1704 1492 1730 et
1509 1697 1696 1730 audiamus
1715 1696 1861 1729 verbum
1882 1693 1948 1728 Dei
1969 1695 2016 1727 ihi
2034 1707 2181 1736 sonans,
2207 1703 2240 1730 et
2256 1694 2331 1730 Deo

446 1775 488 1809 Et
522 1775 587 1807 tale
615 1771 869 1810 ministerium,
910 1771 1003 1815 qnod
1039 1775 1139 1802 sonat
1165 1779 1285 1800 vocem
1311 1767 1313 1789 ἶ
1339 1749 1466 1792 &sallas
1493 1759 1635 1791 ³g³mu⁵
1660 1746 1883 1780 conservami
1912 1746 2170 1785 mlnlfleslnm·
2200 1754 2328 1781 0101'0·

1339 1811 1435 1841 πως,
1460 1805 1498 1833 ut
1518 1805 1710 1832 conservet.

1694 1898 1818 1922 'tertia
1844 1897 1981 1928 regula.

1442 1959 1508 1994 Per
1540 1957 1607 1992 hoc
1638 1958 1893 2000 ministerium,
1945 1957 1978 1989 id
2014 1963 2080 1996 est.
2114 1969 2175 2000 per
2207 1970 2326 1992 vocem

1343 2010 1526 2053 Evangelii
1552 2016 1585 2042 et
1608 2008 1832 2043 Sacramenta
1859 2007 2091 2040 certissimum
2117 2014 2185 2047 est,
2212 2007 2327 2042 Deum

1340 2063 1404 2095 sihi
1436 2061 1598 2103 colligere
1628 2067 1804 2092 aeternam
1830 2057 2037 2095 Ecclesiam,
2090 2065 2123 2091 et
2156 2059 2328 2093 efficacem

1483 2123 1622 2144 movere
1657 2110 1761 2143 corda
1795 2109 1930 2151 Spiritu
1961 2115 2080 2141 sancto
2119 2121 2180 2152 per
2209 2122 2328 2144 vocem

1340 2163 1540 2205 Evangelii,
1573 2169 1610 2195 nt
1643 2161 1773 2194 dicitur
1802 2159 1905 2193 Pium.
1937 2161 1982 2193 l.:
2024 2156 2255 2203 Evangelium
2279 2167 2328 2195 est

1342 2215 1495 2259 potentia
1516 2212 1579 2246 Dei
1599 2213 1640 2244 ad
1662 2211 1808 2245 salutem
1825 2211 1922 2243 omni
1940 2210 2105 2244 credenti.

1441 2271 1531 2307 Ecce
1558 2269 1642 2304 haec
1668 2277 1762 2304 tanta
1787 2281 1856 2308 res,
1883 2269 2011 2301 scilicet
2036 2266 2220 2302 hominnm
2246 2283 2330 2303 con—

1345 2325 1458 2358 versio
1483 2325 1524 2357 ad
1547 2323 1678 2361 Deum,
1706 2329 1737 2355 et
1761 2320 1976 2363 regeneratio
2000 2321 2041 2352 ad
2063 2320 2166 2352 xita-in
2186 2327 2216 2353 et
2235 2321 2329 2355 salu-

1341 2385 1409 2410 tem
1437 2383 1632 2412 aeternam,
1668 2384 1740 2405 non
1769 2372 1805 2405 fn
1831 2383 1892 2414 per
1917 2370 2002 2404 alias
2028 2371 2204 2404 doctrinas
2228 2372 2329 2409 ullas.

405 2493 497 2526 llaec
535 2491 714 2524 distinctio
751 2491 938 2532 diligenter
979 2489 1197 2522 observanda
1228 2495 1288 2526 est,
1312 2478 1315 2536 ζ
1340 2478 1421 2521 gem
1441 2485 1473 2511 et
1491 2476 1729 2511 sacr-*mvnia-

303 2546 444 2589 quando
460 2544 602 2576 sedeant
621 2543 780 2574 doctores
797 2541 831 2573 in
857 2537 1020 2573 cathedra
1037 2538 1144 2579 Mosi‚
1170 2539 1203 2571 id
1227 2546 1288 2577 est,

304 2596 374 2627 veri
395 2593 601 2631 ministerii,
626 2599 659 2625 et
676 2593 818 2636 qnando
843 2603 915 2623 non
940 2593 1082 2624 sedeant
1107 2590 1143 2622 in
1169 2586 1286 2623 cathe-

303 2648 364 2678 dra
384 2644 493 2683 Mosi,
522 2646 579 2677 sed
600 2644 634 2677 in
652 2641 815 2678 cathedra
831 2642 1060 2687 pestilentiae.

1442 2536 1512 2570 Nec
1537 2534 1620 2568 alihi
1648 2541 1696 2567 est
1716 2530 1869 2565 Ecclesia
1902 2532 2111 2571 electorum,
2144 2532 2209 2564 nisi
2238 2532 2330 2566 inter

1341 2586 1422 2627 hos,
1450 2587 1511 2632 qni
1535 2585 1685 2619 andiunt
1705 2595 1822 2616 vocem
1840 2580 2022 2625 Evangelii
2037 2610 2045 2622 ,
2072 2590 2103 2615 et
2121 2583 2326 2616 Sacramen-

1340 2647 1383 2673 tn
1401 2646 1559 2673 utuntur.

2368 199 2375 212 ἢ
