2409 2915
274 109 339 143 111

280 203 360 228 suos
384 191 520 224 labores
553 186 682 220 debent
699 182 742 215 ad
773 189 998 214 communem
1029 177 1262 212 consociatio-
1285 178 1290 249 1

281 255 380 280 nem,
409 240 499 275 tueri
523 233 846 279 congregationem,
879 240 1001 263 cavere
1024 241 1068 262 ne
1091 229 1178 262 fiant
1192 228 1265 262 dis-

284 294 494 339 sipationes,
519 289 613 320 iuxta
638 285 697 318 illa
715 283 824 317 dicta:
852 280 994 315 Bonum
1013 287 1064 314 est
1080 289 1267 313 conserva-

285 346 418 380 tivum,
454 336 740 381 congregativum
769 340 803 367 et
831 331 1168 366 communicativum
1200 329 1267 363 sui.

285 393 456 431 Econtra‚
482 388 621 422 Malum
639 393 689 420 est
705 383 949 428 dissipativum
965 388 998 415 et.
1014 380 1270 415 destructivum

288 444 361 484 sui,
400 442 458 475 sed
486 437 592 473 homo
621 431 871 472 πλεοιέκτικὸς
906 444 987 466 suae
1018 432 1163 466 utilitati
1196 430 1272 464 vult

289 493 471 529 consulere
484 518 492 531 ‚
519 490 623 523 etiam
641 499 719 522 cum
737 484 892 530 pernicie
909 483 1101 517 communi.
1141 480 1182 515 Id
1198 492 1273 514 ma-

289 546 362 579 lum
380 545 566 586 vituperat.

341 623 482 660 Itffelior
500 626 548 655 esi
563 629 703 667 pauper
719 616 867 664 sapiens
887 627 966 662 rege
980 626 1057 649 sene
1074 619 1104 647 el
1120 611 1243 647 stulto.

398 689 508 723 Aliud
533 685 732 733 exemplum
757 684 801 717 de
824 682 1019 717 ambitiosis
1049 687 1082 714 et
1111 677 1277 724 inquietis

295 745 331 776 in
351 739 509 784 imperio.
552 735 704 781 Inquieti
724 735 760 767 in
780 734 940 782 imperiis
957 734 1059 766 etiam
1077 731 1184 763 multa
1204 729 1279 762 sine

299 791 500 827 necessitate
517 786 683 827 turbant,
699 798 737 819 ac
757 792 875 829 postea
893 784 1113 831 plectuntur,
1133 787 1170 814 ut
1183 779 1280 818 Saul,

296 838 516 887 Eurystheus
534 846 566 872 et
586 837 646 871 alii
664 835 952 869 innumerabiles.

681 944 817 998 Caput
848 943 903 982 V.

350 1027 508 1065 Custodi
527 1026 650 1076 pedem
678 1031 778 1060 tuum
804 1023 1012 1071 ingrediens
1032 1020 1178 1056 domum
1197 1019 1285 1061 Dei,

402 1086 431 1115 et
451 1081 707 1127 appropinqua
729 1081 766 1111 ut
782 1075 933 1110 audias.

401 1156 468 1190 Hic
491 1155 582 1189 redit
606 1154 648 1187 ad
681 1157 886 1199 praecepta,
922 1156 955 1183 et
985 1148 1088 1183 initio
1115 1146 1285 1181 discernit

301 1220 402 1243 veros
416 1207 530 1241 cultus
547 1204 613 1238 Dei
631 1205 675 1237 ab
691 1201 905 1250 hypocritis,
934 1207 968 1234 et
982 1205 1124 1233 revocat
1147 1210 1212 1231 nos
1238 1197 1283 1230 ab

302 1267 443 1295 externa
461 1257 574 1301 specie
591 1254 840 1288 confusionum
858 1249 1096 1285 humanarum
1117 1250 1161 1282 ad
1184 1248 1284 1292 agni-

302 1312 435 1344 tionem
450 1307 538 1347 Dei,
564 1307 608 1340 ad
634 1303 955 1346 considerationem
975 1301 1224 1334 mandatorum
1251 1305 1283 1332 et

302 1360 578 1407 promissionum
595 1356 806 1389 divinarum.
861 1352 913 1386 Ac
928 1352 1111 1385 manifeste
1130 1351 1286 1383 refutan-

303 1420 361 1446 tur
382 1409 489 1443 huius
514 1407 637 1451 capitis
662 1403 863 1439 testimonio
890 1403 1020 1446 inepti,
1048 1402 1106 1446 qui
1125 1399 1219 1434 hunc
1244 1401 1285 1432 li—

303 1464 408 1497 brum
427 1457 629 1494 Salomonis
646 1455 867 1490 somniarunt
887 1450 1113 1502 prophanum
1130 1452 1183 1485 vel
1200 1451 1287 1495 Epi-

307 1523 451 1547 cureum
469 1520 668 1543 sermonem
684 1518 766 1540 esse.

407 1563 457 1595 Ac
483 1559 657 1604 principio
683 1559 784 1591 docet
807 1556 1032 1600 praecipuum
1058 1553 1190 1586 cultum
1216 1563 1287 1585 csse

306 1614 428 1648 audire
454 1612 599 1644 verbum
624 1609 709 1649 Dei,
736 1609 771 1641 id
797 1614 862 1647 est,
891 1606 1053 1639 mandata
1080 1611 1112 1637 ct
1139 1604 1288 1647 promis-

306 1666 440 1701 siones,
468 1669 499 1694 et
525 1661 560 1692 in
587 1671 667 1691 vera
693 1659 760 1690 fide
784 1657 928 1690 obedire
953 1656 1061 1687 verbo
1086 1655 1173 1693 Dei,
1200 1654 1289 1686 sicut

308 1713 473 1749 Ieremiae
484 1711 518 1746 7.
538 1711 660 1743 iisdem
678 1708 793 1741 verbis
810 1705 1033 1755 praecipitur.
1089 1703 1169 1737 Non
1187 1716 1288 1747 prae-

308 1766 384 1810 cepi
401 1764 432 1797 ei
454 1764 496 1796 ‹le
512 1759 744 1800 holocaustis,
776 1760 834 1791 sed
853 1755 919 1791 hoc
942 1755 1102 1804 praecepi
1119 1755 1184 1788 eis:
1212 1753 1289 1787 Au-

308 1817 380 1850 dite
406 1825 525 1847 vocem
552 1822 684 1850 meam,
719 1816 752 1842 et
778 1821 836 1841 ero
864 1808 964 1841 vobis
988 1805 1100 1843 Deus,
1138 1813 1170 1839 et
1193 1805 1291 1838 eritis

308 1864 397 1899 mihi
415 1863 574 1908 populus.
628 1860 719 1893 Tota
744 1859 850 1902 igitur
876 1858 1036 1891 doctrina
1060 1855 1165 1900 primi
1190 1868 1290 1903 prae-

309 1916 398 1961 cepti
417 1913 472 1948 hic
489 1912 671 1956 cogitanda
689 1917 750 1945 est.
795 1909 865 1943 Nec
882 1909 956 1942 sine
973 1919 1073 1941 causa
1093 1907 1174 1940 sacit
1193 1918 1291 1938 men-

310 1969 441 2002 tionem
468 1965 594 1997 domus
623 1961 700 1995 Dei.
760 1959 886 1994 Monet
903 1959 1010 1992 'enim
1040 1965 1077 1991 ut
1103 1964 1292 2002 quaeratur

311 2017 471 2052 doctrina
491 2016 533 2047 de
544 2012 702 2046 Ecclesia
722 2018 753 2045 et
771 2023 853 2043 vcro
871 2009 1089 2051 ministerio,
1117 2015 1148 2041 ct
1167 2008 1289 2040 audia-

310 2080 386 2102 mus
406 2067 589 2100 docentem
602 2060 810 2101 Ecclesiam,
834 2061 922 2094 sicut
939 2059 1022 2092 alibi
1042 2059 1188 2091 dicitnr:
1216 2057 1291 2090 Nisi

311 2119 419 2154 vitula
439 2128 513 2150 mea
526 2121 680 2148 arassent
697 2125 768 2145 non
784 2112 1016 2145 invenissent.
1044 2109 1089 2143 Et
1103 2108 1205 2142 Dent.
1221 2108 1291 2141 17.:

311 2170 440 2204 Venies
457 2165 738 2203 adsacerdotem,
757 2170 789 2197 et
808 2160 843 2195 lii
856 2164 1003 2195 doceant
1019 2167 1050 2194 te
1070 2161 1163 2193 iuxta
1183 2160 1292 2201 legem

311 2220 392 2259 Dei,
420 2219 479 2253 ubi
497 2227 654 2261 expresse
671 2214 854 2258 coniungit
871 2213 998 2256 Legem
1015 2219 1048 2246 et
1067 2212 1252 2245 Doctores.

362 2300 436 2335 lloc
453 2297 582 2332 melius
601 2302 650 2331 es!
667 2309 777 2344 quam
796 2294 993 2330 stultorum
1015 2293 1190 2327 victimae.

413 2367 518 2400 Multi
538 2366 626 2398 solas
642 2363 857 2397 ceremonias
873 2362 1051 2395 somniant
1068 2372 1141 2393 esse
1159 2360 1291 2393 culttnn

310 2419 392 2455 Dei.
421 2419 507 2451 sicut
526 2414 669 2449 Etltnici
689 2415 843 2448 mlcntcs
861 2413 974 2446 Deum
1002 2412 1175 2456 gestibus,
1203 2411 1291 2444 sicut

310 2471 469 2503 nominat
500 2467 619 2503 Plato.
664 2464 802 2498 Horum
831 2465 980 2497 stulticia
1014 2463 1198 2496 manifesta
1232 2468 1292 2500 est„

309 2522 389 2566 quia
414 2522 463 2552 lc(
482 2518 583 2551 dicit:
612 2516 744 2559 Diligas
770 2514 964 2549 Dominum
984 2513 1100 2548 Deum
1128 2520 1226 2547 tuum
1252 2525 1290 2545 cx

310 2580 381 2605 toto
408 2572 522 2602 conto.
580 2567 651 2601 Alii
679 2579 756 2600 cum
784 2579 855 2599 non
884 2572 1072 2607 agnoscant
1101 2577 1171 2597 uon
1195 2564 1291 2597 suffi—
1314 2554 1317 2591 l

867 89 994 128 PHIL.
1019 88 1136 126 MEI„
1170 87 1380 125 SCRIPTA
1413 85 1712 125 EXEGETICA.

309 2634 385 2656 cere
407 2620 639 2657 ceremonias,
668 2618 847 2666 postulant
871 2624 1047 2650 externam
1068 2616 1289 2659 disciplinam

308 2685 453 2716 operum
480 2671 687 2707 moratium,
717 2677 752 2702 nt
780 2667 978 2705 Pharisaei.
1012 2668 1069 2699 scd
1099 2679 1160 2699 uec
1185 2667 1288 2699 disci·
1311 2703 1314 2710 Ι

2229 88 2300 124 112

1315 175 1411 220 plina
1432 176 1508 210 sine
1536 176 1752 220 poenitentia
1779 181 1812 209 et
1838 174 1905 208 fide
1930 179 1980 208 est
2008 174 2122 208 cultus
2146 173 2234 216 Dei,
2261 181 2300 209 ut

1315 224 1444 262 Matth.
1460 227 1495 262 5.
1516 228 1666 262 dicitur:
1701 226 1780 260 Nisi
1806 225 1945 260 iusticia
1967 231 2080 259 vestra
2105 225 2302 260 abundabit

1318 289 1424 321 supra
1446 275 1718 311 Pharisaeorum
1743 277 1917 311 iusticiam
1943 283 2007 311 etc.
2060 273 2212 319 Oportet
2236 287 2301 310 au-

1319 335 1388 362 tem
1407 329 1568 362 accedere
1586 330 1622 361 in
1639 329 1742 362 corde
1759 327 2013 375 poenitentiam
2035 333 2067 360 et
2084 326 2188 359 fidem
2212 327 2302 361 acci-

1320 378 1474 423 pientem
1494 379 1736 413 remissionem
1755 384 1976 422 peccatorum
1995 384 2139 422 propter
2159 376 2301 411 Media-

1322 437 1446 465 torem.
1481 428 1534 463 De
1552 428 1608 463 his
1624 428 1890 463 discriminibus
1906 425 1964 461 hic
1983 428 2214 462 concionatur
2236 427 2302 462 Sa-

1324 481 1465 514 lomon:
1496 481 1570 514 vult
1595 481 1748 525 primum
1774 480 1881 513 corda
1906 479 1977 522 regi
2003 480 2110 512 verbo
2137 478 2224 520 Dei,
2260 479 2305 513 ti-

1324 543 1424 564 more
1441 537 1474 565 et
1490 531 1569 567 fide.

1428 597 1574 643 Semper
1587 607 1703 632 autem
1719 597 1885 631 usitatum
1905 598 1973 631 fuit
1994 599 2174 632 cumulare
2201 598 2307 631 sacri-

1328 649 1416 688 ficia,
1444 655 1478 682 et
1494 650 1607 683 varios
1625 651 1739 683 cultus
1755 648 1986 689 comminisci,
2012 656 2116 693 atque
2130 649 2177 682 ita
2194 660 2305 682 avoce

1328 699 1394 734 Dei
1425 699 1660 734 discesserunt
1689 697 1834 734 Ethnici
1848 726 1857 740 ‚
1890 696 2092 740 Pharisaei,
2126 696 2306 733 Monacht.

1330 750 1432 784 Hanc
1454 751 1634 784 audaciam
1656 749 1812 784 hominis
1835 751 1979 784 damnat
2009 757 2042 783 et
2073 749 2233 783 adfirmat
2258 757 2310 783 te-

1331 809 1424 835 trum
1440 808 1618 845 peccatum
1636 814 1722 842 esse,
1749 801 1884 834 etiamsi
1902 798 2063 834 homines
2079 797 2171 834 hanc
2188 812 2312 845 super-

1332 853 1511 886 stitionem
1529 859 1653 895 putant
1669 864 1740 886 esse
1764 852 1990 893 excellentem
2008 851 2184 885 virtutem.
2227 850 2310 884 Ideo

1334 903 1447 937 addit:
1475 899 1653 937 Nesciunt
1671 901 2012 950 quanlumsacianl
2027 901 2135 937 mali·

1386 991 1445 1029 Ne
1460 993 1511 1027 sis
1535 991 1639 1027 velox
1653 990 1941 1039 adloquendum
1964 997 2028 1026 aul
2050 991 2314 1041 proferendum

1437 1056 1646 1079 sermonem.

1439 1119 1554 1154 Antea
1579 1120 1679 1153 iussit
1697 1131 1762 1152 nos
1779 1119 1920 1159 audire,
1947 1119 2096 1160 discere,
2120 1121 2318 1154 deliberare

1337 1184 1376 1205 ex
1398 1172 1505 1204 verbo
1534 1170 1618 1211 Dei,
1660 1170 1754 1204 iuxta
1782 1170 1932 1202 dictum:
1975 1169 2134 1203 Lucerna
2168 1172 2317 1215 pedibus

1337 1222 1422 1255 meis
1442 1222 1589 1255 verbum
1616 1227 1728 1254 tuum.
1772 1219 1839 1252 Hic
1873 1221 1972 1254 addit
1994 1232 2212 1266 consequens
2244 1223 2318 1256 eius

1337 1273 1549 1310 sententiae,
1575 1270 1665 1305 Cum
1689 1271 1908 1304 audiendum
1924 1271 1967 1305 sit
1984 1272 2131 1305 verbum
2151 1271 2236 1313 Dei,
2264 1285 2317 1306 se-

1338 1324 1459 1369 quitur
1475 1320 1681 1367 prohibitio,
1698 1334 1741 1355 ne
1757 1322 1841 1366 quid
1861 1322 1997 1363 doceas,
2016 1323 2196 1358 adfirmes.
2213 1325 2318 1357 facias

1336 1381 1456 1408 contra
1476 1374 1622 1406 verbum
1641 1371 1724 1413 Dei,
1743 1380 1781 1406 ut
1799 1370 1961 1413 Edmici,
1978 1371 2172 1414 Pharisaei,
2189 1372 2319 1418 Papae,

1339 1421 1524 1462 Monacbi‚
1546 1424 1723 1457 finxerunt
1738 1424 1852 1457 cultus
1869 1430 1902 1457 et
1918 1424 2064 1457 numina
2082 1425 2228 1458 verbum
2238 1424 2319 1459 Dei.

1338 1476 1605 1518 samosatenus,
1635 1474 1760 1513 Arius,
1788 1474 2018 1508 audacissime
2035 1475 2211 1509 finxerunt
2233 1477 2320 1520 dog-

1339 1534 1431 1561 mata
1456 1533 1576 1560 contra
1601 1527 1747 1559 verbum
1774 1524 1862 1566 Dei,
1899 1525 1947 1558 sic
1972 1526 2009 1558 in
2035 1526 2125 1559 sacto
2150 1527 2320 1561 Absaton.

1340 1576 1519 1612 Antonius
1537 1584 1569 1611 et
1587 1577 1688 1611 multi
1707 1576 1767 1609 alii
1785 1583 1973 1610 moverunt
1992 1577 2138 1620 imperia
2164 1578 2240 1611 sine
2258 1591 2320 1611 vo-

1339 1629 1475 1662 catione
1497 1635 1530 1661 et
1553 1635 1674 1661 contra
1698 1628 1844 1660 verbum
1864 1626 1940 1660 Dei.
1994 1626 2102 1660 Iosias
2118 1641 2321 1674 quanquam

1340 1680 1393 1712 vir
1417 1686 1574 1719 sanctus,
1610 1685 1727 1711 tamen
1759 1678 1876 1722 lapsus
1910 1685 1979 1718 est,
2012 1690 2158 1712 movens
2189 1680 2321 1713 bellum

1340 1742 1413 1763 non
1431 1729 1676 1762 necessarium.
1731 1727 1852 1773 ltaque
1869 1729 2001 1761 dictum
2019 1728 2222 1763 Salomonis
2237 1743 2323 1764 con-

1340 1781 1504 1814 cionatur
1522 1780 1688 1812 omnibus
1706 1777 1929 1816 hominihus,
1958 1786 1996 1812 ut
2012 1780 2158 1813 audiunt
2175 1781 2322 1814 verbum

1341 1830 1425 1869 Dei,
1454 1828 1545 1863 nillil
1571 1830 1758 1862 adfirment
1785 1830 1820 1861 in
1843 1826 2018 1869 Ecclesia,
2053 1831 2146 1874 quod
2175 1843 2247 1864 non
2272 1839 2322 1866 est

1341 1894 1358 1914 a
1375 1882 1449 1916 Deo
1469 1881 1654 1914 traditum:
1684 1892 1755 1912 non
1773 1887 1936 1913 moveant
1955 1881 2100 1924 imperia
2128 1882 2202 1915 sine
2220 1888 2323 1917 voca—

1341 1933 1437 1965 tione
1462 1938 1493 1964 et
1517 1932 1592 1963 sine
1617 1931 1829 1963 necessitate.
1889 1930 1947 1964 Sic
1972 1931 2056 1965 dicit
2080 1931 2222 1966 Petrus:
2251 1933 2322 1978 Qui

1344 1983 1522 2027 loquitur,
1561 1982 1728 2026 loquatur
1752 1981 1893 2014 oracula
1918 1980 2006 2020 Dei,
2040 1983 2169 2017 scilicet
2199 1985 2234 2017 in
2260 1987 2325 2019 do-

1343 2035 1475 2073 cendo,
1503 2041 1534 2066 et
1560 2033 1618 2078 qni
1639 2033 1880 2067 administrat.
1910 2034 2130 2067 administret
2154 2042 2323 2081 tanquam

1344 2097 1382 2117 cx
1408 2085 1555 2121 virtuto,
1585 2097 1689 2129 quam
1714 2084 1912 2127 suppeditat
1942 2083 2054 2120 Deus,
2085 2085 2117 2117 id
2146 2094 2216 2126 est,
2250 2101 2324 2121 ma-

1344 2142 1424 2168 neat
1449 2135 1540 2168 intra
1565 2142 1673 2168 metas
1695 2135 1907 2171 vocationis,
1937 2148 2040 2179 quain
2059 2136 2156 2169 Deus
2173 2138 2325 2179 adiuvat=

1344 2187 1405 2231 qni
1425 2198 1495 2219 non
1514 2186 1588 2218 vult
1608 2186 1728 2219 iuvare
1747 2197 1807 2218 sna
1827 2186 2028 2220 curiositate
2047 2194 2222 2222 tentantes
2240 2190 2324 2223 alic-

1316 2279 1319 2289 .
1344 2250 1388 2270 na
1407 2250 1424 2271 a
1445 2237 1646 2274 vocatione,
1663 2236 1756 2269 iuxta
1775 2237 1881 2270 illud:
1911 2237 2130 2271 Conuncndn
2143 2238 2215 2272 Deo
2234 2241 2325 2274 viam

1345 2296 1452 2326 tuam,
1469 2295 1500 2322 et
1521 2289 1592 2332 ipsc
1612 2288 1723 2321 saciet.
1761 2286 1855 2320 llaec
1872 2288 1964 2321 dicta
1976 2287 2068 2322 Petri
2089 2302 2229 2333 prorsus
2247 2304 2324 2325 cuin

1346 2337 1411 2373 lioc
1429 2341 1504 2373 loco
1524 2339 1729 2373 Salomonis
1744 2346 1953 2382 congruunt.

1437 2407 1546 2442 Addit
1560 2414 1676 2441 autem
1688 2406 1999 2441 comminationem
2014 2407 2204 2444 Salomon:
2223 2408 2327 2445 Deus

1345 2459 1381 2492 in
1399 2457 1494 2493 coelo
1511 2464 1582 2503 est,
1610 2458 1643 2492 id
1665 2465 1731 2497 est,
1760 2465 1807 2490 est
1833 2458 2030 2502 inspector.
2061 2460 2163 2494 iudex
2189 2469 2220 2496 et
2247 2464 2326 2497 vin-

1343 2513 1418 2545 ‹le-x,
1474 2510 1600 2544 Psalm.
1626 2510 1703 2543 32:
1736 2507 1837 2542 Videt
1864 2522 1985 2543 0111th
2010 2511 2101 2544 filios
2127 2509 2326 2553 hominnm,

1343 2562 1504 2605 intelligit
1524 2561 1643 2594 ovnnia
1659 2572 1762 2605 opera
1781 2572 1914 2593 eorum.
1972 2561 2075 2597 ltem:
2099 2561 2229 2598 Reddit
2245 2567 2326 2599 nni-

1346 2614 1472 2659 cuiquc
1494 2614 1587 2646 iuxta
1606 2624 1709 2656 opera
1729 2623 1861 2644 corum.
