2409 2915
97 88 193 124 1113
377 87 458 123 XII.

94 187 168 208 non
193 181 440 218 cognoscatur,
467 182 501 209 et
524 187 601 209 cum
625 175 670 208 ita
692 174 843 215 venerit,
868 181 984 209 tamen
1007 186 1078 209 non

94 226 242 260 credunt
261 227 301 260 ei.

234 309 287 343 Et
315 322 368 343 me
395 309 515 350 scitis,
544 314 574 342 el
603 306 697 342 unde
723 308 792 342 sim
822 310 934 343 scitis.

194 385 273 419 Non
304 395 387 430 puto
416 378 567 419 ironiam
595 397 668 418 csse
693 384 972 431 sed‘simplicem
997 399 1077 420 sen·

91 437 248 478 tentiam,
276 451 343 482 qua
359 437 514 477 coarguit
532 448 589 469 eos
607 438 643 469 in
662 434 756 470 hunc
771 439 931 471 modum:
957 436 1075 482 Opera

89 488 335 529 testificantur,
363 488 456 532 quod
476 501 493 520 a
513 486 587 520 Deo
606 488 731 520 missus
747 500 836 529 sum,
866 496 898 522 et
915 500 952 522 ea
971 500 1076 532 opera

88 549 149 571 vos
180 539 405 572 convincunt.
469 538 587 571 Nostis
613 539 730 583 itaque
764 550 819 571 me
847 551 866 572 a
890 538 964 572 Deo
992 550 1076 580 csse,

89 596 120 622 et
139 596 254 622 tamen
273 602 386 634 neque
404 596 536 632 patrem
555 601 668 634 neque
685 601 740 621 me
756 590 975 632 cognoscitis,
991 590 1074 637 quia

87 640 188 673 vobis
213 639 326 673 Deum
352 640 595 683 imaginamini
624 640 756 673 carnali
789 641 979 684 opinione,
1014 641 1075 685 qui

88 691 214 734 probet
242 691 397 724 iusticias
423 697 554 723 vestras
579 691 751 730 carnales,
800 692 859 736 qui
894 704 966 724 non
991 691 1075 725 velit

86 753 225 774 carnem
247 742 422 784 crucifigi,
457 742 519 786 qui
543 753 615 773 non
641 741 685 774 sit
706 742 876 776 missurus
892 740 1074 776 Christum

86 792 122 824 iu
142 792 254 826 crucis
273 793 384 825 forma
406 793 464 825 sed
483 792 615 825 carnali
638 804 775 836 pompa.

243 888 286 920 Et
315 897 418 919 nemo
445 885 545 919 misit
573 885 612 918 in
641 897 719 919 eum
747 898 910 921 manum.

184 960 294 1005 Saepe
312 962 514 994 consolatur
531 972 594 994 nos
618 973 681 1004 per
699 961 1069 1005 praedestinationem,

83 1019 122 1046 ut
141 1010 270 1046 Mauh.
289 1011 350 1046 X.:
379 1010 516 1045 Omnes
544 1012 662 1055 capilli
687 1013 810 1056 capitis
826 1013 930 1045 vestri
948 1024 1072 1045 nume-

83 1063 148 1096 rati
168 1069 260 1096 sunt.
316 1062 364 1095 lta
382 1060 439 1095 hic
457 1075 520 1096 suo
543 1063 704 1105 exemplo
725 1063 927 1101 confirmat,
956 1070 987 1096 et
1010 1074 1073 1096 nos

82 1126 157 1147 non
177 1120 343 1146 venturos
360 1114 395 1146 in
415 1126 540 1147 manus
565 1112 717 1147 hostium
742 1114 810 1147 nisi
837 1126 898 1157 per
921 1113 995 1147 eius
1010 1126 1073 1146 vo-

82 1165 275 1205 luntatem,
319 1171 370 1204 et,
402 1176 480 1197 cum
516 1164 678 1197 venimus
709 1165 745 1197 in
778 1176 904 1198 manus
941 1176 1074 1205 eorum,

82 1216 213 1248 bonam
232 1215 448 1249 voluntatem
467 1215 574 1259 patris
593 1227 677 1248 esse.

165 1305 354 1355 qunquid
377 1308 415 1341 in
444 1305 702 1354 dispersionem
728 1307 892 1353 gentium
921 1312 982 1343 elc.

182 1380 228 1415 Et
244 1379 300 1415 hic
315 1389 435 1415 contra
451 1394 487 1414 se
504 1380 726 1427 prophetant,
754 1389 873 1425 gentes
891 1382 1069 1427 accipien—

83 1433 143 1466 das
162 1444 252 1473 esse,
281 1434 407 1466 reiecto
429 1431 548 1468 Israel.

233 1515 282 1550 In
311 1516 509 1551 novissimo
536 1521 655 1551 aulem
685 1515 742 1551 die
769 1529 918 1563 magnO.

181 1586 360 1619 Postrema
380 1586 454 1618 dies
478 1586 554 1619 festi
574 1593 693 1620 octava
720 1592 813 1625 erat,
841 1596 944 1629 quam
972 1591 1071 1618 vocat

79 1637 196 1671 Levit.
218 1635 352 1669 XXIII.
381 1636 474 1669 diem
499 1643 617 1670 coetus
640 1637 712 1669 sive
730 1636 913 1675 collectae,
940 1636 1071 1669 scilicet

80 1690 175 1733 quod
199 1699 238 1721 eo
263 1687 320 1720 die
349 1687 644 1727 conveniebatur,
696 1687 821 1720 exactis
845 1686 914 1718 iam
939 1694 1069 1731 septem

79 1739 205 1772 diebus
230 1738 265 1770 in
284 1738 528 1773 tabernaculis.
582 1736 632 1771 Ea
654 1737 727 1770 dies
746 1735 804 1770 hic
828 1748 952 1780 magna
980 1737 1071 1771 dici-

78 1797 138 1823 tur
169 1787 261 1822 haud
301 1789 409 1822 dubie
449 1795 591 1832 propter
629 1788 942 1831 significationem,
988 1789 1070 1833 quia

79 1847 222 1874 octavus
248 1839 322 1872 dies
344 1839 515 1883 significat
538 1839 787 1872 revelationem
817 1839 948 1881 gloriae
978 1839 1070 1873 fitio-

78 1903 157 1924 rum
173 1889 251 1924 Dei.

179 1972 224 2008 Si
248 1973 332 2021 quis
353 1973 451 2013 sitit,
481 1973 600 2007 venial
634 1971 688 2007 ad
713 1984 766 2006 me
794 1977 824 2006 el
850 1972 964 2008 bibat.

179 2050 285 2085 Sitire
303 2057 366 2091 est,
394 2050 546 2083 revelato
563 2057 704 2094 peccato
721 2049 906 2083 confusum
923 2057 955 2083 et
974 2062 1068 2084 mor-

77 2104 244 2137 tificatum
270 2112 359 2141 esse,
386 2107 424 2134 ut
447 2101 485 2133 in
509 2099 666 2133 Psalmo:
701 2100 800 2134 Sicut
818 2112 939 2134 cervus
965 2102 1068 2147 desy-

77 2155 175 2188 derat
192 2153 233 2186 ad
254 2152 366 2185 sontes
385 2163 573 2196 aquarum,
600 2163 669 2196 quo
695 2151 748 2191 fit,
777 2158 814 2184 ut
838 2163 1066 2195 agnoscamus

76 2216 213 2239 merum
239 2202 463 2236 maledictum
495 2213 566 2234 esse
590 2213 712 2235 omnes
739 2201 830 2234 vires
855 2209 888 2235 et
913 2202 1067 2237 iusticias

75 2254 261 2290 humanas.
315 2252 393 2287 Hoc
421 2259 470 2286 est
498 2253 591 2298 quod
622 2251 813 2296 Apostolus
847 2252 980 2297 inquit:
1017 2254 1066 2286 le-

75 2319 153 2352 gem
178 2316 250 2340 esse
272 2305 514 2349 paedagogum
543 2303 579 2336 in
605 2300 797 2337 Christum.
863 2301 910 2337 Et
935 2305 1006 2349 ipse
1032 2317 1068 2338 se

77 2357 220 2402 exponit
237 2353 365 2390 Matth.
382 2354 463 2388 XL:
493 2354 617 2388 Venite
637 2355 678 2387 ad
697 2366 752 2386 me
769 2366 910 2395 omnes,
937 2355 997 2400 qni
1016 2356 1066 2389 la-

75 2408 210 2443 boratis
226 2413 258 2440 et
274 2406 410 2441 onerati
428 2406 507 2440 estis
527 2413 590 2441 etc.
644 2403 688 2439 Et
705 2402 787 2438 hinc
807 2405 979 2449 intelliges
1004 2407 1065 2451 qui

75 2460 146 2494 sint
163 2457 293 2502 gratiae
309 2468 469 2502 capaces,
499 2468 624 2500 nempe
640 2457 796 2490 sitientes
809 2482 817 2497 ,
845 2455 938 2490 iuxta
958 2457 1064 2491 illud:

75 2509 281 2545 Esurientes
313 2508 475 2552 implevit
504 2507 618 2541 bonis.
681 2506 802 2552 Itaque
825 2507 886 2540 ubi
915 2520 989 2541 non
1014 2515 1064 2542 est

75 2561 229 2606 cognitio
244 2559 397 2606 peccati,
423 2559 473 2592 ibi
495 2570 574 2592 caro
593 2565 661 2599 est,
687 2571 767 2592 caro
792 2566 908 2592 autem
933 2567 1064 2603 pugnat

74 2624 154 2647 cum
178 2611 322 2657 spiritu3
365 2621 447 2654 ergo
469 2610 531 2644 ubi
556 2621 630 2644 non
654 2616 705 2644 est
734 2609 888 2654 cognitio
922 2611 1064 2653 peccati,

74 2663 126 2698 ibi
143 2675 206 2697 nec
221 2661 366 2708 spiritus
386 2667 445 2695 est.

510 86 904 125 ANNOTATIONES
931 88 997 123 ET
1022 87 1305 127 CONCIONES
1334 92 1383 127 IN
1405 92 1587 131 EVANG.
1616 93 1829 133 IOANNIS.

2026 96 2120 130 1114

1324 193 1402 241 Qui
1427 194 1537 230 credit
1566 197 1604 231 in
1633 211 1704 237 me,
1733 198 1843 239 fluent
1871 202 1932 234 etc.

1233 269 1414 310 Secundo,
1455 274 1632 316 quomodo
1666 274 1772 315 igitur
1802 273 2013 306 veniendum
2045 273 2117 306 est?

1130 315 1229 350 Fide.
1283 319 1399 365 Atque
1417 322 1462 354 ita
1485 330 1609 367 aequat
1635 331 1752 367 gentes
1775 331 1807 357 et
1826 323 1992 363 ludaeos,
2017 325 2115 357 ‹lam-

1131 374 1190 400 nat
1209 371 1451 412 superbientes
1468 372 1602 405 iusticia
1621 386 1786 417 operum,
1815 376 2016 407 consolatur
2033 386 2114 417 pec·

1130 425 1282 460 catores;
1319 422 1405 455 sicut
1428 423 1513 458 dicit
1539 424 1708 468 scriptura
1728 423 1849 457 Esaiae
1867 424 1996 460 XLIV.
2025 424 2114 459 Eze-

1130 467 1251 503 chielis
1267 470 1403 505 XXXV
1424 480 1454 506 et
1470 473 1632 510 XLUL:
1662 474 1791 508 Fluent
1806 476 1964 511 ssumiua.

1333 564 1412 597 Hoc
1433 569 1552 598 aulem
1579 563 1678 600 dixit
1706 565 1748 600 de
1769 566 1914 614 spiritu.

1231 639 1352 674 Tertio
1365 667 1372 681 ‚
1400 641 1485 685 quid
1504 650 1739 687 consequatur
1757 643 1860 675 fidem
1873 670 1882 683 ,
1909 649 2012 687 atque
2029 643 2114 675 adeo

1129 691 1214 736 quid
1232 690 1273 724 sit
1294 703 1374 724 vera
1394 692 1550 730 iusticia,
1579 694 1700 735 (locet,
1729 706 1854 738 nempe
1873 693 2026 737 acceptio
2045 693 2116 736 spi-

1128 744 1216 775 ritus
1234 742 1357 776 sancti,
1411 740 1474 775 Est
1499 750 1614 776 autem
1634 742 1689 777 hic
1712 744 1808 777 locus
1837 744 1937 788 plane
1957 751 2117 786 acceptus

1128 804 1167 826 ex
1187 791 1307 826 Esaia:
1343 792 1533 826 Effundam
1554 806 1660 839 aquas
1679 806 1782 839 super
1807 796 1982 828 sitientem
2002 802 2064 828 etc.

1263 882 1441 919 Nondum
1467 885 1561 918 enim
1587 891 1665 920 erat
1687 887 1841 935 spiritus
1865 885 1987 922 datus.

1233 959 1340 993 Vetus
1360 967 1604 995 testamentum
1622 962 1677 995 Iex
1698 968 1834 995 tantum
1855 963 1939 1003 suit,
1968 970 1998 995 et
2017 975 2115 1006 prae—

1128 1011 1303 1044 dicatione
1323 1012 1406 1054 legis
1429 1010 1519 1044 nihil
1537 1014 1579 1045 de
1596 1013 1803 1046 remissione
1820 1021 2038 1057 peccatorum
2058 1020 2117 1046 aut

1128 1061 1263 1106 Spiritu
1282 1069 1401 1095 sancto
1432 1063 1668 1106 praedicatum
1693 1070 1754 1098 est.
1811 1063 1950 1098 Rursus
1982 1076 2114 1097 novum

1128 1119 1374 1146 testamentum
1408 1121 1458 1147 est
1490 1114 1647 1147 remissio
1673 1121 1893 1157 peccatorum
1917 1122 1949 1148 et
1972 1114 2115 1148 donatio

1127 1163 1282 1211 Spiritus
1298 1165 1428 1204 sancti,
1456 1176 1527 1197 uon
1546 1165 1610 1198 lex.
1666 1164 1821 1199 Verbum
1848 1178 1910 1209 per
1934 1167 2027 1210 quod
2055 1167 2117 1198 da-

1127 1221 1184 1248 tur
1201 1214 1354 1258 Spiritus
1372 1222 1510 1249 sanctus
1523 1242 1531 1255 ‚
1559 1218 1611 1258 (ut
1628 1216 1674 1249 ait
1687 1217 1878 1261 Apostolus
1894 1219 1928 1251 2.
1939 1216 2018 1251 Cor.
2036 1215 2114 1249 HL:

1127 1264 1257 1298 Sumus
1287 1265 1439 1299 ministri
1470 1267 1631 1311 spiritus)
1675 1274 1725 1300 est
1753 1267 1984 1310 Evangelium
2020 1268 2114 1311 quod

1127 1315 1210 1361 quia
1251 1317 1411 1349 noudum
1443 1324 1514 1350 erat
1553 1318 1766 1357 revelatum,
1810 1318 1939 1351 dicitur
1973 1317 2116 1361 spiritus

1127 1377 1200 1398 non
1218 1366 1319 1398 datus
1335 1377 1425 1405 esse,
1453 1368 1534 1411 quia
1560 1369 1719 1400 noudum
1742 1376 1815 1401 erat
1840 1369 2035 1411 praedicata
2055 1380 2114 1411 pa-

1126 1416 1195 1449 lam
1214 1416 1372 1449 remissio
1392 1422 1628 1461 peccatorum,
1656 1430 1737 1460 ergo
1757 1430 1870 1463 neque
1894 1419 2036 1462 spiritus
2056 1431 2115 1461 pa-

1126 1467 1194 1499 lam
1213 1467 1314 1500 datus
1332 1475 1414 1503 erat.
1468 1467 1514 1502 Et
1538 1469 1626 1502 sicut
1642 1467 1876 1512 Evangelium
1894 1481 1967 1502 non
1985 1480 2114 1512 cogno-

1126 1518 1287 1550 scebatur
1313 1519 1446 1561 palam,
1480 1520 1526 1552 ita
1553 1532 1665 1564 neque
1690 1521 1965 1563 cognoscebatur
1996 1520 2109 1563 palam

1126 1567 1281 1612 SpIritus
1333 1576 1496 1602 sanctus:
1550 1571 1632 1614 quia
1672 1568 1907 1613 Evangelium
1955 1571 2113 1604 nondum

1126 1625 1198 1651 erat
1216 1620 1453 1662 praedicatum
1465 1647 1474 1660 ,
1500 1621 1656 1666 adeoque
1673 1633 1786 1666 neque
1804 1620 1957 1665 Spiritus
1975 1629 2114 1655 sanctus

1125 1670 1297 1712 cognitus.
1358 1669 1450 1713 Quia
1476 1670 1569 1704 Iesus
1596 1672 1756 1705 nonduin
1781 1678 1854 1706 erat
1870 1671 1914 1718 l³)
1942 1672 2113 1715 glorifica-

1125 1727 1199 1758 tus,
1232 1721 1267 1752 id
1293 1727 1359 1760 est,
1392 1722 1552 1754 nondum
1587 1722 1681 1755 enim
1713 1723 1828 1766 potuit
1860 1730 1940 1757 ante
1963 1729 2112 1756 mortem

1124 1770 1331 1814 glorificari,
1360 1773 1439 1816 quia
1459 1774 1615 1816 oportuit
1634 1781 1810 1817 peccatum
1828 1774 1865 1806 in
1881 1786 2019 1807 carnem
2040 1773 2114 1807 eius

1124 1828 1324 1866 congestum
1342 1830 1375 1857 et
1393 1831 1542 1857 mortem
1562 1837 1624 1868 per
1642 1824 1751 1868 ipsius
1771 1832 1919 1859 mortem
1938 1825 2043 1859 vinci.

1174 1914 1247 1949 Hic
1270 1919 1319 1949 est
1344 1927 1444 1949 verus
1468 1913 1666 1964 Propheta.
1720 1915 1801 1951 Alii
1824 1916 2009 1953 dicebant.-
2042 1915 2114 1950 Hic

1227 1970 1277 1999 est
1300 1960 1485 2001 Christus.

1224 2041 1459 2087 Evangelium
1474 2045 1552 2078 aliis
1567 2046 1657 2079 odor
1674 2046 1786 2087 vitae,
1815 2046 1893 2079 aliis
1911 2047 1999 2080 odor
2015 2057 2111 2078 mor-

1125 2094 1169 2128 tis
1187 2102 1248 2128 est.
1303 2095 1404 2138 Quae
1420 2096 1663 2129 contentiones
1686 2097 1935 2132 describuntur
1958 2097 1999 2129 ad
2026 2108 2111 2129 con-

1122 2145 1288 2179 solandos
1303 2158 1378 2185 eos,
1407 2155 1439 2180 et
1457 2148 1518 2192 qui
1537 2147 1760 2191 praedicant,
1790 2155 1822 2181 et
1849 2148 1908 2193 qui
1928 2147 2112 2192 patiuntur

1121 2197 1418 2240 persecutionem,
1467 2210 1510 2230 ne
1535 2198 1700 2231 scandalo
1723 2199 1881 2232 deterriti
1913 2200 2109 2242 desperent.

1120 2246 1219 2281 Sicut
1234 2254 1266 2281 et
1280 2248 1366 2281 alias
1383 2248 1513 2293 inquit:
1542 2248 1622 2281 Non
1646 2248 1726 2282 veni
1750 2249 1887 2282 mittere
1912 2261 2028 2293 pacem
2048 2249 2105 2281 sed

1119 2298 1286 2341 gladium.
1339 2298 1408 2333 Sed
1440 2300 1482 2331 (le
1506 2298 1700 2342 Evangelio
1731 2300 1901 2344 loquitur.
1963 2299 2051 2332 Nam
2075 2305 2108 2332 et

1119 2350 1388 2383 contentionum
1419 2356 1576 2382 auctores
1600 2356 1683 2382 sunt
1708 2351 1809 2393 impii
1835 2352 1994 2383 doctores
2011 2362 2107 2383 cere-

1118 2401 1316 2433 moniarum
1339 2412 1356 2432 a
1373 2400 1502 2434 dextris
1525 2407 1556 2433 et
1581 2412 1599 2433 a
1622 2400 1792 2438 sinistris,
1837 2402 1880 2434 de
1910 2401 2038 2445 quibus
2069 2401 2107 2433 2.

1118 2449 1212 2486 Tim.
1230 2450 1289 2485 Il.:
1316 2450 1396 2484 Noli
1413 2452 1624 2485 contendere
1644 2451 1770 2491 verbis,
1798 2449 1889 2484 nihil
1908 2451 2001 2484 enim
2019 2451 2107 2485 utile

1118 2508 1168 2536 est
1184 2502 1252 2534 nisi
1270 2502 1311 2535 ad
1331 2502 1595 2535 subversionem
1619 2502 1852 2537 audientium.

1152 2677 1197 2706 1³)
1219 2678 1311 2701 secer,
1334 2678 1408 2708 erit,
1429 2678 1566 2702 mendose.
