<?xml version="1.0" encoding="UTF-8"?>
<!DOCTYPE html PUBLIC "-//W3C//DTD XHTML 1.0 Transitional//EN"
    "http://www.w3.org/TR/xhtml1/DTD/xhtml1-transitional.dtd">
<html xmlns="http://www.w3.org/1999/xhtml" xml:lang="en" lang="en">
 <head>
  <title>
</title>
<meta http-equiv="Content-Type" content="text/html;charset=utf-8" />
  <meta name='ocr-system' content='tesseract 3.04.00' />
  <meta name='ocr-capabilities' content='ocr_page ocr_carea ocr_par ocr_line ocrx_word'/>
</head>
<body>
  <div class='ocr_page' id='page_1' title='image "./operaquaesupersu14melauoft/operaquaesupersu14melauoft_0133.png"; bbox 0 0 2409 2915; ppageno 0'>
   <div class='ocr_carea' id='block_1_1' title="bbox 0 0 43 2915">
    <p class='ocr_par' dir='ltr' id='par_1_1' title="bbox 0 0 43 2915">
     <span class='ocr_line' id='line_1_1' title="bbox 0 0 43 2915; baseline 0 0"><span class='ocrx_word' id='word_1_1' title='bbox 0 0 43 2915; x_wconf 95' lang='lat' dir='ltr'> </span> 
     </span>
    </p>
   </div>
   <div class='ocr_carea' id='block_1_2' title="bbox 64 117 688 156">
    <p class='ocr_par' dir='ltr' id='par_1_2' title="bbox 64 117 688 156">
     <span class='ocr_line' id='line_1_2' title="bbox 64 117 688 156; baseline -0.008 0"><span class='ocrx_word' id='word_1_2' title='bbox 64 120 139 156; x_wconf 79' lang='lat'>249</span> <span class='ocrx_word' id='word_1_3' title='bbox 607 117 688 152; x_wconf 84' lang='lat' dir='ltr'>X11.</span> 
     </span>
    </p>
   </div>
   <div class='ocr_carea' id='block_1_3' title="bbox 26 201 1074 651">
    <p class='ocr_par' dir='ltr' id='par_1_3' title="bbox 21 201 1074 651">
     <span class='ocr_line' id='line_1_3' title="bbox 28 201 1049 253; baseline -0.006 -13"><span class='ocrx_word' id='word_1_4' title='bbox 28 247 29 253; x_wconf 12' lang='grc' dir='ltr'>ἵ</span> <span class='ocrx_word' id='word_1_5' title='bbox 65 206 238 250; x_wconf 81' lang='lat' dir='ltr'>significat</span> <span class='ocrx_word' id='word_1_6' title='bbox 257 212 407 239; x_wconf 84' lang='lat' dir='ltr'>mortem</span> <span class='ocrx_word' id='word_1_7' title='bbox 424 201 568 237; x_wconf 84' lang='lat' dir='ltr'>Christi.</span> <span class='ocrx_word' id='word_1_8' title='bbox 620 201 786 246; x_wconf 87' lang='lat' dir='ltr'>Aspersio</span> <span class='ocrx_word' id='word_1_9' title='bbox 803 201 973 245; x_wconf 82' lang='lat' dir='ltr'>significat</span> <span class='ocrx_word' id='word_1_10' title='bbox 987 213 1049 246; x_wconf 84' lang='lat' dir='ltr'>ap-</span> 
     </span>
     <span class='ocr_line' id='line_1_4' title="bbox 28 252 1074 304; baseline -0.007 -13"><span class='ocrx_word' id='word_1_11' title='bbox 28 256 29 262; x_wconf 47' lang='lat'><em>*</em></span> <span class='ocrx_word' id='word_1_12' title='bbox 66 257 314 301; x_wconf 81' lang='lat' dir='ltr'>plicationem,</span> <span class='ocrx_word' id='word_1_13' title='bbox 342 267 408 300; x_wconf 85' lang='lat' dir='ltr'>qua</span> <span class='ocrx_word' id='word_1_14' title='bbox 425 253 555 296; x_wconf 81' lang='lat' dir='ltr'>singuli</span> <span class='ocrx_word' id='word_1_15' title='bbox 574 252 640 285; x_wconf 84' lang='lat' dir='ltr'>fide</span> <span class='ocrx_word' id='word_1_16' title='bbox 656 252 834 296; x_wconf 85' lang='lat' dir='ltr'>applicant</span> <span class='ocrx_word' id='word_1_17' title='bbox 850 252 917 285; x_wconf 88' lang='lat' dir='ltr'>sibi</span> <span class='ocrx_word' id='word_1_18' title='bbox 940 253 1047 285; x_wconf 87' lang='lat' dir='ltr'>bene·</span> <span class='ocrx_word' id='word_1_19' title='bbox 1070 273 1074 304; x_wconf 72' lang='grc' dir='ltr'>Ι</span> 
     </span>
     <span class='ocr_line' id='line_1_5' title="bbox 26 302 1074 353; baseline -0.006 -12"><span class='ocrx_word' id='word_1_20' title='bbox 26 342 27 353; x_wconf 24' lang='lat'>¹</span> <span class='ocrx_word' id='word_1_21' title='bbox 67 307 182 341; x_wconf 89' lang='lat' dir='ltr'>ficium</span> <span class='ocrx_word' id='word_1_22' title='bbox 201 305 353 345; x_wconf 75' lang='lat' dir='ltr'>Christi,</span> <span class='ocrx_word' id='word_1_23' title='bbox 380 311 484 348; x_wconf 79' lang='lat' dir='ltr'>atque</span> <span class='ocrx_word' id='word_1_24' title='bbox 500 304 547 336; x_wconf 83' lang='lat' dir='ltr'>ita</span> <span class='ocrx_word' id='word_1_25' title='bbox 566 303 736 346; x_wconf 83' lang='lat' dir='ltr'>sanguine</span> <span class='ocrx_word' id='word_1_26' title='bbox 760 302 835 336; x_wconf 90' lang='lat' dir='ltr'>eius</span> <span class='ocrx_word' id='word_1_27' title='bbox 858 313 1049 346; x_wconf 81' lang='lat' dir='ltr'>aspergun-</span> <span class='ocrx_word' id='word_1_28' title='bbox 1071 308 1074 339; x_wconf 71' lang='lat' dir='ltr'>l</span> 
     </span>
     <span class='ocr_line' id='line_1_6' title="bbox 26 341 1074 400; baseline -0.006 -8"><span class='ocrx_word' id='word_1_29' title='bbox 26 359 27 395; x_wconf 71' lang='lat' dir='ltr'>J</span> <span class='ocrx_word' id='word_1_30' title='bbox 66 365 142 398; x_wconf 85' lang='lat' dir='ltr'>tur,</span> <span class='ocrx_word' id='word_1_31' title='bbox 168 364 207 391; x_wconf 79' lang='lat' dir='ltr'>ut</span> <span class='ocrx_word' id='word_1_32' title='bbox 224 356 339 400; x_wconf 87' lang='lat' dir='ltr'>inquit</span> <span class='ocrx_word' id='word_1_33' title='bbox 356 354 491 389; x_wconf 82' lang='lat' dir='ltr'>Petrus.</span> <span class='ocrx_word' id='word_1_34' title='bbox 545 352 754 396; x_wconf 82' lang='lat' dir='ltr'>Cogitentur</span> <span class='ocrx_word' id='word_1_35' title='bbox 771 360 804 386; x_wconf 83' lang='lat' dir='ltr'>et</span> <span class='ocrx_word' id='word_1_36' title='bbox 829 365 951 386; x_wconf 80' lang='lat' dir='ltr'>causae</span> <span class='ocrx_word' id='word_1_37' title='bbox 978 353 1049 386; x_wconf 83' lang='lat' dir='ltr'>irae</span> <span class='ocrx_word' id='word_1_38' title='bbox 1070 341 1074 399; x_wconf 58' lang='grc' dir='ltr'><strong>ἒ</strong></span> 
     </span>
     <span class='ocr_line' id='line_1_7' title="bbox 26 401 1074 450; baseline -0.007 -8"><span class='ocrx_word' id='word_1_39' title='bbox 26 423 28 426; x_wconf 61' lang='grc'>’</span> <span class='ocrx_word' id='word_1_40' title='bbox 66 407 132 442; x_wconf 87' lang='lat' dir='ltr'>Dei</span> <span class='ocrx_word' id='word_1_41' title='bbox 153 409 319 440; x_wconf 79' lang='lat' dir='ltr'>adversus</span> <span class='ocrx_word' id='word_1_42' title='bbox 335 410 512 449; x_wconf 74' lang='lat' dir='ltr'>peccatum</span> <span class='ocrx_word' id='word_1_43' title='bbox 534 403 672 450; x_wconf 84' lang='lat' dir='ltr'>generis</span> <span class='ocrx_word' id='word_1_44' title='bbox 695 401 861 444; x_wconf 83' lang='lat' dir='ltr'>humani,</span> <span class='ocrx_word' id='word_1_45' title='bbox 888 410 920 437; x_wconf 84' lang='lat' dir='ltr'>et</span> <span class='ocrx_word' id='word_1_46' title='bbox 945 403 1049 436; x_wconf 84' lang='lat' dir='ltr'>mise·</span> <span class='ocrx_word' id='word_1_47' title='bbox 1070 411 1074 450; x_wconf 74' lang='lat'>1</span> 
     </span>
     <span class='ocr_line' id='line_1_8' title="bbox 27 451 1050 500; baseline -0.005 -8.019"><span class='ocrx_word' id='word_1_48' title='bbox 27 451 29 459; x_wconf 40' lang='lat'><strong>¹</strong></span> <span class='ocrx_word' id='word_1_49' title='bbox 67 458 238 497; x_wconf 85' lang='lat' dir='ltr'>ricordia,</span> <span class='ocrx_word' id='word_1_50' title='bbox 273 456 368 500; x_wconf 88' lang='lat' dir='ltr'>quod</span> <span class='ocrx_word' id='word_1_51' title='bbox 392 454 562 497; x_wconf 84' lang='lat' dir='ltr'>sanguine</span> <span class='ocrx_word' id='word_1_52' title='bbox 579 454 663 487; x_wconf 85' lang='lat' dir='ltr'>Filii</span> <span class='ocrx_word' id='word_1_53' title='bbox 689 455 742 488; x_wconf 89' lang='lat' dir='ltr'>sui</span> <span class='ocrx_word' id='word_1_54' title='bbox 764 466 829 487; x_wconf 90' lang='lat' dir='ltr'>nos</span> <span class='ocrx_word' id='word_1_55' title='bbox 852 454 1050 493; x_wconf 82' lang='lat' dir='ltr'>redemerit,</span> 
     </span>
     <span class='ocr_line' id='line_1_9' title="bbox 67 505 1050 550; baseline -0.005 -8.214"><span class='ocrx_word' id='word_1_56' title='bbox 67 509 259 542; x_wconf 68' lang='lat' dir='ltr'>retineatur</span> <span class='ocrx_word' id='word_1_57' title='bbox 274 507 358 539; x_wconf 82' lang='lat' dir='ltr'>fides</span> <span class='ocrx_word' id='word_1_58' title='bbox 376 506 412 538; x_wconf 93' lang='lat' dir='ltr'>in</span> <span class='ocrx_word' id='word_1_59' title='bbox 430 505 672 545; x_wconf 77' lang='lat' dir='ltr'>invocatione,</span> <span class='ocrx_word' id='word_1_60' title='bbox 697 506 791 550; x_wconf 86' lang='lat' dir='ltr'>quod</span> <span class='ocrx_word' id='word_1_61' title='bbox 808 516 888 537; x_wconf 72' lang='lat' dir='ltr'>vere</span> <span class='ocrx_word' id='word_1_62' title='bbox 908 511 1050 549; x_wconf 86' lang='lat' dir='ltr'>propter</span> 
     </span>
     <span class='ocr_line' id='line_1_10' title="bbox 67 556 1048 600; baseline -0.004 -8.175"><span class='ocrx_word' id='word_1_63' title='bbox 67 557 161 592; x_wconf 85' lang='lat' dir='ltr'>hunc</span> <span class='ocrx_word' id='word_1_64' title='bbox 183 557 316 591; x_wconf 83' lang='lat' dir='ltr'>Filium</span> <span class='ocrx_word' id='word_1_65' title='bbox 346 556 576 600; x_wconf 72' lang='lat' dir='ltr'>recipiamur,</span> <span class='ocrx_word' id='word_1_66' title='bbox 618 567 691 588; x_wconf 83' lang='lat' dir='ltr'>non</span> <span class='ocrx_word' id='word_1_67' title='bbox 720 561 863 599; x_wconf 79' lang='lat' dir='ltr'>propter</span> <span class='ocrx_word' id='word_1_68' title='bbox 893 562 1048 588; x_wconf 78' lang='lat' dir='ltr'>nostram</span> 
     </span>
     <span class='ocr_line' id='line_1_11' title="bbox 66 604 1050 651; baseline -0.003 -10.131"><span class='ocrx_word' id='word_1_69' title='bbox 66 609 283 651; x_wconf 81' lang='lat' dir='ltr'>dignitatem.</span> <span class='ocrx_word' id='word_1_70' title='bbox 353 606 633 639; x_wconf 63' lang='lat' dir='ltr'>considerentur</span> <span class='ocrx_word' id='word_1_71' title='bbox 668 613 699 640; x_wconf 83' lang='lat' dir='ltr'>et</span> <span class='ocrx_word' id='word_1_72' title='bbox 727 618 861 650; x_wconf 81' lang='lat' dir='ltr'>poenae</span> <span class='ocrx_word' id='word_1_73' title='bbox 890 604 1050 651; x_wconf 79' lang='lat' dir='ltr'>Aegypti,</span> 
     </span>
    </p>
   </div>
   <div class='ocr_carea' id='block_1_4' title="bbox 66 656 861 701">
    <p class='ocr_par' dir='ltr' id='par_1_4' title="bbox 66 656 861 701">
     <span class='ocr_line' id='line_1_12' title="bbox 66 656 861 701; baseline 0 -10"><span class='ocrx_word' id='word_1_74' title='bbox 66 659 299 701; x_wconf 71' lang='lat' dir='ltr'>significantes</span> <span class='ocrx_word' id='word_1_75' title='bbox 318 657 461 691; x_wconf 75' lang='lat' dir='ltr'>exitium</span> <span class='ocrx_word' id='word_1_76' title='bbox 481 657 640 690; x_wconf 88' lang='lat' dir='ltr'>omnium</span> <span class='ocrx_word' id='word_1_77' title='bbox 658 656 861 701; x_wconf 84' lang='lat' dir='ltr'>impiorum.</span> 
     </span>
    </p>
   </div>
   <div class='ocr_carea' id='block_1_5' title="bbox 259 766 1077 909">
    <p class='ocr_par' dir='ltr' id='par_1_5' title="bbox 259 766 1077 909">
     <span class='ocr_line' id='line_1_13' title="bbox 259 766 865 808; baseline 0 -2"><span class='ocrx_word' id='word_1_78' title='bbox 259 767 325 807; x_wconf 85' lang='lat' dir='ltr'>De</span> <span class='ocrx_word' id='word_1_79' title='bbox 344 767 673 807; x_wconf 76' lang='lat' dir='ltr'>Resurrectione</span> <span class='ocrx_word' id='word_1_80' title='bbox 693 766 865 808; x_wconf 75' lang='lat' dir='ltr'>Christi.</span> 
     </span>
     <span class='ocr_line' id='line_1_14' title="bbox 330 838 1077 909; baseline 0 -36"><span class='ocrx_word' id='word_1_81' title='bbox 330 839 564 883; x_wconf 75' lang='lat' dir='ltr'>Evangelium</span> <span class='ocrx_word' id='word_1_82' title='bbox 582 839 697 873; x_wconf 79' lang='lat' dir='ltr'>Lucae</span> <span class='ocrx_word' id='word_1_83' title='bbox 715 838 778 874; x_wconf 73' lang='lat'>24.</span> <span class='ocrx_word' id='word_1_84' title='bbox 1073 852 1077 909; x_wconf 75' lang='grc'>1</span> 
     </span>
    </p>
   </div>
   <div class='ocr_carea' id='block_1_6' title="bbox 115 904 1080 2369">
    <p class='ocr_par' dir='ltr' id='par_1_6' title="bbox 115 904 1077 1658">
     <span class='ocr_line' id='line_1_15' title="bbox 115 904 1077 950; baseline -0.006 -7"><span class='ocrx_word' id='word_1_85' title='bbox 115 908 168 942; x_wconf 85' lang='lat' dir='ltr'>Et</span> <span class='ocrx_word' id='word_1_86' title='bbox 187 920 256 943; x_wconf 85' lang='lat' dir='ltr'>ecce</span> <span class='ocrx_word' id='word_1_87' title='bbox 271 906 342 941; x_wconf 87' lang='lat' dir='ltr'>duo</span> <span class='ocrx_word' id='word_1_88' title='bbox 359 919 403 940; x_wconf 68' lang='lat' dir='ltr'>ex</span> <span class='ocrx_word' id='word_1_89' title='bbox 420 905 500 940; x_wconf 88' lang='lat' dir='ltr'>illis</span> <span class='ocrx_word' id='word_1_90' title='bbox 516 906 619 939; x_wconf 81' lang='lat' dir='ltr'>ibant</span> <span class='ocrx_word' id='word_1_91' title='bbox 637 906 715 950; x_wconf 86' lang='lat' dir='ltr'>ipso</span> <span class='ocrx_word' id='word_1_92' title='bbox 735 904 791 939; x_wconf 83' lang='lat' dir='ltr'>die</span> <span class='ocrx_word' id='word_1_93' title='bbox 802 907 839 939; x_wconf 88' lang='lat' dir='ltr'>in</span> <span class='ocrx_word' id='word_1_94' title='bbox 849 904 1051 944; x_wconf 84' lang='lat' dir='ltr'>castellum,</span> <span class='ocrx_word' id='word_1_95' title='bbox 1074 912 1077 950; x_wconf 52' lang='lat'>¹!</span> 
     </span>
     <span class='ocr_line' id='line_1_16' title="bbox 165 955 1050 1007; baseline -0.005 -14"><span class='ocrx_word' id='word_1_96' title='bbox 165 956 266 1007; x_wconf 78' lang='lat' dir='ltr'>quod</span> <span class='ocrx_word' id='word_1_97' title='bbox 280 957 408 991; x_wconf 84' lang='lat' dir='ltr'>aberat</span> <span class='ocrx_word' id='word_1_98' title='bbox 424 956 548 1004; x_wconf 81' lang='lat' dir='ltr'>spacio</span> <span class='ocrx_word' id='word_1_99' title='bbox 563 955 768 990; x_wconf 81' lang='lat' dir='ltr'>stadiorum</span> <span class='ocrx_word' id='word_1_100' title='bbox 785 956 985 1002; x_wconf 74' lang='lat' dir='ltr'>sexaginta</span> <span class='ocrx_word' id='word_1_101' title='bbox 1003 955 1050 988; x_wconf 81' lang='lat' dir='ltr'>ab</span> 
     </span>
     <span class='ocr_line' id='line_1_17' title="bbox 165 1005 1052 1053; baseline -0.004 -10"><span class='ocrx_word' id='word_1_102' title='bbox 165 1007 387 1047; x_wconf 81' lang='lat' dir='ltr'>Jerusalem,</span> <span class='ocrx_word' id='word_1_103' title='bbox 426 1008 569 1040; x_wconf 85' lang='lat' dir='ltr'>nomine</span> <span class='ocrx_word' id='word_1_104' title='bbox 596 1006 756 1042; x_wconf 81' lang='lat' dir='ltr'>Emaus.</span> <span class='ocrx_word' id='word_1_105' title='bbox 820 1006 873 1040; x_wconf 81' lang='lat' dir='ltr'>Et</span> <span class='ocrx_word' id='word_1_106' title='bbox 899 1007 973 1053; x_wconf 89' lang='lat' dir='ltr'>ipsi</span> <span class='ocrx_word' id='word_1_107' title='bbox 997 1005 1052 1039; x_wconf 87' lang='lat' dir='ltr'>lo-</span> 
     </span>
     <span class='ocr_line' id='line_1_18' title="bbox 165 1055 1052 1107; baseline -0.005 -13"><span class='ocrx_word' id='word_1_108' title='bbox 165 1059 371 1107; x_wconf 80' lang='lat' dir='ltr'>quebantur</span> <span class='ocrx_word' id='word_1_109' title='bbox 387 1056 442 1091; x_wconf 86' lang='lat' dir='ltr'>ad</span> <span class='ocrx_word' id='word_1_110' title='bbox 457 1058 604 1091; x_wconf 61' lang='lat' dir='ltr'>invicem</span> <span class='ocrx_word' id='word_1_111' title='bbox 621 1055 662 1090; x_wconf 81' lang='lat' dir='ltr'>de</span> <span class='ocrx_word' id='word_1_112' title='bbox 680 1055 740 1091; x_wconf 88' lang='lat' dir='ltr'>his</span> <span class='ocrx_word' id='word_1_113' title='bbox 766 1058 933 1092; x_wconf 86' lang='lat' dir='ltr'>omnibus</span> <span class='ocrx_word' id='word_1_114' title='bbox 959 1069 1052 1104; x_wconf 78' lang='lat' dir='ltr'>quae</span> 
     </span>
     <span class='ocr_line' id='line_1_19' title="bbox 168 1107 1076 1156; baseline -0.006 -12"><span class='ocrx_word' id='word_1_115' title='bbox 168 1108 389 1144; x_wconf 82' lang='lat' dir='ltr'>acciderant.</span> <span class='ocrx_word' id='word_1_116' title='bbox 442 1107 655 1156; x_wconf 84' lang='lat' dir='ltr'>Etsuctum</span> <span class='ocrx_word' id='word_1_117' title='bbox 675 1114 724 1142; x_wconf 88' lang='lat' dir='ltr'>es!</span> <span class='ocrx_word' id='word_1_118' title='bbox 750 1107 835 1141; x_wconf 86' lang='lat' dir='ltr'>dum</span> <span class='ocrx_word' id='word_1_119' title='bbox 865 1107 1050 1155; x_wconf 82' lang='lat' dir='ltr'>loqueren-</span> <span class='ocrx_word' id='word_1_120' title='bbox 1074 1128 1076 1138; x_wconf 61' lang='grc' dir='ltr'><strong><em>ι</em></strong></span> 
     </span>
     <span class='ocr_line' id='line_1_20' title="bbox 168 1158 1051 1206; baseline -0.003 -13"><span class='ocrx_word' id='word_1_121' title='bbox 168 1166 246 1199; x_wconf 88' lang='lat' dir='ltr'>tur,</span> <span class='ocrx_word' id='word_1_122' title='bbox 276 1165 305 1193; x_wconf 81' lang='lat' dir='ltr'>ct</span> <span class='ocrx_word' id='word_1_123' title='bbox 323 1171 439 1193; x_wconf 84' lang='lat' dir='ltr'>secum</span> <span class='ocrx_word' id='word_1_124' title='bbox 458 1164 685 1206; x_wconf 78' lang='lat' dir='ltr'>quaererent,</span> <span class='ocrx_word' id='word_1_125' title='bbox 713 1164 743 1192; x_wconf 87' lang='lat' dir='ltr'>et</span> <span class='ocrx_word' id='word_1_126' title='bbox 762 1159 834 1206; x_wconf 85' lang='lat' dir='ltr'>ipse</span> <span class='ocrx_word' id='word_1_127' title='bbox 851 1158 958 1192; x_wconf 89' lang='lat' dir='ltr'>Iesus</span> <span class='ocrx_word' id='word_1_128' title='bbox 983 1170 1051 1205; x_wconf 86' lang='lat' dir='ltr'>ap—</span> 
     </span>
     <span class='ocr_line' id='line_1_21' title="bbox 162 1208 1076 1257; baseline -0.002 -14"><span class='ocrx_word' id='word_1_129' title='bbox 162 1210 436 1257; x_wconf 79' lang='lat' dir='ltr'>propinquans,</span> <span class='ocrx_word' id='word_1_130' title='bbox 473 1209 550 1242; x_wconf 86' lang='lat' dir='ltr'>ibat</span> <span class='ocrx_word' id='word_1_131' title='bbox 574 1221 650 1243; x_wconf 85' lang='lat' dir='ltr'>cum</span> <span class='ocrx_word' id='word_1_132' title='bbox 674 1208 769 1242; x_wconf 86' lang='lat' dir='ltr'>illis:</span> <span class='ocrx_word' id='word_1_133' title='bbox 812 1208 910 1243; x_wconf 86' lang='lat' dir='ltr'>oculi</span> <span class='ocrx_word' id='word_1_134' title='bbox 932 1213 1050 1242; x_wconf 86' lang='lat' dir='ltr'>autem</span> <span class='ocrx_word' id='word_1_135' title='bbox 1074 1242 1076 1244; x_wconf 80' lang='grc'><strong>,</strong></span> 
     </span>
     <span class='ocr_line' id='line_1_22' title="bbox 168 1259 1049 1305; baseline 0 -12"><span class='ocrx_word' id='word_1_136' title='bbox 168 1259 318 1294; x_wconf 86' lang='lat' dir='ltr'>illorum</span> <span class='ocrx_word' id='word_1_137' title='bbox 350 1259 579 1299; x_wconf 75' lang='lat' dir='ltr'>tenebantur,</span> <span class='ocrx_word' id='word_1_138' title='bbox 623 1271 665 1292; x_wconf 88' lang='lat' dir='ltr'>ne</span> <span class='ocrx_word' id='word_1_139' title='bbox 694 1272 770 1293; x_wconf 87' lang='lat' dir='ltr'>eum</span> <span class='ocrx_word' id='word_1_140' title='bbox 805 1264 1049 1305; x_wconf 77' lang='lat' dir='ltr'>agnoscerent.</span> 
     </span>
     <span class='ocr_line' id='line_1_23' title="bbox 166 1307 1076 1355; baseline -0.002 -11"><span class='ocrx_word' id='word_1_141' title='bbox 166 1309 230 1344; x_wconf 82' lang='lat' dir='ltr'>Ait</span> <span class='ocrx_word' id='word_1_142' title='bbox 249 1316 368 1344; x_wconf 87' lang='lat' dir='ltr'>autem</span> <span class='ocrx_word' id='word_1_143' title='bbox 385 1308 440 1342; x_wconf 89' lang='lat' dir='ltr'>ad</span> <span class='ocrx_word' id='word_1_144' title='bbox 455 1309 558 1343; x_wconf 89' lang='lat' dir='ltr'>illos:</span> <span class='ocrx_word' id='word_1_145' title='bbox 587 1307 665 1355; x_wconf 79' lang='lat' dir='ltr'>Qui</span> <span class='ocrx_word' id='word_1_146' title='bbox 683 1314 769 1343; x_wconf 85' lang='lat' dir='ltr'>sunl</span> <span class='ocrx_word' id='word_1_147' title='bbox 794 1307 838 1342; x_wconf 83' lang='lat' dir='ltr'>hi</span> <span class='ocrx_word' id='word_1_148' title='bbox 859 1321 1050 1349; x_wconf 81' lang='lat' dir='ltr'>sermones,</span> <span class='ocrx_word' id='word_1_149' title='bbox 1074 1312 1076 1330; x_wconf 78' lang='lat'><em>³</em></span> 
     </span>
     <span class='ocr_line' id='line_1_24' title="bbox 166 1358 1077 1409; baseline -0.001 -15"><span class='ocrx_word' id='word_1_150' title='bbox 166 1373 256 1409; x_wconf 84' lang='lat' dir='ltr'>quos</span> <span class='ocrx_word' id='word_1_151' title='bbox 281 1359 454 1408; x_wconf 86' lang='lat' dir='ltr'>consertis</span> <span class='ocrx_word' id='word_1_152' title='bbox 480 1358 534 1393; x_wconf 87' lang='lat' dir='ltr'>ad</span> <span class='ocrx_word' id='word_1_153' title='bbox 558 1359 705 1393; x_wconf 58' lang='lat' dir='ltr'>invicem</span> <span class='ocrx_word' id='word_1_154' title='bbox 734 1359 987 1401; x_wconf 85' lang='lat' dir='ltr'>ambulantes,</span> <span class='ocrx_word' id='word_1_155' title='bbox 1021 1365 1051 1393; x_wconf 87' lang='lat' dir='ltr'>et</span> <span class='ocrx_word' id='word_1_156' title='bbox 1073 1370 1077 1401; x_wconf 56' lang='grc' dir='ltr'>ζ</span> 
     </span>
     <span class='ocr_line' id='line_1_25' title="bbox 167 1403 1077 1457; baseline -0.001 -13"><span class='ocrx_word' id='word_1_157' title='bbox 167 1411 253 1444; x_wconf 82' lang='lat' dir='ltr'>estis</span> <span class='ocrx_word' id='word_1_158' title='bbox 269 1410 416 1444; x_wconf 74' lang='lat' dir='ltr'>tristes?</span> <span class='ocrx_word' id='word_1_159' title='bbox 440 1407 683 1457; x_wconf 75' lang='lat' dir='ltr'>Respondens</span> <span class='ocrx_word' id='word_1_160' title='bbox 707 1416 826 1444; x_wconf 87' lang='lat' dir='ltr'>autem</span> <span class='ocrx_word' id='word_1_161' title='bbox 854 1423 966 1449; x_wconf 87' lang='lat' dir='ltr'>unus,</span> <span class='ocrx_word' id='word_1_162' title='bbox 995 1403 1077 1446; x_wconf 51' lang='lat' dir='ltr'>cui¹¹</span> 
     </span>
     <span class='ocr_line' id='line_1_26' title="bbox 167 1458 1077 1507; baseline -0.001 -12"><span class='ocrx_word' id='word_1_163' title='bbox 167 1474 295 1496; x_wconf 86' lang='lat' dir='ltr'>nomen</span> <span class='ocrx_word' id='word_1_164' title='bbox 312 1458 515 1507; x_wconf 82' lang='lat' dir='ltr'>CleophaS‚</span> <span class='ocrx_word' id='word_1_165' title='bbox 551 1458 648 1494; x_wconf 78' lang='lat' dir='ltr'>dixit</span> <span class='ocrx_word' id='word_1_166' title='bbox 664 1459 719 1494; x_wconf 87' lang='lat' dir='ltr'>ad</span> <span class='ocrx_word' id='word_1_167' title='bbox 733 1473 831 1495; x_wconf 86' lang='lat' dir='ltr'>eum:</span> <span class='ocrx_word' id='word_1_168' title='bbox 864 1459 924 1495; x_wconf 93' lang='lat' dir='ltr'>Tu</span> <span class='ocrx_word' id='word_1_169' title='bbox 949 1460 1051 1494; x_wconf 87' lang='lat' dir='ltr'>solus</span> <span class='ocrx_word' id='word_1_170' title='bbox 1074 1469 1077 1506; x_wconf 76' lang='lat' dir='ltr'><em>J</em></span> 
     </span>
     <span class='ocr_line' id='line_1_27' title="bbox 164 1509 1075 1559; baseline -0.001 -13"><span class='ocrx_word' id='word_1_171' title='bbox 164 1511 378 1559; x_wconf 85' lang='lat' dir='ltr'>peregrinus</span> <span class='ocrx_word' id='word_1_172' title='bbox 396 1523 430 1545; x_wconf 91' lang='lat' dir='ltr'>es</span> <span class='ocrx_word' id='word_1_173' title='bbox 449 1511 486 1544; x_wconf 88' lang='lat' dir='ltr'>in</span> <span class='ocrx_word' id='word_1_174' title='bbox 505 1509 731 1553; x_wconf 81' lang='lat' dir='ltr'>Ierusalem,</span> <span class='ocrx_word' id='word_1_175' title='bbox 767 1517 797 1545; x_wconf 91' lang='lat' dir='ltr'>et</span> <span class='ocrx_word' id='word_1_176' title='bbox 818 1523 891 1545; x_wconf 88' lang='lat' dir='ltr'>non</span> <span class='ocrx_word' id='word_1_177' title='bbox 920 1523 1050 1557; x_wconf 75' lang='lat' dir='ltr'>cogno·</span> <span class='ocrx_word' id='word_1_178' title='bbox 1074 1527 1075 1550; x_wconf 44' lang='lat' dir='ltr'>t</span> 
     </span>
     <span class='ocr_line' id='line_1_28' title="bbox 167 1560 1051 1610; baseline -0.002 -14"><span class='ocrx_word' id='word_1_179' title='bbox 167 1562 252 1596; x_wconf 77' lang='lat' dir='ltr'>visti</span> <span class='ocrx_word' id='word_1_180' title='bbox 270 1561 483 1610; x_wconf 75' lang='lat' dir='ltr'>quaefacta</span> <span class='ocrx_word' id='word_1_181' title='bbox 500 1567 585 1595; x_wconf 90' lang='lat' dir='ltr'>sunt</span> <span class='ocrx_word' id='word_1_182' title='bbox 604 1561 642 1595; x_wconf 85' lang='lat' dir='ltr'>in</span> <span class='ocrx_word' id='word_1_183' title='bbox 662 1561 733 1595; x_wconf 86' lang='lat' dir='ltr'>illa</span> <span class='ocrx_word' id='word_1_184' title='bbox 753 1562 791 1595; x_wconf 90' lang='lat' dir='ltr'>in</span> <span class='ocrx_word' id='word_1_185' title='bbox 810 1560 870 1596; x_wconf 88' lang='lat' dir='ltr'>his</span> <span class='ocrx_word' id='word_1_186' title='bbox 900 1561 1025 1596; x_wconf 88' lang='lat' dir='ltr'>diebus</span> <span class='ocrx_word' id='word_1_187' title='bbox 1035 1562 1051 1594; x_wconf 67' lang='grc' dir='ltr'><em>Ρ</em></span> 
     </span>
     <span class='ocr_line' id='line_1_29' title="bbox 166 1610 613 1658; baseline -0.002 -13"><span class='ocrx_word' id='word_1_188' title='bbox 166 1611 218 1645; x_wconf 80' lang='lat' dir='ltr'>Et</span> <span class='ocrx_word' id='word_1_189' title='bbox 236 1611 333 1646; x_wconf 75' lang='lat' dir='ltr'>dixit</span> <span class='ocrx_word' id='word_1_190' title='bbox 357 1611 452 1646; x_wconf 89' lang='lat' dir='ltr'>illis:</span> <span class='ocrx_word' id='word_1_191' title='bbox 481 1610 613 1658; x_wconf 74' lang='lat' dir='ltr'>Quae?</span> 
     </span>
    </p>

    <p class='ocr_par' dir='ltr' id='par_1_7' title="bbox 116 1660 1080 2369">
     <span class='ocr_line' id='line_1_30' title="bbox 116 1660 1078 1711; baseline 0 -14"><span class='ocrx_word' id='word_1_192' title='bbox 116 1663 190 1698; x_wconf 88' lang='lat' dir='ltr'>Illi</span> <span class='ocrx_word' id='word_1_193' title='bbox 204 1668 323 1697; x_wconf 83' lang='lat' dir='ltr'>autem</span> <span class='ocrx_word' id='word_1_194' title='bbox 351 1660 544 1701; x_wconf 74' lang='lat' dir='ltr'>dixerunt,</span> <span class='ocrx_word' id='word_1_195' title='bbox 581 1660 622 1696; x_wconf 91' lang='lat' dir='ltr'>de</span> <span class='ocrx_word' id='word_1_196' title='bbox 637 1661 724 1696; x_wconf 88' lang='lat' dir='ltr'>Iesu</span> <span class='ocrx_word' id='word_1_197' title='bbox 741 1661 962 1705; x_wconf 70' lang='lat' dir='ltr'>Nazarem,</span> <span class='ocrx_word' id='word_1_198' title='bbox 989 1663 1056 1711; x_wconf 79' lang='lat' dir='ltr'>qui</span> <span class='ocrx_word' id='word_1_199' title='bbox 1075 1674 1078 1710; x_wconf 55' lang='lat' dir='ltr'>g</span> 
     </span>
     <span class='ocr_line' id='line_1_31' title="bbox 161 1710 1077 1762; baseline 0 -15"><span class='ocrx_word' id='word_1_200' title='bbox 161 1713 243 1762; x_wconf 84' lang='lat' dir='ltr'>fuit</span> <span class='ocrx_word' id='word_1_201' title='bbox 269 1713 324 1746; x_wconf 74' lang='lat' dir='ltr'>cir</span> <span class='ocrx_word' id='word_1_202' title='bbox 346 1710 552 1759; x_wconf 75' lang='lat' dir='ltr'>Propheta,</span> <span class='ocrx_word' id='word_1_203' title='bbox 585 1717 711 1759; x_wconf 88' lang='lat' dir='ltr'>potens</span> <span class='ocrx_word' id='word_1_204' title='bbox 735 1713 773 1746; x_wconf 93' lang='lat' dir='ltr'>in</span> <span class='ocrx_word' id='word_1_205' title='bbox 797 1726 896 1761; x_wconf 88' lang='lat' dir='ltr'>opere</span> <span class='ocrx_word' id='word_1_206' title='bbox 921 1719 951 1747; x_wconf 88' lang='lat' dir='ltr'>et</span> <span class='ocrx_word' id='word_1_207' title='bbox 977 1726 1052 1747; x_wconf 88' lang='lat' dir='ltr'>ser—</span> <span class='ocrx_word' id='word_1_208' title='bbox 1076 1734 1077 1742; x_wconf 36' lang='grc' dir='ltr'><strong>κ</strong></span> 
     </span>
     <span class='ocr_line' id='line_1_32' title="bbox 165 1761 1053 1811; baseline 0 -14"><span class='ocrx_word' id='word_1_209' title='bbox 165 1776 284 1804; x_wconf 89' lang='lat' dir='ltr'>mone,</span> <span class='ocrx_word' id='word_1_210' title='bbox 317 1776 438 1797; x_wconf 86' lang='lat' dir='ltr'>coram</span> <span class='ocrx_word' id='word_1_211' title='bbox 462 1761 546 1796; x_wconf 87' lang='lat' dir='ltr'>Deo</span> <span class='ocrx_word' id='word_1_212' title='bbox 569 1768 599 1796; x_wconf 91' lang='lat' dir='ltr'>et</span> <span class='ocrx_word' id='word_1_213' title='bbox 617 1763 882 1811; x_wconf 90' lang='lat' dir='ltr'>omnipopulo,</span> <span class='ocrx_word' id='word_1_214' title='bbox 915 1769 945 1797; x_wconf 89' lang='lat' dir='ltr'>et</span> <span class='ocrx_word' id='word_1_215' title='bbox 963 1777 1053 1811; x_wconf 79' lang='lat' dir='ltr'>quo—</span> 
     </span>
     <span class='ocr_line' id='line_1_33' title="bbox 169 1811 1077 1849; baseline 0.001 -1"><span class='ocrx_word' id='word_1_216' title='bbox 169 1813 277 1848; x_wconf 88' lang='lat' dir='ltr'>modo</span> <span class='ocrx_word' id='word_1_217' title='bbox 296 1826 373 1848; x_wconf 88' lang='lat' dir='ltr'>eum</span> <span class='ocrx_word' id='word_1_218' title='bbox 393 1811 625 1847; x_wconf 85' lang='lat' dir='ltr'>tradiderunt</span> <span class='ocrx_word' id='word_1_219' title='bbox 641 1815 779 1847; x_wconf 90' lang='lat' dir='ltr'>summi</span> <span class='ocrx_word' id='word_1_220' title='bbox 797 1812 1000 1848; x_wconf 83' lang='lat' dir='ltr'>sacerdotes</span> <span class='ocrx_word' id='word_1_221' title='bbox 1023 1820 1053 1849; x_wconf 85' lang='lat' dir='ltr'>et</span> <span class='ocrx_word' id='word_1_222' title='bbox 1076 1820 1077 1837; x_wconf 70' lang='lat'><em>³</em></span> 
     </span>
     <span class='ocr_line' id='line_1_34' title="bbox 165 1862 1052 1912; baseline 0.001 -14"><span class='ocrx_word' id='word_1_223' title='bbox 165 1863 347 1912; x_wconf 82' lang='lat' dir='ltr'>principes</span> <span class='ocrx_word' id='word_1_224' title='bbox 366 1864 485 1898; x_wconf 82' lang='lat' dir='ltr'>nostri</span> <span class='ocrx_word' id='word_1_225' title='bbox 503 1864 542 1897; x_wconf 89' lang='lat' dir='ltr'>in</span> <span class='ocrx_word' id='word_1_226' title='bbox 559 1862 835 1899; x_wconf 85' lang='lat' dir='ltr'>damnationem</span> <span class='ocrx_word' id='word_1_227' title='bbox 853 1866 1000 1906; x_wconf 85' lang='lat' dir='ltr'>mortis,</span> <span class='ocrx_word' id='word_1_228' title='bbox 1023 1871 1052 1899; x_wconf 88' lang='lat' dir='ltr'>et</span> 
     </span>
     <span class='ocr_line' id='line_1_35' title="bbox 167 1913 1052 1963; baseline -0.001 -13"><span class='ocrx_word' id='word_1_229' title='bbox 167 1913 424 1961; x_wconf 61' lang='lat' dir='ltr'>crucifixerunt</span> <span class='ocrx_word' id='word_1_230' title='bbox 455 1927 545 1950; x_wconf 88' lang='lat' dir='ltr'>eum.</span> <span class='ocrx_word' id='word_1_231' title='bbox 604 1913 687 1949; x_wconf 82' lang='lat' dir='ltr'>Nos</span> <span class='ocrx_word' id='word_1_232' title='bbox 721 1921 840 1949; x_wconf 82' lang='lat' dir='ltr'>autem</span> <span class='ocrx_word' id='word_1_233' title='bbox 873 1915 1052 1963; x_wconf 82' lang='lat' dir='ltr'>speraba-</span> 
     </span>
     <span class='ocr_line' id='line_1_36' title="bbox 168 1963 1053 2014; baseline 0.001 -14"><span class='ocrx_word' id='word_1_234' title='bbox 168 1979 267 2008; x_wconf 87' lang='lat' dir='ltr'>mus,</span> <span class='ocrx_word' id='word_1_235' title='bbox 307 1963 407 2014; x_wconf 81' lang='lat' dir='ltr'>quod</span> <span class='ocrx_word' id='word_1_236' title='bbox 437 1966 512 2013; x_wconf 88' lang='lat' dir='ltr'>ipse</span> <span class='ocrx_word' id='word_1_237' title='bbox 542 1971 629 2000; x_wconf 89' lang='lat' dir='ltr'>esset</span> <span class='ocrx_word' id='word_1_238' title='bbox 662 1964 885 2001; x_wconf 86' lang='lat' dir='ltr'>redemturus</span> <span class='ocrx_word' id='word_1_239' title='bbox 914 1966 1053 2002; x_wconf 75' lang='lat' dir='ltr'>Israel.</span> 
     </span>
     <span class='ocr_line' id='line_1_37' title="bbox 168 2014 1052 2065; baseline 0 -14"><span class='ocrx_word' id='word_1_240' title='bbox 168 2017 285 2065; x_wconf 78' lang='lat' dir='ltr'>Atqui</span> <span class='ocrx_word' id='word_1_241' title='bbox 319 2029 428 2063; x_wconf 88' lang='lat' dir='ltr'>super</span> <span class='ocrx_word' id='word_1_242' title='bbox 457 2014 546 2050; x_wconf 84' lang='lat' dir='ltr'>haec</span> <span class='ocrx_word' id='word_1_243' title='bbox 575 2016 699 2050; x_wconf 89' lang='lat' dir='ltr'>omnia</span> <span class='ocrx_word' id='word_1_244' title='bbox 734 2018 862 2051; x_wconf 84' lang='lat' dir='ltr'>tertius</span> <span class='ocrx_word' id='word_1_245' title='bbox 892 2015 968 2051; x_wconf 89' lang='lat' dir='ltr'>dies</span> <span class='ocrx_word' id='word_1_246' title='bbox 1003 2023 1052 2052; x_wconf 88' lang='lat' dir='ltr'>est</span> 
     </span>
     <span class='ocr_line' id='line_1_38' title="bbox 170 2065 1053 2115; baseline 0 -13"><span class='ocrx_word' id='word_1_247' title='bbox 170 2066 299 2109; x_wconf 85' lang='lat' dir='ltr'>hodie,</span> <span class='ocrx_word' id='word_1_248' title='bbox 327 2079 404 2101; x_wconf 88' lang='lat' dir='ltr'>cum</span> <span class='ocrx_word' id='word_1_249' title='bbox 424 2065 512 2101; x_wconf 89' lang='lat' dir='ltr'>haec</span> <span class='ocrx_word' id='word_1_250' title='bbox 533 2067 644 2115; x_wconf 89' lang='lat' dir='ltr'>facta</span> <span class='ocrx_word' id='word_1_251' title='bbox 669 2073 767 2103; x_wconf 88' lang='lat' dir='ltr'>sunt.</span> <span class='ocrx_word' id='word_1_252' title='bbox 822 2066 899 2101; x_wconf 73' lang='lat' dir='ltr'>Sed</span> <span class='ocrx_word' id='word_1_253' title='bbox 921 2073 950 2102; x_wconf 92' lang='lat' dir='ltr'>et</span> <span class='ocrx_word' id='word_1_254' title='bbox 974 2081 1053 2102; x_wconf 88' lang='lat' dir='ltr'>mu-</span> 
     </span>
     <span class='ocr_line' id='line_1_39' title="bbox 171 2116 1054 2165; baseline 0.001 -13"><span class='ocrx_word' id='word_1_255' title='bbox 171 2118 275 2152; x_wconf 87' lang='lat' dir='ltr'>lieres</span> <span class='ocrx_word' id='word_1_256' title='bbox 301 2116 484 2165; x_wconf 87' lang='lat' dir='ltr'>quaedam</span> <span class='ocrx_word' id='word_1_257' title='bbox 508 2130 554 2151; x_wconf 73' lang='lat' dir='ltr'>ex</span> <span class='ocrx_word' id='word_1_258' title='bbox 582 2118 719 2152; x_wconf 88' lang='lat' dir='ltr'>nostris</span> <span class='ocrx_word' id='word_1_259' title='bbox 746 2124 949 2153; x_wconf 89' lang='lat' dir='ltr'>terruerunt</span> <span class='ocrx_word' id='word_1_260' title='bbox 978 2132 1054 2159; x_wconf 90' lang='lat' dir='ltr'>nos,</span> 
     </span>
     <span class='ocr_line' id='line_1_40' title="bbox 170 2167 1057 2216; baseline 0 -14"><span class='ocrx_word' id='word_1_261' title='bbox 170 2180 262 2216; x_wconf 78' lang='lat' dir='ltr'>quae</span> <span class='ocrx_word' id='word_1_262' title='bbox 279 2172 363 2201; x_wconf 89' lang='lat' dir='ltr'>ante</span> <span class='ocrx_word' id='word_1_263' title='bbox 390 2167 501 2202; x_wconf 85' lang='lat' dir='ltr'>lucem</span> <span class='ocrx_word' id='word_1_264' title='bbox 517 2168 675 2216; x_wconf 88' lang='lat' dir='ltr'>fuerunt</span> <span class='ocrx_word' id='word_1_265' title='bbox 700 2167 756 2203; x_wconf 88' lang='lat' dir='ltr'>ad</span> <span class='ocrx_word' id='word_1_266' title='bbox 773 2175 1057 2211; x_wconf 85' lang='lat' dir='ltr'>monumentum,</span> 
     </span>
     <span class='ocr_line' id='line_1_41' title="bbox 170 2218 1055 2264; baseline 0 -11"><span class='ocrx_word' id='word_1_267' title='bbox 170 2225 200 2253; x_wconf 89' lang='lat' dir='ltr'>et</span> <span class='ocrx_word' id='word_1_268' title='bbox 219 2231 292 2252; x_wconf 92' lang='lat' dir='ltr'>non</span> <span class='ocrx_word' id='word_1_269' title='bbox 310 2219 452 2252; x_wconf 75' lang='lat' dir='ltr'>invento</span> <span class='ocrx_word' id='word_1_270' title='bbox 470 2231 614 2264; x_wconf 86' lang='lat' dir='ltr'>corpore</span> <span class='ocrx_word' id='word_1_271' title='bbox 631 2220 724 2260; x_wconf 86' lang='lat' dir='ltr'>eius,</span> <span class='ocrx_word' id='word_1_272' title='bbox 748 2225 916 2254; x_wconf 67' lang='lat' dir='ltr'>venerunt</span> <span class='ocrx_word' id='word_1_273' title='bbox 934 2218 1055 2254; x_wconf 88' lang='lat' dir='ltr'>dicen-</span> 
     </span>
     <span class='ocr_line' id='line_1_42' title="bbox 171 2269 1079 2315; baseline 0 -11"><span class='ocrx_word' id='word_1_274' title='bbox 171 2275 240 2311; x_wconf 91' lang='lat' dir='ltr'>tes,</span> <span class='ocrx_word' id='word_1_275' title='bbox 267 2281 304 2303; x_wconf 90' lang='lat' dir='ltr'>se</span> <span class='ocrx_word' id='word_1_276' title='bbox 329 2272 438 2303; x_wconf 87' lang='lat' dir='ltr'>etiam</span> <span class='ocrx_word' id='word_1_277' title='bbox 467 2269 639 2303; x_wconf 63' lang='lat' dir='ltr'>visionem</span> <span class='ocrx_word' id='word_1_278' title='bbox 669 2270 884 2315; x_wconf 78' lang='lat' dir='ltr'>angelorum</span> <span class='ocrx_word' id='word_1_279' title='bbox 912 2269 1079 2310; x_wconf 65' lang='lat' dir='ltr'>vidisse,·</span> 
     </span>
     <span class='ocr_line' id='line_1_43' title="bbox 171 2301 1080 2369; baseline -0.003 -14"><span class='ocrx_word' id='word_1_280' title='bbox 171 2321 238 2369; x_wconf 87' lang='lat' dir='ltr'>qui</span> <span class='ocrx_word' id='word_1_281' title='bbox 262 2318 388 2354; x_wconf 89' lang='lat' dir='ltr'>dicant</span> <span class='ocrx_word' id='word_1_282' title='bbox 414 2332 491 2353; x_wconf 90' lang='lat' dir='ltr'>eum</span> <span class='ocrx_word' id='word_1_283' title='bbox 519 2319 638 2356; x_wconf 64' lang='lat' dir='ltr'>vicere.</span> <span class='ocrx_word' id='word_1_284' title='bbox 706 2320 759 2353; x_wconf 81' lang='lat' dir='ltr'>Et</span> <span class='ocrx_word' id='word_1_285' title='bbox 783 2320 951 2355; x_wconf 83' lang='lat' dir='ltr'>abierunt</span> <span class='ocrx_word' id='word_1_286' title='bbox 974 2301 1080 2369; x_wconf 63' lang='lat' dir='ltr'>qui-i</span> 
     </span>
    </p>
   </div>
   <div class='ocr_carea' id='block_1_7' title="bbox 1074 1507 1079 2026">
    <p class='ocr_par' dir='ltr' id='par_1_8' title="bbox 1074 1507 1079 2026">
     <span class='ocr_line' id='line_1_44' title="bbox 1074 1507 1079 2026; baseline 0 0"><span class='ocrx_word' id='word_1_287' title='bbox 1074 1507 1079 2026; x_wconf 95' lang='lat' dir='ltr'> </span> 
     </span>
    </p>
   </div>
   <div class='ocr_carea' id='block_1_8' title="bbox 171 2353 1125 2418">
    <p class='ocr_par' dir='ltr' id='par_1_9' title="bbox 171 2353 1125 2418">
     <span class='ocr_line' id='line_1_45' title="bbox 171 2353 1125 2418; baseline 0 -12"><span class='ocrx_word' id='word_1_288' title='bbox 171 2370 257 2405; x_wconf 87' lang='lat' dir='ltr'>dam</span> <span class='ocrx_word' id='word_1_289' title='bbox 282 2383 327 2405; x_wconf 74' lang='lat' dir='ltr'>ex</span> <span class='ocrx_word' id='word_1_290' title='bbox 350 2370 416 2410; x_wconf 89' lang='lat' dir='ltr'>iis,</span> <span class='ocrx_word' id='word_1_291' title='bbox 450 2370 517 2418; x_wconf 84' lang='lat' dir='ltr'>qui</span> <span class='ocrx_word' id='word_1_292' title='bbox 540 2375 644 2404; x_wconf 87' lang='lat' dir='ltr'>erant</span> <span class='ocrx_word' id='word_1_293' title='bbox 667 2370 872 2411; x_wconf 84' lang='lat' dir='ltr'>nobiscum,</span> <span class='ocrx_word' id='word_1_294' title='bbox 905 2370 959 2405; x_wconf 87' lang='lat' dir='ltr'>ad</span> <span class='ocrx_word' id='word_1_295' title='bbox 980 2384 1055 2406; x_wconf 87' lang='lat' dir='ltr'>mo-</span> <span class='ocrx_word' id='word_1_296' title='bbox 1076 2353 1080 2393; x_wconf 50' lang='lat' dir='ltr'>i</span> <span class='ocrx_word' id='word_1_297' title='bbox 1123 2372 1125 2374; x_wconf 71' lang='grc'><strong>’</strong></span> 
     </span>
    </p>
   </div>
   <div class='ocr_carea' id='block_1_9' title="bbox 121 2421 1079 2672">
    <p class='ocr_par' dir='ltr' id='par_1_10' title="bbox 121 2421 1079 2672">
     <span class='ocr_line' id='line_1_46' title="bbox 172 2421 1079 2463; baseline 0.001 -7"><span class='ocrx_word' id='word_1_298' title='bbox 172 2426 404 2462; x_wconf 89' lang='lat' dir='ltr'>numentum,</span> <span class='ocrx_word' id='word_1_299' title='bbox 432 2426 462 2455; x_wconf 89' lang='lat' dir='ltr'>et</span> <span class='ocrx_word' id='word_1_300' title='bbox 479 2422 533 2455; x_wconf 88' lang='lat' dir='ltr'>ita</span> <span class='ocrx_word' id='word_1_301' title='bbox 553 2421 784 2463; x_wconf 67' lang='lat' dir='ltr'>invenerunt,</span> <span class='ocrx_word' id='word_1_302' title='bbox 810 2422 902 2456; x_wconf 89' lang='lat' dir='ltr'>sicut</span> <span class='ocrx_word' id='word_1_303' title='bbox 921 2427 952 2455; x_wconf 90' lang='lat' dir='ltr'>et</span> <span class='ocrx_word' id='word_1_304' title='bbox 977 2435 1056 2457; x_wconf 89' lang='lat' dir='ltr'>mu-</span> <span class='ocrx_word' id='word_1_305' title='bbox 1077 2424 1079 2457; x_wconf 68' lang='grc' dir='ltr'>ἶ</span> 
     </span>
     <span class='ocr_line' id='line_1_47' title="bbox 174 2470 1079 2520; baseline -0.001 -13"><span class='ocrx_word' id='word_1_306' title='bbox 174 2472 279 2507; x_wconf 85' lang='lat' dir='ltr'>lieres</span> <span class='ocrx_word' id='word_1_307' title='bbox 297 2470 489 2511; x_wconf 71' lang='lat' dir='ltr'>dixerunt,</span> <span class='ocrx_word' id='word_1_308' title='bbox 517 2472 634 2520; x_wconf 86' lang='lat' dir='ltr'>ipsum</span> <span class='ocrx_word' id='word_1_309' title='bbox 652 2485 730 2506; x_wconf 72' lang='lat' dir='ltr'>cero</span> <span class='ocrx_word' id='word_1_310' title='bbox 746 2485 817 2506; x_wconf 89' lang='lat' dir='ltr'>non</span> <span class='ocrx_word' id='word_1_311' title='bbox 838 2471 1012 2506; x_wconf 67' lang='lat' dir='ltr'>ciderunt.</span> <span class='ocrx_word' id='word_1_312' title='bbox 1078 2476 1079 2479; x_wconf 77' lang='grc'>’</span> 
     </span>
     <span class='ocr_line' id='line_1_48' title="bbox 121 2520 1055 2571; baseline 0.001 -15"><span class='ocrx_word' id='word_1_313' title='bbox 121 2522 174 2558; x_wconf 80' lang='lat' dir='ltr'>Et</span> <span class='ocrx_word' id='word_1_314' title='bbox 194 2525 268 2571; x_wconf 84' lang='lat' dir='ltr'>ipse</span> <span class='ocrx_word' id='word_1_315' title='bbox 286 2521 383 2556; x_wconf 79' lang='lat' dir='ltr'>dixit</span> <span class='ocrx_word' id='word_1_316' title='bbox 403 2520 457 2556; x_wconf 89' lang='lat' dir='ltr'>ad</span> <span class='ocrx_word' id='word_1_317' title='bbox 479 2535 551 2556; x_wconf 83' lang='lat' dir='ltr'>eos:</span> <span class='ocrx_word' id='word_1_318' title='bbox 583 2520 618 2557; x_wconf 87' lang='grc' dir='ltr'><em>Ο</em></span> <span class='ocrx_word' id='word_1_319' title='bbox 644 2522 753 2556; x_wconf 88' lang='lat' dir='ltr'>stulti</span> <span class='ocrx_word' id='word_1_320' title='bbox 774 2528 804 2556; x_wconf 88' lang='lat' dir='ltr'>et</span> <span class='ocrx_word' id='word_1_321' title='bbox 829 2521 932 2556; x_wconf 85' lang='lat' dir='ltr'>tardi</span> <span class='ocrx_word' id='word_1_322' title='bbox 953 2521 1055 2557; x_wconf 83' lang='lat' dir='ltr'>corde</span> 
     </span>
     <span class='ocr_line' id='line_1_49' title="bbox 172 2571 1054 2621; baseline 0 -13"><span class='ocrx_word' id='word_1_323' title='bbox 172 2573 227 2608; x_wconf 85' lang='lat' dir='ltr'>ad</span> <span class='ocrx_word' id='word_1_324' title='bbox 243 2571 454 2608; x_wconf 84' lang='lat' dir='ltr'>credendum</span> <span class='ocrx_word' id='word_1_325' title='bbox 466 2602 474 2613; x_wconf 84' lang='lat'>,</span> <span class='ocrx_word' id='word_1_326' title='bbox 491 2573 528 2606; x_wconf 87' lang='lat' dir='ltr'>in</span> <span class='ocrx_word' id='word_1_327' title='bbox 548 2573 716 2608; x_wconf 84' lang='lat' dir='ltr'>omnibus</span> <span class='ocrx_word' id='word_1_328' title='bbox 736 2586 828 2621; x_wconf 76' lang='lat' dir='ltr'>quae</span> <span class='ocrx_word' id='word_1_329' title='bbox 846 2573 958 2607; x_wconf 71' lang='lat' dir='ltr'>locuti</span> <span class='ocrx_word' id='word_1_330' title='bbox 970 2580 1054 2608; x_wconf 84' lang='lat' dir='ltr'>sunt</span> 
     </span>
     <span class='ocr_line' id='line_1_50' title="bbox 172 2620 1079 2672; baseline -0.001 -13"><span class='ocrx_word' id='word_1_331' title='bbox 172 2622 389 2672; x_wconf 83' lang='lat' dir='ltr'>Prophetae.</span> <span class='ocrx_word' id='word_1_332' title='bbox 424 2622 558 2658; x_wconf 76' lang='lat' dir='ltr'>lVonne</span> <span class='ocrx_word' id='word_1_333' title='bbox 575 2622 664 2658; x_wconf 86' lang='lat' dir='ltr'>haec</span> <span class='ocrx_word' id='word_1_334' title='bbox 681 2625 838 2671; x_wconf 87' lang='lat' dir='ltr'>oportuit</span> <span class='ocrx_word' id='word_1_335' title='bbox 850 2625 933 2672; x_wconf 86' lang='lat' dir='ltr'>pati</span> <span class='ocrx_word' id='word_1_336' title='bbox 942 2620 1054 2658; x_wconf 83' lang='lat' dir='ltr'>Chri.</span> <span class='ocrx_word' id='word_1_337' title='bbox 1077 2633 1079 2638; x_wconf 69' lang='lat'><strong><em>⁴</em></strong></span> 
     </span>
    </p>
   </div>
   <div class='ocr_carea' id='block_1_10' title="bbox 173 2675 1079 2721">
    <p class='ocr_par' dir='ltr' id='par_1_11' title="bbox 173 2675 1079 2721">
     <span class='ocr_line' id='line_1_51' title="bbox 173 2675 1079 2721; baseline 0 -12"><span class='ocrx_word' id='word_1_338' title='bbox 173 2680 267 2709; x_wconf 89' lang='lat' dir='ltr'>stum</span> <span class='ocrx_word' id='word_1_339' title='bbox 280 2701 288 2714; x_wconf 94' lang='lat'>,</span> <span class='ocrx_word' id='word_1_340' title='bbox 317 2680 347 2709; x_wconf 89' lang='lat' dir='ltr'>et</span> <span class='ocrx_word' id='word_1_341' title='bbox 365 2675 504 2709; x_wconf 86' lang='lat' dir='ltr'>intrare</span> <span class='ocrx_word' id='word_1_342' title='bbox 521 2675 559 2708; x_wconf 89' lang='lat' dir='ltr'>in</span> <span class='ocrx_word' id='word_1_343' title='bbox 577 2675 738 2721; x_wconf 78' lang='lat' dir='ltr'>gloriam</span> <span class='ocrx_word' id='word_1_344' title='bbox 755 2675 891 2709; x_wconf 77' lang='lat' dir='ltr'>suam?</span> <span class='ocrx_word' id='word_1_345' title='bbox 923 2675 976 2709; x_wconf 86' lang='lat' dir='ltr'>Et</span> <span class='ocrx_word' id='word_1_346' title='bbox 995 2676 1053 2709; x_wconf 85' lang='lat' dir='ltr'>in—</span> <span class='ocrx_word' id='word_1_347' title='bbox 1078 2687 1079 2692; x_wconf 59' lang='lat'>¹</span> 
     </span>
    </p>
   </div>
   <div class='ocr_carea' id='block_1_11' title="bbox 741 111 2082 150">
    <p class='ocr_par' dir='ltr' id='par_1_12' title="bbox 741 111 2082 150">
     <span class='ocr_line' id='line_1_52' title="bbox 741 111 2082 150; baseline -0.003 0"><span class='ocrx_word' id='word_1_348' title='bbox 741 113 1134 150; x_wconf 85' lang='lat' dir='ltr'><strong>ANNOTATIONES</strong></span> <span class='ocrx_word' id='word_1_349' title='bbox 1161 113 1210 148; x_wconf 91' lang='lat' dir='ltr'>IN</span> <span class='ocrx_word' id='word_1_350' title='bbox 1238 111 1537 148; x_wconf 86' lang='lat' dir='ltr'><strong>EVANGELIA.</strong></span> <span class='ocrx_word' id='word_1_351' title='bbox 2009 112 2082 146; x_wconf 79' lang='lat'>250</span> 
     </span>
    </p>
   </div>
   <div class='ocr_carea' id='block_1_12' title="bbox 1202 194 2084 584">
    <p class='ocr_par' dir='ltr' id='par_1_13' title="bbox 1202 194 2084 584">
     <span class='ocr_line' id='line_1_53' title="bbox 1203 194 2084 245; baseline -0.002 -14"><span class='ocrx_word' id='word_1_352' title='bbox 1203 197 1337 245; x_wconf 82' lang='lat' dir='ltr'>cipiens</span> <span class='ocrx_word' id='word_1_353' title='bbox 1369 210 1392 230; x_wconf 93' lang='lat' dir='ltr'>a</span> <span class='ocrx_word' id='word_1_354' title='bbox 1419 195 1530 231; x_wconf 85' lang='lat' dir='ltr'>Mose</span> <span class='ocrx_word' id='word_1_355' title='bbox 1557 201 1587 231; x_wconf 87' lang='lat' dir='ltr'>et</span> <span class='ocrx_word' id='word_1_356' title='bbox 1611 195 1659 230; x_wconf 89' lang='lat' dir='ltr'>ab</span> <span class='ocrx_word' id='word_1_357' title='bbox 1690 195 1857 230; x_wconf 87' lang='lat' dir='ltr'>omnibus</span> <span class='ocrx_word' id='word_1_358' title='bbox 1879 194 2084 243; x_wconf 80' lang='lat' dir='ltr'>Prophetis,</span> 
     </span>
     <span class='ocr_line' id='line_1_54' title="bbox 1202 246 2084 295; baseline -0.001 -14"><span class='ocrx_word' id='word_1_359' title='bbox 1202 247 1510 295; x_wconf 86' lang='lat' dir='ltr'>interpretabatur</span> <span class='ocrx_word' id='word_1_360' title='bbox 1527 247 1606 281; x_wconf 89' lang='lat' dir='ltr'>illis</span> <span class='ocrx_word' id='word_1_361' title='bbox 1628 248 1666 280; x_wconf 89' lang='lat' dir='ltr'>in</span> <span class='ocrx_word' id='word_1_362' title='bbox 1693 246 1861 281; x_wconf 89' lang='lat' dir='ltr'>omnibus</span> <span class='ocrx_word' id='word_1_363' title='bbox 1881 247 2084 294; x_wconf 75' lang='lat' dir='ltr'>scripturis,</span> 
     </span>
     <span class='ocr_line' id='line_1_55' title="bbox 1203 295 2078 345; baseline -0.002 -14"><span class='ocrx_word' id='word_1_364' title='bbox 1203 309 1295 345; x_wconf 78' lang='lat' dir='ltr'>quae</span> <span class='ocrx_word' id='word_1_365' title='bbox 1313 295 1354 331; x_wconf 88' lang='lat' dir='ltr'>de</span> <span class='ocrx_word' id='word_1_366' title='bbox 1372 297 1452 343; x_wconf 85' lang='lat' dir='ltr'>ipso</span> <span class='ocrx_word' id='word_1_367' title='bbox 1468 302 1582 331; x_wconf 90' lang='lat' dir='ltr'>erant.</span> <span class='ocrx_word' id='word_1_368' title='bbox 1626 297 1677 331; x_wconf 84' lang='lat' dir='ltr'>Et</span> <span class='ocrx_word' id='word_1_369' title='bbox 1694 297 2078 345; x_wconf 71' lang='lat' dir='ltr'>appropinquaverunt.</span> 
     </span>
     <span class='ocr_line' id='line_1_56' title="bbox 1204 346 2084 395; baseline -0.001 -13"><span class='ocrx_word' id='word_1_370' title='bbox 1204 346 1259 382; x_wconf 84' lang='lat' dir='ltr'>ad</span> <span class='ocrx_word' id='word_1_371' title='bbox 1279 347 1469 382; x_wconf 88' lang='lat' dir='ltr'>castellum</span> <span class='ocrx_word' id='word_1_372' title='bbox 1494 360 1565 395; x_wconf 85' lang='lat' dir='ltr'>quo</span> <span class='ocrx_word' id='word_1_373' title='bbox 1584 347 1706 388; x_wconf 86' lang='lat' dir='ltr'>ibant,</span> <span class='ocrx_word' id='word_1_374' title='bbox 1741 347 1793 381; x_wconf 82' lang='lat' dir='ltr'>Et</span> <span class='ocrx_word' id='word_1_375' title='bbox 1816 348 1890 392; x_wconf 87' lang='lat' dir='ltr'>ipse</span> <span class='ocrx_word' id='word_1_376' title='bbox 1901 346 2024 393; x_wconf 57' lang='lat' dir='ltr'>finxit</span> <span class='ocrx_word' id='word_1_377' title='bbox 2049 360 2084 381; x_wconf 84' lang='lat' dir='ltr'>se</span> 
     </span>
     <span class='ocr_line' id='line_1_57' title="bbox 1204 397 2082 444; baseline 0 -12"><span class='ocrx_word' id='word_1_378' title='bbox 1204 397 1354 444; x_wconf 85' lang='lat' dir='ltr'>longius</span> <span class='ocrx_word' id='word_1_379' title='bbox 1377 398 1445 439; x_wconf 88' lang='lat' dir='ltr'>ire,</span> <span class='ocrx_word' id='word_1_380' title='bbox 1480 403 1510 431; x_wconf 88' lang='lat' dir='ltr'>et</span> <span class='ocrx_word' id='word_1_381' title='bbox 1535 401 1723 444; x_wconf 77' lang='lat' dir='ltr'>coegerunt</span> <span class='ocrx_word' id='word_1_382' title='bbox 1747 397 1874 437; x_wconf 90' lang='lat' dir='ltr'>illum,</span> <span class='ocrx_word' id='word_1_383' title='bbox 1911 397 2082 432; x_wconf 86' lang='lat' dir='ltr'>dicentes:</span> 
     </span>
     <span class='ocr_line' id='line_1_58' title="bbox 1204 447 2084 496; baseline -0.001 -14"><span class='ocrx_word' id='word_1_384' title='bbox 1204 447 1328 482; x_wconf 60' lang='lat' dir='ltr'>IVIane</span> <span class='ocrx_word' id='word_1_385' title='bbox 1354 448 1562 489; x_wconf 83' lang='lat' dir='ltr'>nobiscum,</span> <span class='ocrx_word' id='word_1_386' title='bbox 1602 447 1779 496; x_wconf 79' lang='lat' dir='ltr'>quoniam</span> <span class='ocrx_word' id='word_1_387' title='bbox 1806 447 2084 495; x_wconf 68' lang='lat' dir='ltr'>advesperascit,</span> 
     </span>
     <span class='ocr_line' id='line_1_59' title="bbox 1206 497 2083 534; baseline -0.002 -1"><span class='ocrx_word' id='word_1_388' title='bbox 1206 504 1236 533; x_wconf 89' lang='lat' dir='ltr'>et</span> <span class='ocrx_word' id='word_1_389' title='bbox 1254 498 1438 533; x_wconf 89' lang='lat' dir='ltr'>inclinata</span> <span class='ocrx_word' id='word_1_390' title='bbox 1457 504 1506 533; x_wconf 85' lang='lat' dir='ltr'>est</span> <span class='ocrx_word' id='word_1_391' title='bbox 1524 497 1610 534; x_wconf 89' lang='lat' dir='ltr'>dies.</span> <span class='ocrx_word' id='word_1_392' title='bbox 1660 497 1714 531; x_wconf 82' lang='lat' dir='ltr'>Et</span> <span class='ocrx_word' id='word_1_393' title='bbox 1732 497 1883 531; x_wconf 65' lang='lat' dir='ltr'>intravit</span> <span class='ocrx_word' id='word_1_394' title='bbox 1903 503 1939 531; x_wconf 88' lang='lat' dir='ltr'>ut</span> <span class='ocrx_word' id='word_1_395' title='bbox 1960 510 2083 531; x_wconf 89' lang='lat' dir='ltr'>mane-</span> 
     </span>
     <span class='ocr_line' id='line_1_60' title="bbox 1205 549 1465 584; baseline 0.004 -1"><span class='ocrx_word' id='word_1_396' title='bbox 1205 555 1254 584; x_wconf 90' lang='lat' dir='ltr'>ret</span> <span class='ocrx_word' id='word_1_397' title='bbox 1274 562 1352 584; x_wconf 87' lang='lat' dir='ltr'>cum</span> <span class='ocrx_word' id='word_1_398' title='bbox 1373 549 1465 584; x_wconf 88' lang='lat' dir='ltr'>illis.</span> 
     </span>
    </p>
   </div>
   <div class='ocr_carea' id='block_1_13' title="bbox 1155 615 2091 1320">
    <p class='ocr_par' dir='ltr' id='par_1_14' title="bbox 1155 615 2091 1320">
     <span class='ocr_line' id='line_1_61' title="bbox 1155 615 2087 666; baseline -0.001 -16"><span class='ocrx_word' id='word_1_399' title='bbox 1155 616 1208 650; x_wconf 81' lang='lat' dir='ltr'>Et</span> <span class='ocrx_word' id='word_1_400' title='bbox 1224 617 1371 666; x_wconf 89' lang='lat' dir='ltr'>sactum</span> <span class='ocrx_word' id='word_1_401' title='bbox 1395 621 1462 658; x_wconf 88' lang='lat' dir='ltr'>est,</span> <span class='ocrx_word' id='word_1_402' title='bbox 1490 615 1575 651; x_wconf 86' lang='lat' dir='ltr'>dum</span> <span class='ocrx_word' id='word_1_403' title='bbox 1602 615 1811 650; x_wconf 87' lang='lat' dir='ltr'>recumberet</span> <span class='ocrx_word' id='word_1_404' title='bbox 1837 628 1913 649; x_wconf 92' lang='lat' dir='ltr'>cum</span> <span class='ocrx_word' id='word_1_405' title='bbox 1933 616 2001 655; x_wconf 82' lang='lat' dir='ltr'>eis,</span> <span class='ocrx_word' id='word_1_406' title='bbox 2027 627 2087 649; x_wconf 89' lang='lat' dir='ltr'>ac-</span> 
     </span>
     <span class='ocr_line' id='line_1_62' title="bbox 1208 665 2088 715; baseline -0.003 -15"><span class='ocrx_word' id='word_1_407' title='bbox 1208 667 1295 715; x_wconf 87' lang='lat' dir='ltr'>cepit</span> <span class='ocrx_word' id='word_1_408' title='bbox 1317 679 1472 714; x_wconf 89' lang='lat' dir='ltr'>panem,</span> <span class='ocrx_word' id='word_1_409' title='bbox 1500 665 1705 708; x_wconf 56' lang='lat' dir='ltr'>benedixit,</span> <span class='ocrx_word' id='word_1_410' title='bbox 1732 666 1920 714; x_wconf 85' lang='lat' dir='ltr'>acsregit,</span> <span class='ocrx_word' id='word_1_411' title='bbox 1956 671 1986 698; x_wconf 74' lang='lat' dir='ltr'>et</span> <span class='ocrx_word' id='word_1_412' title='bbox 2003 677 2088 710; x_wconf 90' lang='lat' dir='ltr'>por-</span> 
     </span>
     <span class='ocr_line' id='line_1_63' title="bbox 1208 715 2089 764; baseline -0.005 -12"><span class='ocrx_word' id='word_1_413' title='bbox 1208 717 1350 764; x_wconf 78' lang='lat' dir='ltr'>rigebat</span> <span class='ocrx_word' id='word_1_414' title='bbox 1369 716 1461 752; x_wconf 81' lang='lat' dir='ltr'>illis.</span> <span class='ocrx_word' id='word_1_415' title='bbox 1514 716 1642 763; x_wconf 87' lang='lat' dir='ltr'>Aperti</span> <span class='ocrx_word' id='word_1_416' title='bbox 1658 722 1776 750; x_wconf 85' lang='lat' dir='ltr'>autem</span> <span class='ocrx_word' id='word_1_417' title='bbox 1804 721 1889 750; x_wconf 89' lang='lat' dir='ltr'>sunt</span> <span class='ocrx_word' id='word_1_418' title='bbox 1913 715 2010 749; x_wconf 81' lang='lat' dir='ltr'>oculi</span> <span class='ocrx_word' id='word_1_419' title='bbox 2034 727 2089 749; x_wconf 88' lang='lat' dir='ltr'>eo-</span> 
     </span>
     <span class='ocr_line' id='line_1_64' title="bbox 1207 766 2088 814; baseline -0.005 -12"><span class='ocrx_word' id='word_1_420' title='bbox 1207 782 1308 810; x_wconf 89' lang='lat' dir='ltr'>rum,</span> <span class='ocrx_word' id='word_1_421' title='bbox 1336 773 1366 802; x_wconf 91' lang='lat' dir='ltr'>et</span> <span class='ocrx_word' id='word_1_422' title='bbox 1384 772 1609 814; x_wconf 71' lang='lat' dir='ltr'>agnoverunt</span> <span class='ocrx_word' id='word_1_423' title='bbox 1634 779 1730 806; x_wconf 91' lang='lat' dir='ltr'>eum,</span> <span class='ocrx_word' id='word_1_424' title='bbox 1758 766 1811 800; x_wconf 82' lang='lat' dir='ltr'>Et</span> <span class='ocrx_word' id='word_1_425' title='bbox 1842 767 1915 814; x_wconf 84' lang='lat' dir='ltr'>ipse</span> <span class='ocrx_word' id='word_1_426' title='bbox 1943 767 2088 800; x_wconf 65' lang='lat' dir='ltr'>evanuit</span> 
     </span>
     <span class='ocr_line' id='line_1_65' title="bbox 1209 814 2089 854; baseline -0.005 -1"><span class='ocrx_word' id='word_1_427' title='bbox 1209 820 1256 853; x_wconf 88' lang='lat' dir='ltr'>ab</span> <span class='ocrx_word' id='word_1_428' title='bbox 1285 819 1348 854; x_wconf 81' lang='lat' dir='ltr'>eis.</span> <span class='ocrx_word' id='word_1_429' title='bbox 1402 817 1455 852; x_wconf 90' lang='lat' dir='ltr'>Et</span> <span class='ocrx_word' id='word_1_430' title='bbox 1480 817 1653 852; x_wconf 73' lang='lat' dir='ltr'>dixerunt</span> <span class='ocrx_word' id='word_1_431' title='bbox 1678 816 1732 850; x_wconf 84' lang='lat' dir='ltr'>ad</span> <span class='ocrx_word' id='word_1_432' title='bbox 1755 817 1920 850; x_wconf 66' lang='lat' dir='ltr'>invicem:</span> <span class='ocrx_word' id='word_1_433' title='bbox 1952 814 2089 851; x_wconf 69' lang='lat' dir='ltr'>tVonne.</span> 
     </span>
     <span class='ocr_line' id='line_1_66' title="bbox 1209 865 2087 906; baseline -0.005 -3"><span class='ocrx_word' id='word_1_434' title='bbox 1209 882 1268 903; x_wconf 86' lang='lat' dir='ltr'>cor</span> <span class='ocrx_word' id='word_1_435' title='bbox 1284 875 1448 904; x_wconf 87' lang='lat' dir='ltr'>nostrum</span> <span class='ocrx_word' id='word_1_436' title='bbox 1464 866 1600 902; x_wconf 88' lang='lat' dir='ltr'>ardens</span> <span class='ocrx_word' id='word_1_437' title='bbox 1617 873 1693 902; x_wconf 86' lang='lat' dir='ltr'>erat</span> <span class='ocrx_word' id='word_1_438' title='bbox 1713 867 1751 900; x_wconf 90' lang='lat' dir='ltr'>in</span> <span class='ocrx_word' id='word_1_439' title='bbox 1768 866 1891 906; x_wconf 85' lang='lat' dir='ltr'>nobis,</span> <span class='ocrx_word' id='word_1_440' title='bbox 1928 865 2012 900; x_wconf 86' lang='lat' dir='ltr'>dum</span> <span class='ocrx_word' id='word_1_441' title='bbox 2035 866 2087 900; x_wconf 89' lang='lat' dir='ltr'>lo-</span> 
     </span>
     <span class='ocr_line' id='line_1_67' title="bbox 1208 916 2090 967; baseline -0.005 -13"><span class='ocrx_word' id='word_1_442' title='bbox 1208 925 1373 967; x_wconf 74' lang='lat' dir='ltr'>queretur</span> <span class='ocrx_word' id='word_1_443' title='bbox 1391 919 1495 953; x_wconf 81' lang='lat' dir='ltr'>nobis</span> <span class='ocrx_word' id='word_1_444' title='bbox 1514 919 1550 952; x_wconf 87' lang='lat' dir='ltr'>in</span> <span class='ocrx_word' id='word_1_445' title='bbox 1570 918 1648 957; x_wconf 59' lang='lat' dir='ltr'>cia,</span> <span class='ocrx_word' id='word_1_446' title='bbox 1678 923 1708 951; x_wconf 88' lang='lat' dir='ltr'>et</span> <span class='ocrx_word' id='word_1_447' title='bbox 1733 916 1819 951; x_wconf 87' lang='lat' dir='ltr'>dum</span> <span class='ocrx_word' id='word_1_448' title='bbox 1845 917 1999 964; x_wconf 79' lang='lat' dir='ltr'>aperiret</span> <span class='ocrx_word' id='word_1_449' title='bbox 2027 929 2090 950; x_wconf 92' lang='lat' dir='ltr'>no-</span> 
     </span>
     <span class='ocr_line' id='line_1_68' title="bbox 1211 965 2088 1017; baseline -0.006 -13"><span class='ocrx_word' id='word_1_450' title='bbox 1211 971 1266 1004; x_wconf 84' lang='lat' dir='ltr'>bis</span> <span class='ocrx_word' id='word_1_451' title='bbox 1288 970 1519 1017; x_wconf 78' lang='lat' dir='ltr'>scripturas?</span> <span class='ocrx_word' id='word_1_452' title='bbox 1548 968 1602 1002; x_wconf 81' lang='lat' dir='ltr'>Et</span> <span class='ocrx_word' id='word_1_453' title='bbox 1625 973 1811 1014; x_wconf 75' lang='lat' dir='ltr'>surgentes</span> <span class='ocrx_word' id='word_1_454' title='bbox 1838 965 1959 1001; x_wconf 88' lang='lat' dir='ltr'>eadem</span> <span class='ocrx_word' id='word_1_455' title='bbox 1984 965 2088 1004; x_wconf 72' lang='lat' dir='ltr'>hora,</span> 
     </span>
     <span class='ocr_line' id='line_1_69' title="bbox 1211 1018 2090 1067; baseline -0.006 -13"><span class='ocrx_word' id='word_1_456' title='bbox 1211 1021 1367 1067; x_wconf 79' lang='lat' dir='ltr'>regressi</span> <span class='ocrx_word' id='word_1_457' title='bbox 1394 1026 1479 1054; x_wconf 87' lang='lat' dir='ltr'>sunt</span> <span class='ocrx_word' id='word_1_458' title='bbox 1505 1020 1542 1053; x_wconf 86' lang='lat' dir='ltr'>in</span> <span class='ocrx_word' id='word_1_459' title='bbox 1568 1019 1790 1057; x_wconf 84' lang='lat' dir='ltr'>Ierusalem,</span> <span class='ocrx_word' id='word_1_460' title='bbox 1831 1023 1860 1051; x_wconf 85' lang='lat' dir='ltr'>et</span> <span class='ocrx_word' id='word_1_461' title='bbox 1882 1018 1933 1050; x_wconf 83' lang='lat' dir='ltr'>im</span> <span class='ocrx_word' id='word_1_462' title='bbox 1944 1023 2090 1051; x_wconf 88' lang='lat' dir='ltr'>enerunt</span> 
     </span>
     <span class='ocr_line' id='line_1_70' title="bbox 1209 1068 2089 1118; baseline -0.008 -13"><span class='ocrx_word' id='word_1_463' title='bbox 1209 1076 1446 1118; x_wconf 76' lang='lat' dir='ltr'>congregatos</span> <span class='ocrx_word' id='word_1_464' title='bbox 1467 1069 1649 1111; x_wconf 80' lang='lat' dir='ltr'>undecim,</span> <span class='ocrx_word' id='word_1_465' title='bbox 1676 1074 1705 1103; x_wconf 86' lang='lat' dir='ltr'>et</span> <span class='ocrx_word' id='word_1_466' title='bbox 1724 1081 1800 1110; x_wconf 85' lang='lat' dir='ltr'>eos,</span> <span class='ocrx_word' id='word_1_467' title='bbox 1834 1069 1899 1116; x_wconf 83' lang='lat' dir='ltr'>qui</span> <span class='ocrx_word' id='word_1_468' title='bbox 1917 1081 1992 1101; x_wconf 84' lang='lat' dir='ltr'>cum</span> <span class='ocrx_word' id='word_1_469' title='bbox 2011 1068 2089 1101; x_wconf 68' lang='lat' dir='ltr'>illis</span> 
     </span>
     <span class='ocr_line' id='line_1_71' title="bbox 1210 1117 2090 1169; baseline -0.006 -14"><span class='ocrx_word' id='word_1_470' title='bbox 1210 1127 1330 1163; x_wconf 86' lang='lat' dir='ltr'>erant,</span> <span class='ocrx_word' id='word_1_471' title='bbox 1366 1120 1539 1159; x_wconf 82' lang='lat' dir='ltr'>dicentes,</span> <span class='ocrx_word' id='word_1_472' title='bbox 1575 1119 1672 1169; x_wconf 79' lang='lat' dir='ltr'>quod</span> <span class='ocrx_word' id='word_1_473' title='bbox 1686 1124 1885 1153; x_wconf 76' lang='lat' dir='ltr'>surrexerit</span> <span class='ocrx_word' id='word_1_474' title='bbox 1902 1117 2090 1152; x_wconf 78' lang='lat' dir='ltr'>Dominus</span> 
     </span>
     <span class='ocr_line' id='line_1_72' title="bbox 1210 1169 2091 1219; baseline -0.005 -14"><span class='ocrx_word' id='word_1_475' title='bbox 1210 1186 1303 1213; x_wconf 63' lang='lat' dir='ltr'>cere,</span> <span class='ocrx_word' id='word_1_476' title='bbox 1331 1177 1361 1205; x_wconf 85' lang='lat' dir='ltr'>et</span> <span class='ocrx_word' id='word_1_477' title='bbox 1380 1172 1555 1219; x_wconf 88' lang='lat' dir='ltr'>apparuit</span> <span class='ocrx_word' id='word_1_478' title='bbox 1572 1170 1728 1206; x_wconf 76' lang='lat' dir='ltr'>St&#39;moni.</span> <span class='ocrx_word' id='word_1_479' title='bbox 1783 1169 1836 1203; x_wconf 82' lang='lat' dir='ltr'>Et</span> <span class='ocrx_word' id='word_1_480' title='bbox 1860 1169 1933 1216; x_wconf 84' lang='lat' dir='ltr'>ipsi</span> <span class='ocrx_word' id='word_1_481' title='bbox 1955 1181 2091 1201; x_wconf 84' lang='lat' dir='ltr'>narra—</span> 
     </span>
     <span class='ocr_line' id='line_1_73' title="bbox 1210 1218 2091 1270; baseline -0.006 -14"><span class='ocrx_word' id='word_1_482' title='bbox 1210 1223 1299 1256; x_wconf 87' lang='lat' dir='ltr'>bant</span> <span class='ocrx_word' id='word_1_483' title='bbox 1318 1235 1410 1270; x_wconf 76' lang='lat' dir='ltr'>quae</span> <span class='ocrx_word' id='word_1_484' title='bbox 1425 1228 1527 1268; x_wconf 81' lang='lat' dir='ltr'>gesta</span> <span class='ocrx_word' id='word_1_485' title='bbox 1553 1226 1656 1255; x_wconf 82' lang='lat' dir='ltr'>erant</span> <span class='ocrx_word' id='word_1_486' title='bbox 1681 1221 1719 1254; x_wconf 87' lang='lat' dir='ltr'>in</span> <span class='ocrx_word' id='word_1_487' title='bbox 1745 1221 1821 1261; x_wconf 62' lang='lat' dir='ltr'>via,</span> <span class='ocrx_word' id='word_1_488' title='bbox 1857 1224 1887 1253; x_wconf 85' lang='lat' dir='ltr'>e!</span> <span class='ocrx_word' id='word_1_489' title='bbox 1913 1218 2091 1267; x_wconf 81' lang='lat' dir='ltr'>quomodo</span> 
     </span>
     <span class='ocr_line' id='line_1_74' title="bbox 1208 1270 1917 1320; baseline -0.004 -14"><span class='ocrx_word' id='word_1_490' title='bbox 1208 1274 1359 1319; x_wconf 84' lang='lat' dir='ltr'>agnitus</span> <span class='ocrx_word' id='word_1_491' title='bbox 1376 1278 1463 1306; x_wconf 80' lang='lat' dir='ltr'>esset</span> <span class='ocrx_word' id='word_1_492' title='bbox 1481 1273 1531 1307; x_wconf 89' lang='lat' dir='ltr'>eis</span> <span class='ocrx_word' id='word_1_493' title='bbox 1549 1271 1782 1320; x_wconf 85' lang='lat' dir='ltr'>infractione</span> <span class='ocrx_word' id='word_1_494' title='bbox 1795 1270 1917 1319; x_wconf 89' lang='lat' dir='ltr'>panis.</span> 
     </span>
    </p>
   </div>
   <div class='ocr_carea' id='block_1_14' title="bbox 1158 1338 2095 2096">
    <p class='ocr_par' dir='ltr' id='par_1_15' title="bbox 1158 1338 2095 2096">
     <span class='ocr_line' id='line_1_75' title="bbox 1158 1338 2089 1389; baseline -0.005 -13"><span class='ocrx_word' id='word_1_495' title='bbox 1158 1341 1261 1376; x_wconf 86' lang='lat' dir='ltr'>Dum</span> <span class='ocrx_word' id='word_1_496' title='bbox 1286 1347 1405 1376; x_wconf 87' lang='lat' dir='ltr'>autem</span> <span class='ocrx_word' id='word_1_497' title='bbox 1432 1340 1521 1375; x_wconf 83' lang='lat' dir='ltr'>haec</span> <span class='ocrx_word' id='word_1_498' title='bbox 1550 1341 1767 1389; x_wconf 85' lang='lat' dir='ltr'>loquuntur,</span> <span class='ocrx_word' id='word_1_499' title='bbox 1803 1340 1898 1373; x_wconf 85' lang='lat' dir='ltr'>stetit</span> <span class='ocrx_word' id='word_1_500' title='bbox 1923 1338 2029 1372; x_wconf 88' lang='lat' dir='ltr'>Iesus</span> <span class='ocrx_word' id='word_1_501' title='bbox 2054 1339 2089 1371; x_wconf 85' lang='lat' dir='ltr'>in</span> 
     </span>
     <span class='ocr_line' id='line_1_76' title="bbox 1211 1387 2092 1434; baseline -0.007 -8"><span class='ocrx_word' id='word_1_502' title='bbox 1211 1391 1328 1427; x_wconf 79' lang='lat' dir='ltr'>medio</span> <span class='ocrx_word' id='word_1_503' title='bbox 1344 1406 1464 1427; x_wconf 88' lang='lat' dir='ltr'>eorum</span> <span class='ocrx_word' id='word_1_504' title='bbox 1476 1421 1485 1434; x_wconf 88' lang='lat'>,</span> <span class='ocrx_word' id='word_1_505' title='bbox 1503 1397 1533 1425; x_wconf 90' lang='lat' dir='ltr'>et</span> <span class='ocrx_word' id='word_1_506' title='bbox 1551 1390 1638 1425; x_wconf 86' lang='lat' dir='ltr'>dicit</span> <span class='ocrx_word' id='word_1_507' title='bbox 1655 1391 1725 1424; x_wconf 85' lang='lat' dir='ltr'>eis:</span> <span class='ocrx_word' id='word_1_508' title='bbox 1742 1388 1829 1424; x_wconf 72' lang='lat' dir='ltr'>Pax</span> <span class='ocrx_word' id='word_1_509' title='bbox 1849 1388 1959 1424; x_wconf 70' lang='lat' dir='ltr'>vobis.</span> <span class='ocrx_word' id='word_1_510' title='bbox 2001 1387 2092 1422; x_wconf 80' lang='lat' dir='ltr'>Ter-</span> 
     </span>
     <span class='ocr_line' id='line_1_77' title="bbox 1215 1438 2093 1490; baseline -0.007 -13"><span class='ocrx_word' id='word_1_511' title='bbox 1215 1443 1280 1477; x_wconf 81' lang='lat' dir='ltr'>riti</span> <span class='ocrx_word' id='word_1_512' title='bbox 1309 1456 1387 1477; x_wconf 66' lang='lat' dir='ltr'>cero</span> <span class='ocrx_word' id='word_1_513' title='bbox 1420 1448 1450 1477; x_wconf 91' lang='lat' dir='ltr'>et</span> <span class='ocrx_word' id='word_1_514' title='bbox 1472 1440 1598 1476; x_wconf 87' lang='lat' dir='ltr'>timidi</span> <span class='ocrx_word' id='word_1_515' title='bbox 1611 1441 1733 1490; x_wconf 86' lang='lat' dir='ltr'>sacti,</span> <span class='ocrx_word' id='word_1_516' title='bbox 1767 1438 2033 1474; x_wconf 72' lang='lat' dir='ltr'>existimabant</span> <span class='ocrx_word' id='word_1_517' title='bbox 2057 1451 2093 1472; x_wconf 88' lang='lat' dir='ltr'>se</span> 
     </span>
     <span class='ocr_line' id='line_1_78' title="bbox 1207 1488 2093 1541; baseline -0.007 -13"><span class='ocrx_word' id='word_1_518' title='bbox 1207 1494 1378 1541; x_wconf 89' lang='lat' dir='ltr'>spiritum</span> <span class='ocrx_word' id='word_1_519' title='bbox 1406 1491 1532 1527; x_wconf 64' lang='lat' dir='ltr'>cidere.</span> <span class='ocrx_word' id='word_1_520' title='bbox 1587 1491 1640 1526; x_wconf 78' lang='lat' dir='ltr'>Et</span> <span class='ocrx_word' id='word_1_521' title='bbox 1663 1490 1761 1525; x_wconf 62' lang='lat' dir='ltr'>dixit</span> <span class='ocrx_word' id='word_1_522' title='bbox 1786 1490 1855 1523; x_wconf 83' lang='lat' dir='ltr'>eis:</span> <span class='ocrx_word' id='word_1_523' title='bbox 1889 1488 1994 1536; x_wconf 77' lang='lat' dir='ltr'>Quid</span> <span class='ocrx_word' id='word_1_524' title='bbox 2017 1495 2093 1522; x_wconf 90' lang='lat' dir='ltr'>tur-</span> 
     </span>
     <span class='ocr_line' id='line_1_79' title="bbox 1209 1538 2093 1592; baseline -0.007 -14"><span class='ocrx_word' id='word_1_525' title='bbox 1209 1545 1291 1580; x_wconf 86' lang='lat' dir='ltr'>bati</span> <span class='ocrx_word' id='word_1_526' title='bbox 1304 1545 1407 1587; x_wconf 84' lang='lat' dir='ltr'>estis,</span> <span class='ocrx_word' id='word_1_527' title='bbox 1443 1549 1472 1577; x_wconf 89' lang='lat' dir='ltr'>et</span> <span class='ocrx_word' id='word_1_528' title='bbox 1493 1556 1606 1592; x_wconf 79' lang='lat' dir='ltr'>quare</span> <span class='ocrx_word' id='word_1_529' title='bbox 1631 1541 1868 1588; x_wconf 76' lang='lat' dir='ltr'>cogitationes</span> <span class='ocrx_word' id='word_1_530' title='bbox 1893 1538 2093 1574; x_wconf 80' lang='lat' dir='ltr'>ascendunt</span> 
     </span>
     <span class='ocr_line' id='line_1_80' title="bbox 1210 1591 2093 1636; baseline -0.007 -7"><span class='ocrx_word' id='word_1_531' title='bbox 1210 1595 1248 1629; x_wconf 88' lang='lat' dir='ltr'>in</span> <span class='ocrx_word' id='word_1_532' title='bbox 1268 1594 1378 1629; x_wconf 87' lang='lat' dir='ltr'>corda</span> <span class='ocrx_word' id='word_1_533' title='bbox 1399 1595 1544 1629; x_wconf 67' lang='lat' dir='ltr'>vestra?</span> <span class='ocrx_word' id='word_1_534' title='bbox 1574 1591 1703 1629; x_wconf 90' lang='lat' dir='ltr'>Videte</span> <span class='ocrx_word' id='word_1_535' title='bbox 1719 1604 1853 1625; x_wconf 89' lang='lat' dir='ltr'>manus</span> <span class='ocrx_word' id='word_1_536' title='bbox 1866 1603 1965 1624; x_wconf 87' lang='lat' dir='ltr'>meas</span> <span class='ocrx_word' id='word_1_537' title='bbox 1983 1595 2012 1624; x_wconf 87' lang='lat' dir='ltr'>et</span> <span class='ocrx_word' id='word_1_538' title='bbox 2032 1603 2093 1636; x_wconf 88' lang='lat' dir='ltr'>pe-</span> 
     </span>
     <span class='ocr_line' id='line_1_81' title="bbox 1210 1639 2094 1692; baseline -0.008 -13"><span class='ocrx_word' id='word_1_539' title='bbox 1210 1644 1271 1680; x_wconf 87' lang='lat' dir='ltr'>des</span> <span class='ocrx_word' id='word_1_540' title='bbox 1294 1658 1408 1685; x_wconf 89' lang='lat' dir='ltr'>meos,</span> <span class='ocrx_word' id='word_1_541' title='bbox 1436 1645 1525 1692; x_wconf 84' lang='lat' dir='ltr'>quia</span> <span class='ocrx_word' id='word_1_542' title='bbox 1543 1656 1606 1690; x_wconf 90' lang='lat' dir='ltr'>ego</span> <span class='ocrx_word' id='word_1_543' title='bbox 1626 1644 1700 1689; x_wconf 87' lang='lat' dir='ltr'>ipse</span> <span class='ocrx_word' id='word_1_544' title='bbox 1714 1655 1807 1678; x_wconf 88' lang='lat' dir='ltr'>sum.</span> <span class='ocrx_word' id='word_1_545' title='bbox 1855 1639 2015 1687; x_wconf 86' lang='lat' dir='ltr'>Palpate</span> <span class='ocrx_word' id='word_1_546' title='bbox 2040 1653 2094 1673; x_wconf 75' lang='lat' dir='ltr'>me</span> 
     </span>
     <span class='ocr_line' id='line_1_82' title="bbox 1211 1694 2091 1742; baseline -0.008 -12"><span class='ocrx_word' id='word_1_547' title='bbox 1211 1701 1241 1729; x_wconf 90' lang='lat' dir='ltr'>et</span> <span class='ocrx_word' id='word_1_548' title='bbox 1260 1695 1390 1737; x_wconf 65' lang='lat' dir='ltr'>videte,</span> <span class='ocrx_word' id='word_1_549' title='bbox 1416 1695 1505 1742; x_wconf 83' lang='lat' dir='ltr'>quia</span> <span class='ocrx_word' id='word_1_550' title='bbox 1519 1694 1672 1742; x_wconf 84' lang='lat' dir='ltr'>spiritus</span> <span class='ocrx_word' id='word_1_551' title='bbox 1690 1703 1833 1726; x_wconf 88' lang='lat' dir='ltr'>carnem</span> <span class='ocrx_word' id='word_1_552' title='bbox 1854 1696 1884 1725; x_wconf 87' lang='lat' dir='ltr'>et</span> <span class='ocrx_word' id='word_1_553' title='bbox 1910 1703 1994 1725; x_wconf 78' lang='lat' dir='ltr'>ossa</span> <span class='ocrx_word' id='word_1_554' title='bbox 2020 1703 2091 1724; x_wconf 87' lang='lat' dir='ltr'>non</span> 
     </span>
     <span class='ocr_line' id='line_1_83' title="bbox 1208 1738 2094 1786; baseline -0.006 -6"><span class='ocrx_word' id='word_1_555' title='bbox 1208 1744 1338 1786; x_wconf 81' lang='lat' dir='ltr'>habet,</span> <span class='ocrx_word' id='word_1_556' title='bbox 1357 1745 1449 1780; x_wconf 90' lang='lat' dir='ltr'>sicut</span> <span class='ocrx_word' id='word_1_557' title='bbox 1467 1758 1521 1779; x_wconf 88' lang='lat' dir='ltr'>me</span> <span class='ocrx_word' id='word_1_558' title='bbox 1538 1742 1664 1778; x_wconf 71' lang='lat' dir='ltr'>videtis</span> <span class='ocrx_word' id='word_1_559' title='bbox 1680 1741 1824 1778; x_wconf 82' lang='lat' dir='ltr'>habere.</span> <span class='ocrx_word' id='word_1_560' title='bbox 1860 1741 1914 1775; x_wconf 84' lang='lat' dir='ltr'>Et</span> <span class='ocrx_word' id='word_1_561' title='bbox 1930 1755 2009 1777; x_wconf 92' lang='lat' dir='ltr'>cum</span> <span class='ocrx_word' id='word_1_562' title='bbox 2027 1738 2094 1775; x_wconf 83' lang='lat' dir='ltr'>hoc</span> 
     </span>
     <span class='ocr_line' id='line_1_84' title="bbox 1211 1790 2094 1840; baseline -0.007 -10"><span class='ocrx_word' id='word_1_563' title='bbox 1211 1795 1386 1836; x_wconf 61' lang='lat' dir='ltr'>dixisset,</span> <span class='ocrx_word' id='word_1_564' title='bbox 1415 1794 1571 1832; x_wconf 80' lang='lat' dir='ltr'>ostendit</span> <span class='ocrx_word' id='word_1_565' title='bbox 1585 1795 1635 1829; x_wconf 88' lang='lat' dir='ltr'>eis</span> <span class='ocrx_word' id='word_1_566' title='bbox 1651 1806 1784 1827; x_wconf 89' lang='lat' dir='ltr'>manus</span> <span class='ocrx_word' id='word_1_567' title='bbox 1801 1797 1830 1826; x_wconf 90' lang='lat' dir='ltr'>et</span> <span class='ocrx_word' id='word_1_568' title='bbox 1849 1791 1966 1840; x_wconf 90' lang='lat' dir='ltr'>pedes.</span> <span class='ocrx_word' id='word_1_569' title='bbox 2016 1790 2094 1825; x_wconf 80' lang='lat' dir='ltr'>Ad-</span> 
     </span>
     <span class='ocr_line' id='line_1_85' title="bbox 1209 1842 2095 1889; baseline -0.007 -8"><span class='ocrx_word' id='word_1_570' title='bbox 1209 1845 1280 1881; x_wconf 86' lang='lat' dir='ltr'>huc</span> <span class='ocrx_word' id='word_1_571' title='bbox 1297 1852 1416 1881; x_wconf 90' lang='lat' dir='ltr'>autem</span> <span class='ocrx_word' id='word_1_572' title='bbox 1437 1846 1517 1881; x_wconf 92' lang='lat' dir='ltr'>illis</span> <span class='ocrx_word' id='word_1_573' title='bbox 1543 1858 1617 1880; x_wconf 88' lang='lat' dir='ltr'>non</span> <span class='ocrx_word' id='word_1_574' title='bbox 1640 1842 1863 1878; x_wconf 86' lang='lat' dir='ltr'>credentibus</span> <span class='ocrx_word' id='word_1_575' title='bbox 1887 1855 1976 1889; x_wconf 89' lang='lat' dir='ltr'>prae</span> <span class='ocrx_word' id='word_1_576' title='bbox 1999 1855 2095 1888; x_wconf 85' lang='lat' dir='ltr'>gau—</span> 
     </span>
     <span class='ocr_line' id='line_1_86' title="bbox 1211 1891 2095 1938; baseline -0.007 -7"><span class='ocrx_word' id='word_1_577' title='bbox 1211 1896 1273 1931; x_wconf 89' lang='lat' dir='ltr'>dio</span> <span class='ocrx_word' id='word_1_578' title='bbox 1291 1903 1320 1931; x_wconf 91' lang='lat' dir='ltr'>et</span> <span class='ocrx_word' id='word_1_579' title='bbox 1337 1897 1563 1931; x_wconf 89' lang='lat' dir='ltr'>mirantibus</span> <span class='ocrx_word' id='word_1_580' title='bbox 1576 1924 1585 1938; x_wconf 92' lang='lat'>,</span> <span class='ocrx_word' id='word_1_581' title='bbox 1620 1894 1717 1929; x_wconf 78' lang='lat' dir='ltr'>dixit</span> <span class='ocrx_word' id='word_1_582' title='bbox 1736 1893 1834 1928; x_wconf 84' lang='lat' dir='ltr'>illis.-</span> <span class='ocrx_word' id='word_1_583' title='bbox 1862 1893 2020 1928; x_wconf 80' lang='lat' dir='ltr'>Habetis</span> <span class='ocrx_word' id='word_1_584' title='bbox 2035 1891 2095 1925; x_wconf 86' lang='lat' dir='ltr'>hic</span> 
     </span>
     <span class='ocr_line' id='line_1_87' title="bbox 1209 1942 2095 1996; baseline -0.007 -14"><span class='ocrx_word' id='word_1_585' title='bbox 1209 1947 1378 1996; x_wconf 77' lang='lat' dir='ltr'>aliquid,</span> <span class='ocrx_word' id='word_1_586' title='bbox 1413 1946 1513 1996; x_wconf 83' lang='lat' dir='ltr'>quod</span> <span class='ocrx_word' id='word_1_587' title='bbox 1533 1944 1799 1981; x_wconf 78' lang='lat' dir='ltr'>manducetur?</span> <span class='ocrx_word' id='word_1_588' title='bbox 1834 1944 1883 1978; x_wconf 85' lang='lat' dir='ltr'>At</span> <span class='ocrx_word' id='word_1_589' title='bbox 1908 1943 1972 1978; x_wconf 88' lang='lat' dir='ltr'>illi</span> <span class='ocrx_word' id='word_1_590' title='bbox 1993 1942 2095 1977; x_wconf 88' lang='lat' dir='ltr'>obtu-</span> 
     </span>
     <span class='ocr_line' id='line_1_88' title="bbox 1210 1993 2095 2045; baseline -0.008 -12"><span class='ocrx_word' id='word_1_591' title='bbox 1210 1998 1329 2033; x_wconf 89' lang='lat' dir='ltr'>lerunt</span> <span class='ocrx_word' id='word_1_592' title='bbox 1347 1999 1378 2033; x_wconf 89' lang='lat' dir='ltr'>ei</span> <span class='ocrx_word' id='word_1_593' title='bbox 1391 2004 1532 2045; x_wconf 86' lang='lat' dir='ltr'>partem</span> <span class='ocrx_word' id='word_1_594' title='bbox 1547 1996 1659 2045; x_wconf 87' lang='lat' dir='ltr'>piscis</span> <span class='ocrx_word' id='word_1_595' title='bbox 1676 1996 1775 2037; x_wconf 88' lang='lat' dir='ltr'>assi,</span> <span class='ocrx_word' id='word_1_596' title='bbox 1803 2000 1832 2029; x_wconf 88' lang='lat' dir='ltr'>et</span> <span class='ocrx_word' id='word_1_597' title='bbox 1842 1995 1978 2043; x_wconf 59' lang='lat' dir='ltr'>sarum</span> <span class='ocrx_word' id='word_1_598' title='bbox 2006 1993 2095 2027; x_wconf 83' lang='lat' dir='ltr'>mel-</span> 
     </span>
     <span class='ocr_line' id='line_1_89' title="bbox 1212 2044 1997 2096; baseline -0.004 -13"><span class='ocrx_word' id='word_1_599' title='bbox 1212 2049 1272 2085; x_wconf 90' lang='lat' dir='ltr'>lis.</span> <span class='ocrx_word' id='word_1_600' title='bbox 1328 2048 1382 2083; x_wconf 89' lang='lat' dir='ltr'>Et</span> <span class='ocrx_word' id='word_1_601' title='bbox 1398 2049 1579 2096; x_wconf 82' lang='lat' dir='ltr'>accipiens</span> <span class='ocrx_word' id='word_1_602' title='bbox 1596 2059 1717 2082; x_wconf 86' lang='lat' dir='ltr'>coram</span> <span class='ocrx_word' id='word_1_603' title='bbox 1738 2045 1818 2080; x_wconf 89' lang='lat' dir='ltr'>illis</span> <span class='ocrx_word' id='word_1_604' title='bbox 1837 2044 1997 2080; x_wconf 82' lang='lat' dir='ltr'>comedit.</span> 
     </span>
    </p>
   </div>
   <div class='ocr_carea' id='block_1_15' title="bbox 1159 2112 2094 2668">
    <p class='ocr_par' dir='ltr' id='par_1_16' title="bbox 1159 2112 2094 2266">
     <span class='ocr_line' id='line_1_90' title="bbox 1159 2112 2094 2159; baseline -0.007 -8"><span class='ocrx_word' id='word_1_605' title='bbox 1159 2117 1277 2152; x_wconf 76' lang='lat' dir='ltr'>Dixit</span> <span class='ocrx_word' id='word_1_606' title='bbox 1301 2121 1422 2150; x_wconf 84' lang='lat' dir='ltr'>autem</span> <span class='ocrx_word' id='word_1_607' title='bbox 1448 2114 1503 2150; x_wconf 90' lang='lat' dir='ltr'>ad</span> <span class='ocrx_word' id='word_1_608' title='bbox 1527 2128 1600 2150; x_wconf 90' lang='lat' dir='ltr'>eos:</span> <span class='ocrx_word' id='word_1_609' title='bbox 1635 2113 1738 2148; x_wconf 81' lang='lat' dir='ltr'>Haec</span> <span class='ocrx_word' id='word_1_610' title='bbox 1759 2118 1843 2148; x_wconf 88' lang='lat' dir='ltr'>sunt</span> <span class='ocrx_word' id='word_1_611' title='bbox 1871 2112 1976 2146; x_wconf 71' lang='lat' dir='ltr'>verba</span> <span class='ocrx_word' id='word_1_612' title='bbox 2002 2125 2094 2159; x_wconf 71' lang='lat' dir='ltr'>quae</span> 
     </span>
     <span class='ocr_line' id='line_1_91' title="bbox 1211 2162 2094 2209; baseline -0.009 -7"><span class='ocrx_word' id='word_1_613' title='bbox 1211 2167 1352 2202; x_wconf 88' lang='lat' dir='ltr'>locutus</span> <span class='ocrx_word' id='word_1_614' title='bbox 1370 2180 1450 2201; x_wconf 89' lang='lat' dir='ltr'>sum</span> <span class='ocrx_word' id='word_1_615' title='bbox 1469 2165 1523 2201; x_wconf 89' lang='lat' dir='ltr'>ad</span> <span class='ocrx_word' id='word_1_616' title='bbox 1538 2179 1617 2209; x_wconf 72' lang='lat' dir='ltr'>vos,</span> <span class='ocrx_word' id='word_1_617' title='bbox 1653 2178 1731 2199; x_wconf 86' lang='lat' dir='ltr'>cum</span> <span class='ocrx_word' id='word_1_618' title='bbox 1757 2162 1880 2198; x_wconf 88' lang='lat' dir='ltr'>adhuc</span> <span class='ocrx_word' id='word_1_619' title='bbox 1902 2175 2011 2196; x_wconf 86' lang='lat' dir='ltr'>essem</span> <span class='ocrx_word' id='word_1_620' title='bbox 2036 2175 2094 2195; x_wconf 70' lang='grc' dir='ltr'>ιο-</span> 
     </span>
     <span class='ocr_line' id='line_1_92' title="bbox 1211 2213 2094 2266; baseline -0.008 -13"><span class='ocrx_word' id='word_1_621' title='bbox 1211 2218 1365 2259; x_wconf 76' lang='lat' dir='ltr'>hiscum,</span> <span class='ocrx_word' id='word_1_622' title='bbox 1380 2221 1557 2266; x_wconf 82' lang='lat' dir='ltr'>quoniam</span> <span class='ocrx_word' id='word_1_623' title='bbox 1575 2227 1712 2251; x_wconf 86' lang='lat' dir='ltr'>necesse</span> <span class='ocrx_word' id='word_1_624' title='bbox 1726 2219 1776 2249; x_wconf 87' lang='lat' dir='ltr'>est</span> <span class='ocrx_word' id='word_1_625' title='bbox 1795 2213 1941 2261; x_wconf 86' lang='lat' dir='ltr'>impleri</span> <span class='ocrx_word' id='word_1_626' title='bbox 1957 2213 2094 2251; x_wconf 80' lang='lat' dir='ltr'>omnia,</span> 
     </span>
    </p>

    <p class='ocr_par' dir='ltr' id='par_1_17' title="bbox 1210 2261 2094 2318">
     <span class='ocr_line' id='line_1_93' title="bbox 1210 2261 2094 2318; baseline -0.008 -15"><span class='ocrx_word' id='word_1_627' title='bbox 1210 2281 1303 2318; x_wconf 83' lang='lat' dir='ltr'>quae</span> <span class='ocrx_word' id='word_1_628' title='bbox 1324 2269 1461 2316; x_wconf 83' lang='lat' dir='ltr'>scripta</span> <span class='ocrx_word' id='word_1_629' title='bbox 1487 2273 1572 2302; x_wconf 88' lang='lat' dir='ltr'>sunt</span> <span class='ocrx_word' id='word_1_630' title='bbox 1600 2270 1639 2302; x_wconf 88' lang='lat' dir='ltr'>in</span> <span class='ocrx_word' id='word_1_631' title='bbox 1663 2265 1738 2311; x_wconf 83' lang='lat' dir='ltr'>Iege</span> <span class='ocrx_word' id='word_1_632' title='bbox 1764 2263 1910 2308; x_wconf 86' lang='lat' dir='ltr'>Moisi,</span> <span class='ocrx_word' id='word_1_633' title='bbox 1946 2270 1975 2298; x_wconf 88' lang='lat' dir='ltr'>et</span> <span class='ocrx_word' id='word_1_634' title='bbox 2002 2261 2094 2297; x_wconf 83' lang='lat' dir='ltr'>Pro-</span> 
     </span>
    </p>

    <p class='ocr_par' dir='ltr' id='par_1_18' title="bbox 1208 2314 2094 2467">
     <span class='ocr_line' id='line_1_94' title="bbox 1208 2314 2092 2368; baseline -0.008 -14"><span class='ocrx_word' id='word_1_635' title='bbox 1208 2318 1351 2368; x_wconf 88' lang='lat' dir='ltr'>phetis,</span> <span class='ocrx_word' id='word_1_636' title='bbox 1386 2324 1416 2353; x_wconf 88' lang='lat' dir='ltr'>et</span> <span class='ocrx_word' id='word_1_637' title='bbox 1441 2317 1608 2353; x_wconf 87' lang='lat' dir='ltr'>Psalmis</span> <span class='ocrx_word' id='word_1_638' title='bbox 1630 2317 1672 2351; x_wconf 87' lang='lat' dir='ltr'>de</span> <span class='ocrx_word' id='word_1_639' title='bbox 1697 2328 1761 2349; x_wconf 92' lang='lat' dir='ltr'>me.</span> <span class='ocrx_word' id='word_1_640' title='bbox 1819 2314 1926 2349; x_wconf 76' lang='lat' dir='ltr'>Tunc</span> <span class='ocrx_word' id='word_1_641' title='bbox 1950 2316 2092 2360; x_wconf 81' lang='lat' dir='ltr'>aperuit</span> 
     </span>
     <span class='ocr_line' id='line_1_95' title="bbox 1211 2366 2094 2413; baseline -0.01 -8"><span class='ocrx_word' id='word_1_642' title='bbox 1211 2370 1291 2405; x_wconf 84' lang='lat' dir='ltr'>illis</span> <span class='ocrx_word' id='word_1_643' title='bbox 1325 2383 1488 2408; x_wconf 84' lang='lat' dir='ltr'>sensum,</span> <span class='ocrx_word' id='word_1_644' title='bbox 1533 2374 1570 2403; x_wconf 88' lang='lat' dir='ltr'>ut</span> <span class='ocrx_word' id='word_1_645' title='bbox 1606 2366 1850 2413; x_wconf 73' lang='lat' dir='ltr'>intelligerent</span> <span class='ocrx_word' id='word_1_646' title='bbox 1878 2366 2094 2412; x_wconf 76' lang='lat' dir='ltr'>scripturas,</span> 
     </span>
     <span class='ocr_line' id='line_1_96' title="bbox 1212 2417 2093 2467; baseline -0.01 -11"><span class='ocrx_word' id='word_1_647' title='bbox 1212 2420 1311 2456; x_wconf 69' lang='lat' dir='ltr'>dixit</span> <span class='ocrx_word' id='word_1_648' title='bbox 1328 2421 1393 2455; x_wconf 88' lang='lat' dir='ltr'>eis:</span> <span class='ocrx_word' id='word_1_649' title='bbox 1420 2419 1607 2467; x_wconf 76' lang='lat' dir='ltr'>Quoniam</span> <span class='ocrx_word' id='word_1_650' title='bbox 1625 2420 1683 2463; x_wconf 59' lang='lat' dir='ltr'>sic]</span> <span class='ocrx_word' id='word_1_651' title='bbox 1693 2419 1866 2465; x_wconf 87' lang='lat' dir='ltr'>scriptum</span> <span class='ocrx_word' id='word_1_652' title='bbox 1889 2421 1956 2455; x_wconf 83' lang='lat' dir='ltr'>est,</span> <span class='ocrx_word' id='word_1_653' title='bbox 1991 2420 2020 2448; x_wconf 73' lang='lat' dir='ltr'>ct</span> <span class='ocrx_word' id='word_1_654' title='bbox 2041 2417 2093 2449; x_wconf 82' lang='lat' dir='ltr'>sic</span> 
     </span>
    </p>

    <p class='ocr_par' dir='ltr' id='par_1_19' title="bbox 1211 2469 2090 2520">
     <span class='ocr_line' id='line_1_97' title="bbox 1211 2469 2090 2520; baseline -0.01 -13"><span class='ocrx_word' id='word_1_655' title='bbox 1211 2471 1398 2520; x_wconf 86' lang='lat' dir='ltr'>oportebat</span> <span class='ocrx_word' id='word_1_656' title='bbox 1422 2469 1614 2506; x_wconf 81' lang='lat' dir='ltr'>Christum</span> <span class='ocrx_word' id='word_1_657' title='bbox 1643 2469 1746 2518; x_wconf 87' lang='lat' dir='ltr'>pati,</span> <span class='ocrx_word' id='word_1_658' title='bbox 1791 2473 1821 2501; x_wconf 81' lang='lat' dir='ltr'>ct</span> <span class='ocrx_word' id='word_1_659' title='bbox 1857 2478 2038 2511; x_wconf 84' lang='lat' dir='ltr'>resurgere</span> <span class='ocrx_word' id='word_1_660' title='bbox 2068 2480 2090 2498; x_wconf 84' lang='lat' dir='ltr'>a</span> 
     </span>
    </p>

    <p class='ocr_par' dir='ltr' id='par_1_20' title="bbox 1210 2515 2091 2568">
     <span class='ocr_line' id='line_1_98' title="bbox 1210 2515 2091 2568; baseline -0.011 -11"><span class='ocrx_word' id='word_1_661' title='bbox 1210 2525 1362 2557; x_wconf 84' lang='lat' dir='ltr'>mortuis</span> <span class='ocrx_word' id='word_1_662' title='bbox 1382 2522 1487 2556; x_wconf 81' lang='lat' dir='ltr'>tertia</span> <span class='ocrx_word' id='word_1_663' title='bbox 1507 2520 1584 2566; x_wconf 79' lang='lat' dir='ltr'>die,</span> <span class='ocrx_word' id='word_1_664' title='bbox 1610 2527 1640 2556; x_wconf 88' lang='lat' dir='ltr'>et</span> <span class='ocrx_word' id='word_1_665' title='bbox 1653 2517 1866 2568; x_wconf 85' lang='lat' dir='ltr'>praedicari</span> <span class='ocrx_word' id='word_1_666' title='bbox 1882 2515 1920 2549; x_wconf 89' lang='lat' dir='ltr'>in</span> <span class='ocrx_word' id='word_1_667' title='bbox 1947 2517 2091 2549; x_wconf 55' lang='lat' dir='ltr'>nomine</span> 
     </span>
    </p>

    <p class='ocr_par' dir='ltr' id='par_1_21' title="bbox 1210 2568 2091 2668">
     <span class='ocr_line' id='line_1_99' title="bbox 1210 2568 2091 2621; baseline -0.01 -13"><span class='ocrx_word' id='word_1_668' title='bbox 1210 2574 1285 2608; x_wconf 87' lang='lat' dir='ltr'>eius</span> <span class='ocrx_word' id='word_1_669' title='bbox 1312 2572 1570 2621; x_wconf 85' lang='lat' dir='ltr'>poenitentiam</span> <span class='ocrx_word' id='word_1_670' title='bbox 1603 2577 1632 2605; x_wconf 85' lang='lat' dir='ltr'>et</span> <span class='ocrx_word' id='word_1_671' title='bbox 1665 2568 1910 2603; x_wconf 85' lang='lat' dir='ltr'>remissionem</span> <span class='ocrx_word' id='word_1_672' title='bbox 1929 2573 2091 2614; x_wconf 84' lang='lat' dir='ltr'>peccato-</span> 
     </span>
     <span class='ocr_line' id='line_1_100' title="bbox 1211 2616 2091 2668; baseline -0.009 -10"><span class='ocrx_word' id='word_1_673' title='bbox 1211 2637 1291 2659; x_wconf 88' lang='lat' dir='ltr'>rum</span> <span class='ocrx_word' id='word_1_674' title='bbox 1305 2625 1343 2657; x_wconf 88' lang='lat' dir='ltr'>in</span> <span class='ocrx_word' id='word_1_675' title='bbox 1360 2636 1480 2659; x_wconf 87' lang='lat' dir='ltr'>omnes</span> <span class='ocrx_word' id='word_1_676' title='bbox 1501 2627 1639 2668; x_wconf 86' lang='lat' dir='ltr'>gentes,</span> <span class='ocrx_word' id='word_1_677' title='bbox 1667 2616 1872 2666; x_wconf 85' lang='lat' dir='ltr'>incipiendo</span> <span class='ocrx_word' id='word_1_678' title='bbox 1894 2618 1942 2652; x_wconf 85' lang='lat' dir='ltr'>ab</span> <span class='ocrx_word' id='word_1_679' title='bbox 1959 2618 2091 2652; x_wconf 85' lang='lat' dir='ltr'>Hiero-</span> 
     </span>
    </p>
   </div>
   <div class='ocr_carea' id='block_1_16' title="bbox 1209 2674 1368 2721">
    <p class='ocr_par' dir='ltr' id='par_1_22' title="bbox 1209 2674 1368 2721">
     <span class='ocr_line' id='line_1_101' title="bbox 1209 2674 1368 2721; baseline -0.006 -12"><span class='ocrx_word' id='word_1_680' title='bbox 1209 2674 1368 2721; x_wconf 85' lang='lat' dir='ltr'>solyma.</span> 
     </span>
    </p>
   </div>
  </div>
 </body>
</html>
