2409 2915
4 970 21 1043 {²21

1 1056 21 1130 ,Ι

65 194 174 229 tione.

69 251 193 278 natum
210 255 251 277 ex
269 243 478 288 paupercula
497 242 662 281 muliere,
697 249 735 276 ut
753 241 860 284 igitur
883 238 949 273 hoc
978 253 1053 274 cre-

70 296 229 335 deretur,
260 302 414 338 pastores
431 293 684 326 confirmantur
698 304 735 325 re
755 291 939 331 inusitata,
967 298 1052 324 con-

71 352 191 389 spectu
209 345 435 388 angelorum,
461 345 519 376 sed
537 350 576 376 ut
595 349 783 386 agnoscant
802 348 835 375 et
853 341 1053 375 discernant

72 395 243 429 infantem
262 407 280 427 a
298 394 460 432 caeteris,
486 394 666 427 adduntur
682 392 976 426 circumstantiae.

174 444 357 479 Caeterum
376 441 432 476 hic
449 444 614 487 allegoria
643 443 893 476 consideretur.
947 442 1051 485 Quod

73 497 171 529 iubet
186 495 356 527 infantem
377 506 543 538 quaerere
562 495 598 526 in
617 494 774 538 praesepi
791 493 988 526 involutum
1000 493 1054 525 fa-

73 546 171 585 sciis,
199 545 370 587 significat
387 544 552 577 Messiam
570 546 809 589 quaerendum
836 554 907 576 esse
934 543 969 575 in
998 543 1054 575 di-

73 597 136 630 ctis
153 592 430 639 Prophetarum,
465 595 502 627 in
520 595 594 638 ipso
614 595 745 639 populo
763 593 867 636 legis,
903 600 1052 638 suntque

71 646 162 678 dicta
181 643 436 689 Prophetarum
455 646 598 682 fasciae,
635 646 762 690 quibus
789 644 936 677 evolutis
961 643 1052 687 aspi-

72 695 164 729 citur
179 702 212 729 et
228 696 427 738 agnoscitur
445 695 559 728 Filius
578 696 653 729 Dei.
706 694 779 728 Cur
792 695 902 727 credis
921 693 1051 727 Filium

70 743 137 778 Dei
153 746 310 779 induisse
327 744 516 779 humanam
536 745 721 779 naturam?
746 745 839 788 Quia
856 744 968 777 credis
993 756 1051 777 so—

69 796 144 829 lum
161 794 227 829 hoc
246 797 412 838 verbum,
445 797 538 841 quod
557 803 647 829 extat
669 796 706 828 in
723 794 896 834 Ecclesia,
933 805 1004 827 esse
1031 806 1048 826 a

70 844 146 880 Deo
167 847 355 885 traditum,
383 854 416 881 et
437 847 473 879 in
499 844 565 880 hoc
591 847 697 880 verbo
716 845 810 878 Deus
832 844 993 889 promisit
1016 856 1051 877 se

69 897 173 931 talem
191 896 356 930 Messinm
374 898 561 931 missurum
576 909 659 931 esse.
708 895 803 928 Haec
819 895 1048 934 confirmatio,

69 944 137 980 hoc
153 946 390 981 testimonium
410 955 482 981 toto
502 954 639 991 pectore
657 947 847 981 tenendum
865 953 932 985 est,
955 946 1049 989 quod

69 996 166 1031 Deus
184 997 384 1031 clarissimis
402 998 612 1032 testimoniis
629 997 783 1031 ostendit
805 1007 840 1029 se
864 995 1049 1028 tradidisse

70 1045 138 1081 hoc
155 1048 299 1081 verbum
319 1046 515 1092 Prophetis,
536 1047 678 1082 Christo
696 1053 729 1080 et
745 1046 936 1091 Apostolis‚
955 1047 1048 1090 quod

71 1105 217 1139 sonant,
252 1106 284 1131 et
308 1099 343 1131 in
368 1097 434 1132 hoc
458 1099 564 1131 verbo
591 1099 814 1138 adfirmatur,
848 1096 951 1130 talem
978 1107 1049 1129 esse

71 1148 255 1189 Messiam‚
283 1149 361 1182 ideo
377 1149 567 1184 assentiris.

171 1197 304 1232 Omnia
329 1199 435 1242 igitur
458 1198 623 1231 miracula
649 1210 666 1231 a
693 1197 886 1242 principio,
930 1195 1048 1229 omnia

69 1251 160 1283 dicta
186 1246 461 1292 Prophetarum,
496 1255 577 1281 sunt
604 1248 700 1290 signa
725 1256 755 1280 et
781 1247 980 1280 testimonia
1006 1247 1048 1279 de

70 1298 136 1333 hoc
156 1299 300 1332 Messia:
336 1297 398 1332 hae
420 1306 501 1332 sunt
518 1299 598 1331 illae
615 1298 759 1335 fasciae,
793 1297 921 1341 quibus
946 1297 1047 1329 invo-

69 1351 164 1384 lutus
188 1355 258 1389 est,
292 1347 353 1381 has
375 1349 449 1381 vult
471 1360 536 1381 nos
560 1348 782 1381 considerare
799 1346 915 1387 Deus,
951 1347 1046 1379 dedit

68 1399 307 1434 testimonium
325 1400 429 1432 verbo
449 1398 576 1438 Moisi‚
602 1405 635 1431 et
651 1398 777 1431 deinde
795 1397 946 1430 aliorum
958 1396 1046 1429 Pro-

15 1456 17 1485 .’
66 1448 270 1495 phetarum,
297 1449 357 1494 qui
382 1461 502 1482 omnes
526 1450 670 1482 eandem
693 1448 962 1491 promissionem
990 1459 1045 1480 re—

70 1500 278 1545 petiverunt.
338 1497 460 1532 Esaias
495 1499 628 1544 inquit:
662 1498 835 1532 Parvulus
870 1505 973 1531 natus
997 1504 1047 1530 est

70 1550 171 1584 nobis
187 1557 251 1584 etc.
303 1547 418 1590 Deus,
445 1557 543 1593 pater
561 1549 650 1583 vitae
667 1556 837 1584 aeternae.
890 1546 1047 1581 Micheas

72 1601 207 1648 inquit:
241 1598 410 1642 Egressus
436 1601 510 1634 eius
534 1607 614 1633 ante
636 1600 776 1633 initium
803 1598 937 1631 mundi.
992 1597 1045 1631 Io-

70 1650 204 1685 hannes
227 1650 358 1695 inquit:
391 1649 432 1683 In
456 1650 631 1694 principio
654 1656 726 1682 erat
752 1650 910 1683 verbum.
973 1647 1047 1681 Ad—

71 1704 160 1736 dunt
186 1701 309 1743 etiam‚
344 1712 406 1733 cur
428 1701 530 1733 datus
554 1700 617 1740 sit,
645 1706 699 1732 ut:
727 1697 817 1732 Ecce
842 1709 952 1742 agnus
965 1698 1047 1738 Dei,

71 1753 130 1797 qui
148 1751 240 1785 tollit
256 1757 391 1794 peccata
408 1751 541 1783 mnndi.
588 1749 675 1784 Cum
693 1749 800 1792 igitur
817 1749 1048 1781 nominantur

69 1802 250 1841 fasciolae,
277 1800 403 1833 deduci
423 1812 484 1833 nos
501 1801 542 1833 ad
563 1800 644 1834 talia
663 1800 752 1832 (licta
772 1799 938 1837 sciamus,
965 1798 1045 1842 qui-

70 1854 136 1887 bus
153 1863 234 1885 vere
249 1851 407 1884 involuta
427 1857 476 1884 est
501 1851 628 1884 noticia
649 1849 816 1890 Messiae‚
850 1857 882 1882 et
906 1846 971 1881 hae
994 1849 1045 1881 fa-

71 1904 160 1937 sciae
177 1908 258 1936 sunt
281 1901 398 1944 signa,
431 1902 466 1934 id
490 1908 560 1942 est,
593 1900 789 1934 testimonia
818 1900 978 1932 miranda
1004 1900 1045 1932 de

72 1953 216 1987 Messia-

415 2011 437 2035 D
457 2017 471 2034 e
507 2016 522 2034 o
539 2016 554 2034 c
572 2012 582 2034 t
601 2014 618 2032 a
637 2016 653 2032 v
673 2015 697 2033 o.

171 2054 277 2098 Quod
294 2055 408 2099 inquit
426 2053 576 2087 Mariam
594 2051 678 2086 haec
700 2052 818 2086 omnia
844 2052 1043 2084 meminisse

72 2114 105 2140 et
128 2105 313 2139 contulisse
334 2106 370 2137 in
397 2106 500 2138 corde
522 2117 602 2144 suo,
644 2110 763 2136 monet
791 2110 897 2137 totam
923 2101 1043 2136 Eccle-

73 2157 178 2196 siam,
219 2162 257 2188 ut
291 2153 357 2188 hoc
392 2155 547 2187 studium
575 2154 821 2188 considerandi
847 2153 1045 2186 testimonia

71 2207 261 2239 imitemur.
316 2205 509 2238 Audiverat
525 2211 633 2237 mater
648 2217 687 2237 ex
706 2204 901 2248 pastoribus
924 2215 1045 2236 narra-

73 2257 204 2292 tionem
235 2256 459 2297 angelorum:
492 2252 583 2287 hanc
614 2255 815 2288 conferebat
847 2255 889 2286 ad
915 2260 1045 2287 caetera

73 2307 239 2340 miracula
257 2318 344 2351 quae
362 2312 481 2345 norat,
516 2312 547 2337 et
572 2305 755 2337 collatione
779 2304 937 2337 omnium
963 2316 1045 2336 con-

75 2358 237 2391 firmabat
255 2369 351 2390 suam
371 2356 485 2389 fidem.
538 2353 676 2388 Rursus
695 2362 727 2388 et
746 2352 870 2397 loseph
891 2353 1048 2397 exposuit

74 2408 272 2452 pastoribus
297 2406 464 2439 miracula
490 2406 556 2438 sibi
580 2412 680 2443 nota,
718 2412 758 2438 ut
780 2405 921 2438 illorum
945 2405 1047 2436 fidem

75 2459 305 2492 confirmaret.
367 2456 417 2490 lta
440 2468 504 2489 nos
526 2456 617 2489 alere
641 2455 742 2487 fidem
777 2462 809 2488 et
843 2455 1049 2487 confirmare

75 2510 241 2542 debemus
259 2507 444 2541 collatione
458 2506 616 2539 omnium
636 2503 759 2539 harum
776 2517 912 2545 rerum,
938 2505 1047 2538 dicto-

75 2571 152 2593 rum
188 2556 473 2602 propheticorum
517 2557 766 2589 miraculorum
803 2563 835 2589 et
868 2556 1050 2595 sactorum,

77 2621 164 2654 quae
192 2616 380 2642 narrantur
414 2608 449 2640 in
477 2605 682 2650 Evangelio.
742 2605 836 2639 Haec
871 2605 1049 2639 meditatio

77 2660 171 2693 utilis
187 2666 236 2693 est
254 2659 338 2702 piis,
364 2671 402 2692 ac
418 2669 554 2700 semper
579 2657 715 2691 accedat
741 2657 863 2691 ultima
888 2656 1049 2701 cogitatio

130 2712 301 2741 ΜειΑῗτμ.
335 2712 435 2742 Oriza.
468 2711 545 2739 5⁷0¹..
571 2710 661 2740 XIV.

750 103 1140 142 ANNOTATIONES
1168 105 1217 141 IN
1243 107 1542 145 EVANGELIA.

219 192 372 227 Difficile
399 198 471 226 erat
498 192 639 226 credere
663 189 758 225 hunc
783 201 855 224 esse
874 189 1052 232 Messiam‚
1078 191 1083 200 ⁷

2018 109 2088 143 194

1107 193 1150 226 de
1167 193 1297 234 causis,
1329 205 1402 227 non
1423 200 1571 238 temere,
1604 206 1676 227 non
1703 195 1829 229 frustra
1855 201 1986 229 tantam
2012 208 2086 229 rem

1106 255 1123 275 a
1143 243 1215 276 Deo
1235 245 1407 277 decretam
1422 255 1493 276 esse
1506 270 1513 283 ,
1537 253 1575 278 ut
1593 244 1702 277 Filius
1718 246 1881 279 indueret
1896 243 2086 279 humanam

1108 300 1284 327 naturam:
1312 295 1415 336 longe
1433 305 1537 337 supra
1555 303 1778 338 conspectum
1804 296 1962 329 omnium
1990 308 2087 330 crea—

1106 351 1264 377 turarum
1294 345 1404 388 posita
1433 350 1482 376 est
1517 355 1698 376 causarum
1735 347 1962 389 magnitudo,
2004 354 2086 379 sunt

1106 395 1200 427 enim
1219 407 1357 435 causae,
1387 406 1465 427 vera
1487 400 1518 426 et
1536 394 1783 428 inenarrabilis
1804 397 1853 429 ira
1872 397 1935 429 Dei
1961 399 2086 430 adver-

1106 457 1163 478 sus
1180 453 1382 488 peccatum,
1410 452 1442 478 et
1468 444 1636 477 immensa
1661 445 1898 479 misericordia
1924 458 2000 489 erga
2027 459 2084 489 ge-

1106 507 1171 528 nus
1189 493 1402 536 humanum,
1432 495 1526 539 quod
1544 494 1638 528 Deus
1657 495 1882 535 condiderat,
1917 503 1956 529 ut
1982 498 2016 529 in
2045 510 2084 529 co

1105 546 1348 579 celebraretur.
1403 545 1484 578 Ideo
1504 552 1614 579 totum
1633 545 1746 589 perire
1765 546 1891 579 noluit.

1206 595 1325 638 Quare
1355 607 1582 638 agnoscamus
1615 596 1834 629 voluntatem
1868 596 1951 636 Dei,
1987 604 2018 630 et
2053 598 2083 630 ei

1104 647 1230 689 gratias
1257 658 1418 689 agamus,
1453 648 1545 691 quod
1565 646 1695 679 Filium
1723 647 1839 685 misit,
1875 654 1906 679 et
1931 647 2020 680 sicut
2047 648 2084 680 in

1105 698 1244 730 l'salmo
1273 698 1440 740 scriptum
1466 703 1533 729 est:
1575 694 1800 729 osculamini
1835 696 1977 732 Filium.
2033 696 2084 731 Ita

1105 760 1184 781 vera
1215 747 1342 791 pietate
1375 759 1452 780 eum
1483 747 1753 789 amplectamur,
1788 748 1962 781 discamus
1990 745 2083 781 hunc

1105 799 1329 841 praecipuum
1347 798 1478 830 cultum
1495 795 1559 829 Dei
1581 808 1662 835 esse,
1684 796 1848 829 invocare
1863 796 1974 830 Deum
1994 798 2085 831 fidu-

1103 850 1152 881 cia
1166 848 1259 889 Filii,
1281 855 1312 882 et
1329 854 1523 881 statuamus
1543 859 1621 879 vere
1639 847 1794 878 exaudiri
1814 848 2084 881 sicinvocantes.

1103 899 1251 931 'l'alihus
1270 898 1443 931 exercitiis
1463 897 1537 930 vult
1554 896 1649 931 Deus
1665 897 1700 929 in
1719 898 1822 930 nobis
1841 909 1957 930 veram
1980 899 2082 931 fidem

1101 950 1263 990 accendi,
1293 956 1324 982 et
1353 947 1435 981 haec
1459 948 1543 980 fides
1569 954 1618 980 est
1640 947 1772 989 agnitio
1790 947 1959 987 Messiae,
1995 961 2083 993 quae

1102 1006 1149 1032 est
1179 999 1331 1033 incoatio
1367 999 1458 1031 vitae
1492 1006 1671 1037 aeternae,
1706 998 1795 1031 sicut
1824 999 1991 1042 scriptum
2015 1006 2082 1031 est:

1102 1049 1196 1083 Ilaec
1214 1057 1263 1083 est
1284 1050 1354 1082 vita
1372 1056 1528 1087 aeterna,
1556 1055 1595 1081 ut
1610 1055 1798 1090 agnoscant
1817 1056 1849 1082 te
1866 1060 1937 1081 esse
1961 1061 2082 1082 verum

1101 1099 1235 1142 Deum,
1263 1107 1295 1133 et
1312 1112 1415 1144 quem
1435 1099 1561 1132 misisti
1583 1097 1694 1131 lesum
1713 1110 1785 1132 esse
1805 1097 1998 1133 Christum.

1257 1211 1339 1250 Die
1371 1207 1710 1250 circumcisionis
1741 1207 1918 1248 Domini.

1072 1283 1076 1342 J
1378 1289 1611 1331 Evangelium
1640 1288 1753 1321 Lucae
1770 1291 1805 1323 2.

1150 1357 1203 1391 Et
1219 1361 1414 1405 postquam
1437 1355 1679 1388 consummati
1703 1359 1789 1387 sunt
1815 1353 1890 1388 dies
1915 1359 2007 1395 octo,
2044 1360 2080 1388 ut

1202 1405 1512 1442 circumcideretur
1533 1417 1639 1451 puer,
1685 1409 1847 1438 vocatum
1874 1410 1923 1438 est
1953 1418 2079 1438 nomen

1202 1459 1278 1493 eius
1310 1458 1459 1495 lusus,
1486 1453 1586 1503 quod
1609 1460 1769 1488 vocatum
1794 1460 1843 1489 est
1867 1455 1914 1488 ab
1938 1455 2081 1502 angelo,

1198 1509 1414 1558 priusquam
1433 1508 1471 1539 in
1489 1510 1586 1540 utero
1603 1510 1852 1553 conciperetur.

1253 1578 1280 1613 l.
1315 1577 1440 1611 Locus.
1493 1574 1644 1608 Collatio
1662 1575 1767 1614 ritus,
1783 1583 1815 1607 et
1832 1574 1931 1607 verbi
1948 1574 2025 1608 Dei.

1253 1628 1298 1663 ll.
1328 1629 1423 1670 Quid
1444 1626 1512 1660 sint
1533 1625 1769 1660 Sacramenta.

1255 1678 1320 1711 lll.
1346 1678 1465 1720 Quare
1481 1677 1524 1708 sit
1543 1675 1699 1708 instituta
1711 1673 1949 1717 Circumcisio,
1967 1682 1998 1708 et
2015 1688 2075 1709 cu—

1302 1729 1354 1761 ius
1376 1725 1530 1759 beneficii
1548 1726 1651 1758 fuerit
1669 1725 1805 1767 pignus.

1253 1777 1313 1812 IV.
1341 1778 1437 1820 Quid
1462 1775 1726 1818 significaverit,
1761 1782 1793 1808 et
1817 1786 1923 1820 quare
1948 1774 1985 1808 in
2013 1773 2076 1808 hac

1307 1835 1401 1873 parte
1426 1827 1583 1870 corporis
1604 1825 1756 1859 voluerit
1772 1824 1865 1859 Deus
1889 1832 2003 1859 extare
2028 1826 2076 1859 si-

1326 1891 1421 1912 unln-

1252 1891 1443 1972 Y.gQuare
1463 1926 1625 1961 Christus
1643 1925 1866 1959 circumcisus
1880 1925 1935 1961 sit.

1070 1937 1074 1964 l

1071 1977 1074 2038 Ι
1462 2019 1517 2042 De
1553 2015 1714 2046 primo.

1251 2074 1310 2109 De
1325 2071 1519 2108 collatione
1537 2071 1628 2103 ritus
1640 2096 1649 2110 ,
1676 2073 1706 2101 et
1725 2066 1823 2100 uerbi
1834 2065 1921 2102 Dei.

1200 2145 1447 2188 Vituperamus
1483 2137 1639 2174 ethnicas
1683 2135 1896 2170 ceremonias
1929 2142 2072 2181 propter

1099 2196 1368 2234 absurditatem,
1404 2193 1498 2236 quod
1526 2189 1769 2223 discurrebant
1794 2186 1924 2229 luperci
1950 2186 2072 2228 pelliti,

1101 2256 1132 2281 et
1150 2248 1246 2281 alias,
1289 2245 1371 2278 Plus
1388 2244 1526 2276 videtur
1541 2238 1765 2274 absurditatis
1781 2234 1909 2270 habere
1923 2236 2071 2270 circum-

1100 2299 1198 2332 cisio:
1241 2298 1298 2330 sed
1325 2295 1477 2339 primum
1503 2290 1558 2325 hic
1584 2291 1774 2328 discamus,
1806 2289 1843 2321 in
1868 2287 2073 2320 ceremoniis

1101 2349 1230 2383 divinis
1247 2359 1318 2380 non
1334 2356 1422 2390 opus
1438 2344 1513 2377 sine
1530 2343 1655 2381 verbo,
1687 2340 1745 2372 sed
1767 2350 1837 2371 una
1862 2350 1940 2370 cum
1965 2338 2070 2369 verbo

1100 2399 1166 2434 Dei
1181 2397 1475 2432 considerandum
1498 2404 1580 2427 esse.
1632 2388 1776 2425 [thnici
1800 2387 1999 2422 habuerunt
2022 2387 2071 2419 ri-

1102 2459 1156 2485 tus
1180 2450 1254 2483 sine
1275 2448 1348 2480 ullo
1366 2447 1472 2479 verbo
1489 2443 1574 2482 Dei,
1598 2449 1630 2475 et
1647 2442 1776 2474 multae
1789 2446 1906 2483 gentes
1921 2438 2071 2469 circum-

1102 2501 1269 2535 cisionem
1293 2498 1514 2531 retinuerunt
1535 2495 1609 2527 sine
1631 2493 1738 2525 verbo
1764 2490 1845 2529 Dei,
1878 2495 1914 2522 ut
1937 2485 2072 2527 Colchi,

1074 2570 1077 2597 ς
1103 2551 1286 2596 Aegyptii,
1313 2557 1344 2582 et
1363 2559 1456 2580 nunc
1472 2545 1609 2578 Turcae
1625 2551 1656 2577 et
1674 2541 1788 2575 ludaei
1807 2539 1967 2573 retinent.
2001 2537 2070 2572 Sed

1103 2615 1190 2647 opus
1224 2602 1298 2634 sine
1323 2599 1430 2632 verbo
1454 2597 1519 2631 Dei
1547 2593 1635 2627 nihil
1662 2599 1730 2628 est.
1766 2591 1837 2621 imo
1860 2597 1906 2621 est
1933 2601 1985 2621 res
2011 2591 2071 2619 da-

1411 2648 1509 2681 Hanc
1526 2644 1677 2687 regulam
1696 2641 1880 2684 diligenter
1906 2639 2076 2673 memine-

1103 2661 1217 2687 mnata
1238 2666 1254 2685 a
1273 2652 1356 2685 Deo.

1347 2700 1391 2733 13
