2409 2915
322 95 415 130 1027

419 178 493 212 Hae
524 179 614 212 duae
645 179 814 212 maximae
845 185 959 223 partes
987 179 1125 222 generis
1157 179 1305 213 humani

321 230 570 262 discernendae
587 237 685 267 sunt,
712 237 744 262 et
764 231 806 262 de
832 230 1036 263 discrimine
1054 243 1173 264 earum
1196 231 1305 264 multa

319 279 476 323 quotidie
507 287 756 324 proponuntur
784 280 819 312 in
853 281 1013 325 doctrina
1037 279 1233 321 Ecclesiae,
1273 287 1307 314 et

319 330 515 373 pinguntur
529 330 587 363 hic
604 342 744 375 quoque
763 331 798 363 in
818 328 963 364 historia
978 333 1020 364 de
1036 344 1073 365 re
1088 332 1250 365 maxima.

424 388 515 422 Sunt
534 387 590 422 hic
608 388 724 426 hostes
740 387 873 423 Christi
894 391 1011 424 Iudaei
1031 398 1063 425 et
1080 389 1226 424 Ethnici
1246 401 1308 423 va-

321 439 383 471 riis
402 439 514 472 modis
530 439 651 472 odium
676 448 705 473 et
732 447 946 473 contemtum
963 439 1094 475 Christi
1117 445 1308 475 ostenden—

321 496 390 528 te5‚
423 488 630 523 Sacerdotes
654 491 796 524 suerunt
815 499 1048 532 accusatores,
1082 491 1217 525 Pilatus
1242 491 1308 525 fert

322 539 488 572 iniustam
520 542 749 580 sententiam,
783 541 934 575 ministri
968 554 1075 576 manu
1101 542 1309 584 crucifigunt

320 587 519 630 Christum,
559 590 677 624 ludaei
701 589 946 636 blasphemant
968 601 999 627 et
1023 593 1185 627 derident
1203 590 1309 626 Chri-

321 647 432 680 stum,
460 648 524 677 etc.

423 691 490 725 Sed
531 699 668 739 praeter
698 690 763 726 hos
796 692 922 737 impios
954 701 986 727 et
1026 692 1142 727 hostes
1182 693 1311 726 adsunt

322 741 426 774 etiam
455 742 543 775 aliae
565 754 751 786 personae,
792 756 881 788 quae
912 751 994 778 sunt
1018 743 1192 784 Ecclesia,
1226 743 1309 788 quia

322 792 479 835 oportuit
503 793 640 837 aliquos
666 794 700 826 in
728 794 800 837 ipsa
825 806 906 827 vera
929 794 1082 828 Ecclesia
1112 801 1215 828 testes
1238 805 1311 827 esse

323 839 430 876 liuius
445 844 560 885 operis
578 844 637 876 filii
654 843 731 877 Dei.

426 899 567 936 Adsunt
607 903 714 945 igitur
756 913 891 935 summa
925 900 1101 936 Ecclesiae
1142 901 1312 942 membra,

325 949 459 992 Mater,
486 964 586 985 soror
603 953 741 994 matris,
767 959 799 986 et
817 951 1027 994 Magdalena
1047 960 1080 986 et
1097 953 1252 991 Solome‚
1278 958 1312 986 et

323 1002 556 1035 nominantur
572 1004 773 1042 distinctae,
802 1001 916 1035 Maria
935 1003 1051 1036 Iacobi
1068 1010 1188 1038 mater.
1223 1003 1310 1037 Item

323 1059 434 1086 mater
464 1053 616 1086 filiorum
639 1053 832 1095 Zebedaei,
878 1054 960 1087 item
991 1055 1106 1087 adsuit
1140 1052 1312 1087 lohannes

323 1101 527 1146 Apostolus.

427 1153 498 1186 Hic
523 1160 642 1187 coetus
671 1160 721 1188 est
751 1155 821 1186 iam
853 1166 1000 1198 parvus,
1041 1154 1124 1200 quia
1154 1153 1312 1189 Ecclesia

322 1209 407 1236 tunc
426 1204 492 1237 suit
510 1205 611 1237 valde
628 1205 863 1249 langues-ncta,
889 1207 947 1238 sed
970 1206 1087 1240 subito
1102 1206 1138 1238 in
1157 1203 1221 1238 liae
1238 1206 1312 1250 ipsa

322 1253 513 1287 afflictione
537 1255 663 1300 incipit
689 1267 862 1295 crescere,
890 1264 1145 1291 convertuntur
1167 1257 1256 1290 latro
1278 1263 1312 1291 et

321 1305 494 1339 centurio.

428 1354 476 1389 lta
493 1366 575 1390 sunt
592 1356 629 1388 in
645 1363 742 1390 tanto
759 1368 862 1400 opere
880 1356 990 1402 aliqui
1008 1363 1122 1396 testes,
1150 1358 1211 1402 qui
1227 1364 1310 1391 sunt

321 1406 479 1440 membra
496 1404 682 1440 Ecclesiae.

426 1464 494 1498 Sed
514 1462 579 1498 hae
598 1477 764 1508 personae
789 1477 861 1498 non
885 1466 998 1499 solum
1026 1466 1172 1506 adsunt,
1199 1473 1238 1500 ut
1255 1474 1308 1501 te-

323 1522 410 1553 stes,
436 1517 495 1548 sed
515 1517 618 1549 etiam
637 1516 741 1548 simul
768 1516 968 1558 patiuntur,
995 1516 1077 1561 quia
1093 1515 1248 1550 Ecclesia
1272 1518 1309 1552 fit

322 1565 516 1599 conformis
534 1566 597 1598 filii
617 1565 701 1605 Dei,
734 1566 866 1609 patitur
889 1578 968 1599 cum
993 1578 1051 1606 eo,
1079 1574 1112 1600 et
1135 1568 1309 1611 glorifica-

322 1623 380 1650 tur
394 1629 456 1661 per
478 1628 557 1650 eum
584 1623 618 1650 et
646 1623 789 1660 propter
805 1628 897 1649 eum.

426 1675 498 1709 lam
517 1675 666 1718 cogitate
681 1683 880 1719 utrumque,
908 1674 1073 1718 Quantus
1086 1676 1193 1711 fuerit
1205 1678 1308 1711 dolor

321 1727 460 1766 matris,
510 1726 662 1759 videntis
702 1727 748 1758 ilii
783 1728 935 1769 pendere
960 1727 1091 1763 lilium.
1140 1734 1171 1761 et
1201 1729 1304 1762 talem

322 1779 444 1818 silium,
463 1789 522 1821 per
537 1789 640 1821 quein
660 1777 850 1810 resuscitati
871 1784 968 1809 erant
987 1779 1128 1819 mortui,
1157 1786 1188 1812 et
1205 1779 1306 1813 scivit

321 1830 394 1873 ipsa
413 1839 532 1862 causas
559 1825 663 1860 huius
689 1827 875 1871 passionis,
905 1826 999 1861 liunc
1023 1829 1135 1862 filium
1159 1841 1230 1863 esse
1252 1831 1305 1862 vi-

321 1881 461 1913 ctimam
491 1884 522 1911 et
549 1878 618 1921 pati
644 1890 706 1921 pro
730 1889 854 1920 genere
880 1875 1057 1919 hnmano,
1102 1887 1135 1913 et
1161 1880 1198 1912 in
1225 1893 1303 1913 eum

320 1930 464 1963 effusam
490 1941 561 1961 esse
584 1929 670 1960 iram
688 1927 754 1961 Dei
777 1935 897 1960 contra
918 1936 1052 1971 peccata
1077 1930 1213 1973 generis
1238 1929 1306 1964 liu-

317 1979 425 2013 mani.
479 1979 529 2011 Ac
554 1978 660 2011 sensit
685 1979 755 2023 ipsa
784 1990 924 2023 quoqne
949 1979 1102 2024 aliquam
1123 1981 1193 2014 irae
1211 1982 1305 2015 divi-

319 2042 384 2064 nae
399 2036 542 2074 partem.

420 2079 524 2113 Nulla
543 2079 608 2112 alia
625 2079 752 2111 mulier
768 2079 802 2111 in
826 2086 897 2112 toto
922 2092 1045 2122 genere
1064 2079 1220 2115 humano
1240 2096 1303 2127 po-

318 2132 438 2166 tuisset
457 2128 550 2163 liunc
568 2130 726 2162 dolorem
743 2130 927 2165 sustinere.
983 2130 1062 2164 Fuit
1082 2135 1302 2175 magunsdo-

318 2183 373 2215 lor
399 2183 434 2214 in
459 2179 556 2213 lleva
582 2181 740 2213 intuente
770 2181 991 2214 intersectum
1016 2181 1124 2223 Abel,
1162 2185 1221 2217 sed
1245 2182 1302 2219 hic

318 2233 421 2266 dolor
438 2232 472 2264 in
491 2231 601 2264 Maria
618 2231 683 2263 fuit
698 2231 809 2265 multo
827 2232 950 2265 maior.

418 2290 507 2324 Cum
526 2296 640 2322 autem
664 2289 767 2321 dolor
788 2289 831 2322 sit
855 2289 993 2333 ingens,
1030 2297 1062 2324 et
1087 2299 1202 2325 tamen
1228 2306 1300 2327 non

902 70 1034 129 run,
1061 92 1177 131 MEL.
1205 94 1416 131 scR1PTA
1443 84 1751 132 EXEGETmA.

1359 181 1450 223 riae,
1477 181 1551 214 fieri
1569 181 1737 216 similiter
1752 182 1790 215 in
1806 179 1964 217 Ecclesia
1981 182 2017 216 in
2035 183 2232 228 aliquibus,
2268 185 2352 228 quia

1359 231 1475 265 Maria
1496 239 1546 266 est
1564 239 1668 278 typus
1689 233 1798 267 totius
1814 234 2116 277 congregationis,
2143 246 2232 280 quae
2249 247 2351 268 voca·
2398 232 2399 235 ’

1360 288 1420 316 tur
1436 281 1591 315 Ecclesia
1608 283 1686 318 Dei.

1462 339 1756 386 Quandocunque
1788 342 1895 385 igitur
1932 342 2124 384 cogitamus
2160 342 2204 376 de
2235 342 2351 376 cruci-

1359 389 1510 430 fixione,
1543 391 1648 423 simul
1673 398 1707 425 et
1720 387 1771 424 'de
1797 393 1926 426 uostris
1950 393 2199 426 afflictionibus
2218 393 2350 436 cogite-

1361 451 1458 482 mus,
1486 447 1519 474 et
1538 438 1601 474 hac
1620 443 1859 476 consolatione
1878 455 1942 476 nos
1957 450 2202 478 sustentemus.

1464 507 1604 551 Cogites
1623 515 1657 542 te
1675 516 1837 553 oportere
1853 517 1943 543 stare
1962 511 2028 543 sul)
2044 522 2145 543 cruce
2163 511 2255 554 apud
2273 509 2353 543 Ma-

1362 558 1467 599 riam,
1495 559 1577 604 quia
1594 558 1690 592 Deus
1717 560 1793 593 vult
1818 571 1882 593 nos
1906 572 2027 593 omnes
2052 561 2127 593 ficri
2153 561 2352 594 conformes

1363 609 1526 652 imaginis
1545 610 1618 642 filii.

1465 667 1536 701 Nec
1571 675 1707 703 tantum
1746 669 1875 712 cogites
1906 669 1949 702 de
1980 669 2203 710 necessitate,

1365 724 1525 763 oporteat
1539 719 1628 763 pati,
1655 721 1713 753 sed
1730 719 1836 753 simul
1854 720 1898 753 de
1916 719 2169 755 consolatione.

2254 670 2350 715 quod

1469 784 1544 829 lpsa
1562 785 1678 819 Maria
1708 785 1882 819 divinitus
1904 792 2138 826 sustentatur,
2165 787 2246 831 quia
2274 793 2354 820 tan-

1367 843 1421 870 tos
1444 837 1584 869 dolores
1609 836 1743 881 alioqui
1768 837 1868 869 nullo
1899 837 2005 870 modo
2029 836 2202 870 sustinere
2226 844 2353 881 posset.

1365 887 1425 921 Sic
1441 893 1474 920 et
1492 894 1529 920 tu
1548 886 1655 926 scias,
1687 887 1800 921 Deum
1827 887 1916 920 velle
1939 894 1972 920 te
1995 894 2206 928 sustentare,
2233 893 2265 920 et
2280 899 2353 921 non

1364 938 1474 979 mergi
1508 949 1572 970 nos
1597 937 1634 970 in
1659 944 1809 971 mortem
1837 945 1870 971 et
1896 944 2054 970 aeternas
2076 949 2223 981 poenas,
2264 938 2354 973 sicut
2382 955 2384 958 >

1363 988 1448 1022 dicit
1470 987 1646 1021 Psalmus:
1683 987 1796 1032 Prope
1822 995 1873 1022 est
1893 986 2067 1022 Dominus
2094 985 2166 1029 his,
2189 987 2258 1033 *qui
2284 989 2348 1022 tri-

1364 1038 1485 1072 bulato
1503 1046 1585 1072 sunt
1603 1039 1716 1074 corde.

1466 1096 1549 1130 Dixi
1566 1104 1679 1131 autem
1692 1122 1702 1135 ,
1728 1098 1822 1142 quod
1840 1096 2026 1131 velitDeus
2042 1094 2132 1130 hanc
2153 1097 2352 1132 mirandam

1367 1148 1431 1180 filii
1456 1148 1656 1195 passionem
1686 1148 1732 1181 ita
1756 1148 1851 1190 fieri,
1880 1154 1917 1181 ut
1935 1148 2023 1181 adsit
2042 1146 2235 1192 Ecclesiae,
2263 1155 2295 1182 et
2310 1149 2355 1183 sit

1366 1198 1464 1232 testis
1481 1208 1512 1231 et
1530 1199 1634 1232 simul
1651 1199 1814 1242 patiatur,
1842 1199 1914 1242 ipse
1933 1199 2035 1232 etiam
2053 1199 2159 1236 adest,
2188 1206 2219 1233 et
2236 1206 2354 1232 osten-

1366 1250 1417 1281 dit
1451 1249 1651 1282 testimonia
1686 1249 1723 1281 in
1752 1256 1821 1283 tota
1853 1255 1997 1289 natura,
2034 1261 2122 1294 quae
2152 1252 2355 1291 ostendunt,

1363 1298 1478 1332 Deum
1504 1312 1575 1332 non
1603 1301 1785 1342 ignorare,
1821 1301 1915 1345 quod
1942 1306 2025 1333 tunc
2050 1300 2170 1344 fiebat,
2207 1299 2269 1334 Sol
2287 1301 2353 1334 ob-

1363 1351 1588 1389 scurabatur,
1615 1356 1706 1383 terra
1722 1351 1948 1390 movebatur,
1971 1350 2130 1393 sepulcra
2147 1351 2353 1394 aperieban-

1363 1407 1438 1437 tur,
1467 1400 1595 1434 mortui
1615 1400 1880 1434 revivisceliant.
1935 1399 2011 1433 Hae
2034 1405 2150 1434 tantae
2176 1412 2230 1433 res
2252 1408 2354 1435 erant

1363 1450 1561 1484 testimonia
1589 1450 1804 1494 praesentiae
1831 1450 1915 1488 Dei,
1952 1457 1983 1483 et
2007 1451 2099 1495 quod
2126 1449 2220 1484 Deus
2251 1452 2351 1487 istam

1362 1508 1509 1533 mortem
1529 1508 1561 1534 et
1579 1501 1776 1544 passionem
1794 1501 1846 1533 sui
1863 1499 1929 1534 filii
1946 1501 2224 1544 magnifaciebat.

1465 1567 1523 1601 Sic
1540 1567 1644 1601 etiam
1661 1567 1812 1601 sciamus
1828 1565 1944 1600 Deum
1961 1567 2080 1600 adesse
2092 1595 2101 1608 ‚
2128 1569 2268 1612 quando
2285 1566 2352 1603 Ec-

1361 1619 1464 1652 clesia
1493 1619 1643 1662 patitur,
1677 1618 1768 1651 sicut
1799 1617 1885 1651 dicit
1908 1615 2101 1652 Dominus:
2137 1616 2273 1653 Omnes
2296 1631 2353 1654 ca-

1361 1669 1439 1714 pilli
1458 1669 1581 1713 capitis
1598 1669 1702 1702 vestri
1721 1667 1898 1703 numerati
1914 1675 2006 1703 sunt.

1608 1779 1677 1813 De
1701 1777 1857 1813 verbis
1886 1780 1934 1813 in
1960 1789 2109 1814 cruce.

1462 1854 1621 1888 Primum
1641 1855 1773 1887 dictum
1792 1854 1968 1887 recensui:
1998 1853 2102 1888 Pater
2117 1855 2254 1890 remitte
2271 1856 2351 1896 illis,

1362 1907 1443 1952 quia
1463 1907 1642 1943 nesciunt,
1678 1905 1763 1949 quid
1790 1905 1930 1940 faciant.
1981 1903 2063 1938 Dixi
2090 1913 2206 1940 autem
2232 1908 2282 1940 ibi
2307 1909 2350 1940 de

1359 1957 1555 1991 sacerdotio
1575 1954 1720 1990 Christi.

1671 2047 1865 2072 Secundum
1891 2046 2033 2071 dictum.

1409 2107 1557 2144 Mulier
1581 2119 1651 2142 ecce
1671 2105 1778 2152 filius
1804 2112 1899 2143 tuus.
1952 2105 2014 2141 Ad
2029 2104 2228 2141 Iohanem:
2255 2106 2348 2143 Ecce

1459 2158 1547 2194 haec
1583 2165 1633 2193 es!
1664 2164 1781 2192 mater
1804 2163 1888 2198 tua,
1924 2163 1954 2192 et
1978 2158 2103 2192 statim
2133 2159 2243 2206 coepit
2266 2171 2345 2194 eam

1461 2223 1608 2249 curare,
1636 2215 1666 2244 et
1685 2210 1718 2244 ei
1729 2209 1872 2244 seruire.

1457 2289 1533 2323 Hoc
1556 2288 1689 2321 dictum
1714 2286 1938 2320 commendat
1967 2285 2070 2319 nobis
2091 2286 2257 2321 omnibus
2274 2284 2343 2322 Ec-

316 2341 488 2375 moriatur
508 2339 640 2380 Maria,
667 2352 738 2372 non
755 2340 903 2373 dubium
918 2348 968 2374 est
985 2353 1059 2374 eam
1079 2342 1208 2376 interea
1224 2356 1300 2378 sus-
1325 2357 1328 2388 y
1353 2340 1493 2373 clesiam
1518 2346 1548 2372 01
1566 2339 1747 2371 Πὶἷῐὶἷδῐῐοδ
1762 2335 1966 2379 Evangelii,
2000 2334 2162 2370 Christus
2187 2339 2344 2381 pendens

316 2392 443 2427 trutari
469 2391 658 2429 divinitus,
682 2399 714 2425 ct
734 2391 863 2425 sentire
879 2391 1014 2437 aliquas
1029 2392 1199 2427 scintillas
1215 2407 1299 2428 con-

316 2441 498 2477 solationis
517 2441 551 2473 in
567 2442 683 2473 corde.

416 2500 510 2534 llaec
528 2506 608 2533 sunt
627 2500 683 2544 pic
701 2507 734 2534 et
750 2511 850 2544 saepe
868 2501 1120 2536 consideranda
1133 2530 1141 2542 ,
1169 2515 1231 2537 nec
1251 2506 1298 2538 si-

313 2564 388 2587 mus
405 2553 491 2585 adeo
510 2551 611 2584 ferrei
630 2562 667 2583 ac
689 2551 764 2584 sine
786 2563 908 2590 sensu,
936 2559 973 2586 ut
998 2565 1070 2586 non
1088 2554 1298 2599 accipiamus

314 2602 396 2636 haec
419 2602 580 2635 miranda
610 2602 766 2645 exempla
787 2602 959 2636 divinitus
982 2604 1085 2638 nobis
1107 2607 1297 2650 proposita.

312 2655 470 2688 Sciamus
494 2652 594 2694 item,
620 2652 740 2686 omnia
766 2665 854 2698 quae
877 2653 968 2689 fiunt
993 2655 1029 2688 in
1053 2667 1200 2702 persona
1217 2656 1295 2692 Ma-

1350 2390 1390 2423 in
1417 2403 1518 2424 cruce
1545 2390 1641 2424 iubet
1676 2395 1820 2422 matrem
1835 2414 1844 2427 ,
1879 2387 1913 2419 id
1950 2394 2020 2430 est,
2057 2385 2270 2430 Ecclesiam,
2304 2395 2343 2424 ut

1352 2449 1448 2476 curet
1465 2443 1640 2475 docentes.
1668 2439 1713 2474 Et
1729 2449 1849 2473 rursus
1866 2438 2087 2472 commendat
2105 2439 2209 2473 nobis
2225 2439 2342 2474 omni-

1351 2491 1417 2526 bus
1432 2500 1596 2530 matrem,
1619 2491 1752 2524 scilicet
1773 2487 1979 2524 Ecclesiam.

1453 2559 1548 2594 llaec
1579 2557 1776 2592 admonitio
1801 2557 1901 2590 docet
1926 2567 2008 2595 nos,
2050 2563 2088 2590 ut
2112 2555 2149 2589 in
2172 2557 2339 2592 omnibu·

1350 2610 1454 2644 rebus
1477 2612 1587 2644 simus
1611 2607 1851 2651 diligentiores
1876 2607 1912 2640 in
1936 2607 2098 2641 fovendis
2122 2607 2338 2650 doctoribu·‚

1349 2668 1383 2695 et
1401 2661 1436 2695 iu
1452 2662 1601 2696 fovenda
1619 2671 1701 2706 pate
1714 2656 1902 2695 Ecclesiae.
2336 2662 2338 2665 ’

2249 100 2348 136 1028
2397 126 2401 132 ,
