2409 2915
296 126 372 160 245

308 212 437 244 tionem
464 209 594 248 discas,
627 215 671 236 ne
695 201 835 244 sanguis
848 197 981 233 Christi
1010 199 1140 232 frustra
1168 209 1230 241 pro
1254 203 1287 229 te

310 261 437 293 effusus
455 259 515 297 sit,
543 264 577 289 et
592 254 666 287 Deo
683 253 808 296 gratias
824 262 903 294 agas
916 275 925 289 ,
953 257 985 283 et
1003 250 1034 282 ei
1059 248 1203 281 obedias
1226 259 1287 291 pro

310 318 406 344 tanto
431 318 586 341 munere.

311 371 447 393 vescere
472 359 668 391 intuentem
691 355 778 387 iram
794 351 858 386 Dei
882 352 918 384 in
943 351 1104 395 passione
1120 348 1223 386 Filii,
1259 354 1291 380 et

312 421 432 444 rursus
451 409 536 451 erigi
555 408 642 448 fide,
668 409 912 449 agnoscentem
937 400 1233 437 misericordiam,
1262 406 1293 431 ··t

313 461 440 505 gratias
456 470 574 502 agere,
599 465 650 491 est
668 468 747 489 vere
763 454 877 488 cultus
894 451 980 491 Dei,
1013 451 1073 496 qui
1098 451 1200 484 debet
1223 461 1293 482 esse

314 517 513 556 perpetuus.

272 564 277 565 ⁷
415 560 488 594 Iam
506 559 635 602 cogita,
670 568 774 601 quam
801 554 904 587 multi
929 551 1091 586 homines
1113 552 1201 590 sint,
1234 550 1294 595 qui

317 611 383 646 hoc
416 619 551 645 tanturn
584 619 713 641 munus
743 611 885 644 curent,
919 603 1077 649 quinon
1103 602 1297 635 anteferant

318 661 480 705 sanguini
503 659 587 693 Filii
611 657 677 692 Dei
702 668 781 690 suas
803 655 1022 700 cupiditates.
1076 652 1224 686 Plurimi
1247 651 1299 684 sa-

319 719 436 747 tentur
452 722 487 744 se
504 709 665 743 dubitare
677 735 685 749 ,
712 719 757 741 an
775 708 814 740 ad
837 707 930 750 ipsos
946 705 1115 749 pertineat
1133 701 1200 736 hoc
1221 709 1300 736 tan-

319 771 394 798 tum
409 772 556 795 munus:
589 761 649 793 sed
670 765 790 792 contra
816 755 906 790 hanc
933 754 1191 790 dubitationem
1215 764 1299 786 con-

320 815 498 847 firmemus
522 823 586 844 nos
607 808 821 852 Evangelio,
857 814 890 841 et
912 807 1053 840 assiduo
1077 804 1240 838 exercitio
1267 803 1302 836 iu

320 864 556 898 invocatione.

423 913 537 947 Tertii
554 911 689 956 generis
705 909 886 943 meditatio
911 913 961 940 est
984 904 1210 949 exemplaris,
1241 903 1303 936 ubi

323 965 393 999 iam
424 964 558 997 utimur
591 960 659 995 hoc
686 960 866 1003 exemplo,
899 964 939 991 ut
964 957 1056 999 lege,
1088 967 1149 988 seu
1173 954 1305 997 regula,

325 1015 421 1061 quod
435 1014 524 1048 sicut
542 1010 701 1047 Christus
719 1020 839 1055 passus
856 1014 926 1045 est,
952 1007 999 1040 ita
1015 1012 1175 1050 oporteat
1193 1013 1226 1039 et
1241 1016 1305 1039 nos

324 1066 407 1109 pati.
467 1063 586 1108 Esque
609 1060 693 1095 haec
715 1059 905 1102 singularis
925 1057 1095 1101 sapientia
1119 1054 1308 1096 Ecclesiae,

326 1116 519 1158 intelligere
536 1124 654 1147 causas
670 1111 907 1145 calamitatum
924 1106 1160 1141 humanarum
1171 1133 1180 1147 ,
1198 1113 1232 1140 et
1248 1118 1308 1139 ve-

325 1177 381 1200 ras
396 1165 664 1200 consolationes,
716 1161 901 1205 Sapientes
926 1159 1010 1192 inde
1032 1170 1142 1203 usque
1166 1158 1211 1191 ab
1238 1157 1308 1189 ini-

327 1218 376 1251 tio
392 1216 518 1250 mundi
535 1214 652 1248 mirati
671 1219 771 1253 sunt,
798 1211 883 1256 quid
900 1210 944 1243 sit
967 1220 1109 1247 causae,
1136 1220 1198 1241 cur
1223 1205 1309 1241 haec

327 1274 506 1311 praestans
531 1271 656 1298 natura
679 1261 867 1297 hominum
891 1260 997 1294 tantis
1020 1259 1202 1293 aerumnis
1223 1270 1309 1292 one-

327 1325 400 1352 rata
417 1318 481 1361 sit,
510 1317 582 1349 imo
601 1315 663 1360 qui
677 1314 752 1354 fiat,
784 1320 822 1347 ut
846 1311 972 1356 optimi
994 1309 1201 1344 tristissimis
1224 1310 1309 1342 casi-

328 1370 395 1402 bus
412 1368 678 1412 opprimantur,
696 1371 728 1397 et
747 1364 807 1396 alii
823 1363 908 1396 alias
922 1373 1040 1394 causas
1058 1360 1311 1404 cogitaverunt.

330 1418 398 1452 Sed
423 1420 569 1451 verbum
596 1415 666 1450 Dei
690 1420 863 1448 monstrat
886 1424 986 1445 veras
1011 1423 1140 1445 causaS.
1194 1409 1313 1450 Initio,

329 1476 369 1503 ut
386 1468 518 1503 Paulus
532 1467 669 1512 inquit,
695 1465 764 1498 Per
779 1470 958 1508 peccatum
982 1461 1135 1506 pervasit
1158 1472 1252 1494 mors
1276 1461 1313 1493 in

330 1531 453 1553 omnes
467 1516 648 1555 homines,
676 1523 709 1550 et
725 1515 833 1549 secuti
851 1520 932 1548 sunt
948 1524 1085 1547 morsus
1101 1512 1236 1545 diaboli
1257 1511 1312 1544 in-

330 1577 468 1614 gentes,
496 1569 584 1603 sicut
607 1567 738 1601 dicitur
760 1567 803 1599 de
827 1571 1004 1609 serpente:
1040 1563 1192 1608 Serpens
1218 1575 1314 1595 mor-

329 1621 426 1655 debit
441 1620 641 1654 calcaneum
657 1625 769 1652 tuum.

606 1705 752 1739 Causae
769 1700 1039 1748 afflictionum.

385 1766 410 1800 l.
438 1765 623 1799 Peccatum
639 1771 671 1796 et
688 1772 825 1795 morsus
843 1759 989 1794 diaboli.

385 1816 433 1850 ll.
460 1815 595 1849 Peccati
615 1813 747 1857 agnitio
768 1813 803 1844 in
822 1810 990 1845 Ecclesia.

386 1867 448 1900 Ill.
478 1865 651 1899 Yoluntas
667 1863 752 1900 Dei,
781 1861 931 1894 volentis
949 1872 1110 1893 revocare
1129 1860 1170 1892 ad
1193 1859 1316 1904 poeni-

435 1917 580 1949 tentiam
594 1941 602 1954 ,
630 1922 661 1948 et
680 1912 894 1956 agnitionem
913 1910 1103 1954 promissae
1119 1910 1319 1943 misericor-

434 1967 523 2000 diae,

390 2017 471 2052 llll.
501 2014 649 2049 Occasio
668 2012 928 2047 confirmandae
944 2011 1034 2043 fidei.
1345 1990 1348 2028 i

388 2068 431 2104 V.
462 2066 605 2111 Agnitio
624 2065 743 2098 auxilii
763 2063 826 2095 Dei
844 2087 852 2100 ‚
881 2070 913 2095 ct
930 2061 1151 2099 exercitium,
1180 2068 1219 2095 ut
1235 2073 1320 2094 con-

440 2119 597 2151 firmetur
614 2116 739 2149 fiducia
758 2114 841 2153 Dei,
869 2119 1016 2146 exuatur
1033 2112 1156 2144 fiducia
1174 2113 1297 2147 nostri.

390 2169 451 2203 Vl.
483 2169 529 2203 Ut
547 2167 783 2211 conspiciatur
802 2166 837 2197 in
858 2170 975 2197 nostra
994 2163 1234 2197 imbecillitate
1259 2176 1323 2207 po-

440 2221 546 2253 tentia
567 2217 642 2253 Dei.

392 2271 470 2304 vlt.
500 2270 542 2304 l't
563 2269 754 2301 efficiamur
768 2267 899 2300 similes
918 2265 997 2298 Filii
1017 2263 1093 2299 Dei.

393 2321 489 2354 X'lll.
519 2319 563 2353 l't
584 2319 727 2351 afflictio
744 2319 786 2351 sit
805 2316 1045 2350 testimonium
1065 2316 1203 2348 suturae
1221 2314 1321 2347 vitae.

441 2379 508 2412 Sed
528 2391 589 2411 cur
605 2375 764 2409 Clu-istus
783 2389 861 2409 cnm
881 2382 966 2408 esset
982 2374 1216 2421 sineprwrato,
1241 2374 1323 2405 sul-

344 2432 451 2464 icctus
466 2438 515 2463 est
533 2429 649 2462 cruri?
667 2429 758 2468 Ouia
779 2439 872 2459 mors
883 2434 927 2458 est
941 2438 1049 2469 poena
1063 2425 1202 2469 peccati.
1232 2426 1321 2456 (Ὗιιιιι

345 2483 450 2523 igitur
473 2479 634 2513 tjluristus
663 2486 746 2511 essct
784 2478 941 2514 xit-tima,
980 2475 1043 2508 linc
1071 2483 1139 2514 est,
1175 2488 1321 2519 poenam
1349 2498 1350 2504 ,

345 2533 472 2576 pcccati
499 2544 560 2574 pro
593 2530 695 2562 nohis
723 2528 904 2561 subiturus
939 2534 1043 2562 esset,
1080 2539 1173 2559 mors
1201 2533 1229 2558 vt
1260 2526 1320 2558 tri-
1348 2521 1351 2549 ἶ

345 2584 513 2617 stissimae
547 2581 754 2614 asllictioncs
778 2579 807 2612 ri
834 2579 1036 2611 subeundae
1061 2579 1210 2610 snernnt.
1281 2576 1320 2609 lflt
1349 2574 1351 2589 ¹

346 2636 415 2666 xnlt
438 2633 530 2666 Deus
549 2632 737 2665 Ecclesiam
762 2628 867 2662 liuius
884 2629 935 2661 sni
955 2629 1076 2670 rapitis
1096 2628 1243 2659 similem
1265 2630 1320 2658 sw-
1348 2629 1351 2646 ⁸

345 2687 392 2724 ri,
418 2685 494 2717 idn-o
523 2684 705 2728 praecipua
731 2682 904 2719 inc-inlita,
934 2679 1040 2719 ,ltu-l,
1070 2678 1205 2714 Esaias.
1237 2678 1318 2711 l‘m·
1348 2676 1350 2688 '

895 113 1020 150 Pth.
1047 112 1160 148 MEL.
1195 107 1405 147 SCRIPTA
1439 106 1736 142 EXEGETICA.

2249 103 2325 139 244

1339 191 1483 237 phetae,
1513 191 1694 236 Apostoli,
1723 198 1755 224 et
1772 190 1832 222 alii
1851 189 1952 222 multi
1971 188 2144 222 interfecti
2163 195 2262 228 sunt,
2287 197 2326 223 ut

1340 243 1464 278 fierent
1480 243 1609 276 similes
1626 242 1759 286 capitis.
1813 240 1881 274 Sed
1903 240 1940 272 in
1964 237 2019 272 his
2048 247 2081 273 et
2095 238 2239 271 caeteris
2263 237 2327 272 ho—

636 304 732 338 Haec
757 301 958 346 meditatio,
996 299 1161 333 videlicet
1186 310 1290 342 expa-
1314 310 1316 315 ·
1341 293 1498 327 minibus
1515 293 1722 326 afflictiones
1739 290 1830 325 hanc
1855 303 1995 335 quoque
2019 300 2157 323 causam
2185 286 2327 331 habent,

1342 351 1382 378 ut
1408 344 1475 391 ipsi
1501 356 1603 376 suum
1628 349 1660 376 et
1684 343 1822 385 generis
1847 339 1993 374 humani
2020 346 2196 384 peccatum
2221 350 2329 382 agno-

1345 402 1452 429 scant.
1505 393 1594 427 Nam
1612 391 1767 426 Ecclesia
1786 392 1971 436 praecipue
1989 391 2137 425 suciecta
2155 397 2205 423 est
2226 390 2331 431 cruci,

1344 452 1384 478 ut
1413 452 1575 487 agnoscat
1607 450 1806 488 peccatum,
1840 443 1935 487 quod
1959 442 2061 489 impii
2087 447 2329 474 contemnunt.

1346 496 1487 529 Deinde
1515 496 1685 528 accedunt
1713 501 1746 527 et
1781 501 1934 527 caeterae
1970 504 2112 531 causae,
2155 503 2242 536 quas
2277 503 2332 524 re-

1350 558 1483 581 censui.

1453 612 1504 646 Ac
1520 612 1703 656 praecipue
1720 611 1799 644 finis
1816 610 2046 644 afflictionum
2058 608 2334 642 considerandus

1351 671 1420 704 est,
1455 663 1633 703 videlicet,
1667 663 1760 707 quod
1786 661 1869 694 velit
1893 659 1988 694 Deus
2013 671 2076 692 nos
2102 659 2228 702 affligi,
2263 670 2335 691 non

1350 723 1389 749 ut
1409 725 1609 759 pereamus,
1637 714 1695 746 sed
1715 719 1753 746 ut
1768 713 1964 749 salvemur,
1993 707 2060 743 hoc
2078 716 2146 750 est,
2173 710 2215 741 ad
2237 710 2335 751 agni-

1353 767 1485 799 tionem
1505 764 1632 807 peccati
1651 771 1685 797 et
1708 763 1971 796 misericordiae
1992 772 2215 800 revocemur,
2243 760 2337 794 iuxta

1354 817 1462 849 illud:
1489 814 1580 847 Vivo
1599 827 1681 858 ego,
1709 814 1793 847 nolo
1820 820 1967 846 mortem
1986 811 2194 856 peccatoris,
2220 811 2279 843 sed
2300 817 2338 843 ut

1354 871 1578 900 convertatur
1605 872 1637 899 et
1664 865 1768 899 vivat.
1820 863 1922 897 Hanc
1947 863 2164 896 voluntatem
2181 861 2270 902 Dei,
2307 869 2340 895 et

1355 916 1417 951 has
1435 927 1555 949 causas
1572 913 1727 948 humana
1746 915 1836 948 ratio
1855 927 1915 959 per
1932 925 2003 946 sese
2021 925 2092 945 non
2115 912 2224 945 videt:
2261 923 2340 944 cum

1357 974 1436 1001 sunt
1457 978 1510 1000 res
1528 967 1712 1006 adversae,
1746 966 1861 998 statim
1886 965 2077 1007 cogitamus
2103 975 2166 996 nos
2189 962 2342 996 abiectos

1357 1030 1429 1052 esse
1449 1031 1466 1050 a
1483 1016 1571 1052 Deo.
1624 1015 1762 1050 Rursus
1783 1014 1846 1049 hos
1862 1022 2027 1059 putamus
2042 1013 2163 1057 diligi,
2191 1013 2252 1058 qui
2276 1013 2341 1046 sso-

1357 1077 1435 1103 rent
1451 1069 1561 1112 gloria
1578 1074 1610 1101 et
1628 1067 1795 1111 potentia.
1849 1065 1918 1099 Sed
1938 1063 1995 1098 hic
2013 1077 2112 1098 error
2136 1064 2342 1097 eximendus

1359 1127 1408 1153 est
1437 1119 1581 1159 animis,
1618 1125 1649 1151 et
1672 1117 1883 1161 opponenda
1907 1116 2021 1159 imago
2049 1113 2200 1153 Christi,
2231 1121 2264 1148 et
2290 1115 2345 1147 di-

1363 1172 1489 1204 scenda
1506 1175 1674 1217 perpetua
1693 1168 1863 1202 sententia
1879 1165 2083 1209 Evangelii,
2117 1166 2210 1210 quod
2227 1165 2344 1199 subie-

1361 1228 1414 1255 cta
1433 1221 1476 1255 sit
1495 1219 1649 1254 Ecclesia
1667 1219 1778 1259 cruci,
1805 1225 1838 1251 et
1856 1229 1963 1263 quare
1977 1217 2130 1250 subiecta
2146 1215 2210 1254 sit,
2238 1222 2271 1249 et
2295 1222 2346 1249 te-

1362 1274 1499 1305 nendae
1526 1270 1738 1310 sententiae,
1773 1281 1859 1314 quae
1884 1269 2012 1301 docent
2038 1278 2103 1299 nos
2125 1267 2168 1299 de
2192 1263 2256 1299 hac
2282 1279 2346 1299 vo-

1363 1323 1496 1356 luntate
1512 1321 1596 1359 Dei,
1632 1328 1688 1354 ut:
1726 1318 1798 1362 Qui
1815 1319 1891 1353 vult
1910 1331 1964 1351 me
1988 1318 2106 1363 sequi,
2142 1317 2241 1350 tollat
2267 1329 2347 1349 cru-

1364 1385 1435 1406 cem
1454 1384 1567 1411 snam,
1593 1379 1626 1405 et
1642 1377 1808 1415 sequatur
1827 1382 1892 1405 me.
1950 1369 2052 1403 ltem:
2082 1367 2217 1401 Multae
2233 1367 2346 1401 tribu-

1365 1424 1513 1457 lationes
1535 1423 1720 1456 iustorum.
1786 1421 1889 1454 ltem:
1919 1418 2170 1453 Humiliamini
2193 1418 2258 1450 sub
2284 1429 2349 1464 po-

1366 1474 1452 1508 tenti
1469 1486 1576 1506 manu
1592 1471 1676 1512 Dei,
1710 1471 1892 1510 videlicet,
1927 1482 2015 1515 quae
2042 1476 2074 1503 et
2097 1475 2258 1512 potenter
2281 1466 2348 1502 liu-

1368 1525 1499 1565 miliat,
1527 1531 1559 1557 et
1575 1529 1735 1568 potenter
1751 1521 1888 1554 liberat.

1659 1641 1778 1683 Caput
1798 1640 1897 1672 L111.
1914 1639 2065 1671 Esaiae.

1479 1725 1556 1759 Hoc
1574 1729 1678 1768 caput
1699 1726 1775 1755 oclo
1791 1719 1895 1755 habet
1912 1721 2007 1754 locos
2025 1719 2240 1763 praecipuos,

1475 1792 1502 1827 l.
1529 1792 1644 1825 Locus
1662 1797 1711 1824 est
1729 1787 1885 1823 historia.

1475 1843 1520 1877 ll.
1548 1840 1674 1875 Causa.

1476 1892 1538 1927 lll.
1568 1890 1767 1935 Applicatio
1784 1887 1955 1922 beneficii.

1526 1943 1642 1976 ficabit
1659 1942 1797 1974 multos.

1476 1993 1555 2028 Illl.
1585 1992 1803 2026 Praedicatio
1821 1990 2059 2034 poenitentiae
2076 1989 2295 2025 universalis.

1479 2045 1521 2079 Υ.
1551 2043 1741 2077 Proniissio
1759 2040 1979 2074 universalis.

1479 2095 1540 2128 Vl.
1568 2094 1619 2128 De
1635 2093 1828 2126 sacerdotio
1845 2089 1989 2123 Christi.

1480 2145 1559 2179 Vll.
1590 2145 1642 2176 De
1661 2143 1936 2180 resurrectione,
1963 2148 1993 2174 et
2011 2152 2130 2183 regno.

1480 2196 1578 2230 Ylll.
1607 2194 1658 2227 De
1673 2195 1795 2239 poenis
1815 2193 2018 2236 impiorum,

2008 1887 2147 1921 Noticia
2163 1888 2237 1921 eius
2257 1889 2355 1923 iusti-

1428 2267 1522 2314 Qm's
1542 2263 1650 2299 credi!
1668 2262 1829 2298 sermoni
1847 2266 1987 2298 nostro,
2015 2266 2044 2293 el
2072 2257 2262 2292 brachium
2279 2259 2360 2293 Do-

1478 2317 1574 2350 mini
1589 2315 1670 2363 quis
1688 2318 1857 2359 agnosce!
1869 2313 1885 2343 7
1914 2309 2122 2344 pullulabit
2138 2323 2258 2343 coram
2278 2309 2360 2345 Deo

1479 2368 1570 2401 siml
1590 2366 1808 2411 sirgnllmn,
1836 2369 1865 2396 ct
1883 2363 1974 2395 sisu!
1995 2359 2108 2393 radim
2125 2359 2164 2393 tlt·
2183 2366 2279 2395 lcrm
2305 2362 2357 2395 si-

1481 2419 1596 2453 ΙῐΙἬΙΓ.
1651 2415 1738 2451 Avo„
1757 2420 1806 2449 psl
1822 2413 1951 2460 spest'cs
1969 2412 2002 2445 ci
2017 2423 2126 2459 nsque·
2144 2410 2263 2455 decor,
2281 2426 2358 2447 (mn

1481 2470 1720 2517 nxsn'srrmms
1752 2479 1846 2502 cnm,
1891 2476 1961 2496 nnn
1998 2468 2074 2495 rra!
2102 2464 2233 2508 spa-irs
2266 2477 2359 2511 quac

1477 2522 1643 2567 plucssrael.
1699 2517 1891 2563 Dcsprrlus
1925 2519 2001 2547 cra!
2033 2519 2062 2546 cl
2092 2513 2358 2549 abiectis-umus

1480 2572 1657 2607 muniunt„
1705 2567 1829 2601 dolore
1865 2572 1894 2599 ct
1932 2564 2118 2598 arrmmn's
2153 2577 2356 2611 npprrssus,

1480 2624 1542 2657 Si(-
1571 2619 1833 2654 nhlwrrm'nms
1868 2630 1966 2652 crant.
2010 2621 2047 2649 11!
2073 2614 2192 2648 nullus
2215 2625 2358 2650 nostros

1478 2689 1512 2707 m
1526 2679 1713 2707 rrhrrmus
1730 2671 1777 2703 ult
1796 2683 1846 2703 ro*
1869 2668 1948 2703 idco
1963 2665 2247 2714 m'ha'lt'sk‘cimus
2266 2679 2356 2703 eum.

2391 715 2405 819 .,„.-..

2391 836 2402 908 ῆι,
