2409 2915
305 87 375 123 391

694 168 740 192 De
772 170 906 199 quarto.

409 221 491 256 Dixi
513 219 610 254 alind
633 230 704 253 esse
727 219 962 254 ministerium
980 218 1196 252 remissionis
1211 229 1289 261 pec-

311 280 486 310 catorum,
514 271 610 303 aliud
633 270 803 314 privatam
821 269 1127 303 condonationem.
1179 268 1289 301 Mini-

312 322 456 356 sterium
471 321 700 354 concionatur
714 321 757 354 de
775 321 895 354 divina
913 320 1102 354 voluntate.
1150 317 1290 351 Privata

314 371 525 406 condonatio
550 371 592 404 de
617 377 676 404 tua
701 371 882 404 voluntate
903 381 981 412 erga
1004 370 1152 403 alterum
1171 367 1290 403 testifi-

314 429 430 462 catur,
458 421 618 455 videlicet
640 427 673 455 te
693 421 869 454 remittere
895 420 1014 461 alteri,
1041 426 1074 453 et
1094 430 1167 452 non
1191 430 1292 463 expe—

314 480 386 506 tere
418 471 630 510 vindictam,
662 482 701 504 ac
730 482 850 504 rursus
881 477 914 504 te
946 481 1026 503 vera
1049 469 1292 503 benevolentia

314 522 498 566 complecti
525 533 604 555 eum
627 527 770 565 propter
792 519 926 564 Deum,
960 527 1000 554 ut
1022 519 1137 554 David
1160 520 1292 553 condo-

315 573 421 605 nabat
451 571 568 612 Sauli,
604 570 706 604 Iacob
735 570 836 604 fratri
858 569 964 606 Esau.
1031 569 1109 604 Hoc
1139 570 1293 603 officium

315 621 411 656 Deus
426 621 572 666 requirit
591 621 627 653 in
639 619 793 654 Ecclesia
811 628 954 665 propter
971 632 1108 660 causas,
1135 631 1219 664 quas
1235 631 1293 653 su-

316 684 379 716 pra
403 671 579 712 recensui,
610 678 643 704 et
666 669 772 705 habet
794 672 962 715 praemia,
995 672 1084 705 sicut
1108 671 1176 703 alia
1202 671 1294 703 bona

317 734 443 765 opera,
477 721 570 755 iuxta
594 721 700 754 illud:
732 720 934 762 Remittite,
960 729 992 755 et
1014 721 1210 755 remittetur
1233 733 1294 753 vo-

317 773 389 812 bis,
415 771 545 805 scilicet
559 771 777 814 mitigatione
795 783 998 814 poenarum.

419 821 489 856 Sed
516 819 571 855 bic
592 822 773 866 quaeritur
796 823 838 854 de
857 821 1081 865 magistratu,
1108 829 1140 855 et
1162 823 1204 855 de
1222 823 1295 867 pri-

317 879 396 906 vata
414 872 628 906 defensione.
683 871 908 914 Magistratus
924 873 1088 905 mandato
1105 873 1226 906 divino
1238 885 1296 906 co·

317 923 411 965 gitur
427 922 551 965 punire
566 923 705 955 scelera.
755 921 925 962 Primum,
947 929 1089 966 propter
1109 922 1296 962 iusticiam,

317 973 398 1018 quia
424 972 559 1005 iusticia
585 971 649 1004 Dei
675 971 748 1004 vult
773 972 848 1004 tolli
875 973 1068 1005 sceleratos.
1121 973 1296 1014 Secundo,

316 1024 359 1056 ad
387 1025 534 1056 tuendos
561 1022 774 1054 innocentes.
837 1021 978 1062 Tertio,
1010 1024 1159 1067 exempli
1183 1035 1296 1059 causa.

317 1072 363 1107 Et
382 1073 456 1105 vult
473 1072 568 1105 Deus
586 1072 823 1115 magistratum
842 1072 879 1105 in
898 1070 964 1106 hoc
981 1084 1045 1106 suo
1062 1086 1207 1106 munere
1223 1085 1296 1107 non

318 1135 389 1156 esse
414 1123 577 1166 ignavum
602 1129 633 1155 et
651 1122 902 1165 negligentem,
929 1123 1005 1156 vult
1025 1124 1245 1167 disciplinam
1263 1131 1298 1157 et

316 1185 436 1217 pacem
462 1184 579 1205 severe
597 1173 755 1211 defendi,
783 1179 820 1205 ut
844 1173 896 1205 lex
916 1173 1048 1218 inquit:
1080 1173 1160 1207 Non
1177 1186 1295 1218 parces

318 1225 369 1261 ei,
397 1224 454 1256 sed
480 1223 580 1256 tolles
599 1223 729 1255 malum
747 1224 790 1255 de
804 1229 905 1256 terra.
960 1223 1112 1269 Ideoque
1129 1237 1207 1258 cnm
1223 1236 1296 1257 rna-

316 1274 479 1315 gistratus
508 1273 636 1316 polluit
665 1284 700 1306 se
729 1273 891 1307 societate
920 1274 1110 1315 scelerum,
1144 1273 1209 1308 hoc
1235 1282 1296 1313 est,

316 1336 395 1357 cum
419 1330 470 1357 est
496 1323 674 1366 negligens
696 1324 732 1355 in
757 1324 956 1367 puniendo,
983 1331 1077 1358 totae
1099 1331 1217 1367 gentes
1235 1326 1296 1357 de—

314 1375 443 1408 lentur.

416 1423 498 1457 Non
523 1423 630 1467 igitur
655 1423 866 1457 misceantur
889 1424 1082 1457 sententiae
1107 1425 1149 1457 de
1172 1424 1296 1457 remis-

316 1474 414 1507 sione
438 1474 592 1521 privata,
616 1474 753 1507 muneri
780 1474 1018 1515 magistratus,
1044 1475 1134 1508 sicut
1157 1474 1296 1508 miscuit

315 1524 492 1564 Iulianus,
520 1531 552 1558 et
577 1524 697 1557 derisit
713 1522 963 1566 Evangelium,
990 1525 1086 1569 quasi
1107 1522 1189 1557 baec
1206 1525 1295 1558 dicta

315 1576 358 1607 de
383 1574 589 1607 remissione
614 1574 740 1607 tollant
765 1574 1003 1607 defensionem
1022 1575 1134 1617 pacis,
1163 1583 1194 1608 et
1215 1586 1294 1607 ner-

315 1638 378 1658 vos
406 1625 518 1657 civilis
541 1624 725 1658 societatis.
786 1622 834 1656 Et
856 1624 1106 1667 Anabaptistae
1128 1625 1188 1657 diu
1214 1625 1294 1657 talia

315 1675 439 1708 deliria
463 1681 673 1718 sparserunt.
740 1674 806 1707 Sed
833 1675 982 1707 tenenda
1006 1682 1053 1708 est
1082 1675 1215 1715 regula:
1256 1674 1294 1707 ln

313 1723 507 1768 Evangelio
533 1737 612 1758 vere
636 1725 855 1768 comprobari
875 1725 1133 1767 magistratum,
1158 1732 1188 1758 et
1208 1726 1296 1769 leges

314 1776 491 1819 politicas,
519 1787 597 1809 cum
623 1776 759 1808 ratione
778 1782 1025 1817 congruentes,
1053 1782 1090 1809 ut
1107 1783 1239 1809 constat
1257 1789 1295 1808 ex
1321 1788 1322 1791 ¹

317 1826 374 1859 13.
392 1826 500 1869 capite
518 1827 560 1858 ad
578 1825 771 1860 Romanos.

418 1876 524 1918 Quod
543 1883 656 1908 autem
674 1876 854 1920 quaeritur
868 1877 910 1907 de
927 1876 1149 1914 defensione,
1175 1876 1222 1918 pii
1241 1876 1295 1907 ‹li-

316 1927 464 1967 ligenter
495 1926 660 1959 monendi
689 1933 790 1963 snut,
825 1937 987 1965 magnum
1011 1926 1198 1957 discrimen
1224 1937 1295 1958 esse

316 1976 529 2009 defensionis
552 1983 584 2010 et
609 1975 764 2018 privatae
789 1975 974 2008 vindictae.
1029 1975 1073 2009 Ut
1097 1976 1123 2008 si
1144 1976 1221 2020 quis
1240 1976 1295 2007 in-

318 2027 441 2059 iustam
465 2027 558 2059 litem
581 2026 645 2059 tibi
670 2032 805 2058 moveat
827 2027 870 2057 de
892 2037 992 2066 agro,
1021 2026 1150 2059 iustum
1176 2034 1223 2059 est
1243 2027 1292 2058 nti

316 2077 468 2119 legitima
488 2076 690 2109 defensione
704 2100 712 2113 ‚
741 2073 805 2108 lioc
823 2083 870 2109 est
883 2102 890 2114 ,
920 2076 1048 2108 auxilio
1067 2077 1295 2117 magistratus,

316 2141 385 2171 quo
410 2139 461 2159 res
486 2133 560 2160 tuas
580 2127 746 2165 retineas,
773 2127 829 2158 sed
851 2138 920 2158 non
939 2127 1073 2158 accedat
1093 2128 1233 2165 odium,
1263 2134 1294 2159 et

315 2178 486 2220 cupiditas
518 2177 665 2210 nocendi
697 2176 906 2210 adversario.
959 2176 1016 2209 Sic
1049 2178 1090 2208 de
1117 2178 1295 2216 conviciis,

317 2230 444 2261 iustum
465 2235 512 2260 est
530 2228 740 2270 respondere
758 2227 971 2259 defensionis
990 2239 1109 2264 causa.
1137 2236 1173 2261 ut
1190 2226 1294 2261 Cliri-
1320 2263 1321 2268 ¹

316 2287 388 2311 stus
422 2279 622 2320 respondet:
671 2277 748 2310 Non
783 2274 894 2309 habeo
929 2277 1165 2312 daemonium.
1225 2279 1292 2311 Sed

318 2341 389 2361 non
420 2329 555 2361 accedat
581 2329 720 2364 odium,
754 2335 787 2360 et
812 2328 924 2360 rabies
949 2327 1119 2360 atrociora
1145 2328 1292 2360 faciendi

315 2386 435 2412 contra
458 2378 706 2411 adversarium.
770 2377 844 2411 lloc
868 2378 1056 2411 discrimen
1081 2379 1295 2411 defensionis

316 2438 347 2462 et
365 2443 377 2460 x
389 2429 537 2462 indictae
556 2428 709 2472 privatae
723 2430 913 2471 prudenter
924 2429 1218 2462 considerandum
1232 2436 1294 2463 est.

316 2480 404 2513 Nam
439 2481 592 2512 minidns
625 2478 792 2519 flagitiose
824 2480 1035 2513 commiscet.
1106 2478 1292 2523 Postquam

316 2531 358 2561 lis
385 2537 476 2562 mota
504 2537 568 2567 est,
598 2541 667 2561 non
692 2540 810 2562 sumus
836 2530 988 2562 contenti
1007 2529 1156 2571 legitima
1173 2531 1292 2563 defen-

316 2581 430 2616 sinne.
459 2580 515 2612 sed
539 2580 763 2613 accendimur
784 2579 874 2612 odiis
896 2587 928 2613 et
954 2581 1144 2624 cupiditate
1164 2593 1294 2613 nocen-

315 2631 349 2662 di
363 2657 370 2668 ,
397 2638 426 2662 et
446 2637 617 2663 tentamus
635 2631 780 2668 atrocia,
809 2643 879 2663 non
897 2639 932 2664 ut
951 2643 1013 2663 nos
1030 2638 1207 2669 tueamur.
1233 2633 1291 2664 sed

895 81 1019 116 PHlL.
1047 80 1160 118 MEL.
1188 79 1396 117 SCRIPTA
1423 79 1722 120 ExEGETtCA.

2240 86 2314 121 392

1313 167 1317 217 1
1341 173 1379 200 ιιι
1410 179 1596 202 noceamus
1623 169 1842 209 adversario,
1877 168 1948 201 imo
1970 175 2010 202 ut
2030 179 2108 202 eum
2131 169 2321 206 deleamus.

1341 216 1387 250 Et
1403 229 1444 252 ex
1460 230 1651 263 paucorum
1669 220 1857 253 certamine
1873 219 2050 252 interdum
2067 219 2183 261 magni
2197 226 2322 260 motus,

1342 278 1489 311 magnae
1526 269 1773 313 dissipationes
1809 276 1843 303 et
1875 269 1967 303 bella
1997 269 2114 301 civilia
2147 268 2321 304 oriuntur.

1343 316 1392 351 Ut
1407 329 1446 351 ex
1462 318 1619 362 Pompeii
1636 326 1670 352 et
1687 319 1841 354 Caesaris
1857 319 2090 353 aemulatione
2105 318 2229 352 exarsit
2247 319 2321 352 bel-

1344 368 1417 401 lum
1435 368 1548 403 civile.

1445 434 1516 470 Sed
1544 434 1593 479 pii
1617 435 1816 469 discernant
1840 433 1924 470 haec
1950 437 2040 477 duo,
2073 435 2324 476 defensionem,

1345 491 1378 518 et
1401 485 1591 520 vindictam
1610 486 1800 529 privatam,
1826 492 1859 519 et
1876 486 1967 520 intra
1985 493 2092 520 metas
2111 487 2146 519 in
2164 484 2324 529 Evange—

1346 535 1394 568 lio
1418 536 1612 581 propositas
1637 548 1672 569 se
1695 536 1910 572 contineant.
1963 536 2177 576 Defendere,
2205 543 2252 570 est
2271 537 2325 569 fa-

1347 597 1459 626 mam,
1483 586 1610 627 vitam,
1636 598 1690 619 res
1713 586 1863 619 retinere
1886 593 1979 620 certo
2002 588 2144 627 ordine,
2170 587 2245 619 sine
2264 598 2325 619 cu—

1346 635 1492 679 piditate
1516 637 1666 670 nocendi
1690 637 1799 670 alteri.
1865 635 2047 677 Vindicta,
2080 643 2129 679 est
2153 636 2325 681 cupiditas

1348 686 1499 720 nocendi
1525 687 1562 719 in
1579 687 1696 720 animo
1715 687 1862 720 irritato.
1916 686 1953 721 Si
1969 687 2046 731 quis
2059 687 2126 720 tibi
2142 687 2248 721 vitam
2267 693 2326 720 aut

1348 748 1402 770 res
1431 736 1562 770 iniuste
1591 737 1722 781 eripere
1744 744 1908 778 conatur,
1945 737 2132 781 implorare
2155 736 2326 770 auxilium

1349 787 1589 830 magistratus,
1623 788 1752 821 iustum
1786 794 1853 828 est,
1887 787 1977 820 sicut
2005 786 2134 820 Paulus
2162 793 2328 830 provocat

1349 838 1391 870 ad
1408 837 1602 871 Caesarem.
1653 837 1720 872 Sed
1740 850 1812 871 non
1830 839 1937 871 addas
1954 837 2181 880 cupiditatem
2198 848 2328 870 nocen-

1349 888 1397 921 di.
1451 886 1488 921 Si
1514 887 1670 920 convicia
1694 888 1878 926 dicuntur,
1905 887 2088 921 considera
2106 887 2247 933 quando
2265 898 2328 920 ne-

1349 937 1495 971 cessaria
1519 937 1565 971 sit
1588 937 1770 977 refutatio,
1797 939 1939 983 quando
1962 950 2035 971 non
2058 938 2100 972 sit
2125 937 2327 971 necessaria.

1349 988 1453 1021 Tunc
1484 994 1534 1021 est
1561 988 1752 1021 necessaria
1776 989 1957 1028 refutatio,
1990 1000 2069 1021 cnm
2095 986 2328 1031 Evangelium

1349 1038 1561 1072 contumelia
1580 1038 1748 1076 afficitur,
1775 1045 1834 1072 aut
1850 1051 1927 1071 cum
1948 1039 2095 1072 inurunt
2111 1045 2212 1072 notas
2229 1049 2329 1071 scan-

1349 1089 1441 1129 dali,
1467 1100 1556 1133 quae
1579 1089 1777 1122 deformant
1793 1086 2004 1129 Ecclesiam,
2031 1095 2090 1122 aut
2107 1101 2184 1122 cum
2203 1094 2330 1121 nocent

1349 1139 1446 1183 paci,
1480 1140 1535 1172 vel
1559 1139 1752 1172 amicorum
1777 1139 1994 1172 concordiae.
2047 1138 2144 1172 Sicut
2167 1136 2328 1172 Athana-

1349 1190 1420 1222 sius
1444 1189 1608 1223 refutavit
1633 1189 1767 1222 obiecta
1792 1189 1937 1222 crimina
1962 1189 2116 1231 magiae,
2141 1195 2173 1222 et
2196 1186 2329 1222 machi-

1350 1239 1528 1273 nationem
1547 1246 1667 1273 contra
1684 1239 1943 1282 imperatorem.
1998 1237 2040 1271 ln
2061 1239 2190 1272 talibus
2208 1238 2329 1271 defen-

1349 1290 1400 1323 sio
1423 1290 1617 1322 necessaria
1638 1297 1705 1329 est,
1737 1290 1830 1323 iuxta
1855 1290 1959 1323 illud:
1995 1287 2093 1322 Bona
2118 1289 2329 1322 couscientia

1349 1339 1452 1373 nobis
1475 1351 1562 1383 opus
1586 1346 1635 1373 est
1658 1346 1775 1372 nostra
1799 1351 1918 1379 causa,
1955 1340 2048 1373 bona
2071 1340 2160 1372 sama
2187 1345 2331 1382 propter

1352 1390 1563 1433 proximum.
1618 1387 1664 1423 Et
1695 1390 1773 1423 talis
1795 1390 1951 1422 defensio
1975 1389 2136 1433 congruit
2160 1401 2238 1422 cum
2263 1386 2330 1422 hnc

1349 1440 1460 1473 dicto:
1489 1439 1692 1472 Benedicite
1710 1440 2012 1474 maledicentibus.
2064 1439 2152 1473 Nam
2173 1439 2330 1472 refutans

1349 1497 1398 1523 est
1422 1490 1497 1522 sine
1521 1490 1712 1534 cupiditate
1738 1490 1908 1529 nocendi,
1936 1498 1968 1524 et
1993 1490 2185 1526 benedicit.
2214 1489 2248 1522 id
2269 1496 2330 1529 est.

1351 1541 1406 1573 vel
1440 1541 1539 1574 docet
1571 1541 1806 1578 adversarios,
1841 1541 1895 1572 vel
1927 1541 2030 1573 etiam
2063 1552 2127 1583 pro
2151 1539 2330 1583 aliquibus

1349 1597 1443 1630 orat,
1471 1597 1503 1623 et
1519 1597 1634 1623 tamen
1652 1591 1792 1623 interim
1812 1590 1947 1633 cogitur
1964 1590 2160 1623 convicium
2178 1589 2329 1623 aliorum

1349 1651 1468 1677 causa,
1496 1647 1661 1685 tanquam
1679 1640 1865 1674 excitatum
1884 1640 2086 1673 incendium
2103 1639 2330 1683 restinguere.

1452 1706 1519 1740 Sed
1554 1706 1621 1739 alia
1645 1707 1755 1740 multa
1779 1713 1860 1740 sunt
1886 1706 2062 1746 convicia,
2097 1713 2136 1740 ut
2159 1706 2328 1746 inscitiae,

1350 1757 1595 1798 ignobilitatis,
1636 1757 1855 1796 stoliditatis,
1896 1764 1929 1791 et
1958 1757 2106 1796 similia,
2146 1769 2234 1802 quae
2265 1769 2330 1791 nec

1350 1809 1493 1841 laedunt
1508 1805 1759 1849 Evangelinm,
1787 1819 1850 1840 nec
1873 1807 2028 1840 scandali
2053 1814 2152 1841 notas
2171 1807 2330 1849 inurunt,

1349 1871 1411 1891 nec
1435 1864 1561 1891 nocent
1583 1857 1670 1900 paci.
1730 1856 1822 1890 llaec
1846 1869 1916 1891 non
1940 1869 2078 1891 necesse
2101 1865 2149 1891 est
2172 1858 2327 1892 refutari.

1348 1909 1416 1941 Sed
1442 1908 1637 1952 plerunque
1661 1919 1700 1940 ex
1727 1908 1923 1949 arrogantia
1948 1914 2006 1941 aut
2033 1908 2195 1951 superbia
2216 1909 2329 1942 oritur

1348 1958 1533 1995 refutatio,
1562 1958 1654 1991 iuxta
1683 1958 1787 1989 illud:
1824 1958 1894 2000 Qni
1922 1957 2005 1991 velit
2029 1957 2170 2000 ingenio
2194 1959 2326 1997 cedere.

1348 2009 1468 2041 nullus
1489 2008 1565 2041 erit.
1618 2007 1663 2041 lit
1681 2008 1857 2041 contentio
1877 2007 2044 2052 paulatim
2063 2019 2236 2045 crescens.
2264 2021 2326 2042 an-

1320 2066 1321 2087 1
1347 2066 1402 2099 get
1425 2058 1588 2098 dissidia,
1615 2070 1702 2103 quae
1726 2071 1804 2091 rum
1825 2059 1928 2093 latius
1943 2065 2131 2102 vagantur,
2157 2069 2257 2102 saepe
2275 2067 2328 2093 to-

1347 2116 1397 2142 tas
1416 2109 1554 2153 respub.
1572 2115 1742 2142 evertunt.

1450 2177 1526 2210 lloc
1549 2176 1742 2220 perieulum
1769 2175 1815 2218 pii
1842 2175 2056 2214 intelligant,
2084 2182 2115 2209 et
2137 2176 2328 2219 reprimant

1349 2228 1587 2264 iracundiam.
1614 2234 1644 2259 et
1672 2227 1805 2270 aliquas
1831 2226 1976 2258 iniurias
2002 2238 2142 2269 prorsus
2162 2227 2326 2260 dissimu-

1319 2299 1321 2320 <¹
1348 2278 1438 2316 lent„
1464 2289 1502 2310 ac
1527 2281 1726 2310 condonent
1747 2276 2188 2320 publicaetranquillitati,
2214 2288 2327 2322 neque

1320 2363 1321 2369 ἵ
1347 2329 1390 2361 de.
1423 2328 1587 2360 omnibus
1616 2328 1732 2371 parvis
1757 2333 1790 2360 et
1814 2327 1948 2368 magnis
1970 2327 2073 2359 rebus
2098 2329 2326 2370 pugnandum

1347 2378 1431 2412 esse‘
1442 2379 1648 2411 existiment.
1704 2377 1789 2411 Nam
1813 2376 1848 2408 in
1874 2379 1988 2420 parvis
2013 2377 2216 2410 defensione
2234 2375 2325 2411 nihil

1347 2441 1434 2472 opus
1468 2436 1528 2463 est.
1582 2429 1649 2462 Sed
1685 2428 1794 2461 sciant
1827 2424 1916 2459 hanc
1949 2427 2228 2461 moderationem
2251 2426 2326 2462 Deo

1347 2480 1500 2523 placere,
1527 2487 1557 2511 et
1587 2478 1812 2511 necessariam
1839 2488 1910 2510 esse
1927 2478 2106 2511 communi
2124 2478 2324 2523 tranquilli·

1347 2531 1427 2565 tati,
1455 2531 1525 2562 imo
1552 2529 1777 2561 necessariam
1795 2528 1829 2559 iu
1848 2529 2125 2571 precationibus.
2154 2528 2325 2569 videlicet,

1346 2581 1481 2613 frenare
1494 2580 1716 2622 cupiditatem
1736 2578 1919 2613 vindictae.
1947 2586 1977 2611 et
1995 2579 2160 2623 quasdam
2178 2579 2325 2613 iniurias

1346 2643 1487 2674 prorsus
1504 2630 1734 2664 dissimulare.
1788 2629 1884 2663 Sicut
1904 2628 2099 2663 Ecclesiast.
2117 2629 2176 2664 28.
2193 2629 2324 2664 multae

2390 2148 2409 2915 mmmm—Q<
2407 2131 2409 2143 -
