2409 2915
289 85 362 122 915

289 179 509 207 contumaces
537 177 610 201 non
642 164 677 197 vi
704 161 897 207 corporali,
938 161 999 195 sed
1030 160 1272 196 excommuni-

293 223 440 256 catione.

393 269 437 304 Et
456 268 540 301 haec
557 272 706 312 potestas
729 271 779 298 est
796 263 1040 297 commendata
1067 261 1273 307 principali·
1300 295 1303 300 ,

292 331 345 357 ter
369 318 576 359 Ecclesiae,
616 317 651 349 id
682 322 749 355 est,
798 313 996 357 pastoribus
1023 319 1056 347 et
1079 312 1274 358 praecipuis

293 371 451 418 personis
469 371 504 402 in
529 376 601 403 toto
618 377 763 411 corpore
782 362 965 399 Ecclesiae.
1300 367 1304 443 ἱ

395 422 470 456 Hac
501 417 726 453 distinctione
751 415 986 455 considerata,
1027 413 1155 447 deinde
1187 412 1276 446 scia-

294 485 393 516 mus,
434 470 546 505 Deum
571 469 658 502 velle
681 474 720 501 ut
743 466 813 499 sint
836 465 872 498 in
897 462 1052 498 Ecclesia
1080 463 1209 497 iudicia
1234 463 1277 496 de
1302 463 1305 490 ’ῑ

294 522 489 557 manifestis
519 519 654 554 delictis
691 524 811 550 contra
841 516 1036 549 doctrinam
1059 515 1114 547 vel
1145 524 1276 547 mores:
1303 512 1306 532 l

295 581 329 608 et
351 581 389 608 ut
407 570 754 607 excommunicentur
779 565 838 600 rei'
856 566 962 600 falsae
986 565 1188 606 doctrinae,
1222 563 1278 596 vel
1304 562 1305 580 ³

297 625 471 658 malornm
490 633 641 654 morum.

398 673 475 708 Etsi
505 678 621 705 autem
646 675 825 714 utcunque
849 667 931 701 talia
963 665 1093 699 iudicia
1124 671 1280 706 manent,

296 733 415 759 tamen
440 723 631 757 dolendum
659 727 728 760 est,
770 730 842 752 non
875 717 1027 751 severius
1051 728 1090 750 ea
1116 716 1280 751 exerceri.

296 775 366 810 Sed
384 781 535 820 potestas
550 771 692 817 politica
706 769 865 814 impedit.

396 825 444 860 Et
474 824 653 858 fatendum
686 827 757 861 est,
789 817 983 863 Episcopos
1006 824 1039 851 et
1061 816 1191 862 Papam
1215 814 1281 850 hac

297 877 486 912 autoritate
503 875 630 908 abusos
653 883 736 906 esse.
789 869 873 903 Fuit
898 868 1116 902 consuetudo
1142 879 1282 900 excom-

297 928 479 962 municare
505 923 666 959 homines
693 926 838 966 propter
864 918 1046 963 pecuniam
1071 919 1224 951 debitam
1248 924 1282 950 et

297 985 442 1024 propter
467 976 533 1010 alia
560 973 717 1017 negotia,
752 969 963 1014 pertinentia
987 969 1030 1001 ad
1055 968 1170 1002 forum
1189 967 1282 1012 poli-

297 1031 417 1064 ticum.
470 1026 564 1060 Haec
596 1022 813 1058 consuetudo
844 1020 935 1052 mala
966 1019 1044 1054 suit.
1097 1018 1190 1061 Quia
1217 1030 1282 1062 po-

297 1087 400 1114 testas
418 1075 659 1112 Ecclesiastica
683 1073 785 1106 debet
810 1082 976 1116 quaerere
999 1069 1282 1103 emendationem

298 1131 335 1163 in
353 1129 510 1163 doctrina
537 1134 569 1160 et
586 1125 761 1159 moribus:
793 1133 865 1154 non
890 1121 994 1154 debet
1020 1131 1118 1163 agere
1141 1119 1282 1164 negotia

298 1180 499 1214 immediate
514 1178 556 1211 ad
574 1177 689 1209 forum
706 1173 888 1218 politicum
905 1171 1130 1215 pertinentia.

400 1229 562 1265 Secundo
579 1227 764 1261 ordinatur
780 1221 836 1256 hie
854 1232 1050 1266 processus:
1080 1219 1174 1255 Ante
1196 1232 1284 1254 con-

299 1281 560 1316 demnationem
584 1278 688 1311 debet
712 1274 916 1320 praecedere
943 1269 1167 1312 admonitio,
1201 1271 1283 1315 quia

298 1340 448 1378 potestas
467 1328 707 1364 Ecclesiastica
725 1325 862 1371 quaerit
877 1322 1171 1356 emendationem.
1213 1321 1283 1354 Sed
1309 1320 1310 1325 ’

299 1383 440 1428 politica
459 1393 531 1414 non
550 1378 687 1424 quaerit
713 1374 1013 1413 emendationem,
1041 1373 1100 1405 sed
1124 1383 1284 1415 poenam.
1308 1371 1312 1425 ᾗ

400 1432 540 1466 Tertio:
575 1429 612 1463 Si
627 1426 821 1461 admonitio
848 1436 920 1457 non
943 1423 1094 1467 profuit,
1121 1423 1208 1455 sacta
1224 1433 1286 1465 per
1310 1431 1312 1461 ¹.

299 1491 474 1529 pastorem
502 1488 534 1515 et
560 1480 647 1513 alios
679 1477 810 1511 iudices
841 1475 877 1507 in
901 1472 1058 1508 Ecclesia
1091 1473 1286 1513 ordinatos,

300 1543 384 1570 tunc
403 1532 661 1577 procedendum
681 1535 730 1561 est
749 1528 789 1560 ad
808 1536 968 1570 poenam.
1310 1500 1314 1573 l

403 1585 561 1618 Fuerunt
578 1587 692 1614 autern
714 1579 802 1611 duae
819 1586 963 1620 poenae.

402 1634 480 1669 L‘na
506 1632 641 1666 mitior:
678 1627 864 1676 separatio
889 1622 942 1658 ad
963 1628 1120 1671 tempus,
1146 1629 1290 1668 propter

305 1699 401 1733 spem
422 1681 688 1718 emendationis.
955 1725 960 1732 ¹
1031 1724 1038 1731 .

409 1736 529 1770 Altera
550 1733 691 1766 durior:
728 1729 1078 1766 excommunicabo,
1104 1735 1193 1769 quae
1209 1735 1290 1767 pro-

304 1787 465 1827 nuntiat,
501 1785 772 1819 condemnatum
802 1791 874 1812 non
899 1789 971 1811 esse
1000 1775 1205 1831 membrum·
1223 1772 1291 1831 Ec-‘
1315 1800 1317 1810 ⁴

305 1839 446 1875 clesiae,
475 1843 507 1869 et
531 1836 642 1868 donec
660 1837 778 1865 manet
800 1836 1009 1868 contumax,
1036 1832 1243 1871 pronuntiat
1259 1836 1290 1857 ei
1316 1829 1317 1835 ¹

305 1901 377 1922 non
403 1886 532 1921 remitti
558 1891 717 1930 peccata,
749 1888 783 1915 et
804 1891 883 1913 eum
908 1890 1006 1912 reum
1033 1888 1106 1910 esse
1131 1884 1292 1910 aeternae
1316 1875 1318 1915 ’,

307 1937 555 1973 damnationis,
1315 1922 1319 1967 l

411 1988 505 2021 llaec
529 1996 639 2030 poena
664 1992 887 2028 nequaquam
921 1977 1205 2012 conntemnenda
1233 1983 1292 2009 est.

307 2038 354 2075 Et
383 2049 516 2081 semper
536 2037 570 2069 in
589 2033 744 2069 Ecclesia
770 2033 851 2065 inde
875 2042 984 2075 nsque
1008 2030 1052 2063 ab
1078 2028 1181 2062 initio
1209 2025 1292 2060 baec
1318 2038 1319 2044 ¹

309 2091 438 2124 indicia
456 2090 609 2122 suerunt.

411 2138 504 2172 llaec
524 2137 605 2171 satis
623 2136 667 2170 sit
684 2134 810 2168 dixisse
827 2133 868 2165 dc
888 2130 1038 2165 iudiciis.

360 2217 473 2251 Amen
499 2213 612 2247 Amen
639 2208 719 2244 dico
746 2207 866 2241 vohis:
919 2205 1163 2252 Quaemmluc
1195 2203 1295 2249 liga-

410 2266 530 2299 veritis
559 2274 666 2310 super
698 2265 857 2299 terram,
905 2256 1027 2304 ligula
1059 2260 1161 2289 crunt
1195 2259 1224 2288 ct
1256 2255 1294 2287 ιή

412 2316 527 2352 coelo.
555 2319 616 2349 nc,
1319 2327 1322 2359 ν

415 2385 536 2419 Postea
557 2383 591 2415 in
610 2389 703 2414 textu
722 2383 917 2423 sequuntur
945 2374 1124 2408 doctrinae
1151 2385 1296 2414 genera-

314 2443 362 2474 les
390 2439 431 2471 de
465 2433 669 2469 remissione
700 2437 939 2475 peccatorum,
977 2433 1009 2459 et
1044 2427 1086 2457 de
1117 2424 1294 2457 communi

314 2487 582 2532 ‹ongregatinne
600 2482 784 2518 Ecclesiae.

414 2545 575 2580 Christus
604 2552 758 2587 expresse
782 2541 838 2572 dat
870 2537 1072 2570 mandatnm
1096 2533 1296 2567 remittendi
1321 2556 1324 2593 ἱ

316 2607 468 2645 peccam.
502 2604 530 2629 et
558 2594 722 2631 assir-nat,
758 2591 793 2623 in
819 2589 915 2621 ron-tn
942 2597 1056 2619 veram
1081 2596 1153 2617 esse
1179 2597 1296 2616 vocem

315 2647 571 2685 absolutionis:
625 2641 803 2688 Quicquid
832 2638 984 2683 ligabitis
1021 2647 1127 2681 nuper
1159 2642 1324 2675 terram„

882 75 1006 111 PIHL.
1035 74 1150 113 MEL.
1176 73 1386 112 SCRIPTA
1414 74 1710 113 EXEGETICA.

2233 74 2312 111 916

1325 162 1390 197 erit
1410 162 1555 207 ligatum
1573 162 1608 195 in
1626 163 1736 197 coelo.
1764 160 1868 197 Item:
1896 160 2076 208 Quicquid
2095 161 2236 196 solvetis
2252 173 2312 197 su-

1326 225 1389 260 per
1406 220 1534 247 terram
1547 240 1556 254 ‚
1584 213 1650 248 erit
1667 213 1822 247 solutum
1839 212 1876 246 in
1894 212 2002 246 coelo.

1419 270 1488 305 Hic
1505 272 1641 306 discant
1663 283 1784 306 omnes
1806 271 1876 316 pii,
1903 283 2022 305 vocem
2038 268 2223 314 Evangelii
2243 281 2316 306 esse

1327 317 1419 353 hanc
1445 321 1555 366 ipsam
1580 334 1718 364 vocem,
1754 322 2043 362 annuntiantem,
2079 321 2210 356 remitti
2234 333 2317 366 pec-

1328 378 1401 404 cata
1418 372 1601 415 agentibus
1618 373 1881 416 poenitentiam.
1934 370 1981 406 Et
2003 369 2087 405 haec
2112 384 2180 406 vox
2203 378 2317 416 potest

1302 447 1303 453 ,
1329 422 1570 456 administrari
1587 423 1642 456 vel
1661 423 1766 456 simul
1783 435 1846 468 pro
1871 423 2012 461 multis,
2040 422 2094 456 vel
2113 434 2176 466 pro
2196 422 2318 465 singu-

1330 473 1391 512 lis,
1420 474 1509 507 sicut
1526 473 1562 506 fit
1580 473 1617 507 in
1641 473 1776 517 privata
1801 473 2035 508 absolutione.
2096 472 2217 515 Quare
2245 471 2319 516 pri-

1304 538 1305 556 ι
1331 530 1410 557 vata
1441 523 1616 557 absolutio
1655 535 1875 568 nequaquam
1915 523 2087 557 abolenda
2119 523 2174 557 vel
2205 522 2320 566 negli—

1331 575 1444 617 genda
1469 581 1531 610 est.
1583 573 1629 607 Et
1651 571 1747 607 hunc
1775 580 1907 607 textum
1933 574 2078 612 delent,
2115 573 2177 619 qui
2199 573 2319 608 delent

1332 625 1504 669 privatam
1521 624 1792 658 absolutionem.
1821 622 1907 657 Item
1928 623 2052 660 Ioann.
2068 624 2129 659 20.
2155 623 2319 668 Quorum

1333 674 1538 710 remiseritis
1555 682 1714 720 peccata,
1738 675 1963 708 remittentur
1978 674 2040 711 eis.

1544 785 1603 818 De
1627 783 1777 829 publica
1805 785 2107 831 conyreyate‘one.

1385 856 1464 894 Ubi
1481 855 1553 891 duo
1570 862 1635 891 aut
1649 862 1720 891 tres
1737 857 1950 903 congregati
1965 857 2103 901 fuerint
2120 856 2159 891 in
2177 856 2323 891 nomine

1434 920 1531 948 meo,
1555 907 1609 942 ibi
1622 921 1701 942 sum
1720 908 1759 941 in
1777 906 1895 941 medio
1913 920 2047 944 eorum.

1436 984 1638 1028 Diligenter
1655 983 1806 1018 docendi
1823 990 1905 1018 sunt
1922 981 2100 1025 homines,
2125 984 2220 1029 quod
2237 984 2323 1019 velit

1335 1033 1430 1068 Deus
1449 1046 1522 1068 esse
1547 1035 1706 1078 publicas
1732 1035 2035 1078 congregationes,
2069 1041 2102 1068 et
2126 1046 2232 1079 quare
2256 1032 2324 1068 hoc

1336 1085 1444 1126 velit,
1471 1092 1504 1119 et
1521 1086 1615 1130 quod
1639 1091 1782 1130 propter
1807 1083 1868 1118 has
1884 1091 1998 1119 servet
2021 1085 2210 1129 regimina,
2235 1085 2324 1120 civi-

1335 1142 1422 1170 tates
1439 1143 1472 1170 et
1491 1136 1652 1180 imperia.

1439 1193 1545 1237 Quod
1565 1195 1649 1229 velit
1665 1206 1738 1229 esse
1757 1195 1916 1240 publicas
1932 1194 2236 1239 congregationes:

1438 1252 1614 1287 Probatur
1637 1253 1790 1297 primum
1817 1265 1878 1296 per
1903 1259 2123 1297 praeceptum
2141 1251 2326 1295 Decalogi:

1337 1302 1490 1337 Sabbata
1510 1304 1712 1337 sanctifices.
1758 1302 1803 1337 Et
1818 1303 1913 1337 Deus
1929 1304 1978 1336 sic
1995 1303 2219 1337 ordinaverat
2236 1301 2327 1338 Sab-

1338 1354 1459 1387 batum
1472 1380 1481 1393 ‚
1507 1361 1545 1387 ut
1570 1355 1709 1397 publica
1729 1355 1950 1397 congregatio
1969 1354 2075 1388 fieret-

1440 1412 1477 1446 2.
1530 1411 1588 1446 Sic
1614 1413 1773 1447 instituta
1798 1419 1848 1446 est
1871 1424 1977 1446 coena
2001 1410 2167 1453 Domini,
2200 1418 2238 1446 ut
2267 1411 2327 1446 fiat

1340 1462 1378 1495 in
1397 1463 1536 1506 publica
1556 1463 1836 1506 congregatione.

1443 1521 1478 1554 3.
1532 1520 1660 1557 Psalm.
1684 1523 1747 1554 22.
1781 1521 1884 1555 dicit:
1940 1519 1979 1553 ln
2011 1521 2128 1554 medio
2152 1518 2328 1554 Ecclesiae

1341 1572 1493 1604 laudabo
1518 1577 1570 1612 te,
1598 1572 1634 1604 in
1653 1572 1783 1616 populo
1799 1583 1926 1614 magno
1945 1571 2129 1605 celebrabo
2144 1578 2188 1607 te.
2223 1569 2329 1605 ltem:

1342 1621 1435 1655 Laus
1451 1622 1525 1655 eins
1542 1622 1578 1654 in
1595 1620 1749 1655 Ecclesia
1770 1629 1982 1657 sanctorum.
2016 1619 2061 1655 Et
2079 1621 2160 1654 talia
2175 1629 2256 1656 sunt
2273 1621 2330 1654 in-

1343 1673 1578 1706 numerabilia
1598 1673 1701 1714 dicta,
1719 1680 1757 1707 nt
1768 1672 1942 1708 Psalm.2.
1958 1673 2018 1707 68.
2040 1672 2123 1709 109.
2143 1671 2226 1708 149.
2246 1673 2329 1708 102.

1343 1769 1469 1818 Quare
1491 1775 1611 1805 autem
1635 1769 1711 1805 cult
1734 1769 1904 1819 publicas
1920 1770 2217 1818 congregationes
2233 1771 2332 1805 esse?

1450 1848 1481 1881 1.
1534 1845 1678 1881 Etlinici
1697 1846 1897 1882 babuerunt
1922 1860 2047 1882 arcana
2073 1848 2331 1883 conventicula.

1345 1899 1413 1933 Sed
1433 1898 1525 1932 Dens
1543 1899 1617 1932 vult
1636 1899 1689 1931 sni
1704 1897 1884 1940 Evangelii
1903 1911 2021 1931 vocem
2040 1899 2082 1932 de
2099 1899 2171 1932 filio
2191 1899 2331 1943 publice

1345 1961 1469 1983 sonare
1496 1949 1531 1981 in
1550 1961 1674 1991 genere
1690 1947 1864 1989 humano,
1891 1950 1966 1982 vult
1981 1951 2119 1993 agnosci
2139 1950 2248 1983 filium
2261 1976 2271 1988 ,
2297 1956 2331 1983 et

1344 2013 1398 2042 se,
1425 2000 1469 2033 ab
1488 2000 1653 2032 omnibus
1672 1997 1888 2033 huminibus.

1447 2059 1484 2092 2.
1539 2057 1623 2090 Vult
1647 2070 1719 2091 esse
1749 2058 1907 2101 publicas
1937 2059 2223 2101 congregationes
2252 2071 2334 2103 pro-

1346 2116 1422 2154 pter
1453 2107 1686 2146 honestatem,
1727 2109 1809 2153 qnia
1845 2109 1880 2141 in
1912 2110 2047 2142 arcanis
2077 2111 2332 2144 conventiculis

1349 2161 1458 2194 multa
1476 2160 1590 2204 turpia
1609 2160 1707 2193 liunt.

1448 2219 1484 2253 8.
1540 2218 1612 2251 lmo
1647 2218 1758 2251 nostri
1790 2218 1920 2261 publici
1952 2225 2070 2252 coetus
2102 2227 2182 2254 snnt
2215 2220 2331 2262 imago

1349 2269 1439 2302 vitae
1462 2276 1634 2304 aeternae.
1691 2269 1748 2303 Sic
1767 2269 1802 2302 in
1820 2270 1889 2302 vita
1905 2276 2044 2302 aeterna
2065 2271 2229 2304 decenter
2245 2284 2331 2305 tnn-

1348 2321 1529 2353 veniemns
1554 2321 1594 2352 ad
1620 2319 1811 2353 videndum
1845 2327 1876 2354 et
1910 2320 2125 2353 audiendum
2157 2319 2270 2356 Deum
2300 2329 2334 2357 et

1347 2370 1541 2405 Dominum
1564 2379 1722 2404 nostruin
1743 2369 1854 2405 lesum
1872 2368 2063 2406 Christum,

1349 2461 1462 2510 Quod
1492 2462 1593 2497 Heus
1619 2467 1765 2510 propter
1792 2459 1864 2496 has
1898 2463 2196 2510 congregationes
2221 2470 2333 2499 sert-ec

1717 2513 1877 2547 civitates
1906 2519 1967 2550 etc.

1453 2580 1573 2615 torem.
1604 2581 1659 2617 ¹7.
1694 2581 1731 2615 Si
1752 2582 1944 2616 Sabbatum
1969 2595 2040 2617 non
2062 2582 2334 2625 sanctific-bitis,

1349 2631 1446 2667 Deus
1461 2634 1615 2667 ‹lt-struet
1635 2631 1885 2679 lerosolymam
1902 2640 1965 2670 etc.
