2409 2915
233 93 307 130 763

240 193 313 215 cem
340 189 411 212 esse
435 177 471 209 in
496 172 689 210 universis,
718 178 833 206 tamen
857 172 938 217 quia
955 177 1131 205 cortuum
1149 183 1228 204 sen-

241 233 282 266 tit
297 228 411 264 adhuc
428 225 620 272 plurimum
637 223 869 264 infirmitatis,
893 223 1051 256 sordium
1063 249 1073 263 ‚
1101 229 1134 256 et
1150 233 1228 266 pec-

241 288 420 317 catorum,
454 278 604 320 ideoque
637 274 770 318 cogeris
802 274 901 307 fateri
935 281 967 307 te
1001 286 1072 306 non
1099 271 1228 306 habere

243 330 411 365 iustitiam
443 326 682 366 essentialem,
717 337 776 358 seu
802 325 974 368 integram
1001 323 1228 357 conformita—

242 390 313 417 tem
343 391 420 414 cum
445 377 523 412 Deo
552 378 683 423 absque
711 376 785 409 ullo
810 382 966 419 peccato,
1003 376 1060 409 sed
1089 380 1230 418 propter

242 440 404 466 naturam
420 429 658 469 immundam,
683 437 883 470 oppressam
899 426 991 459 mole
1009 432 1227 470 peccatorum

242 492 277 518 et
294 493 388 517 ream
400 507 409 523 ‚
435 488 469 515 te
486 480 652 512 meritum
667 489 739 510 esse
756 487 902 521 poenaS‚
929 477 1024 510 iuxta
1042 475 1231 510 confessio-

243 546 323 568 nem
342 530 475 566 Psalmi
492 529 592 564 14s.:
620 528 701 562 Non
723 528 970 561 iustificabitur
988 528 1024 560 in
1043 532 1229 570 conspectu

245 593 306 620 tuo
323 583 438 618 omnis
455 583 594 614 vivens:
622 580 701 612 ideo
719 579 755 611 in
772 576 839 612 hoc
856 590 984 621 agone,
1012 590 1071 612 seu
1089 587 1230 619 angore,
1257 580 1259 597 ³

246 644 279 670 et
301 646 402 669 sensu
428 633 499 666 irae
528 631 596 665 Dei
619 630 742 663 debeat
768 631 906 663 ostendi
932 629 1110 662 Mediator
1135 627 1231 659 Deus

246 694 279 720 et
302 684 426 724 homo,
463 684 498 716 id
524 689 591 725 est,
618 681 717 714 cordi
740 687 801 714 tuo
824 681 947 714 debeat
972 692 1043 713 esse
1068 685 1172 718 nota,
1200 683 1232 710 et
1258 704 1260 718 ⁴

246 737 371 776 infixa,
403 742 507 779 atque
532 733 734 777 praelucere
757 729 840 764 haec
863 731 1056 764 consolatio
1084 728 1231 773 promis-

246 787 355 821 sionis
371 797 410 818 ac
426 785 520 818 vocis
536 782 736 825 Evangelii:
763 783 858 826 quod
877 782 1025 814 affirmat
1044 787 1074 813 te
1092 786 1234 824 propter

246 837 485 872 obedientiam
518 834 582 867 filii
606 832 672 866 Dei
703 839 797 866 certo
832 830 961 865 habere
990 831 1231 864 remissionem

246 894 490 934 peccatorum,
516 898 555 919 ac
580 884 729 924 iustum,
757 884 791 915 id
817 889 884 922 est,
911 882 1176 915 reconciliatum
1203 886 1234 912 et

247 946 426 982 acceptum
458 947 551 975 esse,
585 942 689 979 atque
722 935 768 967 ita
802 933 937 977 placere
960 932 1035 966 Deo
1070 932 1232 965 vestitum

249 990 384 1024 iustitia
409 986 628 1021 Mediatoris.
683 983 993 1026 Quemadmodum
1024 980 1108 1015 haec
1133 981 1233 1015 Pauli

248 1042 352 1074 verba
370 1039 476 1073 Rom.
490 1037 524 1071 5.
549 1037 639 1069 clare
662 1042 849 1069 testamur:
880 1033 1059 1068 lustificati
1083 1033 1149 1066 fide
1175 1044 1234 1076 pa·
1261 1010 1268 1452 X

248 1103 321 1125 cem
348 1088 517 1123 habemus
539 1087 630 1131 apud
649 1086 786 1126 Deum,
813 1092 877 1118 etc.
930 1084 1001 1118 Nec
1017 1085 1053 1117 in
1071 1084 1162 1118 lucta
1180 1083 1235 1115 ni-

248 1143 336 1176 titur
371 1141 455 1173 fides
485 1136 762 1177 inhabitatione,
802 1148 863 1169 seu
896 1135 1027 1169 iustitia
1060 1133 1234 1168 essentiali

248 1193 420 1226 efficiente
436 1202 499 1223 nos
516 1189 604 1222 iusta
621 1188 735 1221 facere
747 1214 756 1228 ,
783 1187 817 1220 id
834 1193 899 1227 est,
926 1198 998 1219 non
1017 1185 1154 1230 quaerit
1172 1197 1237 1218 nec

249 1245 408 1277 intuetur
432 1241 624 1274 novitatem
647 1250 826 1272 accensam
844 1238 881 1270 in
900 1237 1080 1280 agnitione
1096 1234 1238 1275 Christi,

249 1295 308 1328 sed
334 1293 539 1335 confugiens
565 1291 608 1323 ad
626 1287 805 1324 Christum
828 1289 1092 1333 propitiatorem
1111 1287 1238 1321 nititur

248 1344 374 1379 merito
394 1350 426 1377 et
445 1341 692 1376 intercessione
710 1339 932 1374 Mediatoris.

355 1409 405 1443 lta
428 1407 678 1454 proposuimus
697 1407 834 1451 aliquot
849 1405 1024 1449 exempla,
1055 1405 1090 1437 in
1110 1403 1240 1449 quibus

252 1461 390 1507 liquido
416 1465 578 1504 apparet,
613 1455 841 1499 Catecbesin,
870 1469 929 1490 seu
953 1456 1150 1490 doctrinam
1172 1453 1239 1487 Ca-

251 1511 428 1551 techismi,
456 1522 528 1543 esse
545 1509 864 1553 compendiariam,
890 1507 1088 1545 immotam,
1117 1512 1150 1538 et
1166 1516 1239 1538 cer-

252 1571 322 1598 tam
354 1562 509 1605 regulam
541 1571 601 1592 seu
632 1571 813 1597 normam,
846 1557 1038 1590 secundum
1069 1567 1174 1600 quam
1209 1563 1239 1588 et

251 1619 401 1659 possunt
433 1618 467 1644 et
495 1610 624 1643 debent
656 1607 843 1641 diiudicari
875 1609 1050 1650 dogmata.
1122 1605 1241 1648 Quare

253 1677 331 1699 cum
359 1662 482 1707 primis
507 1659 741 1693 necessarium
759 1665 807 1692 est
823 1658 1010 1701 diligenter
1028 1658 1181 1696 discere,
1210 1663 1238 1689 et

253 1716 392 1749 assidue
411 1711 594 1749 meditari,
623 1723 661 1743 ac
679 1710 904 1743 circumferre
926 1709 1045 1742 animo
1071 1708 1240 1740 elementa

251 1766 408 1816 pietatis,
449 1775 536 1808 quae
569 1761 718 1806 proponi
753 1761 866 1794 solent
898 1760 935 1792 in
967 1757 1165 1798 catechesi,
1207 1743 1272 1807 ml

254 1818 360 1858 vulgo
382 1821 518 1847 vocant.
574 1811 620 1846 Et
636 1812 776 1857 quidem
797 1812 840 1845 de
858 1811 997 1855 regula,
1025 1811 1120 1843 iuxta
1139 1821 1243 1854 quam

255 1867 383 1901 iudicia
404 1865 476 1898 fieri
495 1864 644 1904 debent,
671 1861 851 1896 hactenus.
1270 1811 1273 1940 N

1272 2185 1274 2208 Ι

380 1979 435 2010 Er
451 1973 639 2020 fructibus
658 1983 785 2007 eorum
806 1973 1033 2017 coynoscetis
1050 1981 1123 2004 eos.

359 2051 534 2094 Adiungit
558 2049 662 2083 etiam
688 2047 861 2081 Dominus
887 2053 1004 2079 noster
1029 2044 1124 2079 lesus
1141 2043 1244 2078 Chri·
1272 2074 1273 2079 ,

258 2113 330 2139 stus
355 2102 573 2147 perspicuam
594 2107 732 2136 notam,
762 2110 820 2131 seu
838 2098 1013 2141 regulam,
1042 2108 1108 2142 qua
1126 2097 1246 2130 docto·
1272 2124 1274 2143 ÷

257 2167 312 2190 res
336 2166 394 2187 seu
419 2152 648 2195 dogmatistae
672 2151 801 2183 debent
821 2146 1056 2192 deprehendi,
1084 2147 1247 2185 discerni,
1272 2158 1273 2164 ¹

259 2205 405 2240 iudicari
420 2231 428 2245 ,
454 2203 580 2236 iubens
604 2202 708 2235 falsos
728 2197 920 2243 Prophetas
939 2211 976 2231 ex
997 2200 1152 2242 ipsorum
1172 2199 1248 2231 fru-

260 2258 374 2291 ctibus
407 2254 561 2297 agnosci.
638 2252 739 2295 Quae
771 2251 875 2283 verba
911 2250 1171 2291 intelligantur.
1212 2257 1247 2282 ut

260 2309 366 2341 modo
391 2306 522 2338 dictum
542 2311 612 2343 est,
639 2305 681 2335 de
699 2302 880 2335 manifeste
897 2300 991 2333 falsis
1008 2301 1247 2341 dogmatibus,
1273 2304 1275 2311 ‘

261 2360 395 2392 fructus
426 2357 519 2389 enim
554 2355 750 2398 significant
785 2352 926 2396 impiam
957 2363 1015 2383 seu
1041 2352 1160 2384 falsam
1185 2354 1248 2383 do·
1274 2347 1275 2378 ἶ

263 2410 429 2447 ctriuam,
458 2407 530 2440 sive
554 2408 596 2439 de
621 2419 714 2445 uno,
737 2404 808 2438 sive
833 2405 875 2435 de
901 2403 1062 2446 pluribus
1080 2403 1249 2441 articulis,
1274 2414 1277 2472 t

264 2466 478 2506 pugnantem
505 2470 583 2490 cum
606 2457 855 2493 fundamento,
882 2454 914 2486 id
935 2461 1003 2492 est,
1032 2466 1110 2485 cum
1132 2466 1249 2486 neces-

263 2512 362 2545 sariis
379 2509 554 2548 articulis,
581 2520 638 2541 seu
658 2508 758 2546 locis,
784 2518 843 2538 seu
863 2502 1251 2549 partilmsChristianae.
1275 2506 1277 2516 ¹

265 2561 456 2595 doctrinae.
511 2560 548 2592 Si
571 2559 649 2604 quis
667 2559 772 2599 igitur
789 2556 995 2598 dogmatista
1016 2555 1070 2600 pie
1089 2556 1251 2588 admoui—

265 2621 337 2652 tus,
364 2611 587 2655 pertinaciter
610 2610 765 2643 defendit
785 2608 938 2651 insignes
956 2607 1092 2652 aliquos
1109 2619 1253 2646 errores,

265 2676 343 2698 cum
362 2663 602 2702 fundamento,
631 2661 744 2701 idest,
773 2659 861 2703 Lege
877 2659 998 2692 divina
1018 2665 1049 2693 ct
1063 2657 1252 2701 Evangelio

824 85 950 122 PHlL.
978 83 1093 121 MEL.
1119 84 1327 121 SCRlPTA
1353 84 1654 122 EXEGETICA.

2189 85 2263 122 764

1280 178 1494 214 pugnantes,
1531 171 1560 205 is
1588 172 1712 206 doctor
1735 179 1773 205 ut
1797 168 1907 205 hostis
1929 169 1996 205 Dei
2019 177 2052 204 et
2075 171 2265 206 fascinatus

1281 233 1298 254 a
1322 220 1493 263 Diabolo‚
1528 224 1740 256 deserendus
1767 229 1872 267 atque
1898 222 2090 263 cavendus,
2123 222 2266 268 eiusque

1281 273 1408 314 dogma
1433 284 1495 306 ceu
1520 273 1840 316 praesentissimum
1866 283 2042 306 venenum
2061 272 2266 316 fugiendum

1282 335 1320 355 ac
1344 324 1594 357 exsecrandum
1612 331 1672 358 est.
1726 323 1779 357 De
1794 321 1861 357 hoc
1876 324 2054 357 fructuum
2073 334 2198 367 genere
2215 323 2268 356 lo-

1282 373 1403 418 quitur
1419 372 1606 410 Dominus.

1385 438 1438 474 Ac
1460 441 1488 474 si
1513 442 1654 485 quando
1679 443 1822 483 accidit,
1849 442 1944 488 quod
1970 453 2071 487 saepe
2093 442 2180 476 solet
2203 453 2270 476 usu

1284 491 1422 530 venire,
1449 499 1488 526 ut
1503 492 1631 537 aliquis
1648 493 1890 536 praestigiator
1903 493 2068 526 subtilius
2086 499 2272 538 proponat,

1285 549 1316 576 et
1338 543 1427 576 fucis
1444 543 1564 587 pingat
1584 555 1736 576 errorem
1755 543 1792 576 in
1808 544 1955 577 articulo
1973 544 2138 588 quopiam
2156 543 2274 577 minus

1258 611 1259 614 =
1286 594 1514 636 conspicuum
1546 606 1583 627 ac
1613 593 1791 626 difficilem
1822 592 2059 637 deprehensu:
2093 602 2131 628 tu
2155 601 2273 628 tamen

1286 645 1534 688 circumspice,
1567 651 1598 678 et
1627 645 1810 677 considera
1833 645 2035 679 universum
2060 657 2186 689 corpus
2208 646 2274 678 do-

1287 695 1438 735 ctrinae,
1465 696 1558 739 quod
1579 695 1776 739 profitetur,
1803 695 1839 727 in
1858 707 1927 740 quo
1945 696 1972 729 si
1989 696 2076 729 alios
2091 696 2275 729 manifeste

1289 745 1414 789 impios
1446 758 1582 779 errores
1616 744 1910 790 deprehenderis,
1952 758 2040 791 quos
2073 746 2276 780 admonitus

1288 797 1495 839 dogmatista
1528 797 1752 840 pertinaciter
1782 796 1958 838 defendit,
1993 804 2076 830 tunc
2107 809 2189 830 sane
2214 797 2277 829 de-

1290 845 1482 890 prehendes
1514 847 1611 889 signa
1639 855 1671 882 et
1697 848 1826 881 iudicia
1851 859 1923 880 non
1948 848 2084 882 fallacia
2107 847 2277 881 fanaticae

1289 898 1417 931 mentis
1433 904 1464 931 et
1482 898 1629 941 agitatae
1643 899 1736 931 malo
1753 897 1893 943 spiritu.

1627 1007 1782 1037 Exempli
1808 1006 1939 1037 gratia.

1394 1063 1646 1109 Anabaptistae
1669 1074 1835 1100 conantes
1860 1066 2067 1099 labefactare
2091 1066 2278 1100 articulum

1291 1117 1334 1149 de
1351 1115 1531 1160 Baptismo
1556 1116 1764 1158 infantium,
1799 1128 1859 1150 sua
1878 1114 2055 1163 hypocrisi
2073 1123 2104 1150 et
2126 1117 2280 1151 auctori-

1291 1174 1360 1201 tate
1378 1179 1448 1199 non
1469 1179 1659 1211 paucorum
1679 1167 1910 1201 conscientias
1928 1168 2133 1201 exercebant
2151 1175 2184 1201 et
2201 1178 2281 1211 per-

1292 1218 1500 1257 turbabant,
1528 1230 1606 1250 cum
1631 1218 1679 1250 sic
1703 1218 1974 1251 ratiocinemur:
2004 1217 2160 1252 Infantes
2184 1229 2283 1251 non—

1292 1271 1377 1302 dnm
1409 1268 1613 1310 intelligunt
1643 1269 1806 1309 verbum,
1841 1280 1923 1309 nec,
1957 1268 2042 1313 quid
2068 1267 2284 1313 Baptismus,

1294 1332 1378 1359 nec,
1413 1319 1496 1363 qnid
1521 1317 1721 1352 Christiana
1749 1319 1918 1362 professio
1943 1329 2004 1352 seu
2036 1319 2197 1352 doctrina
2227 1319 2284 1359 sit,

1293 1369 1462 1413 suspicari
1489 1375 1646 1412 possunt.
1700 1367 1796 1412 Ergo
1820 1381 1893 1402 non
1919 1370 2068 1413 prodest:
2085 1369 2134 1403 eis
2159 1368 2283 1414 Bapti-

1293 1431 1406 1461 smus,
1432 1420 1490 1452 sed
1509 1427 1558 1453 est
1575 1419 1685 1453 otiosa
1703 1419 1913 1454 ceremonia.

1398 1486 1434 1521 Si
1458 1487 1537 1532 quis
1561 1486 1668 1530 igitur
1692 1487 1728 1519 in
1754 1484 1820 1520 hoc
1841 1486 1989 1521 articulo
2006 1484 2126 1522 haeret
2142 1493 2202 1520 aut
2218 1487 2285 1521 du-

1296 1539 1401 1579 bitat,
1428 1538 1519 1571 sicut
1539 1537 1641 1571 multi
1671 1537 1859 1571 turbantur
1877 1535 1931 1570 his
1950 1538 2144 1582 praestigiis
2162 1538 2286 1582 dispu—

1295 1589 1489 1628 tationum,
1524 1588 1553 1621 is
1584 1588 1725 1621 interim
1752 1587 1915 1632 dispiciat
1940 1596 2094 1623 caeteros
2118 1587 2286 1622 articulos

1297 1638 1574 1677 manifestiores,
1603 1645 1635 1671 et
1659 1639 1776 1671 minus
1801 1639 1986 1672 obscuros:
2015 1646 2099 1673 tunc
2123 1639 2287 1673 conside-

1298 1690 1380 1723 ratis
1403 1689 1660 1728 fuudamentis,
1686 1701 1744 1723 seu
1767 1687 2021 1734 hypothesibus
2039 1690 2146 1724 totius
2160 1702 2287 1735 corpo-

1298 1741 1346 1774 ris
1374 1740 1555 1773 doctrinae
1577 1740 1880 1783 Anabaptisticae,
1908 1738 2149 1784 deprehendet
2173 1741 2288 1785 pluri·-

1299 1804 1395 1826 mum
1427 1790 1598 1824 teterrimi
1631 1790 1778 1830 veneni,
1813 1790 2094 1834 prodigiosarum
2117 1792 2288 1836 supersti—

1300 1844 1437 1876 tionum
1450 1869 1458 1882 ,
1485 1840 1794 1876 etDiabolicorum
1813 1842 2125 1876 deliramentorum
2144 1842 2288 1876 inAna-

1300 1893 1487 1938 baptistico
1511 1894 1672 1936 dogmate
1697 1892 1842 1925 confuso
1866 1904 1905 1925 ex
1922 1893 2111 1926 multarum
2130 1899 2288 1928 veterum

1300 1951 1472 1978 sectarum
1513 1943 1711 1983 furoribus,
1763 1949 1931 1988 tanquam
1967 1943 2004 1976 in
2036 1943 2223 1987 multiplici
2256 1952 2289 1979 et

1301 2002 1497 2029 monstrosa
1537 1992 1742 2032 Chimaera,
1786 1993 1923 2027 misceri
1963 2002 2067 2039 atque
2105 1995 2290 2030 contineri.

1303 2046 1369 2086 Ut,
1402 2047 1444 2079 ad
1475 2045 1716 2079 defensionem
1748 2042 1852 2078 huius
1874 2045 2034 2085 articuli,
2067 2058 2137 2091 quo
2163 2053 2291 2090 negant

1303 2098 1452 2130 infantes
1478 2097 1704 2140 baptizandos
1722 2107 1810 2133 esse.
1839 2103 2020 2130 assumunt
2036 2094 2292 2141 Anabaptistae

1302 2149 1389 2182 alias
1417 2145 1646 2193 hypotheses,
1682 2159 1740 2180 seu
1768 2148 1885 2190 plures
1908 2159 2044 2181 errores
2069 2147 2290 2191 insigniores.

1301 2213 1339 2233 ac
1357 2199 1539 2232 manifeste
1556 2198 1660 2232 falsos
1672 2205 1775 2243 atque
1788 2198 1968 2238 fanaticos,
1996 2199 2168 2238 videlicet.
2194 2200 2289 2244 quod

1303 2251 1337 2283 in
1365 2250 1570 2283 universum
1597 2257 1725 2292 negant
1749 2256 1855 2283 totam
1874 2249 2070 2283 doctrinam
2088 2250 2130 2282 de
2150 2257 2291 2293 peccato

1303 2301 1462 2344 originiS.
1496 2300 1651 2343 Finguut
1668 2313 1791 2334 omnes
1809 2301 1977 2339 infantes,
2005 2300 2077 2333 sive
2091 2302 2183 2344 apud
2195 2300 2290 2335 Tur-

1303 2365 1378 2391 ros.
1407 2353 1479 2385 sive
1496 2349 1894 2395 blasphemosludaeos,
1920 2349 2191 2393 siveEthuicos,
2217 2352 2291 2386 sive

1304 2403 1492 2443 'l‘artaros,
1534 2403 1606 2435 sive
1646 2400 1932 2440 Mahometistas‚
1974 2402 2047 2435 sive
2088 2403 2292 2448 ubicunqne

1304 2455 1459 2496 gentium
1486 2461 1580 2488 extra
1607 2453 1814 2492 Ecclesiam,
1846 2460 2054 2492 nascantur,
2081 2466 2143 2487 nec
2166 2453 2292 2488 afferre

1305 2519 1367 2539 uec
1390 2503 1518 2538 habere
1544 2511 1740 2549 peccatum.
1769 2505 1826 2536 sed
1845 2504 2068 2548 simpliciter.
2095 2504 2199 2538 etiam
2216 2505 2292 2538 sine

1307 2556 1590 2598 regeneratione..
1643 2553 1810 2587 haeredes
1849 2568 1920 2588 esse
1960 2555 2081 2589 salutis
2119 2562 2293 2592 aeternae.

1307 2608 1486 2641 Praeterea
1522 2606 1696 2639 manifesti
1729 2607 1864 2639 furores
1890 2613 1992 2646 sunt,
2026 2607 2119 2651 quod
2146 2614 2292 2641 conten--

1307 2660 1395 2693 dunt
1415 2657 1684 2702 Anabaptistac,
1719 2669 1789 2690 uon
1818 2658 1922 2691 licere
1938 2655 2150 2692 Christianis
2178 2665 2294 2692 tenere

2401 913 2409 984 U*ae-v

2401 1001 2409 1189 ,uffae-vm-
