2409 2915
94 84 114 118 1
123 82 195 118 173
377 81 463 116 XII.

94 168 179 201 inde
194 179 310 212 neque
327 167 482 201 creditur
499 166 610 210 patri,
638 166 720 210 quia
738 165 826 199 ratio
845 177 908 210 per
924 177 996 200 sese
1012 177 1086 216 npn

95 219 222 260 sentit,
252 230 288 252 se
317 218 453 263 aliquid
481 230 500 251 a
524 216 600 251 Deo
631 217 799 259 accipere.
859 216 1087 252 Conscientia

96 270 243 304 confusa
259 269 348 312 fugit
366 276 512 313 patrem,
539 280 612 301 non
629 268 740 301 credit
755 279 792 301 se
808 267 850 303 ei.
905 268 1085 302 Iustificati

95 326 213 354 autem
231 321 340 353 verbo
359 317 489 354 Christi
509 319 578 352 iam
596 330 669 352 non
688 325 921 353 contemnunt
939 326 1084 362 patrem,

93 381 159 403 nec
182 370 323 412 fugiunt
341 370 430 403 sicut
446 368 644 409 Israelitae,
673 370 732 402 sed
752 369 949 403 consistunt
967 381 1083 403 coram

93 421 170 464 ipso
196 421 289 453 intra
316 421 466 460 nubem,
497 420 587 453 sicut
610 420 745 460 Moses,
779 427 813 454 et
835 421 1085 453 illuminantur

93 471 172 504 luce
197 471 338 512 divina,
372 477 411 504 ut
437 478 582 505 noscant
607 471 801 515 potentiam
826 477 860 504 et
884 471 1084 505 misericor-

93 522 208 563 diam,
242 523 352 555 fidant
377 522 487 565 patri,
523 522 691 563 sentiant,
728 533 762 555 se
784 522 903 555 omnia
924 534 964 555 ex
988 523 1085 555 illius

92 573 258 606 manibus
289 573 466 616 accipere,
502 580 680 617 expectant
706 573 788 605 inde
812 573 930 606 omnia
955 579 988 606 et
1013 573 1083 617 spi-

92 624 235 657 ritualia
267 630 301 656 et
333 624 540 667 corporalia.
591 624 668 657 Iloc
698 630 748 657 est
773 625 867 669 quod
890 623 1084 668 Apostolus

91 674 141 707 ait
168 675 200 710 1.
216 672 382 708 Corinth.
406 674 447 708 l.:
476 674 568 709 Cum
589 686 662 707 non
686 676 906 717 cognovisset
929 676 1083 709 mundus

91 736 156 769 per
173 725 381 768 sapientiam
400 725 512 759 Deum
531 726 568 758 in
585 725 770 769 sapientia,
799 726 913 760 visum
930 733 979 759 est
994 726 1083 759 stul-

91 775 169 809 titia
194 777 466 820 praedicationis
490 776 604 809 salvos
627 777 740 809 facere
763 778 953 811 credentes.
1006 776 1083 811 Ra—

90 827 140 860 tio
166 827 317 872 inquirit
334 827 446 861 Deum
473 827 545 861 suis
569 827 721 868 viribus,
749 827 830 861 item
850 828 921 860 suis
937 827 1082 868 meritis,

89 889 156 910 nec
177 879 375 923 assequitur
391 885 519 912 tamen.
574 877 733 911 Primum
753 878 866 918 enim,
892 878 974 922 quia
992 879 1081 912 ratio

90 940 164 961 non
182 935 295 972 potest
313 930 349 962 in
369 929 607 972 cognitionem
623 927 685 961 Dei
705 929 910 972 pervenire,
938 941 1082 973 prorsus

89 987 192 1023 negat
208 979 334 1015 Deum.
386 979 540 1021 Deinde,
566 980 648 1025 quia
666 980 701 1012 in
722 980 888 1024 operibus
906 980 1082 1014 revelatur

89 1029 352 1069 immundities,
381 1031 461 1064 ideo
478 1032 649 1075 desperat.
704 1030 861 1065 Stultitia
880 1043 963 1064 vero
980 1043 1080 1075 prae-

90 1081 279 1114 dicationis
303 1081 499 1122 iustificati,
527 1082 688 1115 venimus
704 1081 739 1114 in
757 1082 994 1124 cognitionem
1012 1081 1079 1116 Dei

91 1132 219 1175 patris,
262 1145 340 1165 cum
372 1134 553 1166 credentes
584 1133 690 1165 verbo
722 1130 851 1166 Christi
885 1133 1078 1176 potentiam

90 1183 200 1226 patris
227 1184 426 1227 experimur
448 1184 484 1216 in
508 1184 781 1225 afflictionibus,
816 1185 936 1228 quales
961 1185 1079 1229 quales

89 1233 170 1266 illae
192 1241 285 1268 sunt.
342 1234 438 1267 Idem
464 1235 697 1278 significatum
721 1242 771 1268 est
788 1242 820 1268 et
838 1235 874 1267 in
893 1248 954 1275 eo,
982 1236 1077 1279 quod

88 1296 168 1317 cum
195 1285 346 1328 populus
374 1298 445 1319 non
470 1292 584 1328 posset
608 1285 731 1318 audire
756 1297 875 1318 vocem
902 1285 987 1325 Dei,
1015 1298 1078 1329 po-

88 1335 213 1374 stulat,
239 1343 276 1368 nt
295 1348 356 1378 pro
374 1349 408 1369 se
426 1337 515 1369 alius
532 1337 707 1380 loquatur.
762 1335 830 1369 Ubi
849 1342 880 1367 et
899 1337 1078 1378 promitti—

88 1391 146 1418 tur
163 1383 345 1423 Christus‚
373 1387 432 1431 qui
458 1399 524 1430 pro
551 1385 655 1418 nobis
681 1385 882 1428 interpellet
904 1388 995 1429 apud
1017 1399 1077 1429 pa-

88 1442 200 1476 trem,
235 1437 296 1480 qui
321 1437 365 1470 sit
387 1436 685 1480 propitiatorium.
742 1436 862 1480 ltaque
887 1436 925 1469 in
949 1437 1078 1481 quibus

89 1493 139 1519 est
158 1487 241 1519 fides
258 1488 294 1519 in
312 1485 512 1528 Christum,
540 1487 591 1519 illi
609 1494 741 1521 norunt
759 1487 866 1531 patris
885 1488 1076 1531 potentiam

88 1543 120 1570 et
139 1538 416 1571 misericordiam
436 1545 468 1571 et
485 1545 630 1571 caetera.

260 1653 307 1688 Si
325 1654 583 1701 cognovisselis
603 1667 675 1694 me,
707 1659 736 1688 el
752 1659 905 1701 patrem.

189 1740 346 1780 Scilicet,
370 1741 452 1784 quia
468 1741 614 1773 stultitia
634 1740 902 1783 praedicationis
918 1740 960 1771 de
971 1736 1076 1773 Chri-

87 1800 138 1827 sto
163 1791 386 1834 cognoscitur
413 1798 528 1835 pater,
555 1792 615 1823 ubi
634 1792 717 1823 sides
733 1792 903 1835 probatur
920 1789 945 1835 ¹)
965 1797 997 1823 et
1014 1803 1075 1823 au-

85 1849 209 1887 gescet.
264 1840 311 1875 Et
327 1854 370 1874 ne
386 1839 470 1874 haec
487 1855 642 1886 pugnare
660 1842 862 1875 videantur:
892 1841 929 1875 Si
947 1853 1076 1884 cogno-

86 1894 223 1927 vissetis
246 1905 319 1933 mc,
344 1900 377 1926 et
403 1900 535 1936 patrem
563 1893 770 1933 nosceretis,
794 1899 826 1926 et
849 1893 942 1938 quod
959 1893 1077 1937 sequi-

86 1952 161 1979 tur:
191 1943 340 1977 Vidistis
363 1956 461 1984 enm3
491 1946 704 1988 respondeo:
733 1943 833 1977 Sicut
857 1955 980 1986 supra,
1010 1956 1075 1977 no-

85 2002 169 2028 runt
193 2001 227 2027 et
250 2006 322 2026 non
341 2002 492 2035 norunt,
519 1996 600 2039 quia
618 1996 700 2028 fides
718 1996 854 2035 aderat,
882 1996 995 2028 abfuit
1012 2007 1076 2028 au-

85 2052 154 2080 tem
189 2045 269 2077 sidei
301 2045 471 2088 probatio.
534 2045 739 2088 Respondet
769 2053 883 2079 autem
913 2043 1075 2079 Christus

84 2097 223 2130 duabus
248 2095 512 2140 quaestionibus
530 2096 782 2139 Apostolorum
797 2123 805 2136 ,
833 2108 921 2140 quae
945 2097 1000 2129 via
1020 2098 1075 2138 sit,

86 2155 119 2181 et
135 2157 304 2191 quorsum
325 2154 388 2186 eat,
409 2147 549 2187 docens,
571 2158 606 2180 se
623 2158 694 2179 esse
710 2147 814 2187 viam,
835 2148 963 2179 docens
979 2147 1074 2188 item,

84 2210 121 2232 se
144 2198 195 2230 ire
221 2198 262 2229 ad
285 2203 438 2241 patrem,
466 2204 569 2242 atque
588 2198 633 2231 ita
651 2198 700 2231 ire
717 2198 758 2230 ad
779 2204 930 2241 patrem,
957 2199 1073 2243 utqui

84 2249 128 2282 ad
145 2249 247 2281 illum
264 2248 404 2281 venturi
422 2249 510 2287 sint,
538 2260 610 2281 non
631 2256 759 2293 queant
778 2249 845 2282 nisi
858 2276 867 2290 ,
893 2261 955 2293 per
971 2247 1073 2282 chri-

84 2306 189 2333 stum.
252 2298 345 2331 'l'um
371 2299 483 2332 oritur
507 2301 683 2344 quaestio,
711 2312 799 2345 quae
822 2301 865 2334 sit
882 2300 992 2343 gloria
1013 2314 1073 2344 pa-

84 2350 173 2384 tris?
224 2348 447 2394 Respondet,
481 2359 613 2394 patrem
640 2352 821 2394 cognosci,
856 2352 884 2384 si
909 2349 1072 2386 Christus

82 2407 329 2444 cognoscatur,
360 2401 381 2435 i.
397 2413 425 2436 e.
445 2402 529 2433 dum
548 2403 694 2435 verbum
712 2400 845 2436 Christi
864 2403 1072 2447 concipitur,

83 2451 234 2485 sentitur
273 2452 383 2494 gloria
424 2453 532 2496 patris
570 2454 804 2497 consolantis,
852 2454 1072 2496 vivificantis,

82 2502 349 2544 sanctificantis,
376 2516 465 2548 quae
481 2505 674 2538 consolatio
695 2505 764 2538 vita
783 2511 922 2538 aeterna
939 2512 999 2541 est.

121 2670 150 2700 ¹)
167 2671 232 2694 Tul».
249 2671 433 2702 probabitur.

519 77 912 116 ANNOTATIONES
938 78 1005 114 ET
1030 79 1312 118 CONCIONES
1340 84 1390 118 IN
1418 84 1604 123 EVANG.
1630 85 1846 124 IOANNIS.

1098 2255 1102 2273 t

1098 2275 1102 2313 l

1095 2653 1098 2696 ἱ

2032 90 2131 126 1174

1301 166 1482 213 Domine,
1516 169 1661 205 ostende
1682 171 1788 206 nobis
1809 177 1963 221 patrem,

1141 243 1287 285 scilicet,
1322 251 1361 279 ut
1387 248 1552 280 certiores
1579 249 1775 281 reddantur
1802 249 2055 290 conscientiae,
2090 249 2127 282 id

1139 301 1209 334 est,
1234 293 1264 326 si
1287 294 1391 328 nobis
1413 294 1613 329 exhibueris
1636 294 1703 331 hoc
1727 298 1885 341 signum,
1913 306 1988 333 tum
2007 300 2126 334 crede-

1138 356 1216 377 mus
1231 343 1275 390 2).
1329 344 1497 378 Nondum
1521 348 1629 380 verbo
1651 355 1836 383 contentus
1860 356 1909 383 est
1926 348 2126 394 Philippus,

1139 395 1196 427 sed
1231 395 1342 438 pergit
1373 404 1510 439 praeter
1533 399 1681 430 verbum
1706 399 1783 432 aliis
1807 401 1922 433 modis
1945 401 2125 446 inquirere

1139 452 1284 493 patrem.
1339 445 1432 489 Quia
1449 449 1589 481 credere
1606 449 1693 482 ratio
1710 462 1781 483 non
1800 456 1929 493 potest,
1954 452 2032 485 ideo
2046 452 2125 485 aliis

1139 496 1252 529 modis
1283 503 1315 530 et
1346 497 1455 541 signis
1483 499 1584 531 reddi
1610 500 1737 533 certior
1761 502 1867 544 cupit.
1926 501 2037 544 Igitur
2059 500 2124 536 hac

1138 547 1378 590 disputatione
1401 550 1619 589 ostenditur,
1648 551 1830 584 certificari
1855 553 1921 585 fide
1942 553 2124 586 conscien-

1139 598 1242 639 tiam,
1271 610 1344 631 non
1375 600 1477 633 aliter
1501 601 1537 633 in
1562 602 1669 635 verbo
1693 599 1908 636 haerendum
1933 615 2023 643 esse,
2050 616 2123 637 non

1138 651 1351 692 expectanda
1379 651 1447 683 alia
1477 652 1574 694 signa
1594 659 1656 686 etc.
1715 650 1904 697 Philippus
1930 655 2054 695 sentit,
2088 666 2124 687 se.

1138 699 1328 733 firmiorem
1362 701 1457 741 sore,
1490 703 1518 734 si
1551 709 1683 746 patrem
1713 711 1852 743 cernat,
1886 717 1964 738 cum
1989 705 2124 749 inquit:

1136 748 1182 783 Et
1206 751 1337 785 sufficit
1359 752 1474 787 nobis.
1527 751 1676 795 Contra,
1707 751 1871 789 Christus
1895 756 2123 789 incredulita-

1137 807 1224 842 tem,
1249 814 1327 834 cum
1345 803 1408 836 ait:
1437 802 1554 837 Tanto
1572 811 1728 849 tempore
1744 806 1926 840 vobiscum
1945 818 2033 848 sum,
2056 806 2078 842 i.
2096 818 2123 841 e.

1136 852 1265 893 doceo,
1293 859 1326 885 et
1349 854 1508 887 nondum
1534 856 1682 889 novistis
1708 868 1781 897 me,
1810 857 1846 890 id
1869 864 1936 898 est,
1961 858 2123 890 nondum

1135 902 1247 944 scitis,
1275 904 1364 937 velle
1389 911 1522 948 patrem
1547 917 1608 948 per
1629 918 1685 938 me
1703 908 1885 949 cognosci,
1912 920 2028 941 meum
2045 919 2123 940 ver-

1136 954 1219 986 bum
1238 966 1309 987 esse
1328 955 1521 999 potentiam
1541 956 1668 999 patris,
1695 957 1733 989 in
1749 970 1819 1001 quo
1839 958 1913 991 solo
1931 959 2007 991 vult
2023 965 2124 1005 pater

1134 1006 1314 1047 cognosci,
1349 1018 1421 1038 non
1451 1007 1562 1039 aliter.
1632 1006 1695 1041 Ait
1718 1008 1813 1040 enim
1840 1006 2122 1044 Mattl1.XV11.:

1134 1053 1239 1088 Hunc
1259 1057 1392 1098 andite3
1420 1063 1452 1090 et
1473 1056 1596 1090 loann.
1615 1057 1658 1092 L:
1685 1057 1798 1091 Filius
1815 1059 1993 1092 enarravit
2009 1059 2124 1100 nobis,

1133 1107 1194 1151 qui
1213 1113 1264 1140 est
1281 1107 1318 1140 in
1337 1107 1417 1141 sinu
1437 1108 1557 1152 patris.

1190 1196 1381 1248 Philippa,
1418 1200 1483 1249 qui
1508 1199 1600 1235 videl
1622 1213 1695 1244 me,
1731 1201 1823 1236 sidet
1846 1207 1876 1236 el
1901 1207 2054 1245 patrem.

1235 1276 1379 1321 Repetit
1397 1278 1612 1321 superiorem
1633 1278 1852 1314 concionem.
1906 1278 1977 1321 Qui
1996 1289 2051 1310 me
2069 1277 2122 1309 vi-

1132 1328 1209 1367 det,
1237 1328 1331 1361 videt
1355 1336 1388 1361 et
1414 1336 1568 1373 patrem,
1597 1330 1619 1363 i.
1637 1342 1665 1365 e.
1691 1342 1769 1363 cum
1789 1338 1886 1374 pater
1901 1330 2121 1363 innotescere

1131 1377 1215 1410 velit
1234 1389 1295 1421 per
1309 1390 1376 1418 me,
1403 1380 1476 1411 noli
1494 1391 1661 1423 quaerere
1677 1380 1783 1413 aliam
1799 1381 1890 1412 viam
1907 1391 2121 1422 eognoscen-

1132 1428 1186 1466 di,
1216 1428 1275 1460 sed
1299 1440 1376 1461 meo
1400 1430 1507 1462 verbo
1531 1430 1653 1470 crede,
1682 1431 1775 1475 quod
1803 1441 1865 1472 ego
1892 1431 1919 1462 is
1945 1431 2032 1472 sim,
2060 1429 2121 1474 qui

1132 1478 1252 1512 sistam
1276 1491 1338 1512 vos
1361 1482 1465 1522 patri.
1518 1479 1587 1513 Per
1609 1492 1665 1512 me
1688 1482 1789 1513 crede
1813 1487 1846 1513 te
1870 1487 2057 1514 venturum
2077 1480 2119 1512 ad

1132 1536 1287 1573 patrem,
1322 1536 1396 1563 tum
1427 1541 1614 1573 cognosces
1646 1537 1801 1574 patrem,
1835 1531 2022 1574 experieris
2053 1530 2121 1563 fide

1132 1580 1326 1624 potentiam
1353 1588 1386 1614 et
1403 1581 1679 1615 misericordiam
1699 1582 1824 1625 patris,
1851 1581 1978 1615 senties
1995 1592 2120 1614 conso-

1132 1631 1263 1664 lantem
1289 1638 1321 1664 et
1345 1631 1589 1667 vivificantem.
1656 1631 1746 1666 Vult
1769 1639 1867 1676 pater
1893 1633 1986 1665 credi
2011 1632 2119 1665 verbo

1132 1694 1212 1715 meo
1243 1689 1276 1715 et
1306 1683 1485 1715 credentes
1518 1684 1656 1718 salvari.
1728 1682 1872 1716 Interim
1906 1683 2120 1725 crucifigitur

1132 1745 1232 1772 caro,
1269 1745 1347 1765 cum
1384 1740 1418 1767 et
1446 1735 1601 1767 mundus
1630 1735 1776 1767 verbum
1810 1734 2051 1778 persequitur,
2087 1739 2120 1765 et

1131 1784 1303 1827 permittit
1323 1783 1438 1825 Deus,
1467 1792 1504 1818 ut
1530 1785 1566 1817 in
1593 1792 1731 1818 sanctos
1755 1785 1941 1818 saeviatur.
1996 1783 2119 1817 Cruci-

1131 1835 1249 1877 sigitur
1273 1834 1375 1874 item,
1409 1848 1486 1868 cum
1512 1836 1549 1868 in
1575 1836 1844 1880 quibuscunque
1867 1835 2119 1868 afflictionibus

1131 1886 1394 1919 consistendum
1430 1893 1481 1919 est
1510 1887 1596 1925 fide,
1639 1899 1702 1920 nec
1734 1887 1945 1930 expectanda
1975 1886 2118 1919 aliunde

1131 1937 1342 1977 consolatio,
1368 1939 1668 1981 quemadmodum
1695 1944 1725 1970 et
1753 1937 1824 1969 sola
1849 1937 1915 1970 side
1938 1949 1972 1970 se
1992 1948 2118 1970 conso-

1130 1989 1248 2020 lantur
1283 1989 1412 2028 sancti,
1447 1989 1676 2028 occiduntur,
1709 1988 1932 2030 moriuntur,
1966 1995 2004 2021 ut
2029 1988 2118 2021 Psal.

1129 2037 1226 2072 XV.:
1270 2038 1504 2071 Providebam
1534 2039 1719 2072 dominum
1751 2039 1786 2070 in
1819 2045 2006 2083 conspectu
2039 2051 2116 2072 meo

1129 2101 1285 2134 semper,
1315 2096 1458 2134 propter
1475 2087 1542 2123 hoc
1560 2090 1724 2124 laetatum
1742 2096 1792 2122 est
1809 2101 1868 2122 cor
1886 2099 2013 2124 meu‘m.

1237 2189 1291 2225 Et
1315 2191 1495 2240 quomodo
1521 2198 1560 2227 lu
1586 2192 1696 2237 dicis,
1731 2195 1875 2232 ostende
1899 2198 2015 2235 nobis.

1229 2267 1389 2308 Scilicet,
1425 2281 1503 2302 cum
1534 2283 1605 2303 non
1637 2272 1681 2305 sit
1706 2273 1773 2306 alia
1802 2274 1857 2307 via
1880 2277 2115 2317 cognoscendi

1127 2327 1260 2364 patrem
1278 2329 1415 2365 praeter
1430 2334 1504 2354 eam
1521 2335 1623 2367 quam
1637 2322 1799 2363 indicavi,
1829 2337 1900 2358 non
1914 2327 2025 2359 credis
2038 2334 2114 2368 ctc.,

1127 2383 1205 2405 cum
1231 2373 1413 2406 docuerim
1439 2385 1494 2405 me
1517 2385 1588 2406 esse
1605 2373 1710 2407 vitam
1731 2382 1762 2407 et
1781 2375 1885 2410 viam.
1940 2375 2018 2409 Non
2037 2389 2113 2411 cre-

1126 2423 1201 2463 dis,
1235 2424 1327 2468 quod
1363 2424 1398 2455 in
1434 2431 1531 2467 patre
1561 2425 1645 2465 sim,
1680 2426 1774 2469 quod
1801 2427 1919 2459 eadem
1944 2427 2113 2462 divinitas

1124 2473 1169 2507 sit
1185 2481 1217 2508 et
1235 2475 1342 2516 patris
1359 2481 1390 2507 et
1408 2485 1495 2513 mea,
1525 2475 1690 2520 quodque
1706 2476 1788 2509 velit
1807 2488 1868 2519 per
1884 2489 1938 2510 me
1950 2479 2111 2522 cognosci

1124 2525 1248 2569 pater?
1311 2523 1430 2567 Quare
1462 2527 1601 2568 cognito
1635 2526 1706 2560 filio
1741 2528 1962 2570 cognoscitur
1990 2530 2113 2574 pater?

1156 2674 1189 2704 2)
1207 2675 1300 2698 secer.
1321 2675 1473 2700 credimus.

1511 2712 1532 2744 7
1540 2711 1562 2745 4
1581 2712 1593 2726 ‘
