2409 2915
83 109 155 143 261
602 108 684 143 XII.

76 193 217 226 credere
231 193 431 228 testimonio
441 193 706 237 Apostolorum,
727 193 814 228 sicut
827 200 858 227 et
870 191 990 229 lohan.
1005 192 1060 229 17.

74 243 124 278 ait
139 241 319 278 Christus:
347 244 427 278 Non
444 256 506 287 pro
523 241 578 277 his
594 250 731 278 tantum
749 256 852 287 rogo,
878 246 936 277 sed
954 245 1057 277 etiarn

74 306 140 337 pro
173 295 357 329 credituris
383 306 443 336 per
465 296 610 329 verbum
647 307 767 329 eorum
794 296 831 328 in
858 307 922 328 nie.
988 293 1057 328 Hic

74 345 165 378 clare
190 352 335 379 testatur
349 343 542 378 Ecclesiam
566 357 638 379 esse
659 357 732 378 non
751 352 885 379 tantum
903 343 1056 389 Aposto-

74 395 144 436 los,
169 396 228 440 qui
252 396 366 439 ipsum
389 395 618 435 audiverunt,
643 397 704 429 sed
727 396 829 429 etiam
854 396 1054 429 universam

74 446 354 486 multitudinem,
377 458 465 491 quae
481 445 838 490 auditEvangelium,
864 448 956 491 quod
972 459 1054 490 pro-

72 501 209 539 ponunt
229 495 400 539 Apostoli.
453 495 547 530 Huic
573 498 679 531 verbo
704 497 779 530 vult
801 509 865 530 nos
883 497 1055 538 assentiri,

71 557 135 578 nec
153 553 289 588 praeter
307 545 373 580 hoc
388 548 532 580 verbum
551 547 684 593 requiri
701 559 809 581 novas
827 548 1054 581 revelationes

70 603 129 630 aut
146 608 247 629 voces
264 598 306 630 de
324 598 440 637 coelo,
468 605 505 631 ut
523 599 660 641 fingunt
675 596 938 642 Anabaptistae.

171 646 295 688 Porro,
317 661 420 693 quam
437 649 578 682 difficile
595 649 637 682 sit
653 647 828 682 humanae
845 649 953 682 menti
968 661 1052 682 con-

69 696 189 730 sistere
219 698 254 730 in
289 696 354 731 hoe
387 700 461 742 ipso
494 701 620 738 verbo,
663 701 818 743 exempla
852 701 1053 740 ostendunt,

68 747 149 792 quia
169 749 311 791 plurimi
327 747 487 783 homines
503 751 669 783 deficiunt
686 762 702 782 a
722 750 820 788 Deo,
847 751 927 794 quia
945 762 1052 795 quae—

67 805 152 831 runt.
169 799 235 832 alia
253 812 343 833 nova
363 801 561 833 testimonia
578 802 620 834 de
638 801 820 834 voluntate
836 799 913 836 Dei.
966 800 1052 835 Saul

67 848 212 891 cegitat,
240 850 304 883 etsi
322 850 416 884 Deus
441 858 489 884 est
512 851 728 891 misericors,
752 859 868 885 tamen
892 851 958 884 sibi
979 863 1051 883 non

67 899 218 942 ignosci,
251 901 331 945 quia
364 903 536 935 deseritur
569 903 605 934 in
637 903 779 945 praelio.
848 901 915 934 Hic
947 902 1049 935 etiam

67 950 193 983 amissa
213 951 370 992 victoria,
400 953 534 985 amissis
549 954 714 985 omnibus
731 953 911 992 creaturis,
933 958 1049 985 tamen

66 999 179 1033 Deum
212 1002 361 1035 abiicere
388 1015 459 1035 non
487 1004 646 1037 debebat.
701 1003 768 1037 Sed
794 1003 943 1036 retinere
966 1015 1049 1046 pro-

66 1051 290 1092 missionem,
318 1066 385 1097 qua
411 1061 513 1087 norat
532 1055 737 1098 promissam
756 1066 826 1086 esse
844 1053 1049 1085 reconcilia-

65 1101 197 1135 tionem
229 1110 261 1136 et
294 1104 399 1136 vitam
431 1112 606 1138 aeternam
639 1112 782 1148 propter
809 1104 1048 1138 mediatorem.

64 1151 178 1186 David
205 1154 331 1187 amisso
354 1166 477 1197 regno,
505 1162 537 1188 et
562 1157 656 1199 quod
682 1155 794 1188 multo
819 1161 890 1187 erat
915 1154 1048 1187 tristius

65 1209 98 1236 et
129 1203 343 1242 luctuosius,
385 1212 506 1238 exutus
536 1206 666 1248 gloria,
700 1218 766 1249 qua
801 1205 1047 1238 antecelluerat

65 1254 229 1287 omnibus
254 1253 457 1288 hominibus
479 1267 561 1288 suae
581 1256 720 1295 aetatis,
747 1263 863 1288 tamen
884 1255 1048 1297 intelligit

63 1315 98 1336 se
118 1316 192 1336 non
212 1305 336 1338 debere
353 1318 371 1338 a
391 1305 464 1338 Deo
482 1306 647 1345 deficere,
674 1318 745 1338 non
764 1317 923 1338 accusare
934 1304 1046 1338 Deum

63 1354 255 1394 mendacii,
289 1357 347 1388 sed
382 1357 581 1389 meminisse
614 1356 872 1399 promissionis,
911 1355 947 1387 in
979 1368 1046 1400 qua

64 1403 210 1437 offertur
232 1407 398 1439 omnihus
421 1407 580 1439 remissio
607 1414 825 1450 peccatorum
851 1412 883 1439 et
902 1406 971 1439 vita
990 1418 1045 1438 ae—

65 1461 181 1495 terna,
209 1456 267 1500 qui
286 1456 352 1489 fide
369 1458 409 1489 ad
431 1456 543 1489 Deum
562 1459 721 1492 redeunt.

167 1505 207 1538 ln
238 1506 297 1539 tali
328 1519 439 1550 agone
469 1514 501 1540 et
524 1508 615 1540 lucta
638 1508 803 1547 discitur,
839 1513 968 1552 quanta
995 1506 1046 1539 vis

63 1562 105 1590 sit
131 1553 235 1590 huius
259 1557 357 1590 dicti:
393 1557 493 1591 Beati
524 1558 584 1603 qui
609 1571 681 1591 non
703 1558 840 1597 vident,
872 1565 903 1590 et
928 1565 1044 1590 tamen

63 1607 222 1640 credunt.
276 1607 444 1641 Nondum
468 1609 562 1642 videt
583 1608 697 1642 David
722 1620 757 1641 se
781 1608 884 1650 recipi
911 1608 946 1640 in
968 1619 1045 1651 gra-

63 1657 167 1699 tiam,
196 1670 275 1690 cnm
293 1659 480 1701 expellitur
505 1660 542 1691 in
567 1659 730 1699 exilium,
757 1671 836 1692 curn
853 1659 945 1690 filins
962 1670 1046 1690 con-

62 1708 209 1741 taminat
225 1708 299 1741 eius
315 1709 499 1751 coniuges,
526 1722 604 1742 cum
622 1711 787 1741 adversus
806 1716 937 1752 patrem
955 1708 1045 1752 capit

62 1770 172 1791 arma.
238 1757 332 1791 Haec
363 1757 537 1792 horrenda
564 1760 756 1803 spectacula
785 1759 869 1791 fides
893 1765 1045 1802 superat,

61 1815 94 1842 et
118 1809 237 1842 statuit
261 1816 377 1842 tamen
403 1810 469 1843 sibi
494 1810 623 1844 remitti
650 1817 804 1853 peccata,
832 1816 864 1842 et
891 1817 1045 1852 expectat

60 1859 311 1902 mitigationem
330 1872 535 1904 poenarum.

164 1908 240 1941 Hoc
268 1912 464 1951 exemplum
491 1911 624 1944 utiliter
649 1912 749 1943 docet
773 1911 864 1953 pios,
902 1917 932 1943 et
959 1921 1044 1942 con-

60 1961 172 1993 firmat
195 1960 311 1994 fidem.
367 1961 433 1995 Sed
462 1959 516 1994 hic
540 1974 626 2004 opus
651 1969 700 1994 est
724 1969 813 1994 recte
839 1968 956 1994 tenere
980 1961 1044 1992 do-

61 2011 208 2044 ctrinam
228 2010 411 2053 Evangelii
436 2014 476 2045 de
501 2012 702 2045 remissione
726 2019 964 2055 peccatorum,
992 2011 1043 2042 vi-

62 2061 204 2098 delicet,
230 2063 324 2105 qnod
351 2061 432 2095 haec
455 2063 495 2095 sit
515 2072 652 2095 aeterna
670 2070 701 2095 et
719 2062 949 2095 immutabilis
964 2073 1042 2093 sen-

64 2112 170 2144 tentia
194 2110 395 2155 Evangelii,
429 2120 462 2145 et
490 2114 547 2157 qni
584 2126 653 2145 non
680 2120 901 2156 perseverant
923 2112 959 2144 in
984 2113 1042 2143 de-

63 2162 154 2194 lictis
185 2169 303 2195 contra
329 2164 597 2202 conscientiam,
631 2165 688 2196 sed
718 2163 953 2206 perterrefacti
983 2174 1042 2205 pe—

62 2219 141 2246 tunt
165 2212 407 2246 remissionem
429 2226 506 2246 vere
527 2221 561 2247 et
577 2221 668 2247 certo
687 2226 761 2246 eam
782 2220 1044 2257 consequuntur

62 2269 205 2311 propter
221 2262 349 2296 Filium
366 2263 430 2297 Dei
449 2264 572 2306 gratis,
598 2265 665 2297 fide
678 2292 686 2304 ,
713 2276 783 2297 non
803 2271 945 2308 propter
962 2275 1044 2307 pro—

61 2325 154 2357 prtas
171 2321 327 2349 virtutes.

164 2362 258 2398 Haec
281 2365 364 2398 fides
389 2366 535 2398 antefert
554 2365 719 2397 omnibus
738 2366 901 2407 peccatis,
926 2364 1043 2396 omni-

63 2415 128 2447 bus
143 2416 354 2456 terroribus,
382 2424 413 2449 et
429 2416 593 2448 omnibus
611 2416 788 2455 creaturis,
816 2413 882 2447 hoc
903 2415 1043 2447 inenar-

63 2465 173 2499 rabile
194 2478 340 2506 munus,
371 2468 464 2512 qnod
491 2466 602 2499 Filius
624 2466 687 2500 Dei
713 2479 775 2510 pro
803 2466 905 2498 nobis
929 2466 965 2498 fit
991 2465 1043 2497 vi-

63 2515 178 2550 ctima.
232 2515 305 2549 Hac
329 2529 364 2550 se
388 2517 627 2550 consolatione
649 2529 746 2549 mens
771 2517 927 2559 erigens,
953 2523 987 2550 et
1007 2527 1042 2549 se

63 2567 187 2599 fiducia
213 2567 489 2607 misericordiae,
532 2575 674 2611 propter
697 2568 828 2602 Filium
853 2566 1041 2610 promissae

64 2623 278 2655 sustentans,
313 2619 438 2662 accipit
470 2618 640 2662 Spiritum
670 2625 847 2659 sanctum,
881 2618 970 2651 sicut
997 2618 1039 2650 ad

66 2666 145 2702 Gal.
169 2669 201 2701 3.
231 2669 396 2712 scriptum
427 2675 495 2707 est,
524 2667 570 2703 Ut
604 2669 870 2712 promissionem
900 2668 1041 2713 spiritus

735 106 1128 143 ANNOTATIONES
1157 105 1206 141 IN
1227 105 1556 145 EVANGELICA.

2016 116 2089 151 262

1108 191 1318 236 accipiamus
1341 205 1402 237 per
1424 194 1538 229 fidem.
1591 193 1728 229 Deinde
1743 197 1840 241 sequi
1861 210 1986 231 novam
2005 202 2087 233 obe—

1109 242 1276 275 dientiam
1302 250 1335 276 et
1360 243 1531 276 iusticiam
1559 249 1669 279 bonae
1691 247 1923 281 conscientiae
1941 258 2089 293 oportet,

1107 305 1195 338 quae
1219 294 1364 326 docetur
1387 294 1423 326 in
1447 297 1638 338 praeceptis
1656 297 1735 337 Dei,
1762 305 1793 332 et
1816 311 2015 344 quanquam
2038 308 2086 334 est

1106 341 1221 376 adhuc
1238 343 1458 387 imperfecta,
1486 351 1601 378 tamen
1621 347 1731 389 placet
1748 348 1783 380 in
1802 351 1931 383 renatis
1947 359 2087 395 propter

1107 394 1346 429 mediatorem.

1209 443 1303 478 Haec
1328 457 1462 478 summa
1480 445 1660 489 Evangelii
1684 458 1784 490 saepe
1805 448 1840 480 in
1860 447 2013 482 Ecclesia
2031 462 2085 484 re-

1107 495 1248 528 citanda
1272 503 1340 536 est,
1365 502 1404 529 ut
1428 497 1593 529 omnibus
1620 497 1676 530 fiat
1698 497 1966 533 familiarissime
1993 508 2085 537 nota.

1106 544 1153 579 Et
1176 546 1310 588 integra
1333 546 1503 580 sententia
1527 554 1687 581 sumatur
1703 560 1741 581 ex
1759 548 1800 580 iis
1816 549 1970 592 scriptis,
2000 563 2086 594 qnae

1106 602 1212 629 totam
1232 597 1504 630 controversiam
1522 598 1717 639 declarant,
1745 606 1776 631 et
1793 607 2003 634 moneantur
2022 598 2085 633 ho-

1107 647 1228 686 mines,
1249 653 1287 680 ut
1303 647 1437 680 discant
1453 645 1543 680 hanc
1558 650 1743 682 salutarem
1760 650 1956 683 doctrinam
1972 657 2085 684 trans-

1104 697 1194 730 ferre
1212 698 1252 730 ad
1271 709 1383 741 usum,
1412 699 1555 731 redeant
1571 701 1611 731 ad
1624 699 1736 732 Deum
1754 712 1813 742 per
1826 701 2087 744 poenitentiam,

1105 754 1136 781 et
1154 748 1219 780 fide
1237 756 1426 791 agnoscant
1443 749 1607 782 beneficia
1625 748 1755 782 Christi
1768 777 1775 790 ,
1803 763 1840 783 ac
1853 750 1966 785 Deum
1983 753 2085 785 invo-

1104 805 1181 831 cent
1200 799 1324 831 fidncia
1341 799 1601 832 misericordiae
1618 800 1808 844 promissae
1827 810 1968 845 propter
1979 800 2084 836 Chri-

1104 856 1216 887 stum,
1251 850 1339 883 sicut
1362 848 1489 882 Daniel
1513 857 1600 884 orat.
1664 849 1742 883 Non
1767 859 1909 898 propter
1934 853 2085 886 iusticias

1104 907 1239 932 nostras
1269 900 1394 933 exaudi
1428 911 1510 938 nos,
1545 902 1601 933 sed
1637 909 1778 944 propter
1808 903 2083 938 misericordiam

1104 957 1218 989 tuam,
1245 962 1284 983 ac
1308 957 1449 994 propter
1473 952 1681 993 promissum
1704 950 1911 988 Dominum.
1966 954 2005 987 In
2032 954 2085 990 his

1103 1000 1275 1033 exercitiis
1299 1008 1329 1033 et
1355 1001 1526 1033 illustrior
1542 1009 1573 1034 et
1590 1002 1726 1034 dulcior
1744 999 1826 1035 haec
1843 1004 2002 1039 doctrina
2019 1007 2085 1049 piis

1103 1051 1277 1084 mentibus
1295 1051 1370 1085 erit.
1425 1050 1512 1084 Nam
1531 1051 1778 1095 necEpicurei‚
1802 1065 1863 1086 nec
1882 1051 2084 1102 hypocritae

1101 1102 1259 1134 fascinati
1282 1102 1354 1134 suis
1371 1101 1522 1142 deliriis,
1551 1103 1752 1146 intelligunt
1770 1101 1859 1137 hanc
1877 1106 2082 1149 sapientiam

1099 1150 1274 1185 Ecclesiae
1293 1152 1482 1196 propriam.

1274 1252 1492 1292 Dominica
1523 1253 1574 1293 11.
1605 1259 1697 1305 post
1727 1255 1910 1296 Pascha.

1338 1317 1570 1361 Evangelinm
1592 1316 1762 1351 lobannis
1783 1321 1837 1354 10.

1150 1382 1236 1429 Ego
1269 1396 1349 1417 sum
1372 1389 1500 1430 pastor
1525 1383 1661 1424 bonus,
1696 1383 1826 1418 Bonus
1847 1393 1975 1432 pastor
1999 1392 2084 1423 ani.

1200 1447 1298 1467 mam
1323 1447 1429 1467 suam
1451 1434 1554 1479 puni!
1572 1447 1638 1480 pro
1655 1435 1796 1477 oribus,
1824 1435 2082 1476 ,Mercenarius

1201 1490 1320 1518 aulem
1338 1490 1367 1518 et
1385 1484 1451 1531 qui
1465 1498 1537 1518 non
1554 1490 1603 1518 est
1617 1491 1761 1531 pastor,
1789 1488 1890 1521 cuius
1908 1501 1979 1523 non
1997 1498 2082 1526 sunl

1202 1548 1280 1569 oves
1309 1536 1498 1582 propriae,
1533 1534 1626 1568 cide!
1657 1535 1783 1583 lupum
1809 1539 2017 1582 venientem,
2052 1550 2082 1577 et

1200 1584 1329 1619 deserit
1354 1599 1452 1627 oves,
1480 1591 1510 1620 el
1529 1586 1656 1633 fagil,
1685 1592 1714 1620 el
1737 1587 1845 1635 lupus
1865 1591 1961 1636 rapit
1981 1591 2081 1635 illas,

1201 1641 1230 1670 el
1253 1635 1429 1683 dispergit
1452 1649 1541 1672 oves,
1599 1636 1857 1671 Illercenarius
1880 1645 2082 1692 autemsa-

1197 1687 1271 1732 git,
1298 1687 1386 1733 quia
1410 1689 1652 1721 mercenarius
1675 1692 1743 1729 est,
1771 1694 1801 1721 el
1824 1701 1895 1722 non
1917 1698 2002 1725 sunl
2021 1693 2083 1728 illi

1201 1749 1306 1771 curae
1328 1750 1417 1771 oses.
1458 1736 1544 1783 Ego
1566 1751 1646 1772 sum
1668 1743 1796 1785 pastor
1812 1738 1947 1782 honus,
1975 1749 2005 1776 el
2025 1757 2082 1778 co-

1198 1800 1332 1833 gnosco
1355 1801 1470 1828 meas,
1505 1793 1535 1821 el
1561 1801 1754 1835 cognoscor
1780 1803 1802 1822 a
1825 1791 1923 1826 meis.
1976 1794 2078 1829 Sicu!

1201 1839 1298 1872 noi-1¹!
1322 1851 1376 1872 me
1398 1844 1519 1885 paler,
1546 1844 1576 1872 el
1601 1851 1664 1886 ego
1685 1852 1843 1885 agnosco
1865 1846 2022 1886 postem,
2050 1853 2080 1880 et

1199 1889 1366 1922 (enimam
1390 1902 1506 1922 meam
1527 1903 1623 1936 pono
1640 1903 1708 1937 pro
1733 1890 1867 1926 oribus.
1909 1891 1961 1926 Iit
1979 1896 2079 1930 allas

1200 1953 1278 1973 oves
1299 1938 1432 1981 habeo,
1461 1953 1552 1988 quae
1578 1954 1650 1974 non
1674 1947 1759 1975 sunl
1778 1939 1901 1977 «ελ-[ωε
1918 1957 1951 1977 οι
1962 1945 2022 1987 ili,
2050 1954 2079 1981 et

1200 1989 1291 2024 illas
1318 1995 1452 2037 oportet
1477 2003 1530 2023 me
1551 1989 1747 2033 adducere,
1773 1998 1803 2026 el
1829 2006 1940 2028 rocem
1963 2010 2078 2032 meam

1200 2040 1372 2083 audient,
1400 2039 1504 2086 etfiel
1523 2055 1633 2075 unum
1651 2042 1758 2083 ovile,
1785 2049 1815 2077 el
1833 2057 1926 2079 unus
1940 2054 2079 2092 paslor,

1150 2110 1233 2144 Loci
1254 2113 1413 2157 quatuor
1429 2117 1510 2142 suut
1530 2110 1717 2153 praecipui.

1252 2177 1274 2211 l.
1330 2176 1517 2210 politicum
1554 2185 1772 2221 praeceptum
1803 2181 1844 2211 de
1877 2181 2077 2217 discrimine

1303 2229 1588 2271 gubernatorum.

1255 2278 1298 2314 ll.
1331 2277 1540 2318 Evanwdica
1559 2279 1716 2310 ‹locu-ina
1730 2279 1957 2313 discernenda
1977 2296 1993 2314 a
2015 2296 2075 2324 ρο-

1300 2330 1410 2366 litica„
1433 2331 1474 2361 dc
1498 2337 1631 2371 pastore
1650 2328 1788 2364 Messia.
1842 2329 1884 2365 Et
1905 2333 2016 2376 qualis
2033 2335 2073 2367 sit

1302 2387 1417 2424 pastor
1434 2378 1588 2412 Messias.

1251 2430 1315 2464 ΙΙΙ.
1370 2430 1463 2472 Ouid
1485 2430 1527 2462 sit
1547 2427 1711 2463 Ecclesia.

1250 2480 1332 2515 llll.
1374 2481 1468 2523 Quid
1487 2480 1700 2523 significetur
1715 2493 1775 2524 per
1795 2481 1988 2517 ianitorem.

1488 2564 1532 2587 De
1566 2563 1680 2593 primo.

1198 2614 1304 2649 Initio
1318 2615 1498 2648 sciendum
1512 2621 1558 2646 cst
1573 2614 1693 2655 ingens
1705 2614 1888 2649 discrimen
1901 2628 1971 2650 esse
1984 2619 2073 2653 inter

1095 2667 1290 2701 doctrinam
1324 2664 1498 2709 politicam
1530 2671 1561 2696 et
1588 2662 1837 2706 Exmigeliuirn,
1874 2668 1931 2700 sed
1959 2676 2071 2703 tamen

1385 2714 1427 2747 17
1448 2713 1461 2728 ’
