2409 2915
285 110 353 144 171

608 189 630 213 D
650 194 665 212 e
711 194 724 211 s
743 192 758 210 e
775 192 790 210 c
809 192 826 209 u
845 191 862 209 n
881 185 898 209 d
920 190 944 210 o.

388 237 516 269 Beatus
541 232 602 278 qui
627 232 664 264 in
688 241 743 263 me
770 241 841 263 non
865 229 969 262 suerit
1001 229 1270 268 scandalizatus,
1292 184 1296 269 1

288 285 450 320 Offendit
467 294 588 318 omnes
611 282 786 326 sapientes
814 280 951 313 infirma
977 280 1107 323 species
1123 278 1268 313 Christi.
1294 295 1296 305 ν

288 336 335 371 Et
361 336 479 369 iudaei
516 335 618 376 longe
651 332 756 366 aliam
782 331 1070 374 imaginationem
1095 331 1137 363 de
1162 342 1269 373 regno
1294 311 1297 349 l

287 387 438 421 Blessiae
453 383 643 419 habebant.
696 383 780 416 Ideo
798 383 962 414 admonet
979 393 1062 421 nos,
1091 393 1135 413 ne
1158 381 1270 413 offen-

289 439 416 470 damur
434 433 496 469 hac
514 435 653 468 infirma
670 433 799 478 specie,
828 439 860 465 et
877 433 977 464 docet
993 443 1171 475 opponere
1189 443 1270 464 vera

288 487 508 527 testimonia,
535 486 665 518 scilicet
682 483 781 516 verbi
802 489 833 515 ct
855 482 1120 515 miraculorum.

391 535 454 570 Est
470 544 502 570 et
519 536 643 569 similis
663 533 840 567 Ecclesiae
856 533 1004 576 species,
1038 545 1125 577 quae
1147 540 1195 565 est
1216 532 1270 563 in-

287 590 399 628 firma,
417 598 636 623 aerumnosa,
653 585 831 628 dissipata.
883 582 965 616 Ideo
985 581 1040 616 hic
1058 583 1158 616 dicit:
1178 582 1270 615 Pau—

287 640 430 684 peribus
456 637 732 680 evangelizatur,
774 634 972 677 significans
999 634 1112 679 qualis
1139 634 1181 666 sit
1204 631 1272 665 Ec—

288 690 402 724 clesia.

387 738 559 772 Recenset
578 743 692 770 autem
711 743 744 770 et
761 733 828 769 hoc
845 736 935 768 inter
953 735 1139 772 miracula,
1177 734 1271 778 quod

288 789 443 824 Ecclesia
462 788 505 821 sit
525 787 603 820 talis
619 794 748 821 coetus.
802 786 890 819 Nam
909 794 942 820 et
959 783 1155 829 Prophetae
1183 785 1272 818 inter

288 842 384 884 signa
403 838 552 872 Messiae
569 845 602 871 et
621 837 790 870 miracula
809 835 894 869 haec
916 843 1130 881 posuerunt,
1149 842 1180 868 et
1193 834 1270 867 Ma-

289 893 338 925 ria
370 890 500 935 inquit:
545 888 723 922 Exaltaxit
752 886 914 920 humiles.
975 887 1147 929 Magnum
1176 886 1269 918 enim

289 941 498 975 miraculum
521 947 588 979 est,
625 940 719 984 quod
748 939 881 981 colligit
900 937 995 970 Deus
1013 936 1204 970 Ecclesiam
1233 949 1271 968 ex

288 993 444 1031 miseris,
475 991 641 1030 abiectis,
675 989 917 1028 credentibus,
951 995 983 1020 et
1009 985 1099 1020 hanc
1123 987 1272 1031 opponit

288 1043 464 1088 potentiae
482 1041 614 1074 diaboli
635 1047 667 1073 et
684 1040 830 1077 mundi,
860 1047 891 1072 et
910 1039 1082 1082 glorificat
1100 1050 1174 1070 eam
1197 1050 1271 1070 ma-

288 1095 365 1139 gnis
389 1093 572 1135 operibus,
605 1098 637 1125 et
664 1097 858 1124 conservat.
910 1090 1009 1123 Sicut
1032 1088 1191 1121 Psalmus
1216 1089 1272 1120 in-

288 1145 380 1191 quit:
400 1143 566 1177 Mirificat
582 1141 677 1175 Deus
693 1148 849 1174 sanctum
867 1152 981 1175 suum.
1025 1139 1170 1173 {nterim
1189 1151 1270 1172 vero

288 1202 436 1240 pereunt
453 1191 663 1227 monarchae
681 1199 713 1226 et
735 1199 901 1235 potenteS.

389 1245 572 1278 Praeterea
591 1243 656 1287 ipsi
677 1243 857 1276 credentes
882 1241 1087 1285 intelligunt
1111 1238 1178 1273 hoc
1199 1251 1272 1273 esse

287 1295 464 1339 singulare
487 1302 520 1329 et
545 1294 795 1327 admirandum
823 1304 910 1337 opus
934 1291 1019 1332 Dei,
1056 1292 1150 1337 quod
1176 1290 1271 1323 Deus

883 100 1008 134 PHlL.
1036 98 1151 134 MEL,
1181 97 1389 135 SCRIPTA
1417 97 1713 135 EXEGETICA.

288 1347 447 1384 exaudit,
475 1345 633 1389 respicit,
660 1345 814 1377 vivificat
830 1343 996 1386 afflictos,
1025 1344 1118 1388 quod
1138 1342 1173 1374 in
1197 1341 1269 1374 sola

286 1396 443 1431 Ecclesia
463 1398 618 1433 docetur,
638 1403 670 1428 et
688 1395 853 1428 omnibus
872 1392 1091 1433 hominibus,
1105 1399 1137 1425 et
1154 1392 1271 1425 omni-

287 1448 354 1482 bus
372 1447 536 1491 gentibus
552 1447 710 1490 ignotum
727 1451 797 1485 est,
825 1445 956 1487 ignaris
973 1443 1170 1487 Evangelii.

643 1521 701 1545 De
740 1519 914 1544 tertio.

389 1574 597 1610 Constantia
622 1571 792 1607 Iohannis
820 1578 968 1606 ornatur
998 1573 1134 1616 egregio
1167 1586 1272 1606 enco-

287 1627 378 1664 mio,
406 1638 510 1671 quam
529 1625 604 1658 vult
629 1624 787 1668 exemplo
811 1634 885 1656 esse
913 1624 1121 1657 docentibus
1152 1625 1186 1657 in
1205 1623 1271 1658 Ec-

286 1677 402 1710 clesia.
455 1674 610 1709 Econtra
629 1674 789 1708 aularum
807 1673 977 1717 sapientia
997 1681 1066 1714 est,
1094 1675 1272 1708 inflectere

287 1739 322 1761 se
347 1729 388 1760 ad
415 1727 516 1760 navis
538 1726 630 1760 latus
648 1725 798 1758 felicius.
851 1722 897 1757 Et
913 1725 1078 1758 omnibus
1101 1726 1272 1759 aetatibus

287 1778 434 1818 accidit,
460 1784 499 1811 nt
517 1777 617 1810 aulae
635 1776 814 1809 voluerint
834 1776 1058 1819 attemperari
1084 1776 1272 1820 religiones

288 1830 330 1862 ad
361 1839 440 1861 suas
472 1828 657 1867 utilitates,
692 1833 725 1860 et
753 1826 988 1859 inveniuntur
1010 1827 1098 1859 levia
1122 1828 1272 1869 ingenia,

289 1891 376 1924 quae
393 1878 551 1912 serviunt
565 1877 770 1921 Principum
789 1877 1053 1919 cupiditatibus.
1100 1877 1168 1911 Sed
1188 1875 1271 1910 hor-

287 1936 381 1963 tatur
403 1940 524 1961 omnes
550 1929 709 1961 doctores
734 1925 914 1965 Christus,
954 1935 991 1960 ut
1019 1926 1162 1960 loannis
1187 1940 1270 1961 con—
1296 1954 1299 1970 ι

289 1981 451 2014 stantiam
473 1979 665 2013 imitentur.
1296 1974 1299 2042 Ι

1296 2052 1299 2066 l

632 2052 687 2075 De
743 2053 933 2081 quarto.

390 2105 441 2139 De
457 2105 572 2139 officio
593 2103 733 2137 loannis
745 2131 753 2143 ,
771 2110 805 2136 et
823 2103 1010 2136 collatione
1027 2100 1175 2143 Clu-isti,
1191 2103 1269 2137 Non

289 2158 438 2192 surrexit
455 2156 585 2195 maior,
602 2155 734 2188 scilicet
753 2155 789 2186 in
807 2155 934 2189 officio.
980 2152 1051 2187 Etsi
1072 2155 1165 2186 euim
1184 2154 1270 2188 Pro-

288 2206 411 2253 phetae
428 2208 572 2240 suerunt
590 2207 840 2249 gubernatores
864 2205 1018 2249 politici,
1048 2213 1080 2238 et
1106 2218 1270 2249 repurga-

287 2267 379 2292 tores
400 2257 594 2300 Ecclesiae,
610 2263 641 2289 et
658 2257 817 2289 doctores
837 2254 1039 2298 Evangelii,
1064 2263 1178 2288 tamen
1199 2270 1269 2289 non

289 2311 518 2343 incoaverunt
545 2314 656 2340 totum
681 2307 915 2340 ministerium
943 2307 1024 2339 novi
1043 2306 1271 2346 Testamenti,
1296 2334 1297 2338 ,

288 2360 469 2399 videlicet,
485 2358 778 2403 praedicationem
790 2357 970 2399 Evangelii
989 2365 1021 2391 et
1040 2357 1271 2402 Baptismum,
1295 2390 1297 2417 γ

290 2423 361 2444 11011
389 2410 619 2443 ostenderunt
642 2416 856 2451 praesentem
879 2407 1080 2447 Christum,
1117 2421 1188 2441 non
1216 2411 1269 2442 iu-
1295 2439 1296 2442 ,

290 2467 480 2495 coaverunt
495 2459 727 2494 universalem
744 2460 961 2492 vocationem
980 2461 1148 2501 gentium.
1294 2472 1296 2510 J

393 2512 499 2554 Quod
518 2518 631 2544 autem
650 2511 745 2543 addit
765 2507 944 2549 (Ttirisius,
979 2512 1050 2553 Qui
1079 2511 1196 2543 minor
1220 2518 1266 2544 est
1293 2515 1296 2546 1

292 2564 326 2595 in
346 2575 451 2604 regno
468 2563 667 2600 coelorum,
693 2561 805 2593 maior
822 2569 870 2593 est
890 2574 949 2599 eo,
985 2560 1049 2594 hoc
1073 2562 1204 2594 dictum
1230 2563 1272 2594 de.
1297 2554 1300 2591 1

290 2625 435 2658 persona
453 2611 584 2646 Christi
602 2612 780 2655 intelligo.
808 2612 867 2657 qui
887 2620 982 2645 vocat
999 2624 1069 2645 sese
1085 2613 1270 2655 minorem,

287 2665 366 2709 quia
388 2676 507 2696 revera
525 2662 687 2697 Christus
706 2675 786 2696 vera
804 2663 919 2696 cordis
939 2661 1138 2696 humilitate
1164 2664 1270 2697 vincit

1296 2089 1407 2140 iergo
1445 2104 1562 2141 postea
1603 2108 1673 2128 non
1715 2102 1764 2129 est
1800 2095 2060 2139 praedicanda?

1296 2159 1298 2163 ·
1326 2148 1479 2181 breviter
1503 2149 1543 2180 ad
1570 2147 1793 2180 antecedens:
1824 2145 1967 2179 Dictum
1985 2146 2143 2190 loquitur
2161 2146 2310 2190 de—poli-

2235 101 2306 136 172

1318 196 1440 218 omnes
1462 185 1604 227 angelos
1634 192 1668 219 et
1690 183 1868 225 homines,
1909 185 2001 219 Cum
2034 186 2128 219 enim
2156 186 2306 230 perfecte

1321 236 1418 268 norit
1446 242 1598 279 patrem,
1632 236 1884 280 perfectissime
1914 236 2041 270 tribuit
2073 237 2104 269 ei
2127 247 2305 271 summum
2349 254 2352 257 Δ

1322 284 1512 326 honorem,
1539 293 1570 319 et
1592 298 1626 319 se
1650 287 1742 319 infra
1766 298 1846 319 eum
1871 287 1992 320 abiicit
2016 287 2174 329 longius,
2201 299 2307 332 quam

1322 336 1386 370 ulli
1414 337 1529 379 angeli
1555 343 1615 370 aut
1631 334 1802 370 homines.
1855 335 2023 371 Arbitror
2042 338 2146 371 etiam
2165 344 2308 381 propter

1322 394 1453 420 tantam
1474 385 1707 421 humilitatem
1727 400 1744 420 a
1763 389 1924 431 superbis
1947 389 2080 431 angelis
2106 389 2307 432 despectum

1322 438 1445 477 fuisse,
1471 445 1504 471 et
1521 436 1587 471 hoc
1605 444 1743 481 peccato
1762 438 1877 482 lapsos
1892 450 1964 472 esse
1981 439 2134 482 angelos.

1423 493 1559 527 Deinde
1591 496 1626 527 in
1656 495 1835 538 passione,
1870 494 2032 529 Christus
2056 508 2176 529 revera
2203 495 2307 528 etiam

1323 546 1508 588 depressus
1531 553 1582 579 est
1605 546 1696 578 infra
1718 558 1839 579 omnes
1863 544 2042 587 homines,
2077 547 2166 580 sicut
2188 544 2310 579 Esaias

1324 596 1456 640 inquit:
1486 595 1649 629 Vidimus
1673 609 1750 628 eum
1775 597 1998 640 despectum,
2026 605 2059 631 et
2077 597 2310 631 novissimum

1324 647 1492 681 virorum.
1544 645 1650 680 Item:
1679 646 1752 689 Ego
1776 659 1851 679 sum
1876 648 2022 688 vermis,
2049 654 2082 680 et
2100 659 2172 680 non
2190 645 2309 680 homo.

1324 696 1425 730 Hanc
1443 695 1673 731 humilitatem
1690 696 1822 731 Christi
1841 698 2120 738 consideremus,
2148 705 2180 731 et
2198 697 2310 729 disca-

1324 759 1401 780 mus
1433 748 1628 790 deprimere
1660 749 1860 791 superbiam
1891 757 2065 789 nostram,
2104 747 2310 781 admiratio-

1325 810 1404 831 nem
1423 798 1552 839 nostri,
1577 799 1740 832 fiduciam
1759 799 1888 840 nostri,
1915 805 2130 832 contemtum
2149 799 2312 839 aliorum,

1326 848 1598 892 impatientiam,
1641 850 1884 890 securitatem,
1926 850 2153 894 cupiditatem
2193 849 2311 881 vindi-

1325 907 1418 939 ctae,
1445 906 1477 932 et
1501 899 1631 932 similes
1653 900 1816 940 affectus,
1843 901 1903 945 qui
1919 901 2085 933 oriuntur
2101 912 2117 932 a
2137 899 2312 944 superbia,

1325 951 1412 984 sicut
1434 950 1506 993 ipse
1522 950 1625 984 dicit:
1654 949 1784 984 Discite
1801 963 1819 984 a
1837 963 1912 992 me,
1939 951 2021 996 quia
2039 951 2134 985 mitis
2151 962 2227 984 sum
2240 977 2249 990 ‚
2277 956 2311 983 et

1325 999 1470 1034 humilis
1488 1001 1603 1035 corde.

1427 1058 1520 1092 Dicit
1541 1064 1655 1091 autem
1674 1056 1837 1092 Christus
1859 1070 1894 1091 se
1913 1059 2080 1092 maiorem
2098 1070 2189 1096 esse,
2217 1058 2311 1091 scili-

1325 1116 1376 1143 cet
1400 1121 1548 1153 persona
1574 1117 1606 1142 et
1631 1109 1766 1148 officio,
1795 1109 1877 1154 quia
1894 1107 2056 1142 Christus
2076 1122 2147 1141 non
2167 1116 2216 1143 est
2232 1116 2310 1142 tan-

1325 1167 1398 1193 tum
1431 1161 1572 1200 doctor,
1607 1159 1697 1192 sicut
1728 1159 1896 1200 loannes,
1931 1160 1989 1192 sed
2021 1159 2092 1203 ipse
2124 1161 2311 1200 redemtor,

1323 1211 1578 1250 sanctificator,
1606 1210 1819 1251 vivificator,
1847 1210 1946 1243 cuius
1969 1210 2096 1242 fiducia
2121 1211 2311 1253 accipimus

1324 1261 1566 1294 remissionem
1591 1267 1833 1308 peccatorum,
1867 1260 2040 1305 Spiritum
2065 1268 2244 1300 sanctum,
2277 1266 2311 1294 et

1326 1312 1431 1345 vitam
1457 1319 1643 1345 aeternam.
1699 1310 1780 1344 ldeo
1804 1312 1852 1345 ait
1879 1310 2045 1344 loannes:
2073 1309 2147 1353 Ego
2172 1311 2311 1354 baptizo

1325 1375 1433 1407 aqua,
1462 1363 1580 1402 idest,
1608 1361 1819 1395 ministerio:
1848 1359 2009 1395 Christus
2026 1362 2214 1405 baptizabit
2229 1361 2311 1405 Spi-

1325 1413 1396 1446 ritu
1422 1419 1562 1452 sancto,
1597 1412 1630 1444 id
1658 1419 1725 1452 est,
1761 1413 1857 1446 dabit
1881 1412 2125 1445 remissionem
2151 1419 2310 1456 peccato-

1326 1475 1402 1497 rum
1416 1491 1423 1504 ,
1452 1463 1623 1507 Spiritum
1641 1470 1819 1503 sanctum,
1846 1470 1878 1496 et
1897 1463 2004 1496 vitam
2019 1469 2207 1496 aeternam.

1710 1572 1757 1596 De
1788 1571 1921 1602 quinto.

1429 1633 1499 1666 Lex
1524 1640 1556 1666 et
1572 1631 1770 1676 Prophetae
1792 1644 1901 1677 usque
1925 1633 1966 1665 ad
1986 1631 2171 1669 loannem,
2201 1631 2235 1663 id
2253 1638 2314 1672 est,

1326 1683 1447 1727 politia
1473 1682 1580 1716 Moisi
1615 1690 1646 1716 et
1676 1683 1894 1716 ceremoniae
1918 1683 2085 1716 desinunt
2110 1683 2145 1714 in
2171 1680 2312 1721 Ioanne,

1326 1741 1358 1767 et
1385 1731 1450 1767 hoc
1480 1734 1613 1767 dictum
1640 1740 1808 1780 tanquam
1834 1734 1950 1777 regula
1974 1739 2151 1772 teneatur,
2185 1732 2313 1765 confir-

1326 1796 1424 1818 mans
1455 1785 1718 1828 abrogationem
1744 1784 1885 1827 politiae
1910 1783 2017 1817 Moisi
2041 1790 2073 1816 et
2096 1782 2312 1816 ceremonia·

1325 1848 1418 1875 rum,
1446 1842 1563 1879 postea
1581 1835 1739 1879 sequitur
1752 1834 1984 1867 ministerium
1999 1833 2180 1877 spirituale
2193 1831 2311 1866 Evan-

1325 1886 1425 1928 gelii,
1463 1887 1556 1929 quod
1589 1884 1738 1917 loannes
1771 1885 1906 1922 incoat,
1942 1884 2058 1927 arguit
2090 1890 2246 1927 peccata,
2280 1890 2313 1918 et

1326 1937 1500 1979 praedicat
1524 1935 1764 1968 remissionem
1785 1943 2004 1979 peccatorum
2025 1942 2168 1979 propter
2183 1946 2311 1978 agnum

1325 1986 1388 2018 Dei
1408 1994 1473 2019 etc.

1427 2045 1465 2080 Si
1491 2046 1570 2091 quis
1594 2045 1758 2084 obiiciat,
1790 2043 1826 2078 Si
1847 2045 1898 2077 lex
1918 2056 2027 2089 usque
2044 2045 2085 2077 ad
2107 2042 2312 2084 iohannem,

2113 2097 2310 2139 respondeo

1327 2199 1372 2232 tia
1400 2198 1528 2237 Moisi,
1556 2205 1589 2231 et
1611 2210 1682 2230 nou
1708 2199 1750 2229 de
1777 2197 1972 2230 ministerio
1997 2197 2191 2240 spirituali,
2217 2198 2310 2242 quod

1326 2257 1375 2283 est
1392 2250 1552 2282 omnium
1569 2256 1765 2292 temporum
1777 2275 1785 2287 ,
1813 2249 1981 2292 usquead
2000 2249 2105 2281 vitam
2121 2255 2311 2282 aeternam.

1326 2300 1448 2334 Manet
1475 2300 1568 2333 enim
1595 2312 1658 2332 vox
1681 2299 1763 2338 Dei,
1791 2310 1939 2342 arguens
1967 2305 2119 2342 peccata,
2148 2310 2237 2342 quae
2261 2305 2311 2332 est

1296 2367 1297 2375 ¹
1324 2359 1464 2385 aeterna
1493 2351 1567 2391 lex,
1595 2358 1627 2384 et
1652 2351 1795 2384 additur
1821 2362 1885 2381 vox
1911 2347 2094 2391 Evangelii
2118 2349 2160 2381 de
2189 2349 2310 2382 remis-

1325 2403 1422 2435 sione
1441 2409 1672 2447 peecatorum.

1427 2461 1589 2504 Regnum
1615 2460 1791 2494 coelorum
1818 2458 1850 2490 vi
1877 2457 2074 2496 invaditur,
2107 2464 2139 2491 et
2163 2456 2310 2492 violenti

1325 2513 1465 2557 rapiunt
1500 2513 1606 2551 illud,
1641 2512 1674 2543 id
1708 2516 1776 2547 est,
1808 2521 1880 2541 non
1914 2509 2048 2551 ignavi,
2085 2521 2154 2541 non
2183 2507 2310 2548 timidi,

1326 2576 1396 2596 nnn
1416 2565 1574 2596 cedentes
1592 2561 1714 2597 minis.
1745 2567 1801 2592 aut
1822 2561 2016 2593 terroribus
2030 2559 2175 2592 diaboli.
2230 2557 2308 2591 Non

1324 2615 1418 2647 enim
1440 2621 1548 2658 potest
1571 2624 1716 2655 regnum
1734 2611 1912 2643 coelorum
1930 2611 2100 2648 obtineri,
2126 2610 2200 2642 sine
2219 2609 2310 2642 veris

1324 2666 1591 2700 certaminibus.
1622 2662 1770 2708 publicis
1795 2668 1827 2695 et
1850 2662 2007 2707 privatis.
2062 2660 2310 2694 Adulescentes
