2409 2915
79 79 155 117 369
618 82 700 117 XII.

49 209 61 264 'i
76 216 164 249 alias
180 228 279 260 saepe
300 218 440 253 dicitur.

49 269 59 307 ’ξ
177 266 293 300 Huius
308 268 487 301 doctrinae
504 267 641 310 insigne
658 266 901 300 testimonium
920 278 1058 311 expres-

49 321 58 362 ,ᾗ
76 327 153 349 sum
171 324 219 350 est
237 317 273 349 in
291 316 353 349 bac
376 315 539 354 historia,
567 329 604 349 ac
621 316 845 359 Evangelista
874 318 1056 361 utriusque

47 377 260 409 uspersonae,
292 367 416 399 viduae
441 373 473 399 et
494 364 626 400 Christi
655 367 817 400 affectum
843 368 962 400 multis
989 369 1056 400 cir-

54 422 56 442 ὲ
74 417 292 451 cumstantiis
309 416 509 458 amplificat.
561 416 724 459 Quantus
741 418 845 450 suerit
860 418 962 449 dolor
978 430 1056 450 mn-

46 461 55 512 l
73 465 256 505 lierenlae,
276 466 476 509 praesertim
494 467 636 507 viduae,
657 474 796 500 mortuo
812 467 883 499 filio
896 494 904 505 ,
925 474 957 500 et
974 468 1054 511 qui-

45 517 54 547 ·Ἰ
73 516 152 548 dem
169 515 284 553 unico,
301 527 345 549 ne
361 517 501 560 quidem
519 517 582 556 illi,
601 518 661 562 qui
680 524 759 550 sunt
775 518 918 561 experti,
936 518 1052 551 animo

42 580 46 603 q
71 565 254 607 complecti
272 573 431 609 possunt:
463 568 522 599 sed
539 579 609 611 quo
636 567 746 599 maior
773 575 821 600 est
846 568 896 600 vis
920 567 1053 600 doloris

32 621 45 662 't
70 614 108 647 in
129 615 252 656 vidua,
273 627 312 647 eo
330 616 462 649 maiore
479 615 801 651 vicissimChristus
818 618 938 650 dolore
958 630 1053 650 com-

38 631 51 696 ii
70 671 187 698 motus
203 666 296 699 ultro
315 667 433 706 venit,
460 673 499 700 ut
515 668 707 710 opituletur
722 668 771 705 ei,
799 675 902 712 atque
918 668 984 711 ita,
1014 675 1052 701 ut

68 715 277 758 magnitudo
292 717 430 758 gaudii,
458 718 551 761 quod
569 729 608 750 ex
624 717 696 751 filio
715 718 916 751 resuscitato
934 730 1050 761 perce-

68 764 139 809 pit,
166 765 269 809 longe
291 774 429 810 superet
443 767 619 808 dolorem,
647 764 749 812 quem
773 780 812 800 ex
836 774 948 801 morte
973 780 1049 800 coe-

67 822 176 859 perat.
236 816 386 859 Insignis
420 824 534 850 autem
569 825 618 851 est
655 817 828 862 emphasis
870 818 907 850 in
943 818 1048 850 verbo

35 866 38 872 ’
68 864 367 913 ἐσπλαγχνίσθη,
397 880 467 912 quo
494 874 642 901 testatur
665 866 911 911 Evangelista,
944 866 1048 901 Chri-

29 950 34 956 ,
68 921 160 948 stum
195 928 267 949 non
291 917 358 950 levi
386 924 484 951 motu
511 918 620 950 animi
644 919 803 951 affectum
828 919 951 958 fuisse,
990 919 1046 951 sed

34 979 38 984 ·
69 964 272 999 incredibili
291 968 441 1012 quodam
458 968 580 1001 dolore
595 969 710 1001 cordis
727 975 861 1001 motum
887 980 974 1008 esse,
1002 969 1047 1000 si-

67 1022 126 1048 cut
154 1017 196 1049 ad
224 1016 348 1050 Lazari
381 1025 647 1052 monumentum
681 1030 758 1051 eum
785 1018 906 1051 secisse
928 1019 1047 1051 scribit

22 1062 31 1112 ζ
66 1063 254 1100 Iohannes.
314 1067 452 1101 Deinde
484 1069 586 1102 etiam
618 1069 752 1112 ingenti
782 1069 907 1102 ardore
938 1069 1046 1101 animi

65 1122 184 1150 motus
205 1118 385 1151 resuscitat
403 1126 591 1152 mortuum.

21 1210 27 1218 .
168 1166 237 1201 Sed
261 1165 317 1200 hic
335 1168 476 1202 obiiciat
502 1169 648 1213 aliquis:
689 1167 785 1202 Deus
810 1175 860 1202 est
885 1165 1046 1212 c},7a191]3,

67 1227 149 1259 ergo
174 1216 213 1249 in
234 1217 312 1250 Deo
336 1230 408 1251 non
434 1226 516 1252 sunt
537 1219 794 1258 misericordia,
825 1218 978 1257 laeticia,
1015 1225 1045 1250 et

23 1266 29 1275 '
65 1266 198 1299 similes
227 1267 380 1300 affectus.
440 1267 669 1311 Respondeo:
706 1267 802 1309 Nego
828 1269 1045 1302 antecedens.

65 1314 162 1349 Deus
185 1316 278 1349 enirn
301 1329 373 1349 non
401 1324 450 1350 est
474 1317 630 1357 Stoicus,
663 1318 720 1350 sed
745 1317 896 1350 afficitur
917 1318 1046 1350 nostris

63 1365 183 1405 malis,
218 1373 251 1399 et
281 1378 414 1399 summa
443 1367 474 1399 ei
507 1368 666 1411 voluptas
699 1374 748 1400 est
776 1368 895 1400 iuvare
921 1379 985 1399 nos
1013 1374 1045 1400 et

63 1416 239 1451 exaudire.
291 1415 338 1450 Et
356 1417 436 1461 quia
460 1416 614 1464 στοργαὶ
639 1417 676 1450 111
701 1417 957 1460 praestantibus
982 1429 1044 1449 na·-

18 1465 25 1495 Ϊ
62 1465 150 1499 turis
168 1473 248 1499 sunt
265 1467 558 1510 expressissimae,
574 1479 711 1502 necesse
727 1475 776 1500 est
794 1468 897 1500 etiam
914 1467 949 1499 in
969 1467 1043 1500 Deo

66 1514 224 1563 στοργάς
240 1524 337 1551 tanto
355 1518 573 1552 ardentiores
591 1531 681 1559 esse,
707 1525 837 1562 quanto
858 1524 908 1550 est
927 1518 1043 1550 omni-

62 1566 128 1599 bus
145 1567 222 1600 aliis
240 1568 375 1602 natur³s
392 1580 409 1601 a
427 1580 461 1601 se
477 1569 634 1602 'conditis
658 1568 900 1611 praestantior.
953 1567 1042 1601 Cum

4 1617 23 1658 li
62 1616 170 1658 igitur
187 1616 282 1651 Deus
300 1616 600 1652 vehementissime
620 1619 792 1652 afficiatur
817 1617 946 1650 nostris
968 1629 1043 1650 ma-

6 1662 12 1671 *
61 1666 126 1704 lis,
154 1667 304 1700 libenter
319 1669 362 1700 ad
380 1681 456 1701 eum
474 1670 680 1711 confugere,
708 1680 856 1712 eumque
880 1668 1043 1700 invocare

62 1717 241 1758 debemus,
257 1718 350 1751 iuxta
371 1719 458 1751 illud
476 1717 654 1761 Epistolae
669 1719 709 1751 ad
722 1717 877 1751 Ebraeos
894 1729 967 1761 cap.
986 1717 1019 1751 4.
1034 1730 1041 1750 ε

14 1775 17 1782 ¹
61 1766 278 1801 Accedamus
308 1780 385 1801 cum
415 1769 540 1801 fiducia
567 1770 608 1802 ad
632 1767 798 1802 thronum
824 1768 971 1810 gratiae,
1004 1775 1042 1801 ut

63 1828 317 1862 consequamur
351 1819 626 1851 misericordiam
651 1825 683 1851 et
706 1819 849 1859 gratiam
876 1818 916 1850 ad
945 1818 1042 1850 auxi-

61 1867 147 1900 lium
172 1875 400 1912 oportunum.
459 1868 526 1903 Sed
550 1866 633 1902 haec
655 1869 790 1901 facilius
814 1867 902 1907 dici,
938 1880 1040 1912 quam

63 1918 106 1950 ad
125 1929 226 1952 usum
242 1930 320 1952 cum
339 1931 426 1963 opus
444 1926 511 1956 est,
527 1919 706 1953 transferri
724 1924 890 1963 possunt,
907 1917 940 1949 id
960 1929 1040 1950 vero

63 1974 114 2001 est
130 1968 234 2011 longe
250 1970 407 2003 omnium
432 1969 677 2004 difficilimum.
731 1968 845 2001 Tanta
872 1974 922 2001 est
946 1968 1040 2000 enim

61 2017 247 2052 infirmitas
262 2017 436 2053 hnmanae
453 2027 595 2054 naturae
620 2020 722 2052 etiam
747 2019 784 2051 in
808 2018 892 2062 piis,
919 2024 957 2051 ut
983 2029 1041 2051 su-

64 2079 128 2110 pra
138 2079 274 2101 sensum
293 2081 374 2102 suae
394 2070 611 2112 indignitatis
628 2081 700 2103 sese
716 2069 846 2111 erigere
861 2068 917 2100 vix
934 2068 1042 2111 possit

64 2117 101 2150 in
122 2117 388 2160 afflictionibus,
413 2120 449 2152 in
467 2121 543 2152 aliis
559 2120 705 2153 coecitas
719 2126 814 2153 tanta
839 2125 967 2163 quanta
992 2124 1042 2151 est

65 2167 105 2200 in
129 2165 302 2210 Epicuro,
329 2176 368 2202 ut
392 2169 586 2203 existiment
610 2170 727 2202 omnia
754 2180 833 2202 casu
855 2168 950 2208 fieri,
978 2180 1041 2201 ne-

65 2228 133 2263 que
149 2217 262 2251 Deum
282 2230 353 2252 esse
368 2219 480 2253 ullum
491 2243 500 2257 ,
532 2220 592 2264 qui
608 2231 672 2252 nos
689 2219 861 2262 respiciat.

167 2269 278 2302 Estne
310 2276 488 2313 peccatum
520 2269 682 2302 dubitare
712 2270 755 2302 de
777 2267 1042 2301 misericordia?

65 2315 141 2354 Est.
190 2318 331 2353 Contra.
389 2318 569 2364 Quicquid
594 2319 689 2352 iubet
712 2319 785 2359 lex,
819 2324 951 2351 rectum
980 2324 1040 2355 est,

66 2370 125 2402 sed
147 2369 199 2402 lex
222 2369 334 2410 iubet,
360 2376 399 2403 ut
422 2369 611 2403 sentiamus
630 2368 742 2402 Deum
769 2368 870 2401 irasci
892 2374 1041 2410 peccato,

67 2430 140 2452 non
165 2419 359 2459 ignoscere:
400 2432 482 2464 ergo
499 2420 546 2453 ita
562 2419 692 2452 sentire
714 2425 846 2452 rectum
861 2425 920 2451 est.
970 2416 1039 2451 Re-

69 2470 241 2513 spondeo:
277 2469 440 2504 Concedo
468 2477 579 2504 totum
609 2475 872 2511 argumentum,
909 2467 967 2500 sed
996 2467 1040 2500 ita

69 2520 197 2553 sentire
213 2532 284 2553 non
299 2521 380 2553 satis
398 2527 458 2554 est.
509 2518 723 2553 Addendum
742 2519 834 2552 enim
857 2524 906 2551 est
924 2515 1042 2550 Evan-

750 79 1142 118 ANNOTATIONES
1170 81 1220 116 IN
1242 81 1539 123 EVANGELIA.

60 135 63 148 Ι

48 153 62 210 il
78 166 298 201 liberationis
323 173 353 200 et
376 165 638 209 glorificationis
665 166 702 199 in
727 167 797 201 vita
828 173 984 206 aeterna,
1021 175 1059 203 ut
1113 167 1167 199 lus
1185 165 1289 203 Rom.
1307 168 1344 203 5.
1397 169 1634 212 Quamobrem
1655 187 1726 209 non
1746 182 1880 212 tantum
1899 179 1986 214 illud
2012 193 2093 216 sen-

2021 98 2095 132 370

1112 217 1270 249 tiendum
1299 226 1367 258 est,
1402 222 1493 262 quod
1520 222 1616 256 Deus
1646 226 1812 260 irascatur
1842 238 1998 271 peccato,
2031 233 2091 271 ita,

1109 273 1150 300 ut
1181 278 1284 300 nemo
1308 268 1402 301 illam
1428 269 1515 301 iram
1545 273 1651 311 serre,
1685 284 1740 308 aut
1767 279 1902 320 placare
1929 283 2091 323 potuerit,

1109 316 1175 348 nisi
1198 316 1327 355 Filius,
1358 320 1414 351 sed
1435 319 1537 351 etiam
1556 322 1590 353 in
1609 323 1679 356 illis
1696 326 1778 367 ipsis
1795 331 1987 363 terroribus
2011 334 2089 365 ani-

1109 377 1186 398 mus
1204 368 1423 401 extollendus
1441 376 1490 402 est
1512 382 1614 414 supra
1640 383 1837 419 peccatum,
1865 380 1929 417 ita,
1955 389 1992 414 ut
2018 390 2087 416 sta-

1107 422 1180 448 tuat
1206 418 1349 457 gratiam
1376 419 1478 461 longe
1503 422 1670 455 maiorem
1694 435 1785 465 esse,
1820 439 1885 468 qua
1910 428 2004 464 Deus
2032 445 2087 466 re-

1106 467 1211 500 mittit
1233 468 1336 500 uobis
1354 477 1490 511 peccata
1508 473 1733 506 credentibus
1750 475 1786 507 111
1802 473 1996 513 Christum,

1205 525 1287 559 Alia
1327 529 1494 571 quaestio.
1560 530 1704 564 Licetne
1744 533 1861 576 lugere
1902 542 2085 574 mortuos?

1103 575 1212 610 Licet.
1262 575 1404 609 Contra.
1453 576 1614 613 Christus
1633 582 1747 627 inquit
1765 586 1806 617 ad
1827 586 1984 619 viduam:
2003 588 2085 623 Noli

1104 626 1198 660 flere,
1248 624 1342 669 Ergo
1358 626 1522 673 prohibet
1540 630 1685 665 luctum.
1732 632 1942 678 Respondeo
1960 639 2002 670 ad
2020 651 2084 672 an-

1104 677 1280 708 tecedens:
1300 674 1458 710 Christus
1476 675 1530 711 his
1549 681 1663 713 verbis
1681 685 1879 718 consolatur
1896 687 2083 729 lugentem,

1103 727 1195 770 quod
1216 733 1264 759 est
1283 739 1344 770 per
1364 739 1398 759 se
1413 729 1509 772 pium
1528 730 1701 772 officium,
1724 740 1755 765 et
1771 733 1934 777 prohibet
1951 738 2082 772 luctum

1103 776 1260 816 mulieri,
1300 789 1371 809 non
1406 778 1487 822 qnia
1511 786 1671 813 mortuus
1694 789 1742 814 est
1767 784 1876 822 filius,
1917 789 1974 819 sed
2000 790 2081 832 quia

1102 826 1257 859 victurus
1286 834 1349 860 est.
1408 827 1483 860 Imo
1513 831 1670 873 exemplo
1705 830 1837 867 Christi
1869 836 1946 868 licet
1979 840 2082 872 nobis

1101 876 1205 909 etiam
1240 877 1403 922 lacrymis
1434 880 1596 923 prosequi
1628 888 1765 915 nostros
1787 891 1961 925 mortuos,
1993 888 2082 922 sicut

1102 926 1174 968 ipse
1192 927 1332 960 deflevit
1350 934 1496 960 mortem
1513 929 1653 969 Lazari,
1688 938 1719 964 et
1746 930 1802 965 hic
1825 946 1893 967 una
1921 948 2000 968 cum
2027 938 2080 969 vi-

1101 977 1168 1009 dua
1185 977 1291 1019 luget.
1343 976 1430 1009 Nam
1447 979 1474 1010 si
1502 979 1579 1023 quis
1602 992 1673 1013 non
1698 981 1847 1016 afficitur
1869 986 1969 1018 malis
1991 987 2080 1019 alio-

1101 1039 1198 1067 rum,
1224 1028 1376 1060 maximo
1392 1039 1555 1067 suorum,
1590 1027 1648 1062 hic
1675 1031 1842 1075 indignus
1867 1042 1915 1068 est
1938 1037 2081 1070 nomine

1101 1074 1266 1110 hominis.
1319 1077 1386 1110 Sed
1407 1085 1522 1111 tamen
1542 1076 1606 1111 hoc
1624 1081 1791 1116 debemus
1809 1095 1826 1116 a
1843 1086 2002 1125 caeteris,
2018 1088 2077 1131 qui

1100 1127 1238 1169 lugent,
1255 1127 1417 1168 differre,
1442 1135 1478 1161 ut
1496 1136 1654 1162 nostrum
1672 1132 1828 1165 dolorem
1846 1136 2080 1177 moderemur,

1099 1177 1188 1209 sicut
1219 1178 1386 1220 praecipit
1410 1177 1541 1211 Paulus
1568 1180 1610 1212 ad
1639 1179 1776 1214 Thess:
1812 1182 1929 1217 Nolite
1952 1185 2080 1227 lugere,

1099 1226 1188 1259 sicut
1213 1228 1356 1267 caeteri,
1389 1228 1449 1271 qui
1476 1239 1569 1271 spem
1596 1241 1667 1262 nou
1697 1229 1837 1265 habent.
1890 1233 1967 1266 Non
1995 1248 2078 1278 pro-

1101 1273 1196 1308 hibet
1214 1276 1358 1316 luctum,
1377 1277 1413 1308 in
1433 1285 1544 1311 morte
1561 1290 1681 1312 eorum
1700 1281 1761 1325 qui
1778 1283 1880 1316 nobis
1898 1285 1967 1317 cari
1978 1293 2077 1319 sunt:

1099 1325 1161 1357 etsi
1180 1326 1274 1357 enim
1292 1337 1470 1368 speramus
1489 1327 1538 1359 eis
1555 1329 1643 1361 bene
1660 1330 1733 1362 fore
1750 1340 1826 1374 post
1843 1331 1932 1366 hanc
1957 1335 2076 1373 vitam,

1098 1381 1213 1408 tamen
1230 1375 1290 1408 illa
1309 1376 1496 1417 acerbitas,
1524 1389 1612 1421 quae
1635 1385 1683 1411 est
1706 1380 1742 1412 in
1772 1382 1834 1415 ista
1861 1385 2077 1425 separatione

1098 1425 1205 1457 animi
1227 1437 1244 1457 a
1263 1437 1429 1469 corpore,
1457 1438 1528 1459 non
1548 1435 1656 1470 potest
1675 1441 1739 1462 uos
1756 1442 1827 1464 non
1849 1444 2077 1475 commovere,

1097 1476 1154 1507 sed
1175 1476 1256 1519 quia
1275 1488 1389 1519 spem,
1415 1488 1519 1521 quam
1538 1478 1629 1518 dixi,
1658 1476 1845 1522 habemus,
1877 1483 1955 1515 ideo
1976 1484 2078 1517 dolor

1097 1526 1311 1558 moderatior
1344 1538 1415 1559 esse
1447 1527 1483 1559 in
1517 1528 1636 1571 nobis,
1672 1542 1776 1573 quam
1798 1531 1833 1564 in
1859 1533 1937 1565 aliis
1961 1535 2077 1569 debet.

1096 1573 1213 1619 Atque
1237 1573 1319 1608 haec
1343 1577 1483 1609 demum
1509 1584 1559 1610 est
1583 1590 1661 1611 vera
1688 1580 1877 1620 fortitudo,
1911 1595 1982 1615 non
2009 1597 2077 1628 qua

1097 1637 1168 1657 non
1186 1625 1386 1658 afficiuntur
1402 1624 1562 1659 homines
1587 1629 1691 1660 rebus
1714 1630 1890 1671 tristibus,
1924 1633 1982 1664 sed
2008 1646 2076 1677 qua

1096 1672 1263 1707 cohibent
1297 1686 1386 1714 sese,
1429 1687 1472 1707 ne
1502 1675 1586 1719 quid
1608 1677 1645 1708 in
1673 1675 1736 1710 hac
1761 1688 1925 1724 corrupta
1950 1689 2075 1716 natura

1096 1725 1217 1756 dolore
1247 1725 1413 1757 commoti
1441 1725 1590 1769 turpiter
1613 1726 1760 1767 saciant,
1793 1730 1882 1764 sicut
1905 1731 2075 1775 Virgilius

1095 1775 1137 1806 de
1154 1772 1271 1807 Aenea
1291 1775 1431 1808 scribit:

1140 1841 1223 1869 Mens
1248 1842 1362 1869 immota
1387 1847 1500 1878 manet,
1523 1843 1669 1879 lacrymae
1692 1846 1847 1875 volvuntur
1869 1848 1979 1885 inanes,

1094 1898 1129 1931 id
1156 1905 1223 1938 est,
1260 1899 1429 1932 iudicium
1445 1906 1561 1932 manet
1584 1901 1620 1932 in
1648 1904 1845 1948 proposito,
1874 1913 1915 1940 ut
1939 1907 2075 1940 obtem-

1094 1956 1189 1992 peret
1210 1949 1373 1981 mandato
1393 1948 1477 1987 Dei,
1506 1951 1594 1983 sicut
1609 1951 1706 1994 fingit
1724 1953 1910 1997 Virgilius,
1938 1958 2073 1991 etiamsi

1094 2011 1172 2032 cum
1190 2010 1316 2041 magno
1333 1999 1440 2031 animi
1456 2000 1577 2033 dolore
1596 2002 1770 2038 avellitur.

1194 2056 1376 2089 Postremo
1392 2056 1427 2089 in
1445 2055 1511 2090 hoc
1527 2058 1697 2092 miraculo
1714 2061 1881 2097 intuenda
1900 2071 1947 2097 est
1959 2065 2072 2108 imago

1094 2107 1332 2139 reviviscentis
1363 2108 1511 2147 mortui,
1545 2120 1651 2155 quam
1682 2110 1710 2142 si
1737 2124 1816 2144 vere
1842 2126 2073 2155 cerneremus,

1094 2154 1185 2189 nihil
1201 2164 1286 2190 esset
1311 2156 1443 2201 ubique
1469 2158 1724 2201 calamitatum,
1749 2164 1842 2204 quod
1869 2175 1938 2196 non
1966 2162 2071 2197 hilari

1094 2218 1132 2239 ac
1162 2207 1296 2240 lubenti
1327 2207 1445 2239 animo
1479 2215 1688 2251 pateremur.
1748 2210 1864 2245 Facile
1894 2213 1989 2246 enim
2014 2226 2071 2247 eas

1093 2257 1256 2290 obrueret
1280 2252 1492 2300 'magnitudo
1525 2259 1662 2301 gaudii,
1698 2261 1791 2302 quod
1814 2263 2072 2307 perciperemus

1094 2319 1132 2340 ex
1148 2307 1205 2340 illa
1222 2307 1491 2350 glorificatione,
1519 2320 1606 2352 quae
1623 2315 1699 2352 post
1717 2307 1807 2344 lianc
1825 2313 1932 2346 vitam
1952 2314 2070 2348 sutura

1094 2365 1161 2395 est,
1188 2370 1266 2391 cum
1285 2358 1329 2390 de
1348 2358 1433 2390 facie
1450 2358 1490 2390 ad
1509 2358 1630 2391 faciem
1647 2359 1865 2396 intuebimur
1880 2363 2069 2407 imaginem

1092 2406 1178 2449 Dei,
1204 2408 1247 2441 ad
1265 2420 1368 2452 quam
1388 2408 1520 2441 conditi
1535 2420 1665 2443 sumuS.

1192 2467 1418 2509 Agnitionem
1434 2463 1566 2499 Christi
1583 2467 1740 2512 sequitur
1749 2470 1918 2505 confessio
1928 2478 1960 2505 et
1970 2483 2070 2519 prae-

1094 2517 1234 2557 dicatio,
1260 2517 1411 2561 denique
1429 2516 1513 2548 novi
1532 2524 1645 2549 motus
1664 2518 1699 2550 in
1715 2521 1852 2553 animus
1869 2518 2067 2557 hominum.

1094 2567 1174 2601 Huc
1196 2568 1346 2611 pertInet
1371 2567 1465 2611 quod
1492 2566 1539 2599 ait
1557 2565 1798 2610 Evangelista:
1830 2570 1954 2605 Timor
1977 2573 2069 2620 cepit

70 2619 213 2660 gratiam
231 2622 417 2653 exuberare
434 2631 536 2662 supra
554 2626 731 2663 peccatum
743 2644 752 2659 ,
775 2627 814 2654 ut
835 2620 934 2652 docet
952 2617 1043 2651 Pau·
1067 2638 1072 2654 ι
1098 2630 1238 2657 omnes,
1266 2626 1297 2652 et
1313 2617 1553 2661 glorificabant
1570 2615 1693 2651 Deum.

6 2550 11 2613 l
71 2570 199 2611 gelium
217 2571 259 2603 de
276 2569 438 2610 Christo,
472 2576 504 2603 et
530 2570 671 2614 quidem
695 2569 765 2608 ita,
796 2576 834 2602 ut
855 2568 1043 2601 sentiamus

5 2634 9 2649 Ι

6 2651 8 2676 l

480 2672 562 2703 Voti.
586 2671 681 2704 XIV.

121 2671 297 2706 ΜειΛΧτιι.
325 2672 428 2706 Orza.

1403 2668 1452 2701 24
