2409 2915
42 156 116 193 221

145 239 340 275 Secundus.
383 236 529 278 Semper
545 233 583 265 in
602 243 641 265 eo
659 235 758 264 coetu
770 253 778 267 ,
797 228 859 261 ubi
877 234 926 261 est
944 236 1024 259 vera

44 291 226 331 doctrina,
270 298 408 322 necesse
441 291 492 318 est
519 283 637 328 aliqua
663 284 735 315 ess'e
762 291 842 312 vera
871 278 1024 311 membra

44 341 238 382 Ecclesiae,
265 339 347 384 quia
372 336 518 369 verbum
533 333 600 367 Dei
622 341 695 365 non
718 338 769 364 est
795 330 870 362 sine
895 330 1022 367 fructu,

45 399 78 426 et
94 403 230 425 necesse
250 396 299 423 est
316 389 466 432 aliquam
486 397 557 418 esse
577 383 780 417 Ecclesiam.
834 379 928 412 Ilaec
951 390 1023 411 non

46 450 97 477 est
112 439 375 477 defendentium
398 436 523 480 impias
544 435 749 479 opiniones,
784 442 864 474 ergo
888 440 1024 463 necesse

47 500 97 528 est
111 505 185 527 eam
203 492 240 523 in
255 490 365 523 altero
384 494 484 521 coetu
501 497 583 521 esse.

147 541 300 575 'tertius
353 537 442 572 Cum
460 536 614 571 Ecclesia
632 536 675 568 sit
691 534 812 577 exigua
825 559 832 572 ‚
861 532 949 564 sicut
970 530 1024 562 in-

47 594 124 641 quit
145 591 279 625 Esaias:
322 589 397 622 Nisi
422 587 516 622 Deus
549 586 747 631 reliquisset
770 584 871 616 nobis
893 592 1024 621 semen,

45 654 196 679 essemus
213 642 301 675 sicut
312 640 476 674 Sodoma.
504 635 626 671 Animi
643 637 833 669 multorum
851 633 1025 669 dubitant,

47 706 92 729 an
108 694 152 727 sit
175 693 291 737 aliqua
313 690 467 724 Ecclesia
482 690 567 728 Dei,
602 700 645 721 an
666 686 761 720 Deus
785 683 899 718 adhuc
922 694 1025 715 exau-

47 746 140 785 diat,
165 750 315 791 praestet
332 741 513 785 promissa.
567 738 745 773 Adversus
763 737 798 769 id
823 733 1024 768 scandalum

48 796 227 830 confirmat
244 805 308 826 nos
324 790 409 825 haec
423 791 607 836 parabola,
636 787 820 832 praecipit,
852 792 890 819 nt
907 784 1026 817 creda-

48 857 126 880 mus
151 856 222 878 esse
244 843 457 882 Ecclesiam,
491 850 522 875 et
548 852 627 873 vere
649 838 763 872 Deum
786 836 966 874 exaudire,
994 840 1027 866 et

49 903 222 942 praestare
254 893 424 938 promissa
451 891 638 926 Ecclesiae.
699 888 745 922 Et
777 894 923 921 testatur
948 885 1027 917 illos

50 949 179 981 bonam
198 957 268 979 esse
294 952 441 983 terram,
477 943 536 988 qui
562 953 634 974 non
655 940 822 974 deliciunt
847 938 890 970 ab
907 934 1026 969 Evan-

50 998 152 1042 gelio.
538 1028 540 1033 f

151 1046 316 1090 Quartus.
370 1044 498 1078 Modos
516 1050 668 1077 recenset
687 1039 940 1074 deficientium:
966 1036 1027 1069 ubi

51 1099 238 1142 diligenter
265 1097 525 1130 observandum
561 1101 628 1132 est,
671 1093 764 1137 quod
798 1102 869 1123 non
895 1095 1028 1121 tantuin

52 1145 234 1184 enume'rat
262 1147 420 1190 vulgaria
446 1153 580 1189 peccata
605 1143 780 1176 humanae
808 1138 1030 1176 infirmitatis,

52 1207 91 1234 ut
106 1200 326 1232 inconcessus
344 1205 524 1242 quaestuS,
549 1203 582 1229 et
601 1195 739 1227 illicitas
758 1192 972 1235 voluptates,
999 1194 1029 1220 et

52 1257 184 1284 metum
212 1247 481 1292 persecutionis,
523 1247 582 1279 sed
614 1244 712 1278 addit
747 1244 832 1276 alias
866 1241 1031 1273 obscuras

53 1300 279 1338 tentationes,
306 1299 468 1330 videlicet
484 1309 562 1331 cnm
581 1295 742 1329 diabolus
760 1293 887 1325 excutit
905 1289 1032 1323 animis

53 1357 183 1385 rectam
208 1349 433 1386 sententiam,
461 1355 494 1382 et
515 1347 664 1380 instillat
680 1343 871 1388 Epicureas
893 1339 1032 1384 opinio-

52 1413 136 1442 nes,
177 1400 233 1432 vel
261 1399 358 1434 alias,
416 1398 595 1432 Adversus
631 1395 692 1429 has
723 1394 869 1427 insidias
896 1396 1034 1435 oportet

54 1452 131 1496 pios
148 1462 220 1483 esse
236 1450 431 1493 vigilantes.

155 1500 323 1544 Quintus.
384 1498 592 1533 Dulcissima
627 1495 821 1531 consolatio
859 1492 1035 1537 proposita

57 1552 162 1591 estin
181 1552 294 1590 dicto,
322 1549 478 1583 Habenti
496 1549 657 1582 dabitur:
685 1548 779 1593 quod
798 1545 961 1579 videlicet
980 1543 1035 1575 in-

56 1604 175 1636 firmos
202 1602 295 1635 Deus
321 1601 481 1645 recipiat,
519 1601 613 1644 qnod
640 1600 724 1632 velit
751 1610 807 1631 eus
835 1592 1037 1639 proxcbere,

59 1655 154 1699 quod
173 1652 272 1685 initia
292 1663 364 1684 non
388 1657 599 1684 contemnat.
653 1649 753 1683 Sicut
779 1648 863 1681 alibi
889 1647 1036 1679 dicitur:

58 1704 189 1738 Linum
209 1702 384 1745 fumigans
401 1713 473 1734 non
495 1701 683 1744 extinguet.
739 1698 824 1733 Item
844 1697 974 1730 Paulus
997 1697 1038 1728 de

61 1754 228 1787 infirmis:
257 1751 352 1785 Deus
376 1763 434 1785 eos
457 1751 595 1795 recepit.
651 1750 741 1784 Sunt
765 1756 879 1782 autem
904 1746 1038 1780 liaben-

61 1812 112 1839 tes
145 1804 206 1849 qui
233 1800 364 1835 habent
386 1802 488 1835 initia
512 1802 766 1845 poenitentiae,
804 1807 835 1832 et
860 1797 923 1831 hos
948 1798 1040 1841 ipsos

61 1853 119 1889 hic
138 1861 238 1887 vocat
255 1854 384 1886 honam
410 1859 558 1893 terram,
593 1852 723 1884 scilicet
746 1863 816 1883 non
842 1849 1041 1882 deficientes

61 1917 80 1939 a
96 1905 203 1939 verbo
218 1903 306 1943 Dei,
335 1903 416 1947 quia
433 1914 537 1947 supra
557 1902 772 1936 enumeravit
794 1901 1003 1933 deficientes.

163 1955 300 1989 Sextus.
338 1953 508 1987 Traditur
532 1960 565 1986 et
581 1953 739 1987 doctrina
759 1964 846 1997 quae
863 1952 1043 1995 praecipit,

62 2013 101 2041 ut
117 2007 317 2040 studeamus
335 2003 517 2049 proficere,
543 2011 582 2038 ut
597 2005 705 2037 simus
723 2001 910 2041 habentes,
930 2011 967 2036 nt
988 2016 1042 2036 re-

63 2057 236 2090 tineamus
259 2057 426 2096 verbum,
462 2055 556 2101 quod
578 2056 652 2088 sine
676 2066 757 2090 cura
785 2062 818 2090 et
841 2053 915 2086 Sine
938 2056 1044 2090 dimi-

65 2108 199 2141 catione
216 2107 289 2139 fieri
307 2118 379 2139 non
400 2113 522 2149 potest.

166 2156 354 2200 Septimus.
406 2156 547 2190 Gradus
578 2165 660 2191 sunt
683 2158 841 2201 piorum,
886 2159 944 2191 alii
970 2159 1043 2191 sru-

66 2215 160 2242 ctum
179 2207 311 2241 faciunt
331 2208 533 2251 centuplum
553 2215 613 2241 etc.
641 2210 733 2252 quod
757 2210 965 2251 generaliter
989 2210 1043 2241 in-

66 2259 297 2302 telligendum
322 2264 371 2291 est
399 2259 441 2290 de
462 2258 565 2291 donis
582 2259 823 2301 singulorum,
859 2267 890 2292 et
914 2261 956 2292 de
978 2260 1044 2291 mi-

68 2309 241 2349 nisteriis,
279 2315 319 2342 ut
352 2306 478 2352 loseph
507 2309 738 2352 copiosiorem
771 2311 922 2343 fructum
954 2311 1045 2351 tulit,

69 2372 173 2406 quam
191 2359 319 2404 reliqui
335 2360 478 2400 fratres,
508 2356 574 2392 hoc
599 2367 665 2399 est,
693 2367 726 2393 et
749 2361 850 2392 donis
873 2361 1046 2400 excelluit,

69 2418 103 2446 et
134 2411 251 2455 plures
276 2411 459 2444 convertit.
520 2408 653 2455 Estque
679 2411 885 2454 praecipuus
912 2412 1045 2445 fructus

70 2461 227 2496 confiteri
248 2467 280 2494 et
296 2462 440 2499 docere,
462 2461 549 2494 sicut
564 2459 725 2494 Christus
743 2461 876 2505 inquit:
906 2461 964 2495 Sic
986 2475 1045 2506 pa-

69 2520 123 2547 ter
139 2511 297 2545 coelestis
319 2511 591 2555 glorificabitur,
624 2513 650 2544 si
670 2513 766 2545 eritis
784 2512 850 2543 mei
870 2512 1047 2557 discipuli,

71 2570 106 2598 et
120 2562 351 2607 copiosiorem
370 2563 522 2595 fructum
544 2563 678 2603 seretis,
714 2563 747 2595 id
773 2570 842 2603 est,
878 2575 1048 2607 propaga-

71 2614 155 2649 bitis
170 2621 204 2648 et
220 2613 471 2646 conservabitis
484 2611 729 2657 Evangelium.

175 2662 344 2698 Octavus,
378 2662 675 2697 Comminationes
692 2665 822 2698 multae
840 2662 896 2698 hic
920 2676 1049 2709 propo-

75 2715 160 2750 sitae
176 2721 257 2748 sunt
276 2716 442 2749 adversus
460 2721 694 2749 contemtores
712 2716 808 2749 verbi
826 2715 905 2756 Dei,
920 2724 952 2750 et
970 2728 1050 2760 per-
1073 2721 1078 2733 ⁸
1104 2717 1147 2749 ad
1180 2716 1409 2749 defectionem
1437 2720 1499 2746 etc.

582 145 663 181 XII.
716 130 1109 177 ANNOTATIONES
1136 128 1189 164 IN
1216 124 1516 164 EVANGELIA.

1979 117 2056 150 222

1079 221 1264 250 secutores.
1326 212 1462 246 Mirum
1484 216 1533 244 est
1553 207 1666 247 enim,
1700 205 1761 251 qui
1784 204 1863 241 fiat,
1895 208 1935 235 ut
1958 207 2054 234 tanta

1079 266 1270 311 pertinacia
1289 263 1442 308 agnitam
1459 260 1638 293 veritatem
1657 261 1872 301 oppugnent.
1906 251 1974 285 Hic
1991 262 2054 284 au—

1077 325 1146 352 tem
1165 317 1415 353 admonemur,
1442 324 1486 344 ne
1505 310 1647 342 illorum
1663 306 1853 351 pertinacia
1880 303 1935 336 vel
1960 301 2054 334 iudi-

1077 368 1140 401 ciis
1171 368 1392 410 srangamur,
1426 362 1507 407 quia
1532 359 1749 404 praedictum
1775 363 1843 395 est,
1876 354 1961 388 tales
1987 351 2053 385 ali-

1077 430 1164 463 quos
1195 418 1270 450 sore
1303 414 1420 449 hostes
1445 423 1546 445 verae
1568 407 1763 447 Ecclesiae,
1796 406 1857 451 qui
1882 405 2054 443 videntes,

1078 476 1195 502 tamen
1225 474 1307 501 sunt
1334 465 1426 499 coeci
1455 460 1577 496 futuri.
1637 459 1756 502 Quare
1788 454 1946 498 fugiendi
1971 459 2054 485 sunt

1077 519 1271 564 pertinaces
1290 518 1341 550 illi
1360 515 1475 549 hostes
1494 509 1696 554 Evangelii,
1725 515 1757 541 et
1774 512 1893 540 contra
1918 503 2053 545 erigen-

1079 571 1142 603 dae
1175 575 1327 608 mentes,
1361 573 1400 600 ut
1423 565 1636 599 retineamus
1658 559 1804 591 verbum
1829 554 1914 592 Dei,
1948 554 2056 586 simus

1079 621 1170 654 bona
1187 626 1299 660 terra,
1326 619 1477 650 feramus
1493 614 1642 657 aliquem
1663 611 1832 645 fructum,
1865 602 2056 648 unusquis-

1079 683 1146 716 que
1165 671 1201 703 in
1221 681 1282 704 sua
1301 668 1496 701 vocatione.

1195 778 1350 820 Eadem
1374 773 1592 815 Dominica
1617 767 1940 822 sexagesimae.

1341 847 1575 891 Evangelium
1598 840 1726 877 Mauh.
1751 840 1806 874 13.

1135 911 1160 946 l.
1187 910 1321 948 Locus,
1356 910 1469 950 imago
1494 904 1690 942 Ecclesiae,
1725 911 1814 945 quae
1837 898 2003 931 admonet
2029 898 2061 924 et

1183 961 1367 994 confirmat
1386 960 1479 1003 pios,
1507 963 1540 990 et
1558 955 1720 996 obiurgat
1742 952 1898 993 ignavos.

1134 1011 1180 1047 ll.
1225 1011 1277 1044 De
1305 1008 1530 1043 incrementis
1558 1006 1717 1050 piorum,
1763 1007 1794 1034 et
1822 994 2062 1032 excaecatione

1184 1061 1484 1095 contemnentium
1502 1064 1535 1091 et
1554 1052 1849 1100 persequentium.

1137 1112 1197 1147 lll.
1228 1112 1416 1155 Quomodo
1434 1116 1547 1157 patres
1566 1106 1732 1139 noverint
1753 1111 1899 1145 regnum
1917 1093 2063 1131 Christi·

1136 1163 1226 1197 llll.⁴
1246 1163 1297 1196 De
1315 1160 1501 1205 multiplici
1518 1160 1647 1191 fructu.

1444 1244 1502 1267 De
1537 1241 1700 1272 primo.

1189 1297 1303 1332 Multa
1322 1297 1508 1330 offendunt
1529 1294 1688 1326 infirmos
1714 1288 1870 1325 animos,
1909 1281 2063 1327 paucitas

1087 1350 1246 1394 piorum,
1261 1348 1486 1392 quotidianae
1503 1343 1717 1377 desertiones
1733 1346 1764 1372 et
1783 1335 1960 1381 perfidiae.
1989 1331 2064 1364 Ad-

1089 1411 1207 1433 versus
1232 1397 1315 1431 llaec
1340 1397 1501 1430 scandala
1526 1403 1705 1428 teneamus
1729 1385 2003 1422 consolationem
2027 1380 2065 1412 in

1088 1449 1152 1483 hac
1169 1449 1321 1491 imagine
1345 1447 1578 1492 propositam,
1613 1454 1699 1488 quae
1723 1441 1888 1473 admonet
1912 1435 2066 1467 futuram

1089 1502 1192 1534 talem
1210 1501 1470 1542 confusionem,
1500 1503 1531 1529 et
1549 1490 1874 1528 dissimilitudinem
1892 1487 1929 1518 in
1945 1482 2067 1517 Eccle-

1090 1553 1162 1592 sia,
1190 1558 1222 1584 et
1242 1551 1415 1593 erigamus
1434 1560 1516 1588 nos,
1544 1559 1587 1579 ne
1608 1550 1752 1589 propter
1770 1540 1919 1573 aliorum
1941 1536 2069 1578 lapsus,

1091 1610 1122 1636 et
1139 1602 1203 1646 ipsi
1222 1602 1434 1634 deficiamus.

1193 1650 1239 1685 Et
1255 1664 1377 1685 causae
1397 1647 1612 1683 confusionis·
1629 1652 1661 1678 et
1678 1640 1885 1677 desertionis
1901 1636 1959 1669 hic
1982 1634 2071 1667 reci-

1095 1710 1224 1736 tantur.
1274 1702 1391 1734 Prima
1410 1707 1459 1733 cst
1484 1697 1667 1731 obscurior
1693 1692 1854 1730 caeteris,
1889 1688 1947 1720 sed
1975 1696 2070 1718 com-

1094 1753 1236 1786 munior
1251 1759 1284 1785 et
1303 1751 1492 1796 potentior,
1509 1748 1669 1780 videlicet
1686 1755 1764 1778 cum
1783 1737 1978 1785 praestigiis
1995 1735 2070 1767 dia-

1095 1804 1167 1838 boli
1192 1803 1379 1846 capiuntur
1403 1800 1536 1839 animi,
1568 1805 1601 1831 et
1624 1796 1797 1829 excutitur
1821 1790 1966 1823 verbum
1990 1785 2071 1823 Dei,

1095 1856 1183 1888 sicut
1205 1851 1280 1886 Eva
1307 1854 1460 1897 primum
1486 1851 1625 1882 seducta
1648 1853 1711 1879 est.
1773 1843 1823 1876 lta
1849 1838 1993 1885 plurimi
2019 1847 2072 1868 sa-

1095 1907 1229 1949 pientes
1247 1904 1333 1937 fiunt
1344 1901 1529 1946 Epicurei,
1557 1905 1617 1932 aut
1635 1893 1855 1932 Academici,
1874 1895 1931 1922 aut
1949 1886 2074 1920 haere-

1096 1956 1175 1993 tici,
1204 1955 1333 1999 quibus
1358 1952 1521 1986 diabolus
1544 1950 1646 1983 offert
1669 1947 1822 1990 aliquam
1845 1942 1967 1974 salsam
1994 1948 2072 1981 per-

1097 2006 1293 2039 suasionem
1306 2033 1314 2044 ,
1342 2017 1379 2037 ac
1396 2003 1523 2036 deinde
1540 1999 1736 2043 implicatos
1753 2002 1786 2028 et
1803 1992 1956 2026 irretitos
1980 1993 2073 2022 tenet

1099 2064 1129 2090 et
1146 2064 1266 2098 urget,
1280 2057 1369 2088 sicut
1388 2054 1565 2092 videmus,
1587 2049 1764 2095 quomodo
1782 2038 2072 2089 paulatimEvam

1099 2107 1270 2140 everterit.
1322 2105 1395 2138 Has
1413 2104 1560 2136 insidias
1577 2112 1677 2144 saepe
1696 2096 1824 2131 Paulus
1842 2090 2024 2129 describit,
2042 2094 2075 2119 ct

1098 2164 1197 2191 vocat
1214 2158 1280 2190 tela
1300 2157 1421 2200 ignita.

1200 2208 1317 2242 Habet
1331 2214 1444 2240 autem
1459 2203 1543 2238 haec
1560 2210 1651 2236 aetas
1672 2199 1822 2244 plurima
1843 2202 1874 2227 et
1899 2193 1992 2226 varia
2018 2202 2074 2223 ex-

1100 2258 1232 2302 empla,
1267 2259 1393 2302 partim
1419 2263 1561 2301 propter
1583 2252 1805 2295 ingeniorum
1834 2243 2077 2290 petulantiam,

1100 2321 1188 2354 quae
1204 2310 1343 2349 crescit,
1360 2308 1505 2353 partim,
1521 2306 1602 2350 quia
1618 2301 1780 2335 diabolus
1798 2305 1971 2342 postremo
1988 2301 2075 2326 tcm—

1100 2372 1183 2404 pore
1205 2361 1357 2394 sentiens
1380 2358 1480 2391 brevi
1504 2357 1696 2389 affuturum
1722 2362 1793 2384 esse
1820 2348 1989 2383 iudicem,
2021 2354 2076 2374 ra-

1100 2411 1233 2445 biosius
1257 2417 1441 2455 grassatur.
1500 2407 1582 2440 ldco
1606 2405 1675 2437 iam
1699 2403 1815 2447 plures
1846 2405 1926 2431 sunt
1958 2393 2077 2431 ἄθεοι,

1101 2469 1134 2495 et
1150 2463 1420 2497 monstrosiores
1440 2466 1548 2492 sectae
1572 2456 1755 2496 oriuntur,
1783 2458 1820 2483 ut
1842 2447 1964 2481 deliria
1982 2443 2079 2477 Ana-

1100 2514 1330 2557 baptistarum
1350 2510 1569 2553 multiplicia.

1201 2563 1405 2608 Cogitemus
1421 2561 1526 2604 igitur
1550 2557 1767 2601 vigilandum
1795 2561 1887 2588 esse,
1913 2559 1951 2580 ac
1975 2555 2079 2588 repu-

1102 2616 1283 2658 gnandum
1301 2613 1439 2647 insidiis
1457 2611 1608 2645 diaboli,
1643 2606 1702 2650 qui
1729 2604 1833 2635 miras
1857 2597 1993 2644 quaerit
2022 2606 2080 2628 oc-

1103 2666 1276 2705 casiones,
1312 2665 1440 2709 quibus
1462 2657 1639 2704 pertrabat
1663 2656 1800 2688 :mimos
1826 2652 1861 2684 in
1888 2658 2022 2682 errores
2051 2651 2084 2677 et

1563 2709 1613 2743 Ac
1640 2707 1732 2739 dicto
1758 2704 1853 2738 Petri
1878 2700 2082 2733 excitemur:
