2409 2915
73 112 147 150 857
322 109 404 149 ΧΠ.

71 198 138 231 bus
153 195 282 231 sanctis
298 195 336 229 in
353 194 418 230 hac
435 195 506 230 vita
521 194 630 228 multa
648 193 748 227 talia:
772 193 832 226 sed
850 200 965 226 tamen
983 205 1057 227 non

73 247 302 291 exstinguunt
320 247 436 287 fidem,
461 252 500 280 ut
515 243 621 280 Rom.
631 243 669 278 7.
684 250 718 277 et
729 244 762 277 8.
779 243 923 278 dicitur:
950 243 1056 278 Nulla

71 305 122 332 est
138 297 319 331 damnatio
339 297 374 330 in
394 294 467 336 his,
501 295 560 340 qui
579 301 660 328 sunt
676 294 715 327 in
733 292 873 329 Christo
893 301 955 328 etc.

173 354 335 390 Secundo
352 360 434 388 sunt
448 353 566 397 lapsus
581 358 703 386 contra
720 352 988 392 conscientiam,
1016 358 1053 385 ut

71 407 213 452 quando
233 404 346 438 David
361 404 472 437 factus
487 410 537 437 est
552 403 700 443 adulter,
728 410 761 437 et
776 402 900 436 Petrus
915 402 1054 446 negavit

69 468 106 490 se
122 467 222 490 nosse
237 453 428 489 Christum.
480 452 576 487 Haec
594 453 676 487 talia
693 460 786 494 sunt,
812 460 852 487 ut
872 465 945 486 non
963 459 1052 486 stent

69 507 174 541 simul
191 517 268 540 cum
283 505 360 545 fide,
376 511 409 538 et
422 503 452 537 si
464 503 543 549 quis
561 503 598 536 in
614 504 662 537 eis
679 510 889 548 perseverat,
906 504 1054 536 damna—

69 565 128 592 tur
146 555 294 590 aeternis
310 554 449 598 poenis:
476 555 535 587 sed
553 555 581 587 si
602 555 835 595 convertitur,
861 565 982 587 rursus
998 565 1053 586 re-

69 607 215 651 cipitur,
238 605 332 639 iuxta
349 605 457 639 illud:
486 603 578 638 Vivo
595 616 657 649 ego
669 629 679 644 ,
705 605 789 638 nolo
806 610 955 638 m‘ortem
972 615 1053 649 pec-

68 656 213 699 catoris,
240 655 300 688 sed
316 662 355 689 ut
369 661 595 690 convertatur
613 661 645 689 et
662 655 767 690 vivat.

167 712 215 748 Et
230 711 316 747 haec
333 720 470 758 peccata
486 721 568 748 sunt
582 713 708 748 delicta
725 720 845 748 contra
862 714 1051 747 secundam

63 765 242 805 tabulam,
278 764 334 797 vel
359 771 442 799 sunt
466 771 588 798 contra
613 765 763 808 primam
789 776 829 797 ex
853 764 1051 807 ignorantia

65 816 122 849 vel
138 827 177 849 ex
194 815 410 856 infirmitate,
435 821 475 849 ut
490 812 635 849 Ethnici
652 815 836 849 coluerunt
853 815 952 848 Idola
968 826 1051 848 con-

65 873 119 901 tra
146 866 296 910 primam
323 866 480 899 tabulam
513 877 553 899 ex
584 865 794 909 ignorantia.
855 865 980 900 Petrus
1001 871 1050 898 est

66 918 185 962 lapsus
203 928 243 950 ex
263 915 479 950 infirmitate.

165 973 236 1008 Sed
254 971 492 1018 blasphemiae
509 980 591 1007 sunt
606 979 743 1017 peccata
762 979 882 1006 contra
901 972 1049 1018 primam

65 1025 242 1065 tabulam,
269 1036 348 1057 cum
374 1021 534 1057 homines
559 1024 705 1057 scientes
727 1030 759 1057 et
776 1023 931 1057 volentes
950 1023 1050 1066 agni-

64 1083 134 1111 tam
154 1075 335 1108 veritatem
352 1075 521 1108 damnant
537 1080 568 1107 et
587 1080 861 1118 persequuntur,
885 1080 924 1108 ut
942 1073 1050 1117 perti-

66 1138 168 1160 naces
178 1123 356 1169 Epicurei,
372 1126 455 1158 item
467 1125 660 1169 pertinaces
671 1124 893 1163 Idololatrae‚
908 1131 945 1157 ut
956 1135 1050 1157 nunc

65 1176 245 1221 Papistae,
272 1175 330 1220 qui
354 1175 500 1208 scientes
525 1175 718 1208 detendunt
735 1174 854 1216 Idola,
880 1182 914 1208 et
929 1181 1050 1208 contra

65 1225 313 1261 conscientiam
339 1226 461 1259 dicunt
488 1224 585 1259 Idola
603 1224 716 1258 Deum
743 1237 834 1263 esse,
863 1237 943 1258 suos
959 1224 1051 1258 San-

66 1283 139 1311 ctos
166 1276 384 1309 invocandos
413 1287 503 1314 esse,
537 1282 703 1320 tanquam
730 1273 862 1316 Deum,
898 1282 931 1309 et
959 1275 1051 1308 occi-

65 1328 157 1361 dunt
182 1324 360 1366 homines,
395 1326 455 1371 qui
480 1325 607 1359 nolunt
636 1326 673 1358 id
695 1325 902 1368 adprobare.
955 1324 1051 1358 Haec

64 1377 251 1420 descriptio
269 1376 351 1408 satis
367 1377 458 1409 clara
474 1382 534 1409 est.

167 1434 235 1469 Sed
254 1433 359 1467 dicis:
389 1432 508 1476 Quare
526 1432 662 1478 inquit,
687 1443 760 1465 non
777 1431 934 1466 remitti?

443 1524 662 1555 Respondet».

164 1577 223 1612 Sic
260 1576 366 1616 dicit,
406 1582 440 1609 et
476 1587 598 1608 verum
629 1586 702 1608 esse
731 1587 803 1607 non
835 1575 1048 1609 dubitemus.

63 1628 246 1665 Sententia
264 1626 330 1660 Dei
353 1626 422 1659 iam
448 1626 516 1659 lata
542 1632 591 1658 est
614 1636 718 1668 super
739 1637 860 1658 omnes
884 1624 1049 1669 blasphe-

63 1690 151 1713 mos,
205 1677 340 1711 Interea
365 1683 483 1710 tamen
502 1687 566 1708 nos
581 1676 748 1708 debemus
764 1676 928 1709 omnibus
948 1688 1048 1720 prae—

64 1731 180 1763 dicare
203 1727 466 1771 poenitentiam.
520 1725 565 1759 Et
583 1726 611 1758 si
631 1726 690 1770 qui
710 1733 985 1766 convertuntur,
1010 1725 1049 1759 hi

62 1787 179 1814 tamen
209 1790 280 1811 non
311 1778 453 1810 suerunt
486 1773 681 1820 blasphemi
711 1783 830 1809 contra
864 1777 1046 1810 conscien-

63 1831 167 1870 tiam,
193 1830 251 1862 sed
272 1828 325 1860 vel
343 1839 382 1860 ex
403 1827 598 1869 ignorantia
617 1827 670 1859 vel
690 1838 729 1859 ex
747 1827 947 1860 infirmitate
967 1840 1046 1870 pec-

61 1886 240 1913 caverunt.
306 1878 364 1912 Sic
396 1875 556 1911 Christus
589 1883 620 1909 et
651 1876 812 1919 Apostoli
843 1879 1049 1925 praedicant

63 1930 221 1969 ludaeis,
257 1940 408 1974 quorum
434 1927 536 1961 multi
564 1928 863 1973 persequebantur
885 1926 1048 1971 Evange-

62 1981 170 2021 lium,
194 1981 252 2013 sed
280 1990 398 2012 errore
423 1978 475 2011 vel
501 1977 723 2018 infirmitate,
749 1978 809 2022 qui
829 1985 945 2021 postea
963 1991 1048 2012 con-

61 2031 300 2065 vertebantur.
352 2028 461 2062 Multi
477 2035 592 2062 autem
608 2035 724 2072 aperte
739 2025 947 2072 blasphemi,
975 2041 1047 2063 non

64 2081 370 2116 convertebantur.

137 2174 340 2221 Mayister‚
367 2173 532 2206 volumus
554 2182 577 2204 α
602 2175 639 2205 te
662 2173 810 2218 signum
828 2171 967 2206 videre.

480 2247 623 2269 summa.

161 2300 321 2334 Primum
344 2299 583 2343 quaerendum
606 2303 655 2329 est
680 2297 723 2329 de
742 2297 919 2335 doctrina,
944 2304 976 2331 et
995 2298 1047 2330 vi-

63 2353 217 2387 dendum
234 2362 277 2383 an
303 2348 497 2382 consentiat
518 2359 595 2380 cum
615 2346 798 2389 scripturis
814 2354 913 2380 antea
936 2348 1046 2381 tradi-

61 2405 115 2438 tis.
168 2402 290 2436 Postea
311 2399 539 2432 iudicandum
559 2405 607 2431 est
623 2398 666 2430 de
684 2397 806 2440 signis.

161 2460 263 2494 Hanc
283 2458 438 2502 regulam
463 2468 527 2490 nos
551 2468 645 2489 nunc
669 2463 831 2500 oportere
851 2455 948 2500 sequi
972 2468 1045 2490 non

63 2513 210 2547 dubium
234 2516 296 2544 est.
348 2506 394 2541 Et
418 2508 591 2541 debebant
615 2515 699 2541 tunc
722 2518 862 2551 quoque
888 2512 1045 2550 tempore

61 2562 191 2599 Christi
215 2567 249 2594 et
261 2558 512 2603 Apostolorum
530 2558 648 2591 videre
670 2568 810 2597 omne5‚
837 2556 898 2601 qui
921 2557 1044 2591 audie-

60 2615 147 2648 bant
164 2611 359 2646 doctrinam
383 2606 533 2649 Christi,
558 2620 602 2641 an
627 2614 833 2651 congrueret
857 2618 935 2640 cum
954 2606 1042 2641 Pro-

63 2663 210 2710 phetica.

455 105 847 145 ANNOTATIONES
873 106 937 143 ET
963 104 1244 143 CONClONES
1283 107 1331 142 IN
1365 107 1544 147 EVANG.
1570 109 1849 150 MATTHAEI.

2023 115 2094 151 858

1108 192 1238 225 stulant
1265 193 1380 236 signa,
1414 201 1446 228 et
1470 206 1670 241 quanquam
1696 197 1827 232 fiebant
1850 199 1957 232 multa
1982 199 2093 241 sigua,

1107 250 1225 277 tamen
1247 245 1387 277 credere
1410 245 1598 284 nolebant,
1625 247 1706 291 quia
1730 250 1896 283 tenebant
1920 249 1955 282 in
1976 257 2092 283 mente

1107 294 1318 326 contrariam
1338 294 1542 337 opinionem
1559 297 1602 329 de
1617 296 1758 338 Messia‚
1780 307 1994 343 pugnantem
2011 312 2091 332 cum

1107 340 1316 386 prophetica
1345 345 1593 388 descriptione.
1657 347 1780 381 Talem
1804 349 1969 383 Messiam
1995 351 2091 383 vole-

1107 394 1210 431 bant,
1238 394 1298 438 qui
1325 406 1383 427 eos
1405 395 1554 439 ditaret,
1583 403 1617 430 et
1641 399 1767 445 opibus
1793 407 1824 434 et
1849 401 2092 445 voluptatibus

1106 455 1163 478 eos
1185 445 1391 480 cumularet.

1207 502 1308 537 Talia
1334 504 1437 537 etiam
1456 505 1552 548 signa
1571 507 1754 549 petebant,
1782 514 1820 541 ut
1842 509 1992 552 expulsis
2014 509 2090 544 Ro-

1105 554 1219 588 manis
1244 555 1395 588 traderet
1416 555 1500 599 ipsis
1522 556 1721 600 imperium.
1774 556 1855 591 Duo
1878 566 1958 593 sunt
1983 560 2090 603 igitur

1104 615 1215 638 crassa
1235 611 1374 652 peccata
1393 604 1617 643 ludaeorum.

1204 662 1383 704 Primum,
1415 664 1510 709 quod
1534 665 1729 699 doctrinam
1755 665 2003 711 Propheticam
2026 680 2088 701 ne-

1106 713 1252 757 gligunt.

1205 763 1430 806 Secundum,
1462 765 1555 810 quod
1577 771 1701 808 petunt
1724 766 1842 809 signa,
1871 769 1986 812 qualia
2006 769 2090 813 ipsis

1103 814 1305 859 placebant,
1339 821 1373 848 et
1395 827 1468 848 non
1496 815 1663 849 volebant
1686 818 1821 850 moveri
1845 818 1970 861 signis,
2001 832 2090 864 quae

1103 873 1203 900 antea
1221 866 1308 899 sacta
1326 872 1443 907 erant,
1469 872 1503 900 et
1519 866 1678 911 quotidie
1694 867 1835 902 fiebant.

1205 924 1284 958 Non
1302 925 1379 958 vult
1394 931 1511 959 autem
1529 923 1624 959 Deus
1639 938 1703 959 nos
1721 927 1788 960 sibi
1806 928 1949 961 modum
1968 934 1999 961 et
2017 929 2090 962 sor-

1103 987 1196 1009 mam
1222 975 1402 1018 signorum
1421 987 1635 1019 proponere,
1661 984 1699 1010 ut
1722 977 1749 1010 si
1767 978 1845 1021 quis
1863 990 1957 1012 nnnc
1982 979 2088 1012 dicat:

1101 1025 1194 1059 Nolo
1225 1026 1387 1066 credere,
1423 1026 1493 1058 nisi
1514 1024 1610 1059 Deus
1641 1023 1707 1060 hoc
1734 1028 1873 1071 signum
1897 1029 2017 1070 faciat,
2052 1037 2089 1063 ut

1101 1074 1189 1109 mihi
1209 1077 1267 1109 det
1286 1087 1431 1118 regnum
1451 1075 1655 1112 Turcicum.

1206 1134 1310 1167 Tales
1326 1134 1594 1177 imaginationes
1610 1141 1691 1168 sunt
1707 1135 1847 1179 impiae,
1865 1144 1897 1171 et
1912 1148 1992 1172 sunt
2009 1145 2083 1172 ten-

1103 1192 1176 1219 tare
1194 1183 1326 1224 Deum,
1354 1185 1436 1229 quia
1460 1196 1525 1217 nos
1544 1186 1709 1219 debemus
1734 1193 1849 1230 petere
1875 1188 1985 1227 iusta,
2014 1202 2086 1222 nou

1102 1234 1279 1279 prohibita
1304 1247 1322 1268 a
1346 1234 1434 1270 Deo.
1495 1234 1618 1269 Petere
1641 1243 1755 1269 autem
1779 1249 1833 1270 res
1857 1239 2006 1279 alienas,
2036 1247 2086 1273 est

1102 1284 1320 1330 prohibitum
1346 1297 1366 1318 a
1389 1284 1478 1319 Deo.
1531 1285 1618 1320 Item
1643 1293 1760 1331 petere
1784 1299 1857 1321 non
1882 1291 2088 1330 necessaria,

1101 1337 1160 1370 sed
1179 1336 1327 1370 curiosa.

1202 1385 1284 1419 Ideo
1309 1385 1426 1429 inquit
1452 1383 1644 1420 Iohannes:
1681 1386 1867 1432 Quidquid
1892 1389 2086 1432 petiveritis

1101 1437 1294 1471 secundum
1314 1436 1531 1469 voluntatem
1555 1437 1645 1478 eius,
1674 1437 1709 1470 id
1734 1445 1802 1476 est,
1827 1450 1881 1472 res
1905 1451 1977 1472 non
2003 1452 2087 1484 pro-

1100 1485 1250 1526 hibitus,
1277 1493 1310 1519 et
1327 1498 1399 1519 non
1417 1487 1617 1521 curiositate
1631 1488 1773 1531 petitas,
1796 1490 1855 1521 sed
1873 1501 1913 1522 ex
1937 1492 2086 1524 necessi-

1100 1545 1188 1578 tate,
1217 1535 1274 1569 hic
1297 1535 1391 1570 Deus
1414 1538 1620 1581 opitulatur.
1673 1538 1765 1581 Quia
1791 1546 1840 1573 est
1864 1541 2022 1583 adiutor,
2049 1542 2086 1574 iu

1099 1587 1374 1631 opportunitate,
1402 1587 1436 1620 id
1454 1595 1515 1628 est,
1542 1588 1577 1621 in
1596 1601 1675 1621 vera
1693 1590 1905 1630 necessitate,
1933 1603 2003 1624 non
2025 1604 2086 1625 cu—

1099 1638 1307 1682 piditatibus
1324 1637 1477 1679 illicitis,
1505 1645 1565 1671 aut
1585 1639 1743 1672 curiosis.

1200 1695 1292 1728 Tota
1315 1701 1430 1728 autem
1458 1695 1581 1738 petitio
1605 1695 1816 1730 Iudaeorum
1841 1704 1891 1731 est
1911 1698 2084 1742 cupiditas

1098 1745 1208 1788 regni,
1227 1752 1258 1778 et
1274 1756 1345 1778 non
1363 1746 1635 1779 necessariarum
1654 1758 1770 1780 rerum
1787 1748 1980 1782 curiositas,
2008 1748 2086 1782 Sic-

1098 1803 1136 1829 ut
1160 1807 1296 1839 semper
1318 1795 1427 1829 multa
1454 1796 1535 1829 talia
1554 1808 1675 1830 omnes
1693 1794 1854 1831 homines
1871 1805 2004 1842 petunt.

1198 1853 1293 1887 Haec
1309 1854 1351 1886 de
1370 1861 1508 1896 peccato
1526 1853 1737 1888 Iudaeorum
1754 1856 1840 1889 bene
1857 1857 2084 1891 consideran-

1098 1906 1143 1938 da
1163 1911 1262 1941 sunt,
1288 1911 1324 1937 ut
1344 1901 1428 1937 haec
1446 1905 1517 1937 duo
1539 1905 1722 1939 discamus.

1198 1962 1378 2001 Primum,
1410 1962 1567 1996 iudicare
1599 1964 1795 1998 doctrinam
1826 1978 1866 1999 ex
1896 1966 2084 1999 collatione

1100 2012 1314 2058 Scripturae.

1200 2071 1418 2112 Secundum,
1438 2079 1476 2106 ut
1492 2073 1676 2114 discamus,
1703 2086 1775 2107 non
1793 2084 1865 2107 esse
1880 2076 2082 2117 petendum,

1096 2129 1135 2156 ut
1158 2122 1410 2166 cupiditatibus
1436 2129 1494 2156 aut
1515 2124 1708 2157 curiositati
1734 2131 1872 2157 nostrae
1888 2123 1983 2158 Deus
2005 2137 2080 2159 mo-

1097 2185 1169 2206 rem
1188 2179 1305 2216 gerat,
1331 2174 1391 2206 sed
1408 2175 1599 2207 necessaria
1620 2176 1768 2218 petenda
1785 2186 1868 2209 esse.

1407 2254 1604 2285 Responsio
1623 2255 1767 2280 Christi.

1196 2304 1344 2350 Propter
1369 2303 1453 2339 haec
1479 2315 1616 2350 peccata
1647 2308 1807 2351 obiurgat
1831 2305 1991 2342 Christus
2022 2308 2079 2343 lu-

1095 2356 1216 2396 daeos,
1243 2363 1275 2390 et
1294 2356 1428 2391 duriter
1447 2360 1645 2401 respondet.
1699 2358 1865 2392 Nominat
1891 2371 1947 2392 eos
1969 2371 2078 2401 genus

1095 2407 1293 2440 adulterum
1319 2413 1351 2440 et
1381 2419 1546 2450 pravum,
1582 2408 1616 2441 id
1643 2415 1711 2446 est,
1743 2420 1851 2452 genus
1885 2411 1978 2454 quod
2005 2422 2077 2443 non

1094 2464 1209 2491 servat
1224 2456 1299 2490 Deo
1318 2457 1439 2495 fidem,
1467 2459 1525 2490 sed
1543 2458 1657 2492 deficit
1674 2472 1691 2492 a
1710 2459 1797 2497 Deo,
1818 2459 1905 2492 sicut
1920 2460 2076 2493 adultera

1094 2519 1113 2541 a
1141 2508 1236 2549 viro,
1271 2515 1303 2542 et
1329 2514 1464 2540 tantum
1495 2510 1692 2551 petulanter
1716 2510 1807 2543 ludit
1838 2510 1947 2551 gloria
1973 2510 2078 2551 tituli,

1094 2559 1188 2603 quod
1206 2559 1251 2592 sit
1268 2557 1417 2602 populus
1434 2556 1512 2591 Dei.
1565 2559 1663 2593 Sicut
1679 2572 1773 2593 nunc
1790 2559 1884 2607 Papa
1902 2567 1934 2594 et
1951 2559 2076 2594 Cardi-

1093 2609 1189 2642 nales
1203 2620 1283 2642 vere
1300 2614 1382 2641 sunt
1397 2608 1558 2649 adulteri,
1581 2611 1781 2643 defecerunt
1799 2623 1816 2643 a
1832 2610 1920 2651 Deo,
1949 2618 1981 2644 et
1998 2618 2075 2645 tan-

261 2661 330 2696 Sed
348 2659 415 2705 ipsi
429 2659 556 2693 omissa
575 2659 763 2694 collatione
779 2657 960 2692 doctrinae
976 2670 1042 2703 po·
1063 2669 1071 2701 ι
1093 2666 1166 2694 tum
1184 2659 1313 2693 ludunt
1332 2658 1533 2702 petulanter
1558 2660 1670 2704 gloria
1696 2661 1789 2695 tituli
1807 2660 1995 2698 Ecclesiae.
