2409 2915
333 115 414 153 XII.

181 199 350 246 Sequitur

123 270 345 304 Historia
373 270 619 304 Passionis
645 268 831 303 Domini
858 270 1012 303 nostri

403 321 511 353 lesu
538 317 734 354 Christi.

30 90 33 164 s
84 116 177 152 1001

400 426 535 480 Caput
571 427 738 469 XXVI.

164 520 281 554 Scitis
308 515 403 563 quod
426 521 510 562 post
536 515 688 552 biduum
713 516 862 552 Pascha
888 516 967 564 fiel.

179 593 346 640 Sequitur
379 591 524 626 historia
555 593 625 626 diei
657 593 772 638 quarti
801 593 839 627 in
867 594 1061 638 septimana

78 645 300 685 Palmarum‚
331 644 480 684 scilicet,
518 646 572 678 be&
596 643 830 687 Ψῖἰῒωοάκηῧ,
858 645 940 689 quia
959 645 1059 678 dicit:

78 695 162 728 Post
179 694 326 728 biduum
344 692 476 728 Pascha
501 695 576 735 fiet,
610 694 740 728 scilicet
763 702 840 738 post
855 694 1009 738 ffltitmod)
1027 701 1059 728 et

76 751 154 790 post
170 744 376 789 Qennerstog
388 769 397 785 ,
432 745 514 790 quia
531 745 605 778 dies
621 742 810 778 Paschatos
826 745 893 779 suit
914 743 1059 778 inchoa-

76 803 132 830 tus
149 807 290 840 vespere
307 797 534 839 praecedente
551 795 673 828 feriam
693 802 823 829 sextam
843 797 899 830 ben
915 796 1059 840 &teitogl

75 853 107 880 et
132 846 198 879 isto
219 847 275 879 die
299 845 506 879 deliberatio
536 846 603 879 fuit
632 847 676 879 de
701 846 871 890 capiendo
895 854 926 881 et
949 847 1061 880 interss

73 896 222 931 ficiendo
238 894 414 929 Domino.
465 895 533 929 Hic
557 897 752 939 cogitentur
777 894 945 930 horrendi
962 898 1058 930 suro-

75 959 140 981 res.
203 946 379 980 Viderunt
401 947 582 980 manifesta
608 947 774 980 miracula
801 954 833 981 et
858 948 1057 982 testimonia

75 997 159 1038 Dei,
185 995 240 1030 his
262 997 346 1041 ipsis
366 997 509 1035 diebus,
544 998 844 1030 resuscitationem
859 998 999 1039 Lazari,
1027 1005 1058 1031 et

75 1048 142 1082 alia
163 1047 284 1081 multa.
336 1045 381 1081 Et
399 1055 515 1081 tamen
535 1054 651 1081 tantus
669 1048 768 1081 furor
783 1049 868 1087 fuit,
895 1055 935 1082 ut
951 1049 1059 1082 aude—

73 1104 155 1132 rent
176 1099 327 1141 cogitare
348 1100 390 1130 de
414 1098 656 1132 interficiendo
683 1098 741 1132 tali
766 1099 861 1138 viro,
887 1099 941 1132 cui
964 1098 1058 1131 Deus

75 1157 171 1183 tanta
190 1149 388 1183 testimonia
408 1149 589 1184 tribuerat.
642 1149 689 1182 Et
709 1161 780 1181 non
797 1150 888 1182 addo
906 1147 961 1182 hic
979 1150 1057 1183 lon-

72 1212 149 1244 gam
173 1200 450 1239 enarrationem,
482 1198 562 1243 quia
588 1196 679 1232 nihil
703 1199 924 1233 obscuritatis
947 1207 998 1233 est
1022 1199 1057 1232 in

73 1249 138 1284 hac
161 1257 257 1294 parte
281 1256 401 1285 textus.
463 1248 618 1282 Tantum
651 1261 712 1283 vos
737 1261 857 1282 omnes
879 1248 1058 1289 adhortor,

73 1308 111 1334 ut
128 1300 360 1348 expavescatis
379 1299 568 1342 cogitantes
594 1306 729 1333 tantum
750 1300 926 1338 furorem,
954 1307 986 1333 et
1001 1311 1057 1332 ar-

73 1351 214 1384 dentius
231 1350 337 1383 oretis
356 1349 488 1390 Deum,
515 1361 558 1381 ne
582 1349 673 1382 sinat
686 1360 750 1382 nos
769 1349 814 1382 ita
832 1361 944 1384 ruere.
997 1348 1056 1382 Ah

70 1400 167 1435 Deus
197 1406 340 1444 propter
371 1406 465 1432 tuam
493 1399 662 1441 gloriam,
696 1406 730 1432 et
755 1406 899 1443 propter
922 1399 1055 1432 Filium

72 1458 191 1491 tuum,
229 1450 393 1483 miserere
424 1449 553 1489 nostri,
596 1456 630 1482 et
655 1459 733 1492 rege
764 1456 802 1482 tu
833 1461 898 1483 nos
920 1449 1055 1493 Spiritu

72 1509 190 1535 sancto
215 1507 293 1540 tuo,
320 1507 353 1533 et
375 1512 448 1533 non
472 1500 578 1532 sinito
606 1512 670 1533 nos
693 1500 803 1543 pollui
829 1497 1056 1542 blasphemiis

71 1559 103 1586 et
126 1552 256 1586 talibus
283 1550 450 1594 peccatis,
484 1562 571 1594 quae
602 1556 683 1584 sunt
708 1550 983 1591 irremissibilia,
1017 1557 1057 1584 ut

72 1610 154 1637 sunt
169 1607 306 1647 peccata
324 1599 449 1639 Iudae,
475 1598 630 1644 Caiphae
645 1607 679 1634 et
695 1600 877 1634 similium.

236 1708 298 1743 De
333 1708 546 1743 convivio
581 1708 625 1741 in
653 1705 887 1743 Bethania.

172 1784 214 1818 ln
238 1783 396 1819 Iohanne
421 1789 470 1816 est
492 1782 597 1815 etiam
621 1782 809 1825 descriptio
835 1783 989 1816 convivii
1017 1783 1053 1816 in

71 1835 266 1876 Bethania,
311 1835 404 1880 quod
437 1834 566 1867 factum
599 1840 651 1868 est
682 1833 836 1868 Sabbato
864 1840 944 1867 ante
974 1833 1054 1867 Pal-

70 1898 221 1922 marum.

171 1943 248 1977 Hoc
274 1941 475 1976 convivium
502 1942 595 1987 quod
619 1940 739 1974 recitat
755 1938 976 1982 Matthaeus,
1002 1942 1055 1975 sa-

71 2002 165 2031 ctum
194 2001 244 2028 est
266 1994 350 2028 feria
374 1999 497 2037 quarta
529 2002 582 2027 am
606 1991 824 2036 Sfflitmodnn,
858 1999 938 2036 post
960 1992 1053 2026 diem

71 2047 284 2080 Palmarum.
337 2042 383 2077 Et
399 2055 468 2076 non
486 2050 536 2076 est
557 2044 768 2081 absurdum,
796 2043 930 2084 dicere,
958 2044 1054 2089 quod

71 2098 141 2130 sint
165 2097 235 2129 duo
261 2095 439 2133 convivia,
479 2094 560 2137 quia
583 2093 742 2127 existimo
773 2092 967 2127 Dominum
1000 2091 1055 2127 his
1078 2104 1081 2111 ¹

72 2148 196 2181 diebus
213 2144 402 2179 comedisse
420 2144 456 2176 in
472 2141 643 2177 Bethania
655 2170 664 2184 ,
690 2143 827 2188 quoties
843 2145 1006 2180 comedit.

172 2203 329 2238 Historia
356 2209 469 2235 autem
496 2199 580 2234 haec
609 2202 765 2235 continet
794 2202 948 2245 exempla
972 2203 1055 2237 duo.

73 2255 234 2290 Alterum
255 2261 304 2288 est
319 2264 406 2297 opus
424 2252 663 2291 confessionis,
687 2252 778 2296 quod
796 2252 915 2285 laudat
931 2251 1048 2286 Domi-

71 2318 148 2340 nus.
207 2304 369 2339 Alterum
396 2310 444 2336 est
472 2300 727 2347 hypocriticum
753 2302 922 2335 iudicium
938 2302 1055 2344 Iudae,

71 2357 127 2391 vel
144 2356 249 2390 etiam
267 2355 415 2389 aliorum
427 2380 435 2395 ‚
462 2353 521 2398 qui
541 2350 803 2397 reprehendunt
819 2353 950 2386 bonum
967 2365 1055 2398 opus

71 2406 242 2441 mulieris.

173 2463 266 2497 llinc
290 2463 482 2506 discamus,
517 2460 554 2494 in
580 2461 654 2505 ipsa
678 2459 834 2495 Ecclesia
858 2472 959 2506 saepe
988 2459 1054 2496 hoc

72 2515 246 2555 accidere,
285 2520 324 2548 ut
352 2511 554 2559 hypocritae
578 2511 735 2546 iudicent
761 2518 794 2545 et
818 2513 1055 2547 condemnent

73 2565 237 2605 Sanctos,
263 2564 367 2598 etiam
384 2570 476 2597 recte
492 2563 668 2597 facientes.
718 2560 766 2596 Et
789 2562 870 2596 talia
886 2559 1054 2608 hypocri-

72 2617 138 2650 tica
167 2615 296 2649 iudicia
322 2614 495 2647 discamus
522 2613 694 2657 patienter
719 2613 887 2652 tolerare,
920 2619 954 2648 et
979 2626 1052 2648 non

72 2673 254 2712 propterea
270 2665 394 2699 fiamus
410 2663 688 2708 negligentiores.

465 113 857 151 ANNOTATIONES
885 113 951 151 ET
977 113 1257 152 CONCIONES
1284 115 1334 151 IN
1361 116 1540 153 EVANG.
1567 116 1843 154 MATTHAEI.

1975 106 2101 156 '1002

1217 200 1274 234 Sic
1299 214 1386 235 uxor
1402 201 1564 244 Davidis,
1593 203 1662 238 filia
1681 203 1785 245 Saul,
1820 202 2099 249 reprehendebat

1114 249 1284 284 Davidem
1302 260 1483 287 canentem
1499 255 1626 288 fidibus
1641 261 1720 288 ante
1737 267 1850 289 arcam
1869 254 2024 289 Domini.

1215 300 1259 334 Et
1291 313 1386 336 nunc
1419 315 1544 345 magna
1585 305 1728 338 audacia
1766 312 1815 339 est
1853 306 2032 340 iudicandi
2068 315 2099 341 et

1112 351 1304 384 damnandi
1324 353 1424 387 alios.
1476 353 1522 388 Et
1547 361 1662 388 tamen
1687 356 1908 389 considerare
1932 357 1985 389 illi
2006 358 2099 390 iudi-

1112 412 1166 433 ces
1192 401 1361 436 deberent
1385 404 1518 437 dictum
1535 402 1686 438 Christi:
1723 406 1841 448 Quare
1866 407 1962 439 vides
1989 408 2098 441 sestu-

1111 462 1185 483 cam
1204 451 1239 483 in
1255 453 1356 485 oculo
1379 454 1494 488 fratris
1513 455 1575 495 tui,
1603 463 1635 488 et
1656 467 1728 488 non
1746 457 1943 490 consideras
1963 459 2097 491 trabem

1111 501 1148 534 in
1165 508 1225 535 tuo
1246 503 1372 536 oculo?

1212 551 1391 601 Scriptum
1419 561 1486 588 est:
1529 554 1647 589 Nolite
1677 556 1858 596 iudicare,
1894 569 1939 590 ne
1963 557 2096 590 iudice—

1112 601 1220 641 mini,
1249 602 1283 635 id
1304 610 1365 644 est,
1392 616 1464 638 non
1482 607 1657 645 damnate,
1687 619 1758 639 non
1778 608 1928 641 sauciate
1948 608 2095 641 fratrum

1110 653 1361 695 conscientias,
1392 657 1534 699 quando
1559 657 1690 690 faciunt
1716 670 1819 701 opera
1845 658 1945 691 utilia
1972 656 2095 691 Eccle-

1109 703 1200 745 siae,
1225 716 1313 748 quae
1328 716 1390 748 per
1407 717 1441 738 se
1459 718 1531 739 non
1549 714 1629 740 sunt
1648 715 1798 751 peccata,

1210 752 1257 787 Et
1283 755 1398 789 videte
1422 768 1584 800 praesens
1610 758 1826 801 exemplum,
1854 770 1957 803 quam
1975 759 2095 802 pulcer

1109 811 1306 848 praetextus
1329 812 1390 841 cst.
1442 805 1547 840 Iudas
1563 807 1702 841 videbat
1718 809 1935 842 occasionem
1952 809 2093 842 furandi

1109 855 1174 888 sibi
1192 855 1331 896 offerri,
1357 856 1385 889 si
1403 857 1613 891 venderetur
1631 858 1718 890 illud
1738 866 1974 901 unguentum,
2003 857 2093 891 banc

1109 916 1205 939 suam
1225 906 1450 949 cupiditatem
1476 908 1559 951 tegit
1580 908 1645 941 isto
1670 916 1864 951 praetextu:
1893 908 2024 942 Melius
2041 921 2093 942 es-

1111 963 1161 989 set
1177 956 1282 989 vendi
1303 965 1542 1001 unguentum,
1567 965 1601 992 et
1625 959 1772 1003 pecunia
1797 959 1857 992 illa
1875 959 1988 993 iuvari
2006 971 2093 1003 pau-

1111 1018 1221 1050 peres.

1211 1057 1310 1091 Talis
1333 1064 1383 1092 est
1409 1060 1534 1093 astutia
1557 1058 1733 1101 humana,
1766 1061 1838 1095 suis
1862 1061 1956 1095 vitiis
1980 1068 2011 1095 et
2033 1073 2094 1094 cu—

1109 1107 1335 1151 piditatibus,
1376 1111 1512 1153 quaerit
1540 1119 1735 1154 praetextus
1770 1110 1952 1151 honestos,
1993 1119 2025 1145 et
2055 1113 2092 1144 in

1108 1156 1236 1191 scholis
1268 1159 1473 1192 nominatur
1501 1161 1657 1201 fallacia,
1697 1163 1889 1195 secundum
1914 1174 1986 1195 non
2010 1174 2093 1195 cau-

1108 1219 1179 1241 sam
1191 1233 1200 1247 ,
1229 1209 1458 1253 &ebriam-sad)
1475 1209 1527 1253 fiir
1543 1212 1768 1257 mut>rt>afftige
1785 1212 1900 1256 brioci).

1210 1258 1277 1293 Sed
1302 1260 1399 1293 Deus
1420 1261 1551 1295 iudicat
1576 1265 1679 1295 corda
1693 1290 1702 1303 ,
1732 1270 1763 1297 et
1780 1263 1961 1296 damnabit
1977 1270 2009 1296 et
2028 1275 2092 1306 pu-

1108 1308 1181 1342 niet
1205 1307 1427 1354 hypocritas,
1453 1318 1486 1344 et
1510 1313 1735 1347 exsuscitabit
1759 1321 1849 1346 recte
1876 1314 2041 1346 facientes
2059 1320 2093 1345 et

1107 1359 1258 1392 fideliter
1272 1361 1461 1393 servientes
1478 1360 1666 1398 Ecclesiae.

1209 1408 1259 1442 Ita
1287 1410 1324 1442 fit
1347 1407 1418 1443 hic:
1445 1409 1540 1444 Deus
1564 1413 1725 1455 obiurgat
1750 1413 1943 1446 iudicantes
1961 1413 2092 1446 mulie-

1106 1470 1200 1496 rem,
1237 1466 1270 1493 et
1299 1459 1461 1494 adfirmat
1486 1462 1669 1495 mulierem
1689 1463 1810 1496 fecisse
1833 1474 1922 1506 opus
1947 1464 2093 1501 bonum,

1107 1509 1188 1553 quia
1216 1510 1459 1555 qualecunque
1481 1511 1548 1546 fuit
1575 1510 1640 1546 hoc
1663 1525 1770 1556 opus,
1804 1521 1834 1547 et
1863 1525 2092 1558 quaecunque

1106 1560 1171 1592 suit
1189 1561 1352 1594 voluntas
1369 1562 1548 1602 mulieris,
1575 1569 1689 1595 tamen
1715 1562 1798 1597 haec
1823 1564 1888 1597 fuit
1913 1564 2093 1607 principa-

1106 1609 1149 1642 lis
1172 1610 1342 1651 intentio,
1377 1613 1472 1655 quod
1497 1612 1609 1646 voluit
1634 1616 1818 1647 ostendere
1841 1612 1906 1647 hoc
1933 1626 2037 1657 opere
2055 1625 2091 1646 se

1105 1660 1205 1692 fateri
1232 1658 1327 1693 hunc
1351 1661 1466 1693 virum
1490 1673 1562 1694 esse
1590 1664 1771 1697 doctorem
1796 1676 1815 1697 a
1832 1663 1907 1697 Deo
1933 1664 2090 1703 missum,

1107 1716 1139 1742 et
1165 1708 1350 1750 Messiam,
1387 1717 1419 1743 et
1442 1722 1477 1744 se
1502 1723 1575 1744 non
1608 1724 1679 1745 esse
1701 1714 1737 1745 in
1761 1725 1908 1747 numero
1933 1711 2089 1747 hostium

1106 1759 1225 1803 ipsius.
1277 1758 1322 1794 Et
1341 1761 1450 1794 voluit
1477 1773 1555 1794 eum
1570 1763 1795 1806 defatigatum
1813 1764 1992 1797 laboribus
2009 1764 2091 1797 illo-

1105 1821 1183 1842 rum
1215 1809 1351 1843 dierum
1381 1823 1555 1850 recreare,
1597 1814 1677 1857 quia
1704 1811 1788 1846 baec
1811 1815 1906 1847 natio
1929 1814 1994 1847 fuit
2017 1826 2090 1847 me-

1105 1859 1200 1900 dica,
1224 1867 1257 1894 et
1279 1858 1402 1894 habuit
1418 1862 1545 1896 multas
1563 1874 1616 1896 res
1633 1864 1801 1908 optimas,
1830 1871 1869 1898 ut
1893 1865 2090 1898 balsamum

1104 1917 1138 1944 et
1154 1910 1233 1945 alia.
1989 1920 1993 1923 “

1206 1959 1302 1994 Haec
1333 1961 1483 1996 intentio
1509 1969 1541 1996 et
1565 1963 1642 1996 talis
1670 1964 1877 2007 significatio
1902 1963 2009 2000 huius
2032 1965 2089 1998 in-

1106 2011 1272 2045 tentionis
1292 2019 1341 2045 est
1359 2024 1447 2056 opus
1469 2014 1715 2055 confessionis,
1743 2017 1837 2060 quod
1855 2023 1904 2050 est
1921 2028 2010 2060 opus
2024 2017 2090 2049 bo-

1105 2074 1208 2100 num,
1244 2062 1332 2095 sicut
1358 2063 1393 2095 in
1423 2063 1480 2096 die
1498 2062 1700 2097 Palmarum
1726 2066 1823 2109 signa
1850 2066 2091 2106 consessionis,

1106 2113 1255 2145 clamare
1270 2110 1415 2146 Osanna
1437 2113 1509 2147 filio
1525 2113 1656 2154 David,
1684 2123 1715 2150 et
1734 2124 1951 2160 prosternere
1967 2123 2089 2154 vestes,

1105 2163 1248 2196 suerunt
1274 2175 1378 2206 opera
1403 2164 1514 2205 bona,
1549 2172 1583 2198 et
1602 2178 1707 2209 opera
1731 2167 1970 2200 confessionis.
2030 2166 2088 2199 Sic

1106 2213 1209 2246 etiam
1244 2225 1332 2257 opus
1355 2212 1501 2248 Davidis
1527 2217 1765 2259 praecedentis
1788 2229 1903 2250 arcam
1934 2229 2012 2250 cum
2037 2217 2088 2249 ci-

1106 2261 1223 2302 thara,
1249 2263 1315 2297 suit
1332 2265 1515 2299 confessio.
1570 2264 1670 2298 Talia
1693 2278 1798 2309 opera
1823 2275 1903 2301 sunt
1920 2267 1994 2301 Deo
2012 2267 2088 2311 pla-

1106 2313 1240 2355 centia,
1278 2315 1373 2348 iuxta
1408 2313 1473 2348 hoc
1498 2315 1646 2348 dictum:
1689 2317 1760 2357 Qui
1783 2318 1959 2351 confessus
1982 2317 2088 2350 suerit

1104 2375 1160 2397 me
1175 2376 1292 2397 coram
1317 2363 1539 2403 bominibus,
1568 2366 1761 2400 confitebor
1784 2374 1817 2401 et
1842 2379 1904 2411 ego
1931 2380 2010 2401 eum
2028 2379 2087 2400 co-

1105 2426 1179 2448 ram
1198 2414 1301 2448 Patre
1321 2427 1397 2448 meo
1416 2415 1566 2451 coelesti.

1207 2464 1298 2498 Tota
1316 2471 1433 2499 nostra
1458 2465 1527 2499 vita
1552 2466 1656 2500 debet
1682 2478 1754 2500 esse
1776 2468 1969 2508 confessio,
1997 2467 2088 2502 sicut

1104 2514 1188 2549 dicit
1204 2515 1394 2549 Dominus:
1419 2515 1478 2550 Sic
1500 2516 1612 2550 luceat
1628 2516 1687 2549 lux
1707 2524 1817 2551 vestra
1834 2530 1950 2551 coram
1969 2516 2087 2551 homi-

1104 2565 1229 2606 nibus,
1256 2573 1293 2600 ut
1316 2566 1530 2609 glorificetur
1544 2565 1647 2600 Pater
1662 2574 1774 2602 vester
1797 2569 1964 2603 coelestis.
2018 2567 2086 2602 Hic

1102 2616 1294 2660 cogitemus
1316 2622 1457 2656 contra,
1491 2615 1632 2659 Quanta
1656 2626 1791 2660 peccata
1821 2618 1908 2657 sint,
1943 2621 2085 2664 quando

1103 2666 1174 2701 vita
1190 2678 1262 2701 non
1284 2672 1334 2700 est
1361 2667 1550 2709 confessio,
1576 2667 1639 2701 sed
1661 2667 1779 2713 potius
1803 2670 2023 2709 scandalosa,
2051 2677 2086 2704 et
