2409 2915
298 97 368 133 195

299 181 411 215 rimus
427 181 470 214 de
488 180 652 213 omnibus
669 177 856 225 operibus,
884 178 976 223 quod
998 178 1143 212 verbum
1161 178 1281 224 requi-

298 233 447 264 rendum
463 231 526 269 sit,
553 237 585 263 et
605 229 653 261 ibi
673 229 835 262 voluntas
851 227 916 262 Dei
935 231 1167 271 agnoscenda,
1183 236 1281 278 post-

299 294 336 314 ea
353 282 388 313 in
407 293 511 324 opere
528 279 734 322 significatio
751 279 868 324 aliqua
887 281 1084 324 quaerenda
1105 288 1166 315 est.

628 361 684 384 De
722 362 954 385 serundo.

556 410 663 459 Quid
680 412 754 446 sint
773 411 1024 447 Sacramenta.

403 481 497 516 Deus
527 481 679 514 subinde
703 481 912 514 instauravit
935 481 1122 524 collapsam
1150 482 1281 515 doctri·

304 544 386 566 nam
405 543 547 566 suarum
566 532 858 575 promissionum,
885 537 917 564 et
941 538 977 564 ut
1001 530 1084 564 baec
1109 532 1281 565 instaura-

299 584 348 617 tio
367 590 454 615 esset
471 582 658 618 illustrior,
687 593 776 613 nova
792 581 889 623 signa
907 581 1065 615 instituta
1089 590 1182 617 suut.
1237 583 1279 616 Et

299 633 508 677 generaliter
524 639 781 664 sacramentum
800 631 941 675 proprie
965 633 1098 666 dictum
1113 659 1122 671 ,
1159 640 1208 666 est
1232 633 1280 666 si-

302 695 408 727 gnnm
429 682 618 725 promissae
636 681 946 717 reconciliationis.
999 682 1210 725 Quaerenda
1233 690 1282 717 est

302 734 409 776 igitur
424 732 608 774 promissio
629 732 746 764 addita
765 733 883 774 signis.

403 781 503 816 Duae
519 789 633 815 autem
653 782 798 815 traditae
812 790 892 816 sunt
910 784 1159 826 promissiones
1168 783 1283 817 Abra-

302 832 384 866 hae:
429 833 536 866 altera
561 833 604 865 de
634 833 940 873 reconciliatione,
982 834 1088 866 altera
1114 836 1156 867 de
1183 846 1283 866 causa

303 883 620 921 reconciliationis,
649 883 810 916 videlicet
827 886 870 917 de
885 884 1037 924 semiue,
1071 885 1106 916 in
1129 897 1200 929 quo
1224 886 1283 917 be-

302 935 512 967 nedicentur
527 945 648 966 omnes
665 941 794 975 gentes.
837 934 913 967 Hae
931 935 1181 976 promissiones
1198 947 1284 967 con—

303 985 500 1027 iungendae
517 991 616 1017 suut:
651 983 723 1016 Ero
741 983 836 1017 Deus
854 996 987 1017 eorum.
1045 986 1147 1018 ltem:
1173 984 1213 1017 lu
1231 998 1285 1018 se-

303 1035 399 1068 mine
430 1042 490 1068 tuo
522 1034 775 1067 benedicentur
804 1047 925 1067 omnes
955 1042 1088 1076 gentes.
1148 1035 1283 1069 Harum

303 1086 576 1129 promissionum
594 1091 676 1117 nota
694 1084 761 1117 fuit
776 1085 835 1118 illa
859 1085 1098 1126 circumcisio,
1125 1086 1285 1119 instituta

305 1137 341 1168 in
362 1136 420 1168 illa
437 1142 532 1181 parte
549 1135 724 1177 corporis,
760 1143 797 1168 ut
825 1137 867 1169 de
893 1142 1040 1169 venturo
1064 1137 1198 1170 semine
1224 1139 1285 1170 ad-

304 1193 461 1219 moneret
481 1197 716 1219 circumcisos.

663 1269 719 1293 De
755 1267 928 1293 tertio.

482 1319 608 1367 Quare
623 1319 671 1352 sit
690 1319 861 1352 instituta
879 1319 1116 1356 circumcisio.

406 1389 470 1424 Est
494 1389 599 1431 igitur
621 1388 839 1421 circumcisio
866 1387 1131 1422 Sacramentum
1159 1389 1288 1423 additis

306 1440 620 1486 promissionibus,
668 1438 828 1471 videlicet
864 1440 1096 1482 promissione
1133 1441 1288 1473 reconci-

307 1491 481 1530 liationis,
509 1497 541 1523 et
561 1489 793 1533 promissione
815 1490 970 1525 seminis.
1024 1489 1112 1523 Nam
1138 1491 1289 1534 promis-

307 1542 358 1575 sio
381 1549 510 1578 terrae,
533 1547 565 1573 et
583 1539 681 1582 regni
700 1551 758 1572 seu
780 1539 941 1583 politiae,
965 1542 1043 1574 data
1071 1549 1120 1574 est
1147 1550 1289 1585 propter

307 1605 435 1626 semen.
490 1589 661 1633 Oportuit
681 1590 774 1622 enim
794 1597 928 1623 certum
945 1603 1017 1624 esse
1032 1592 1222 1635 populum,
1252 1592 1287 1623 in

307 1655 377 1688 quo
395 1642 548 1674 saltam·
573 1647 791 1677 nasceretur,
828 1647 861 1673 et
886 1649 1029 1684 propter
1054 1639 1115 1674 has
1138 1642 1288 1684 promis-

305 1694 421 1726 siones
447 1690 664 1724 circumcisio
688 1690 865 1723 adferebat
888 1692 1053 1733 gratiam,
1088 1693 1169 1736 quia
1195 1691 1289 1724 Deus

308 1744 442 1788 inquit:
482 1740 551 1775 Ero
571 1740 668 1774 Deus
693 1753 824 1773 eorum.
882 1740 975 1774 Hinc
1003 1749 1115 1785 potest
1139 1742 1287 1785 intelligi

308 1807 387 1827 vere
413 1793 518 1825 fuisse
535 1798 810 1831 sacramentum,
837 1799 869 1824 et
891 1793 1001 1825 adulti
1028 1793 1198 1825 admoniti
1224 1791 1288 1825 boc

307 1845 422 1887 signo,
451 1845 515 1875 fule
535 1843 762 1875 intuebantur
784 1843 1050 1884 promissionem
1075 1844 1226 1885 gratiae,
1255 1851 1286 1876 et

309 1894 447 1927 venturi
474 1893 668 1925 salvatoris.
732 1891 807 1924 llac
830 1893 896 1924 lide
922 1893 1105 1936 placebant
1128 1893 1221 1933 Deo,
1255 1902 1287 1927 et

309 1945 520 1977 invocabant
539 1955 629 1976 cum.

411 1993 504 2027 Ilaec
533 1994 615 2024 fides
643 1999 674 2025 ct
703 1991 879 2025 invocatio
906 1999 986 2025 sunt
1015 1994 1140 2025 summi
1164 1994 1288 2031 cultus,

310 2046 420 2087 ignoti
454 2044 652 2077 carnalibus
683 2043 840 2080 iudiciis,
880 2055 967 2087 quos
994 2045 1040 2086 pii
1067 2045 1288 2090 praestabant

308 2095 480 2128 admoniti
500 2106 560 2137 per
575 2093 893 2132 circumcisionem,
919 2094 1053 2126 etiamsi
1070 2107 1157 2138 opus
1175 2096 1287 2137 ipsum

307 2148 491 2179 xidebatur
510 2145 626 2188 impiis
644 2145 846 2177 absurdum.
899 2142 984 2177 Erat
1010 2152 1126 2177 :tutem
1150 2154 1287 2188 gratum

308 2198 449 2240 pignus.
478 2203 508 2228 et
528 2196 663 2234 insigne
680 2195 919 2227 testimouium
939 2193 1012 2236 bis,
1041 2197 1100 2240 qui
1122 2197 1203 2229 inde
1220 2204 1289 2230 sta-

307 2249 448 2280 tuebant
466 2245 577 2279 Deum
598 2246 791 2289 propicium
816 2257 897 2277 esse.

656 2331 709 2353 Dc
747 2334 938 2359 quarto,

600 2381 706 2427 Quid
719 2380 903 2427 significa·
917 2382 994 2418 erit.

308 2503 486 2547 symbola,
521 2509 550 2534 vt
585 2502 754 2541 imagines
783 2503 987 2544 praecipuae
1015 2515 1133 2534 earum
1162 2515 1290 2541 reruni,
1315 2505 1316 2509 ¹

308 2566 395 2597 qua·-
416 2554 448 2584 in
470 2553 762 2595 promissionilnis
780 2552 1029 2591 signius-‘intutu
1074 2552 1210 2586 Deiudi·
1233 2567 1288 2587 ac—

309 2604 434 2635 cedunt
463 2611 493 2635 vt
521 2603 607 2634 ali-w
634 2603 904 2642 significationes
931 2616 1046 2635 rerum
1073 2605 1286 2639 coelestium.

872 93 997 128 PHIL.
1035 91 1150 128 MEL.
1178 92 1388 129 SCRIPTA
1415 91 1710 128 EXEGETICA.

2239 94 2311 130 196

1331 177 1516 222 praecipue
1531 185 1613 212 sunt
1630 178 1727 222 signa
1744 177 1937 212 voluntatis
1948 177 2017 211 Dei
2034 188 2113 221 erga
2133 189 2209 219 nos,
2226 190 2309 222 pro-

1331 229 1464 272 positae
1486 228 1524 261 in
1546 230 1852 273 promissionibus.
1906 228 2031 262 Postea
2055 235 2200 272 possunt
2225 229 2311 262 addi

1332 279 1420 312 aliae
1436 278 1716 322 significationes.

1434 327 1661 364 Circumcisio
1694 331 1802 373 igitur
1825 329 2068 375 principaliter
2091 329 2311 373 significabat

1333 380 1538 423 promissam
1572 381 1911 421 reconciliationem,
1961 381 2043 425 quia
2081 379 2176 413 Deus
2211 380 2311 421 dicit,

1332 428 1404 463 Ero
1429 428 1525 463 Deus
1549 443 1687 464 eorum:
1723 438 1756 465 et
1781 432 1878 464 locus
1901 432 2115 465 admonebat
2141 432 2185 464 de
2209 442 2311 464 causa

1335 480 1641 516 reconciliationis.
1695 481 1787 524 Quia
1814 483 1908 514 enim
1931 482 1998 515 fuit
2023 481 2233 525 promissum
2257 492 2312 514 se-

1335 542 1434 568 men,
1460 530 1498 563 in
1517 543 1587 576 quo
1607 533 1898 566 benedicerentur
1920 543 2042 565 omnes
2065 539 2202 576 gentes,
2231 532 2311 565 ideo

1333 581 1386 614 illi
1405 581 1493 624 parti
1511 583 1667 625 corporis
1683 584 1843 616 additum
1861 590 1911 617 est
1928 583 2080 625 signum.
2133 581 2228 615 Haec
2246 582 2314 616 suit

1335 631 1519 675 praecipua
1537 631 1755 675 significatiO.

1435 680 1505 715 Sed
1521 683 1564 715 ad
1582 680 1672 716 hanc
1695 684 1866 716 accedunt
1890 682 1996 722 aliae,
2032 683 2112 727 quia
2140 682 2313 726 praecidi-

1334 739 1392 765 tur
1409 732 1578 774 particula
1596 745 1613 766 a
1633 735 1790 767 membro
1809 733 2064 776 generationis,
2091 732 2313 775 significaba-

1335 790 1392 816 tur
1409 779 1499 815 hanc
1515 789 1675 816 naturam
1698 784 1831 828 lapsam
1859 795 1948 824 esse,
1982 790 2014 816 et
2040 795 2134 816 nunc
2158 782 2315 816 destina-

1335 840 1404 865 tam
1422 833 1546 873 morti,
1578 841 1612 867 et
1636 832 1727 868 hanc
1750 835 1948 879 pelliculam
1973 833 2205 867 abiiciendam
2231 844 2315 866 esse.

1336 883 1402 917 Sed
1424 891 1540 916 tamen
1559 892 1746 918 venturum
1765 897 1900 923 sennen,
1929 885 2023 929 quod
2041 884 2179 918 sublata
2202 884 2315 917 male-

1336 934 1490 967 dictione
1507 935 1729 969 redditurum
1745 942 1833 969 esset
1850 947 1975 968 novam
1995 942 2026 969 et
2050 942 2227 968 aeternam
2251 946 2316 968 na-

1337 991 1450 1017 turam
1470 991 1501 1018 et
1528 985 1646 1020 vitam.
1699 984 1793 1019 Haec
1819 986 1928 1020 sancti
1954 986 2121 1020 videbant
2146 992 2316 1030 tanquam

1338 1035 1427 1079 picta
1444 1046 1516 1068 esse
1533 1036 1571 1068 in
1590 1033 1653 1068 hac
1671 1036 1835 1079 imagine.

1439 1084 1664 1120 Accedebant
1682 1093 1715 1120 et
1738 1087 1827 1120 aliae
1852 1087 2133 1125 admonitiones,
2160 1087 2316 1120 mundus

1339 1136 1534 1169 miserrime
1555 1137 1769 1170 contaminat
1793 1149 1850 1170 eas
1872 1144 2001 1180 partes,
2037 1145 2071 1172 et
2090 1137 2317 1180 generatione

1339 1186 1516 1227 abutitur,
1548 1186 1644 1220 Deus
1666 1195 1806 1221 econtra
1833 1188 1870 1221 in
1893 1185 1956 1220 hac
1981 1188 2054 1231 ipsa
2081 1195 2178 1231 parte
2200 1187 2318 1231 posuit.

1340 1244 1480 1280 notam,
1507 1245 1545 1271 ut
1561 1238 1753 1280 cogitemus
1770 1237 1884 1271 Deum
1902 1239 2010 1276 velle,
2043 1245 2082 1271 ut
2100 1236 2183 1271 haec
2207 1249 2319 1270 mem-

1340 1288 1402 1321 bra
1420 1288 1490 1321 sint
1505 1295 1640 1328 sancta,
1667 1295 1701 1321 et
1716 1296 1833 1322 sancte
1850 1296 1992 1322 utamur
2010 1288 2248 1331 generatione.

1442 1338 1553 1371 'Nobis
1580 1339 1772 1382 baptismus
1795 1340 1979 1382 praecipue
2000 1339 2172 1382 significat
2195 1349 2320 1372 recon-

1340 1388 1555 1422 ciliationem
1574 1389 1609 1421 in
1630 1390 1862 1433 promissione
1879 1390 2112 1433 propositam:
2146 1390 2204 1422 sed
2223 1395 2319 1433 post-

1341 1451 1378 1471 ea
1395 1439 1505 1472 multa
1523 1447 1641 1473 monet
1659 1440 1784 1483 imago.
1839 1439 2056 1483 Mei-gimur‚
2085 1447 2123 1474 ut
2140 1446 2320 1483 peccatum

1341 1490 1506 1522 abluatur
1534 1490 1731 1529 mersione,
1768 1490 1930 1523 videlicet
1964 1498 2076 1524 morte
2099 1488 2253 1530 Christi,
2287 1497 2321 1523 et

1341 1552 1406 1573 nos
1420 1540 1540 1573 inserti
1559 1540 1662 1574 morti
1684 1538 1816 1574 Christi
1839 1540 2109 1579 mortificemur,
2146 1547 2180 1574 et
2202 1539 2320 1573 omni·

1342 1592 1406 1623 bus
1423 1590 1585 1634 procellis
1603 1592 1812 1624 obruamur:
1847 1592 1906 1624 sed
1926 1592 2140 1633 resurgimus
2156 1597 2188 1624 et
2206 1602 2320 1623 emer·

1340 1641 1454 1683 gimus
1478 1653 1557 1673 cum
1582 1639 1735 1674 Christo.
1795 1641 1854 1674 Sic
1879 1653 1985 1674 coena
2010 1640 2157 1674 Domini
2182 1640 2319 1688 praeci—

1342 1704 1407 1734 pue
1432 1692 1560 1738 pignus
1585 1698 1634 1724 est
1659 1691 1978 1729 reconciliationis,
2018 1692 2078 1726 sed
2103 1692 2218 1734 imago
2245 1691 2320 1734 ipsa

1341 1749 1486 1775 testatur
1518 1753 1582 1774 nos
1613 1742 1701 1775 effici
1731 1743 1887 1775 membra
1913 1739 2057 1775 Christi.
2119 1741 2223 1781 Item,
2255 1752 2321 1774 nos

1340 1799 1462 1825 mutuo
1479 1794 1635 1825 membra
1653 1804 1724 1825 esse
1749 1793 1853 1825 unius
1877 1793 2046 1835 corporis.
2100 1791 2159 1826 Sic
2184 1798 2217 1825 et
2244 1804 2321 1824 mo-

1341 1843 1425 1875 ralia
1453 1843 1564 1876 voluit
1581 1840 1743 1876 Christus
1761 1854 1833 1875 esse
1850 1843 2026 1887 symbola:
2054 1841 2258 1880 Remittite,
2287 1849 2321 1876 et

1341 1894 1536 1926 remittetur
1567 1892 1678 1927 vobis.
1739 1893 1852 1926 Amor
1876 1900 2060 1936 pareutum
2086 1904 2165 1936 erga
2190 1893 2320 1925 liberos

1340 1951 1389 1976 est
1411 1941 1547 1989 στοργὴ
1575 1943 1748 1976 divinitus
1774 1943 1883 1976 indita
1911 1940 2066 1977 humano
2098 1943 2252 1988 pectori,
2287 1949 2321 1977 et

1342 1994 1454 2036 imago
1473 1994 1602 2027 amoris
1622 1992 1687 2026 Dei
1705 2005 1783 2037 erga
1806 2005 1880 2028 nos.

1689 2077 1711 2100 D
1731 2083 1745 2100 e
1782 2084 1796 2107 q
1817 2084 1831 2100 u
1851 2082 1866 2100 n
1886 2084 1899 2101 r
1918 2080 1926 2100 t
1949 2082 1972 2100 o.

1502 2126 1628 2175 Quare
1649 2125 1822 2163 Christus
1839 2129 1886 2162 sil
1907 2129 2151 2165 citcumcisus.

1442 2196 1604 2231 Placebat
1624 2196 1734 2230 Filius
1755 2197 1821 2229 Dei
1834 2197 1937 2230 etiam
1956 2197 2030 2230 sine
2046 2197 2321 2238 circumcisione,

1341 2261 1403 2282 uec
1429 2249 1612 2281 tenebatur
1642 2249 1699 2280 illa
1734 2248 1825 2289 lege:
1866 2248 1903 2281 Si
1926 2248 2004 2293 quis
2029 2261 2099 2281 non
2125 2248 2230 2282 suerit
2251 2249 2319 2281 cir·

1342 2300 1529 2334 cumsisus.
1566 2299 1812 2332 eradicabitur.
1865 2299 1932 2331 Sed
1961 2299 2050 2332 sicut
2072 2298 2320 2333 universaliter

1314 2361 1317 2411 Ι
1340 2349 1500 2384 Christus
1520 2350 1630 2383 voluit
1647 2362 1718 2383 esse
1735 2350 1910 2382 subiectus
1934 2349 2017 2391 legi,
2052 2349 2099 2381 sic
2123 2349 2227 2382 etiam
2250 2349 2319 2383 cir-

1314 2417 1317 2439 1
1341 2402 1594 2435 cuiucideudus
1610 2408 1692 2434 erat.

409 2450 541 2483 Omnia
569 2463 673 2493 opera
704 2452 949 2483 ceremonialia
979 2459 1009 2484 et
1037 2452 1181 2483 moralia
1210 2461 1288 2485 suut
1314 2443 1316 2475 i

1744 2399 1787 2433 Et
1805 2407 2019 2432 concurrunt
2039 2400 2169 2433 multae
2184 2412 2316 2433 causae.

1344 2452 1463 2485 Voluit
1492 2459 1606 2484 extare
1631 2450 1886 2486 testimouium.
1923 2452 2017 2495 quml
2045 2458 2146 2483 uatus
2170 2459 2255 2484 esset
2278 2463 2318 2484 ex

1342 2504 1488 2546 posteris
1507 2499 1669 2535 Abrahae.
1688 2502 1722 2533 in
1743 2498 1808 2533 boc
1834 2501 1985 2544 populo,
2019 2502 2114 2546 quod
2140 2508 2227 2534 esset
2250 2498 2318 2535 ltu-

1314 2566 1315 2569 *
1342 2555 1394 2587 ius
1414 2553 1587 2587 Ecclesiae
1609 2553 1721 2585 socius
1740 2559 1772 2584 ct
1794 2553 2007 2585 membrum:
2048 2552 2106 2585 sed
2133 2552 2319 2596 praecipua

1340 2617 1440 2638 causa
1468 2612 1515 2637 est
1545 2603 1714 2636 subiectio
1739 2603 1804 2635 sub
1824 2603 1953 2645 legem,
1987 2615 2076 2648 quae
2092 2615 2163 2635 non
2190 2610 2237 2635 cst
2264 2603 2319 2636 in-

308 2652 352 2686 Et
370 2654 510 2694 quidem
529 2666 584 2692 «τι,
602 2667 689 2697 ‹pi-w
709 2654 848 2696 proprie
867 2655 1090 2686 Sacramenta
1109 2656 1288 2694 dicuntur,
1314 2681 1317 2699 ,
1341 2657 1526 2699 telligenda
1560 2661 1695 2687 tantum
1726 2653 1897 2691 civiliter,
1938 2654 2031 2698 quod
2064 2653 2215 2687 voluerit
2245 2665 2318 2687 esse

2382 1334 2398 1442 *⁶¹*
2388 580 2409 1308 ‘mumma-“⁶'‘
2391 535 2395 549 ·
2391 485 2401 506 -·
