2409 2915
301 88 374 126 395

307 174 449 208 latione.
526 163 733 201 Servabitur
761 156 936 196 Ecclesia,
973 157 1033 191 sed
1060 156 1282 194 mirabiliter,

308 221 442 259 etiamsi
465 219 595 251 interea
617 213 712 247 varie
730 209 954 244 exercebitur.

407 266 602 312 Singularis
625 271 675 297 est
698 261 781 295 haec
799 259 967 305 sapientia
990 255 1184 296 Ecclesiae,
1210 266 1284 287 non

898 73 1021 107 PHlL.
1049 70 1163 106 MEL.
1192 69 1399 106 SCRIPTA
1427 67 1722 106 ExEGETtCA.

1307 160 1313 235 1

2234 73 2308 108 896

1335 155 1467 199 ereptio
1492 156 1658 199 pecuniae
1676 155 1858 189 toleranda
1883 162 1956 189 erat
1978 155 2070 190 inter
2093 157 2182 190 mala
2199 158 2307 191 servi·

1334 206 1437 246 tutis,
1463 205 1553 239 sicut
1569 206 1702 250 reliqua
1719 218 1824 239 onera
1841 206 2031 240 servitutis.

1436 270 1551 305 Simul
1570 277 1684 304 autem
1702 272 1851 306 debebat
1873 272 2025 316 populus
2043 268 2234 316 agnoscere
2249 272 2311 306 be-

309 332 429 366 rapere
444 316 693 363 promissiones
711 311 865 345 humano
882 309 1042 342 consilio.
1078 306 1185 345 ltem,
1212 306 1284 338 dis·
1335 321 1498 355 neficium
1514 319 1580 354 Dei
1602 321 1640 354 in
1657 319 1721 354 hac
1735 322 1808 366 3953
1833 323 2016 361 servitute,
2045 329 2077 356 et
2093 330 2230 366 tempus
2250 323 2313 355 ad-

309 382 449 407 cernere
472 365 666 410 corporalia
687 364 731 397 ab
747 361 914 400 aeternis,
944 359 1047 392 etiam
1063 369 1141 390 cum
1160 367 1284 412 corpo-

310 423 400 456 rales
423 419 642 463 eripiuntur,
667 425 781 447 tamen
808 411 987 444 sciendum
1005 415 1055 442 est
1075 418 1147 440 non
1173 411 1287 439 31111111

310 480 483 508 aeternvm,
510 475 549 502 ut
572 478 649 500 cum
680 463 796 497 David
824 470 985 493 excussus
1006 464 1080 491 erat
1103 469 1142 490 ex
1166 468 1287 499 regno,

311 522 438 556 sciebat
455 531 489 553 se
503 518 628 551 debere
645 511 881 548 obedientiam
899 511 937 542 in
954 520 1078 553 poena,
1099 508 1156 540 sed
1170 514 1287 540 tamen

310 585 383 606 non
400 582 471 604 esse
488 567 718 601 abiiciendam
734 561 1004 610 promissionem
1022 561 1064 592 de
1086 557 1288 590 remissione

310 629 529 668 peccatorum
557 623 589 649 et
615 615 684 647 vita
708 620 867 652 aeterna,
890 609 982 643 hanc
998 620 1139 642 manere
1162 609 1288 639 immo-

311 681 380 707 tam
398 675 540 714 propter
556 665 765 710 promissum
783 662 988 696 Dominum.
1040 659 1137 693 Sicut
1156 658 1287 690 dictum

312 730 376 756 est:
405 716 733 754 IuravitDominus,
750 720 782 746 et
794 724 865 745 non
884 710 1176 755 poenitebiteum.
1205 706 1290 741 Saul

312 772 438 806 amisso
463 780 570 811 regno
595 766 698 800 etiam
727 764 852 797 abiecit
875 760 1141 806 promissionem
1167 759 1209 790 de
1235 768 1291 789 re-

313 821 478 856 missione
503 823 741 862 peccatorum,
776 821 815 848 ut
837 812 939 845 multi
964 811 1002 842 in
1025 808 1290 845 calamitatibus,

313 873 452 918 penitus
468 869 637 903 abiiciunt
650 864 915 910 promissionem
927 872 1043 894 rerum
1059 865 1291 895 aeternarum,

313 922 447 957 amissis
467 918 716 963 corporalibus.

415 971 606 1005 Sciendum
630 973 677 999 est
694 965 798 1008 igitur
815 962 980 996 omnibus
999 958 1292 1005 promissionibus

315 1021 555 1066 corporalibus
572 1017 722 1050 inclusas
738 1025 809 1047 esse
825 1013 1047 1047 conditiones
1064 1012 1167 1050 duas,
1195 1009 1293 1041 vide-

314 1075 394 1107 licet
420 1069 657 1104 conditionem
684 1065 814 1102 crucis,
840 1064 923 1096 item
941 1061 1179 1096 conditionem
1206 1070 1292 1103 poe-

316 1136 380 1157 nae
397 1118 666 1157 inobedientiae,
693 1116 780 1149 sicut
796 1114 1044 1158 promissiones
1061 1111 1188 1154 legales
1207 1121 1294 1153 pen-

315 1176 398 1208 dent
415 1184 454 1205 ex
472 1169 674 1203 conditione
691 1164 923 1200 obedientiae.
967 1162 1142 1196 Promissa
1162 1167 1211 1193 est
1230 1171 1294 1203 po-

318 1225 402 1268 pulo
419 1223 578 1259 libertas,
606 1219 663 1251 sed
689 1218 752 1256 ita,
778 1222 815 1248 ut
834 1215 938 1248 etiam
965 1219 1163 1247 exerceatur
1181 1221 1295 1249 cruce,

318 1277 399 1308 item
418 1279 456 1305 ut
472 1270 666 1318 puniantur
689 1267 792 1300 etiam
812 1265 924 1309 impii.
976 1263 1032 1297 Sic
1052 1261 1215 1295 Ieremias
1240 1272 1295 1292 re-

316 1323 510 1368 spondebat
524 1321 595 1354 suis
612 1316 835 1352 adversariis:
864 1314 1079 1348 Promissum
1097 1318 1147 1344 est
1164 1310 1295 1355 populo

317 1385 481 1417 regnum,
517 1382 598 1413 ergo
623 1367 830 1402 servabitur.
907 1363 1079 1398 Concedit
1103 1369 1295 1404 utrunque.

319 1426 481 1465 Regnum
499 1420 708 1464 promissum
733 1424 801 1454 est,
828 1415 888 1448 sed
907 1426 985 1447 cum
1010 1412 1231 1450 conditione,
1258 1417 1298 1443 ut

319 1465 421 1509 etiam
448 1472 640 1516 puniantur
665 1467 783 1511 impii,
817 1466 918 1505 item,
953 1475 997 1497 ne
1026 1474 1110 1496 crux
1141 1461 1298 1496 tollatur.

320 1525 365 1559 Et
383 1522 580 1557 servabitur
604 1529 768 1562 regnum,
792 1517 848 1549 sed
867 1515 966 1548 aliter
983 1525 1086 1558 quam
1110 1513 1204 1545 iuxta
1229 1509 1297 1543 hu-

321 1585 440 1608 manas
463 1570 751 1613 imaginationes,
785 1566 866 1611 quia
889 1563 1045 1598 Ecclesia
1070 1575 1142 1595 non
1166 1561 1299 1603 regitur

321 1623 484 1659 humanis
508 1620 683 1659 consiliis,
719 1618 807 1650 sicut
829 1615 995 1657 scriptum
1023 1620 1090 1646 est:
1127 1612 1212 1646 Sine
1243 1623 1298 1643 me

320 1674 409 1709 nibil
435 1671 577 1716 potestis
601 1671 721 1702 facere.
787 1665 831 1699 Et
860 1665 951 1709 apud
983 1663 1103 1696 lerem.
1127 1674 1200 1706 cap.
1222 1661 1296 1696 10.;

321 1727 402 1759 Scio
420 1722 592 1761 Domine,
620 1732 692 1752 non
709 1724 758 1750 est
779 1715 934 1749 hominis
953 1714 1007 1747 via
1033 1714 1124 1752 eius,
1151 1724 1213 1745 nec
1232 1712 1298 1744 viri

323 1783 390 1814 est,
425 1781 463 1807 ut
489 1771 644 1805 ambulet
675 1776 707 1802 et
734 1768 859 1809 dirigat
888 1776 1021 1808 gressus
1043 1775 1140 1804 suos,
1177 1763 1209 1795 id
1237 1770 1299 1801 est,

323 1825 430 1859 hoino
458 1836 529 1856 non
549 1820 653 1854 hahet
671 1829 792 1852 omnes
814 1825 958 1850 eventus
983 1815 1018 1847 in
1043 1826 1102 1847 sua
1121 1820 1301 1858 potestate,

323 1885 353 1909 et
372 1884 408 1909 ut
427 1879 562 1918 peccata
584 1882 656 1903 non
682 1867 844 1908 intelligit
862 1866 999 1904 omnia,
1028 1865 1072 1897 ita
1091 1877 1152 1897 nec
1171 1875 1300 1906 poenas

325 1924 510 1971 prospicit,
536 1928 568 1954 et
587 1920 666 1965 quia
687 1917 874 1951 consilium
892 1914 955 1948 Dei
982 1916 1024 1947 (le
1049 1913 1301 1946 afflictionibus

323 1975 475 2010 Ecclesia
502 1984 572 2005 nou
600 1969 780 2014 prospicit:
825 1966 901 1999 ideo
934 1977 1005 1997 non
1035 1970 1146 2007 potest
1179 1975 1301 1995 omues

322 2038 419 2060 casus
436 2023 633 2069 prospicere
650 2027 682 2052 et
699 2029 827 2061 regere.
880 2014 994 2048 Multa
1013 2015 1172 2047 accidunt
1189 2014 1302 2054 aliter,

324 2077 446 2113 lacob„
472 2072 600 2107 Davidi
622 2077 653 2103 et
671 2070 768 2108 aliis,
795 2079 897 2112 quam
917 2066 980 2108 ipsi
1000 2064 1248 2107 cogitaverant.

426 2123 489 2159 Est
505 2131 536 2156 et
554 2122 648 2155 alind
668 2125 910 2160 argumentum
937 2116 971 2147 in
990 2113 1052 2147 hac
1076 2126 1176 2147 causa
1193 2114 1302 2157 agita-

324 2187 416 2215 111111,
458 2174 625 2217 templum
651 2169 910 2203 defendendum
938 2177 1020 2207 esse.
1075 2166 1205 2197 (Tonsos
1231 2172 1303 2198 emt

325 2228 456 2270 1111111111.
486 2225 571 2258 Nam
584 2221 735 2255 111111131ιὶ
753 2215 995 2251 didrachmum
1012 2216 1200 2260 quotannis
1217 2227 1302 2258 peti-

326 2280 479 2312 (lendum
499 2273 626 2316 templo
643 2270 774 2303 viritim
796 2270 837 2300 ad
856 2279 889 2300 se
907 2267 1167 2300 transtulerant.
1207 2264 1302 2307 Ergo

328 2329 444 2362 ludaei
465 2337 535 2358 non
560 2324 728 2354 debebant
755 2319 974 2364 permittere,
1001 2323 1037 2350 ut
1063 2317 1194 2349 reditus
1217 2323 1302 2349 tem-

327 2381 384 2422 11111
403 2379 625 2411 adimeretur.
682 2369 980 2413 llespondendum
998 2374 1047 2401 est
1063 2368 1104 2399 ad
1125 2367 1303 2400 maiorem.

329 2429 516 2471 'l'einpluin
536 2423 794 2456 defendendum
810 2427 876 2455 est,
904 2418 1033 2451 scilicet
1058 2419 1151 2462 qnod
1177 2418 1218 2449 ad
1240 2418 1303 2448 do-

328 2480 475 2512 ctrinam
504 2483 535 2508 et
563 2485 660 2506 veros
684 2472 797 2504 cultus
815 2470 932 2502 attinet
948 2495 956 2507 ,
985 2480 1055 2500 111111
1075 2468 1167 2512 quod
1187 2469 1226 2499 ad
1246 2479 1303 2509 pe-

328 2531 463 2562 cuniam
493 2533 549 2559 aut
580 2525 711 2568 lapides
738 2521 869 2554 attinet.

1315 901 1324 1339 1

924 2520 1021 2552 Sicut
1052 2517 1213 2551 lert-mias
1242 2530 1302 2549 vn-
1328 2538 1329 2557 3

330 2581 391 2612 luit
414 2577 550 2610 defendi
571 2583 599 2606 et
621 2573 760 2607 retineri
790 2571 984 2603 doctrinam
1009 2577 1038 2601 et
1059 2581 1157 2601 veros
1179 2569 1303 2604 cultus,
1328 2567 1329 2574 ¹

329 2643 399 2663 nnn
420 2629 529 2660 voluit
547 2625 684 2659 delendi
706 2624 835 2667 lapides
853 2629 909 2654 aut
931 2621 1124 2664 pecuniam.
1169 2618 1215 2653 lta
1238 2619 1303 2651 iam
1328 2626 1332 2657 ξ
1359 2628 1429 2647 111111
1452 2614 1603 2648 Caesari.

1337 378 1462 406 ventus
1485 370 1646 406 Messiae.
1724 371 1894 414 Magnum
1917 373 2125 407 beneficium
2149 371 2216 406 Dei
2240 379 2314 406 erat

1337 423 1431 468 quod
1446 420 1603 456 Romani
1625 433 1698 454 non
1714 429 1909 457 everterant
1931 424 2121 468 templum,
2148 434 2219 455 non
2238 422 2315 467 pol-

1338 473 1482 506 luebant
1505 472 1646 512 statuis,
1677 483 1749 504 non
1775 473 1990 507 deduxerant
2014 486 2054 507 eo
2076 473 2232 507 colonias
2253 473 2316 505 ab-

1339 525 1443 557 ducto
1467 523 1610 567 populo.
1664 521 1758 554 llaec
1782 533 1881 567 saepe
1905 525 1998 567 apud
2017 525 2102 557 alias
2117 529 2234 567 gentes
2258 522 2319 555 fle-

1343 575 1447 613 bant,
1485 580 1518 606 et
1541 573 1645 617 paulo
1670 578 1748 616 post
1768 573 1970 607 acciderunt
1992 574 2030 607 in
2055 573 2199 614 Iudaea,
2240 578 2319 616 post

1342 623 1631 657 resurrectionem
1656 620 1798 657 Christi.
1860 622 2083 657 Praedictum
2108 631 2223 658 autem
2246 629 2320 656 erat

1341 673 1516 707 aDaniele
1527 684 1727 706 mansuram
1744 673 1932 714 civitatem,
1948 685 2058 719 usque
2075 675 2117 707 ad
2128 675 2319 706 adventum

1342 724 1501 758 Messiae.
1559 722 1633 757 Has
1659 724 1913 768 praedictiones
1937 725 1981 757 ad
2011 724 2212 758 servitutem
2236 734 2321 756 con-

1342 776 1433 808 ferre
1450 774 1642 813 debebant,
1668 775 1750 819 quia
1768 774 1870 807 etiam
1890 774 2106 818 praedictum
2125 775 2256 813 suerat,
2285 773 2321 805 in

1344 832 1466 870 quarta
1492 821 1696 857 monarchia
1719 831 1906 858 venturum
1931 836 2003 857 esse
2028 824 2210 865 Messinm,
2243 834 2322 856 cum

1344 876 1496 920 populus
1515 874 1686 907 amisisset
1700 886 1858 917 regnum.
1912 874 1983 909 Sed
2010 875 2200 908 multitudo
2219 873 2322 906 fasci-

1344 932 1425 959 nata
1443 931 1515 958 erat
1531 924 1647 957 stultis
1664 925 1958 968 persuasionibus,
1985 931 2017 958 et
2035 937 2151 958 errore
2170 925 2213 957 de
2229 923 2323 966 regia

1344 976 1497 1020 potentia
1515 974 1676 1009 Messiae.
1712 974 1793 1007 ldeo
1809 987 1872 1007 nec
1889 975 2052 1009 vaticinia
2070 974 2324 1018 intelligebant,

1344 1039 1408 1059 nec
1423 1025 1655 1069 agnoscebant
1667 1021 1858 1058 Christum.
1910 1024 1961 1058 lta
1980 1025 2139 1070 impietas
2156 1024 2323 1058 fascinata

1345 1077 1498 1122 propriis
1514 1075 1649 1109 deliriis
1665 1074 1810 1108 discedit
1834 1086 1853 1108 a
1870 1076 1977 1109 verbo
1994 1075 2072 1112 Dei.

1722 1174 1769 1199 De
1788 1173 1954 1199 secundo.

1558 1233 1610 1264 De
1638 1235 1781 1272 tempore
1803 1231 1959 1263 adt-entus
1983 1230 2117 1263 Christi.

1453 1293 1549 1326 Haec
1565 1294 1638 1337 ipsa
1657 1293 1826 1336 servitus,
1855 1292 1891 1324 in
1907 1303 1974 1336 qua
1990 1299 2072 1326 tunc
2088 1298 2187 1325 erant
2197 1290 2328 1333 ludaei,

1348 1344 1412 1377 sub
1430 1351 1552 1388 quarta
1576 1341 1802 1386 monarchia,
1831 1342 2072 1376 testimonium
2099 1349 2172 1376 erat
2196 1343 2328 1376 adven-

1348 1401 1404 1428 tus
1429 1392 1574 1428 Christi.
1628 1393 1720 1436 Quia
1748 1392 1851 1426 Iacob
1875 1393 2047 1437 praedixit
2070 1404 2216 1436 regnum
2241 1391 2328 1426 luda

1350 1456 1556 1478 mansurum
1573 1454 1645 1477 esse
1660 1455 1771 1488 usque
1786 1444 1828 1476 ad
1847 1444 2035 1477 adventum
2056 1440 2205 1483 Christi,
2234 1443 2329 1476 iuxta

1350 1495 1456 1528 illud:
1485 1493 1564 1527 Non
1583 1494 1758 1527 auferetur
1774 1500 1948 1537 sceptrum
1967 1495 2010 1526 de
2029 1494 2125 1527 tribu
2144 1492 2243 1534 Iuda,
2264 1495 2328 1527 do-

1350 1557 1414 1578 nec
1431 1545 1548 1579 veniat
1565 1544 1723 1578 Messias.
1764 1542 1836 1576 Iam
1854 1550 1968 1577 autem
1994 1556 2073 1588 pars
2097 1543 2244 1576 Iudaeae
2273 1555 2329 1577 re-

1352 1597 1451 1628 dacta
1468 1603 1539 1628 erat
1565 1595 1599 1627 iu
1619 1595 1766 1626 sormam
1783 1593 1993 1637 provinciae.
2048 1593 2205 1627 Galilaea
2223 1591 2332 1627 habe-

1351 1647 1410 1678 bat
1433 1657 1547 1688 regem
1571 1644 1748 1677 Herodem
1776 1643 1992 1679 ldumaeum.
2044 1643 2088 1678 Et
2112 1645 2332 1689 praedixerat

1351 1695 1479 1729 Daniel
1515 1706 1644 1734 annos,
1681 1694 1742 1738 qui
1776 1694 1845 1726 iam
1880 1695 2113 1728 decurrebant
2149 1696 2190 1728 ad
2217 1695 2331 1728 finem.

1353 1746 1448 1779 Ilaec
1480 1746 1623 1779 collecta
1677 1745 1742 1789 piis
1780 1751 1880 1778 erant
1910 1751 2001 1778 certa
2035 1745 2236 1779 testimonia
2266 1746 2330 1778 ad-

1353 1803 1477 1829 ventus
1503 1795 1664 1829 Messiae.
1720 1794 1801 1827 ldeo
1826 1792 1920 1828 hunc
1945 1795 2244 1833 concionatorem,
2271 1797 2332 1840 qui

1354 1847 1579 1880 resuscitabat
1608 1851 1784 1884 mortuos,
1817 1851 1849 1877 et
1879 1846 2085 1888 repurgabat
2122 1846 2334 1888 doctrinam,

1353 1905 1386 1930 et
1403 1897 1458 1930 cui
1480 1894 1652 1929 lohannes
1670 1895 1811 1928 dederat
1828 1895 2077 1933 testimonium,
2100 1896 2334 1937 agnoscebant

1354 1958 1426 1979 esse
1452 1946 1628 1979 Messiam.
1696 1945 1764 1978 Sed
1793 1945 1891 1988 impii
1916 1946 2074 1979 fascinati
2098 1946 2267 1990 opinione
2290 1947 2333 1979 de.

1355 2009 1461 2039 reguo
1484 1996 1662 2029 mundano
1692 1995 1859 2028 nolebant
1883 2008 1962 2029 eum
1988 2008 2183 2039 agnoscere.
2245 1996 2333 2029 Cae-

1355 2054 1466 2080 terum
1494 2047 1596 2079 nobis
1619 2045 1705 2079 utile
1730 2053 1779 2078 est
1806 2046 1955 2089 cogitare
1985 2048 2202 2087 testimonia,
2238 2049 2334 2092 quod

1355 2098 1489 2131 venerit
1508 2097 1666 2130 Messias,
1708 2094 1903 2139 Prophetae
1921 2097 2012 2129 clare
2030 2098 2234 2140 praedicunt
2251 2109 2335 2130 ven-

1355 2155 1474 2181 turum
1495 2159 1565 2180 esse
1583 2149 1730 2179 durante
1749 2147 1872 2190 politia
1894 2146 2045 2181 ludaica.
2097 2147 2197 2181 Nunc
2216 2148 2335 2181 sundi-

1357 2206 1411 2232 tus
1428 2198 1537 2231 deleta
1567 2198 1669 2236 iacet,
1696 2197 1830 2230 diutius
1855 2210 1958 2243 quam
1986 2198 2096 2239 stetit,
2124 2209 2262 2232 necesse
2286 2204 2336 2232 est

1358 2250 1466 2293 igitur
1481 2248 1616 2281 venisse
1635 2247 1764 2281 Filium
1783 2246 1859 2283 Dei.

1752 2344 1797 2367 De
1829 2342 1942 2368 tertio.

1603 2402 1688 2432 1)(111·
1715 2401 1798 2437 Deo,
1821 2411 1903 2442 qucn·
1930 2400 1991 2431 Dm·
2014 2405 2097 2431 sunt.

1461 2461 1555 2496 llaec
1581 2470 1630 2497 est
1657 2462 1845 2507 praecipua-
1867 2462 2045 2506 respousio
2074 2463 2107 2496 in
2136 2461 2199 2497 bac
2216 2464 2336 2509 dispu-

1359 2514 1510 2556 tatione,
1537 2520 1568 2546 et
1584 2514 1727 2557 explicat
1747 2513 1881 2545 obiecta
1901 2521 2111 2554 argunwnta.
2161 2512 2335 2548 Pharisaei

1358 2566 1580 2608 disputabant
1607 2564 1734 2607 templu
1762 2564 1913 2595 «landant
1940 2575 2010 2596 csse
2032 2562 2120 2597 itanc
2140 2566 2337 2607 pecuniam,

1684 2613 1887 2657 liespondet
1919 2612 2097 2648 Christus:
2136 2614 2222 2648 Date
2248 2613 2336 2658 Deo,
