2409 2915
282 94 353 129 991

883 79 1008 117 PHlL.
1035 77 1152 115 MEL.
1177 78 1387 116 SCRtP'rA
1414 77 1714 116 EXEGETICA.

391 175 561 212 Doctrina
584 170 670 206 haec
687 176 756 211 est,
784 178 921 212 semper
936 167 974 200 in
990 164 1146 200 Ecclesia
1166 166 1204 201 in
1219 163 1285 200 hac
1307 167 1314 207 1
1336 167 1465 201 abusus
1481 179 1555 202 non
1571 167 1831 212 probaverunt,
1863 173 1905 202 ut
1927 166 2000 202 alii.

2251 81 2327 117 992

2051 166 2124 202 Nos
2148 165 2226 202 Deo
2249 178 2330 212 gra·
2382 166 2387 174 ¹

292 232 383 274 vita,
423 234 523 268 sunt,
557 225 701 258 suerunt
724 227 757 255 et
774 225 878 254 erunt
905 217 1044 253 boniet
1067 218 1172 259 mali,
1199 217 1284 251 vir·
1338 219 1405 253 tias
1432 230 1598 263 agamus,
1637 219 1733 265 quod
1767 231 1787 253 a
1821 218 1944 253 multis
1978 219 2160 254 erroribus
2193 218 2334 253 liberati

295 283 392 325 gines
408 279 598 323 prudentes
614 281 647 308 et
662 274 788 307 fatuae.

400 328 446 364 Et
476 327 710 362 nominantur
745 321 909 365 Virgines
941 319 1045 354 etiam
1069 317 1287 367 hypocritae,

297 382 381 428 quia
404 381 517 425 specie
539 384 573 412 et
600 375 704 411 titulo
735 380 818 407 sunt
847 371 978 406 similes
1005 382 1086 405 vere
1118 372 1288 405 invocan-

296 434 404 468 tibus.

394 480 446 523 Et
473 478 565 514 hanc
597 476 795 511 doctrinam
830 479 969 519 oportet
998 471 1218 513 meminisse,
1243 483 1289 505 ne

297 541 442 579 propter
466 528 733 565 multitudinem
757 525 933 559 malorum
957 524 995 558 in
1012 520 1169 558 Ecclesia
1193 523 1288 567 cogi-

298 593 433 625 temus,
475 589 588 616 totum
622 588 731 623 genus
756 573 954 610 humanum
979 575 1152 609 abiectum
1177 586 1249 608 esse
1272 586 1290 606 a

298 635 394 676 Deo,
421 641 454 667 et
475 632 610 666 nullam
629 640 701 663 esse
717 625 929 667 Ecclesiam,
956 626 1045 660 sicut
1063 625 1173 659 sancti
1191 637 1291 670 saepe

301 685 369 719 hoc
400 685 524 718 dolore
549 687 740 721 vexantur,
781 677 1102 722 circumspicientes
1122 683 1193 709 tam
1219 688 1293 709 ma-

301 749 407 780 gnam
427 732 694 769 multitudinem
711 729 888 765 malorum
908 735 942 763 et
958 728 1049 762 male
1066 727 1293 761 sentientium

300 788 447 833 ubique.

404 836 537 871 Contra
567 833 659 869 hanc
689 832 918 868 tentationem
951 841 1053 874 saepe
1082 828 1199 863 munit
1230 840 1296 861 nos

302 889 502 926 Dominus,
543 893 582 921 ut
608 886 646 919 in
671 884 838 929 parabola
871 883 914 915 de
938 881 1147 916 seminante.
1208 878 1295 914 Item

302 940 435 975 Paulus
467 937 553 971 dicit
576 935 681 971 Rom.
705 935 759 969 3.:
802 933 895 967 Num
920 931 1150 965 incredulitas
1174 942 1296 965 eorum

303 992 408 1025 fidem
427 988 493 1023 Dei
512 986 716 1021 evacuavit?
751 984 850 1030 quasi
875 983 984 1017 dicat:
1019 980 1170 1016 Etiamsi
1194 981 1296 1015 multi

305 1041 492 1078 deficiunt,
520 1045 637 1072 tamen
654 1035 750 1070 Deus
768 1041 887 1069 manet
902 1045 1025 1074 verax,
1052 1041 1085 1068 et
1102 1039 1217 1067 servat
1232 1032 1298 1066 ali-

309 1105 415 1139 quam
431 1088 647 1129 Ecclesiam,
673 1093 707 1121 et
723 1088 781 1120 dat
797 1084 974 1120 Ecclesiae
996 1085 1090 1118 bona
1115 1083 1300 1128 promissa,

305 1142 549 1177 remissionem
577 1145 818 1185 peccatorum,
845 1135 1019 1181 Spiritum
1041 1142 1219 1177 sanctum,
1245 1134 1300 1167 vi-

309 1203 380 1229 tam
399 1199 576 1226 aeternam
588 1217 596 1232 ‚
624 1197 656 1224 et
672 1189 742 1222 alia
759 1189 864 1223 bona.

408 1250 454 1286 Et
484 1251 520 1284 in
545 1249 717 1295 Symbolo
752 1259 831 1281 cum
864 1247 1053 1280 recitamus
1091 1245 1299 1280 articulum:

305 1304 419 1340 Credo
443 1300 636 1336 Ecclesiam
658 1306 814 1334 sanctam
841 1296 1061 1333 catholicam.
1120 1296 1193 1331 Nos
1216 1309 1302 1330 con-

307 1355 462 1389 solemur
483 1351 547 1386 hac
563 1351 787 1395 cogitatione:
824 1348 911 1384 Ecce
927 1347 1023 1382 Deus
1046 1347 1237 1392 praecipit,
1264 1354 1303 1381 ut

308 1406 492 1439 credamus
525 1413 663 1446 semper
694 1400 826 1434 servari
853 1397 1066 1439 Ecclesiam,
1107 1406 1139 1432 et
1169 1398 1246 1431 dari
1271 1398 1302 1430 ei

309 1459 403 1490 bona
425 1453 606 1499 promissa.
657 1451 788 1486 Sumus
805 1450 912 1492 igitur
930 1457 962 1483 et
977 1461 1042 1482 nos
1059 1448 1215 1482 membra
1234 1447 1302 1482 Ec-

312 1507 435 1541 clesiae
448 1532 456 1546 ‚
484 1511 516 1538 et
533 1504 684 1548 petimus
702 1509 735 1536 et
751 1501 943 1545 accipimus
960 1497 1044 1534 haec
1059 1500 1162 1534 bona.

637 1601 828 1627 Secundus
857 1601 968 1625 locus.

591 1661 652 1696 De
689 1660 1029 1704 obiurgatione.

411 1730 589 1767 Praedicit
627 1735 742 1763 autem
778 1725 836 1761 hic
870 1727 945 1760 fore
981 1726 1108 1760 multas
1139 1724 1305 1772 Virgines

312 1788 437 1821 fatuas.

417 1833 515 1878 Quid
541 1832 714 1866 differunt
738 1827 892 1872 virgines
919 1829 1109 1873 prudentes
1133 1842 1150 1863 a
1176 1830 1307 1865 fatuis?

316 1887 496 1930 Utraeque
525 1884 695 1917 dicuntur
718 1879 893 1922 Virgines.
951 1879 1095 1913 Titulus
1127 1881 1220 1915 idem
1247 1891 1308 1923 est,

314 1946 348 1973 et
370 1936 502 1981 species
523 1935 643 1968 eadem
669 1939 720 1966 est
741 1928 1004 1976 hypocritarum
1032 1938 1065 1964 et
1090 1939 1180 1966 recte
1204 1934 1305 1967 invo-

314 1988 482 2024 cantium.
533 1984 603 2019 Sed
622 1983 774 2016 multum
796 1980 966 2014 differunt
983 1992 1019 2013 re
1038 1981 1124 2025 ipsa.

418 2044 520 2088 Quae
559 2048 641 2076 sunt
672 2040 837 2080 virgines
877 2040 1092 2084 prudentes?
1135 2040 1308 2075 Volumus

313 2096 470 2132 breviter
500 2101 534 2128 et
565 2093 657 2127 clare
688 2091 846 2125 definire.
916 2089 1079 2133 Virgines
1116 2093 1309 2137 prudentes

314 2156 416 2185 sunt,
460 2156 549 2191 quae
574 2143 730 2177 retinent
763 2141 1053 2182 fundamentum,
1094 2151 1126 2178 et
1159 2144 1196 2177 in
1228 2156 1307 2178 vera

318 2197 538 2245 poenitentia
556 2201 589 2229 et
607 2205 687 2227 vera
706 2193 773 2226 fide
792 2191 904 2225 Deum
924 2192 1100 2227 invocant.

419 2255 706 2290 Fundamentum
748 2257 863 2284 autem
903 2250 1074 2291 significat
1112 2252 1308 2286 doctrinam

319 2307 551 2343 necessariam
573 2304 608 2337 in
627 2302 793 2336 omnihus
812 2300 968 2335 articulis
988 2301 1066 2335 fidei
1080 2329 1088 2341 ,
1117 2303 1208 2337 inter
1224 2316 1311 2349 quos

317 2361 422 2394 etiam
443 2367 580 2390 necesse
605 2361 654 2388 est
677 2352 860 2397 complecti
882 2364 1001 2386 verum
1022 2353 1236 2387 intellectum
1256 2356 1310 2389 iu—

318 2411 431 2446 stitias·
451 2407 540 2440 futei.

422 2458 465 2493 Et
492 2458 577 2491 tales
600 2457 711 2489 vitant
742 2455 1000 2492 idololatriam,
1034 2453 1168 2487 etiamsi
1194 2456 1310 2501 aliqua
1335 2469 1338 2479 ⁴

319 2519 455 2557 peccata
474 2508 693 2550 ignorantiae
712 2504 860 2544 liabent.
887 2513 921 2539 ut
950 2512 1029 2539 aute
1054 2502 1136 2538 haec
1157 2513 1310 2550 tempor.-

322 2569 462 2597 sanctus
482 2556 710 2593 Pmrnhardus
734 2565 765 2590 et
785 2557 843 2590 alii
867 2569 946 2590 verr
965 2558 1166 2594 credentes,
1197 2564 1310 2591 tamen
1336 2562 1337 2566 ’
1356 2566 1361 2571 ’

323 2615 539 2646 miscuerunt
567 2610 704 2654 aliquos
730 2620 865 2641 errores
889 2610 931 2640 d«.-
950 2605 1184 2645 Monachum.
1213 2616 1244 2641 ct
1270 2611 1312 2641 dc

325 2663 547 2696 inuocatione
571 2667 815 2700 mortuorum,
856 2660 913 2692 sed
940 2667 1054 2692 tamen
1087 2666 1154 2692 tam
1180 2672 1311 2694 crassos

1335 280 1469 304 sumus·

1440 327 1487 363 Et
1513 325 1580 362 hae
1602 329 1795 374 prudentes
1818 328 1985 374 Virgines
2006 341 2082 363 non
2107 329 2222 363 solum
2244 328 2334 363 reti-

1339 387 1426 415 nent
1442 381 1736 419 fundamentum‚
1761 381 1823 415 sed
1852 381 1955 415 etiam
1982 386 2181 424 repugnant
2201 379 2334 413 securi-

1340 432 1423 474 tati,
1451 430 1587 464 suntin
1607 431 1780 465 exercitiis
1795 443 1898 465 verae
1920 431 2175 477 poenitentiae,
2204 428 2337 464 habent

1341 481 1620 516 consolationem
1645 492 1727 515 vera
1756 481 1828 516 fide
1856 489 1890 516 et
1911 494 2028 516 veram
2061 481 2336 519 invocationem,
2388 496 2397 506 ι

1342 540 1376 568 et
1411 533 1448 566 in
1480 543 1562 566 vera
1593 532 1663 566 fide
1696 538 1730 567 et
1762 544 1822 578 spe
1856 543 1993 578 semper
2028 538 2228 578 exspectant
2259 531 2337 566 Do-

1343 596 1494 619 minum.

1446 633 1509 668 Est
1533 645 1615 678 ergo
1639 631 1790 680 lychnus
1815 633 1852 667 in
1878 646 1974 675 vase,
2000 633 2061 669 illa
2077 635 2163 668 fides
2182 635 2220 668 in
2235 631 2340 669 Chri-

1345 692 1436 719 stum
1456 686 1578 719 lucens
1594 685 1690 719 iuxta
1714 697 1834 718 veram
1860 685 2058 720 doctrinam
2083 685 2121 720 in
2146 697 2229 720 vera
2252 696 2340 731 poe—

1346 737 1494 771 nitentia
1514 743 1547 770 et
1563 736 1799 772 invocatione.

1450 795 1521 830 Sed
1539 796 1655 830 fatuae
1675 795 1842 839 Virgines
1858 801 1959 836 sunt,
1985 801 2045 829 aut
2062 806 2135 829 non
2152 795 2344 830 retinentes
2393 780 2395 786 Ι

1349 847 1616 881 fundamentum
1628 873 1638 888 ,
1671 853 1731 880 aut
1752 846 1945 880 retinentes
1974 847 2246 880 fundamentum
2273 843 2342 892 hy-
2390 867 2392 870 <

1350 897 1516 944 pocritice
1541 897 1617 931 sine
1634 897 1850 942 poenitentia
1870 904 1903 931 et
1918 897 1994 930 sine
2012 897 2079 930 fide
2096 897 2133 930 in
2151 895 2347 933 Christum.
2390 901 2394 927 ζ

1451 956 1532 991 Non
1557 956 1750 990 retinentes
1768 956 2061 996 fundamentum,
2086 962 2127 990 ut
2142 955 2246 990 multi
2261 965 2347 1000 gra-
2379 947 2392 960 Ἀ

1349 1009 1440 1043 viter
1468 1014 1626 1042 errantes
1646 1014 1680 1042 et
1702 1007 1856 1047 seducti,
1889 1006 2088 1048 Haeretici,
2122 1005 2346 1048 Idololatrae,

1351 1059 1532 1105 Papistae,
1558 1055 1750 1100 Monachi,
1774 1058 1836 1104 qui
1861 1058 2026 1101 ignorant
2056 1057 2228 1092 iustitiam
2249 1055 2347 1096 fidei,

1351 1111 1412 1156 qui
1428 1109 1611 1144 confidunt
1626 1121 1662 1143 se
1679 1120 1753 1143 esse
1769 1110 1879 1142 iustos
1898 1120 1959 1142 sua
1981 1107 2132 1143 iustitia:
2159 1108 2255 1150 item,
2281 1107 2346 1154 qui

1358 1163 1524 1196 invocant
1539 1168 1718 1199 mortuos,
1746 1166 1894 1194 currunt
1912 1160 1956 1193 ad
1973 1165 2102 1193 statuas
2120 1165 2185 1195 etc.

1454 1220 1530 1255 Alii
1552 1219 1707 1254 retinent
1728 1219 2025 1259 fundamentum,
2060 1230 2132 1263 quo
2155 1218 2200 1251 ad
2225 1217 2349 1262 cogni-

1355 1271 1489 1306 tionem
1508 1270 1709 1309 doctrinae,
1736 1270 1795 1303 sed
1816 1276 1900 1302 sunt
1924 1266 2150 1315 hypocritae,
2175 1275 2259 1304 sunt
2272 1268 2349 1303 sine

1354 1322 1595 1367 poenitentia,
1625 1321 1700 1354 sine
1718 1332 1799 1354 vera
1816 1320 1884 1352 fide
1899 1320 1938 1353 in
1954 1318 2150 1359 Christum,
2175 1320 2251 1353 sine
2266 1331 2350 1354 vera

1355 1373 1599 1412 invocatione,
1638 1378 1720 1405 sunt
1742 1370 1872 1411 securi,
1905 1377 2138 1404 contemnunt
2168 1370 2353 1412 iudicium,

1355 1430 1414 1457 aut
1433 1423 1617 1457 confidunt
1634 1421 1859 1466 professione,
1888 1421 2041 1464 cogitant
2055 1432 2090 1454 se
2106 1420 2242 1465 placere
2259 1421 2352 1461 Deo.

1356 1475 1438 1520 quia
1457 1486 1530 1507 non
1555 1473 1665 1506 velint
1689 1471 1869 1505 nominari
1893 1471 2075 1515 Papistae,
2107 1471 2244 1505 etiamsi
2268 1479 2352 1506 sunt

1356 1525 1527 1565 adulteri,
1562 1530 1791 1565 scortatores,
1825 1529 1858 1556 et
1890 1522 1966 1555 sine
1999 1522 2237 1567 poenitentia,
2276 1522 2353 1556 sine

1358 1587 1440 1608 vera
1464 1576 1529 1608 lide
1554 1575 1591 1607 in
1615 1572 1817 1614 Christum,
1858 1580 1890 1606 et
1913 1573 1989 1605 sine
2011 1584 2092 1606 vera
2116 1572 2354 1615 invocatione,

1356 1627 1447 1660 sicut
1477 1623 1683 1673 hypocritae
1719 1624 1812 1658 inter
1837 1622 1985 1657 ludaeos
2017 1623 2190 1668 putabant
2217 1635 2253 1658 se
2275 1623 2352 1669 pla-

1358 1688 1434 1709 cere
1450 1676 1547 1716 Deo,
1575 1682 1712 1709 tantum
1733 1681 1876 1719 propter
1894 1674 2057 1714 titulum,
2083 1674 2165 1720 quia
2190 1674 2353 1709 diceren-

1360 1734 1418 1761 tur
1444 1726 1587 1767 ludaei,
1622 1733 1655 1759 et
1680 1732 1780 1759 erant
1802 1725 1954 1758 adulteri
1979 1731 2011 1759 et
2034 1725 2294 1768 foeneratores,
2321 1732 2356 1761 et

1359 1778 1434 1811 sine
1448 1777 1521 1811 ulla
1539 1776 1756 1822 poenitentia
1768 1803 1777 1817 ,
1802 1776 1878 1809 sine
1894 1776 2021 1810 timore
2039 1774 2117 1812 Dei.

1466 1835 1518 1871 Ac
1537 1836 1653 1870 neutri
1670 1833 1800 1869 habent
1817 1835 1935 1868 oleum
1952 1841 2012 1869 aut
2028 1832 2217 1881 lychnum,
2242 1833 2279 1870 id
2294 1842 2357 1874 est.

1364 1900 1483 1922 veram
1517 1886 1623 1921 fidem
1655 1887 1692 1920 in
1714 1883 1897 1920 Christum
1920 1886 2095 1920 lucentem
2119 1887 2215 1921 iuxta
2237 1898 2356 1921 veram

1361 1939 1560 1974 doctrinam
1580 1938 1616 1971 in
1633 1937 1849 1982 poenitentia
1867 1943 1899 1970 et
1917 1937 2155 1972 invocatione.

1464 1997 1576 2031 Taxat
1602 1997 1710 2039 igitur
1731 2003 1898 2041 utrosque
1921 1994 2116 2037 Dominus,
2144 2003 2177 2030 et
2196 2009 2357 2042 praemo-

1362 2055 1419 2082 net
1440 2060 1523 2089 nos,
1549 2055 1587 2082 ut
1612 2059 1794 2087 curemus,
1824 2053 1863 2080 ut
1888 2047 1998 2080 simus
2021 2047 2176 2091 virgines
2201 2049 2359 2092 pruden-

1362 2107 1430 2140 tes,
1458 2107 1489 2133 et
1507 2111 1579 2132 non
1607 2099 1743 2137 fatuae,
1775 2099 1863 2132 sicut
1890 2109 1992 2142 saepe
2021 2098 2147 2133 clamat
2163 2097 2355 2135 Dominus:

1364 2149 1534 2194 Vigilate,
1560 2156 1676 2193 orate,
1703 2157 1832 2183 utnon
1853 2149 2013 2193 pereatis.

1466 2209 1627 2244 Sciamus
1661 2209 1769 2252 igitur
1798 2205 1889 2241 hanc
1920 2208 2139 2243 securitatem
2170 2210 2358 2250 carnalem.

1365 2273 1454 2308 quae
1472 2268 1521 2294 est
1540 2261 1615 2294 siue
1632 2257 1783 2306 lychno,
1809 2260 1843 2292 id
1863 2266 1930 2297 est,
1956 2259 2032 2293 sine
2051 2271 2130 2294 vera
2148 2259 2216 2294 lide
2233 2261 2358 2306 displi-

1363 2325 1439 2346 cere
1450 2311 1536 2351 Deo,
1562 2319 1594 2346 et
1613 2311 1861 2346 exsuscitemus
1877 2321 1941 2344 nos
1956 2311 1998 2343 ad
2019 2311 2286 2355 poenitentiam,
2313 2313 2357 2346 ad

1335 2350 1338 2381 ¹
1364 2365 1487 2403 sidem,
1514 2369 1547 2397 et
1570 2375 1686 2396 veram
1713 2362 1991 2403 invocationem,
2019 2369 2052 2396 ct
2076 2362 2112 2395 in
2134 2374 2215 2397 vera
2240 2363 2308 2398 fide
2325 2371 2358 2398 et

1363 2427 1422 2460 spe
1442 2421 1677 2459 exspectemus
1692 2424 1876 2458 sponsum.

1334 2494 1337 2525 ¹,
1431 2491 1500 2525 Sed
1530 2491 1646 2524 videte
1674 2489 1758 2535 quid
1789 2488 1919 2522 satiant
1948 2490 2074 2524 stultae
2103 2489 2290 2536 Virgines?

1468 2557 1597 2592 Fatuae
1618 2555 1780 2598 virgines
1806 2562 1928 2599 petunt
1955 2557 2070 2590 oleum
2095 2569 2113 2591 a
2130 2557 2359 2601 sapientibus,

1336 2608 1339 2616 ¹
1366 2610 1398 2642 id
1423 2617 1492 2648 nst,
1525 2609 1648 2642 volunt
1675 2608 1802 2640 salvari
1828 2607 1978 2641 aliorum
2003 2605 2189 2642 hominum
2215 2609 2358 2651 iustitia.

1368 2674 1437 2694 nou
1459 2659 1601 2706 propria
1619 2660 1694 2691 fide.
