2409 2915
256 113 328 149 725

258 199 347 232 alius
365 196 542 230 invocavit
557 194 694 235 Iovem,
718 194 807 228 alius
827 192 1015 234 lunonem,
1040 191 1096 228 hic
1119 195 1240 228 divum

259 244 573 290 Christophorum‚
613 245 674 278 ille
702 244 737 279 S.
766 244 921 279 Annam.
997 243 1048 279 lta
1077 245 1244 279 omnibus

259 298 477 341 temporibus
492 297 586 329 idola
604 296 716 333 culta,
752 302 784 329 et
808 297 984 330 cumulata
1007 304 1089 330 sunt
1115 296 1245 341 ubique
1270 293 1273 314 ²

259 349 435 391 gentium,
464 355 496 381 et
513 358 648 391 semper
667 347 703 380 in
722 358 846 390 magna
864 347 1092 381 multitudine
1109 347 1245 391 generis
1272 347 1273 350 ’

260 397 407 432 humani
443 405 585 432 manent
619 398 752 431 semina
787 398 1044 431 diabolicarum
1077 397 1245 442 supersti-

259 451 410 484 tionum.
464 449 643 483 Adversus
659 445 727 481 hoc
751 448 848 482 triste
874 455 906 482 et
928 445 1101 482 horribile
1125 459 1246 492 pecca—

262 508 334 534 tum
354 500 509 533 clamitat
525 498 620 533 Deus
635 496 691 532 his
708 499 941 545 ipsis'verbis,
967 497 1070 534 Dent.
1087 499 1121 533 6.
1136 513 1142 531 z
1170 499 1246 532 Do-

259 551 398 584 minum
419 550 532 584 Deum
550 557 649 584 tuum
665 550 847 589 adorabis,
881 557 914 584 et
938 550 991 583 illi
1016 550 1082 584 soli
1106 549 1247 583 servies.
1272 552 1275 577 l

261 602 433 644 Quocirca
451 612 588 634 necesse
607 607 655 634 est
674 609 870 644 precantem
887 601 1056 644 cogitare,
1084 601 1185 646 quid,
1213 606 1248 633 et

260 664 364 696 quein
384 651 497 685 Deum
516 651 700 696 compellet
716 663 754 684 ac
770 652 982 697 alloquatur.

361 717 407 752 Et
433 719 662 752 discernenda
687 726 737 753 est
759 726 877 753 nostra
902 719 1080 753 invocatio
1099 719 1142 752 ab
1159 715 1249 752 Eth-
1274 732 1277 744 ·

262 770 445 807 nieorum,
474 770 703 811 ludaeorum,
731 769 949 808 Turcarum,
984 768 1248 816 hypocritarum
1276 791 1277 813 ᾗ

263 827 296 853 et
323 818 580 854 haereticorum
606 821 839 855 invocatione.
908 821 979 854 Nec
1003 821 1186 864 pingamus
1212 819 1249 851 in
1275 837 1277 852 ‹,

261 871 439 905 mentibus
457 872 586 905 nostris
604 872 739 905 idolum
759 871 843 914 Dei,
871 871 973 915 quale
991 872 1154 905 volumus
1172 869 1251 914 ipsi,
1275 866 1277 893 l

261 923 320 955 sed
339 934 398 955 cor
414 923 594 957 intueatur
612 923 678 955 fide
696 920 790 955 hunc
807 934 948 960 verum,
976 921 1096 955 vivum
1114 928 1147 954 et
1168 921 1250 954 nni-

1274 750 1277 771 Ι
1304 758 1311 764 .

852 108 975 143 PfflL.
1005 107 1118 144 MEL.
1146 104 1357 142 SCRIPTA
1385 103 1679 142 EXEGETICA.

1274 657 1277 714 j
1302 663 1415 714 potest
1438 656 1568 697 tribui,
1599 657 1750 697 scilicet,

2206 106 2283 143 724

1297 198 1356 226 aut
1370 191 1499 236 fingere
1519 192 1678 232 numina,
1707 203 1794 238 quae
1813 203 1884 225 non
1901 198 2000 230 sunt,
2028 197 2060 225 et
2077 191 2171 226 idola
2188 205 2284 227 com-

1300 243 1444 288 pellat-e.

1399 300 1562 336 Secunda
1579 302 1885 337 commonefactio:
1913 299 2220 336 Considerandum
2235 310 2287 338 est

1299 359 1521 396 praeceptum
1549 365 1610 386 seu
1636 355 1840 387 mandatum
1866 352 1933 386 Dei
1959 352 2218 387 severissimum
2244 354 2287 387 de

1271 432 1274 442 ,
1300 403 1534 438 invocatione.
1571 402 1713 446 Quanta
1731 402 1816 438 haec
1833 411 1884 438 est
1900 403 2058 437 bonitas!
2086 404 2180 449 quod
2191 402 2288 438 Deus

1272 450 1274 481 ἶ
1299 454 1373 497 ipse
1389 465 1463 487 non
1481 453 1595 487 solum
1619 465 1684 488 nos
1707 455 1850 496 invitat,

1274 536 1275 541 ,
1300 505 1451 549 quadam
1471 504 1562 548 cogit
1585 511 1617 538 et
1642 505 1812 549 impellit,
1843 512 1883 539 ut
1906 506 1950 539 ab
1976 506 2051 549 ipso
2074 511 2233 549 petamus
2254 512 2285 539 et

1884 455 1943 488 sed
1969 454 2077 489 etiam
2103 454 2288 488 severitate

1301 562 1537 598 exspectemus
1571 555 1741 589 auxilium
1775 556 1813 588 in
1847 556 2026 600 periculis:
2074 557 2144 589 imo
2189 557 2290 589 docet

1302 603 1397 639 hunc
1414 617 1487 640 esse
1503 617 1680 639 summurn
1702 605 1834 640 cultum
1858 614 1892 640 et
1913 604 2084 641 honorem
2098 633 2107 647 ,
2144 607 2205 651 qui
2222 606 2290 640 sibi

1783 657 1812 689 si
1840 669 1922 690 vero
1947 658 2079 701 gemitu
2106 657 2222 691 cordis
2245 658 2291 690 ad

1301 718 1418 753 ipsum
1437 708 1700 751 confugiamus,
1728 708 1772 741 ab
1790 707 1865 752 ipso
1884 708 1975 741 bona
1993 716 2168 753 petamus,
2197 709 2290 752 apud

1303 769 1417 801 ipsum
1448 759 1722 802 mitigationem,
1769 758 1940 792 auxilium
1969 771 2008 792 ae
2042 759 2289 793 liberationem

1305 820 1526 853 quaeramus.

1408 865 1466 901 Ah
1491 880 1562 901 non
1584 869 1692 902 simus
1717 869 1803 902 adeo
1828 869 1908 902 duri
1936 880 1974 902 ac
1998 869 2118 908 ferrei,
2145 869 2206 903 sed
2226 869 2290 902 tri-

1276 930 1278 964 Ἰ
1303 919 1453 952 buamus
1470 917 1544 952 Deo
1563 917 1658 953 hunc
1679 917 1871 961 honorem,
1904 926 1943 953 ut
1966 919 2196 964 imploremus
2218 919 2291 954 eius

261 984 341 1005 cum
361 973 497 1011 Deum,
526 973 637 1018 quise
654 972 812 1016 patefecit
837 983 898 1015 per
921 972 1033 1005 filium
1059 983 1160 1005 suum
1176 970 1251 1005 Do·
1276 967 1279 1015 ξ
1304 981 1406 1014 opem
1426 976 1459 1003 et
1475 970 1762 1004 misericordiam.

260 1023 397 1056 minum
416 1031 574 1057 nostrum
591 1022 705 1056 lesum
722 1020 922 1057 Christum:
951 1023 1251 1067 quemadmodum

261 1071 437 1107 Dominus
455 1075 528 1117 ipse
545 1075 662 1114 (locet,
690 1071 839 1109 lohann.
860 1072 935 1108 14.:
964 1073 1076 1107 Nemo
1093 1073 1189 1106 venit
1207 1074 1250 1106 ad

260 1123 398 1157 Patrem
417 1125 482 1157 nisi
499 1137 560 1169 per
570 1123 714 1159 Filium.

262 1181 295 1207 te
320 1176 362 1208 de
386 1176 499 1209 tribus
526 1175 684 1219 personis
707 1181 740 1209 et
763 1187 882 1209 earum
914 1175 1112 1216 beneficiis,

261 1226 390 1270 cogites
405 1239 444 1260 ac
461 1226 584 1260 recites
600 1223 691 1260 hanc
705 1226 855 1260 formam
872 1226 964 1260 inter
980 1227 1208 1271 precandum.

365 1292 400 1327 O
417 1295 658 1338 omnipotens,
687 1301 845 1333 aeterne,
872 1294 969 1332 vive,
997 1300 1030 1327 et
1047 1305 1127 1327 vere
1143 1292 1252 1334 Deus,

263 1351 403 1378 aeterne
421 1353 519 1389 pater
536 1345 686 1379 Domini
705 1346 817 1379 nostri
836 1343 913 1378 Iesu
932 1342 1082 1383 Christi,
1117 1350 1252 1377 creator

263 1395 350 1427 coeli
369 1403 402 1429 et
422 1403 551 1436 terrae,
583 1402 616 1429 et
632 1395 810 1429 Ecclesiae
825 1395 1001 1436 angelicae
1019 1401 1051 1428 et
1067 1392 1198 1427 human
1203 1406 1252 1434 ae,

264 1456 333 1478 nna
370 1458 449 1479 cum
483 1447 612 1479 dilecto
640 1446 712 1479 filio
746 1453 806 1479 tuo
830 1444 986 1478 Domino
1020 1452 1140 1478 nostro
1174 1443 1252 1477 lesu
1275 1413 1279 1485 i
1304 1443 1546 1476 tentationem.

262 1493 422 1538 Christo,
457 1504 491 1531 et
515 1496 652 1540 Spiritu
675 1504 814 1535 sancto,
849 1495 1048 1537 paracleto,
1076 1502 1137 1530 etc.
1200 1495 1277 1529 Te

263 1558 326 1579 oro
344 1554 375 1580 et
393 1548 518 1581 invoco
535 1547 681 1591 supplex
699 1554 842 1591 propter
865 1547 1094 1580 mediatorem
1119 1553 1151 1580 et
1169 1559 1252 1591 pro-

264 1597 463 1640 pitiatorem
495 1596 690 1631 Dominum
722 1605 882 1631 nostrum
916 1596 1030 1630 lesum
1059 1594 1253 1638 Christum,

263 1648 427 1682 miserere
445 1649 527 1689 mei,
555 1649 693 1682 remitte
708 1646 794 1681 milii
811 1654 959 1693 peccata,
979 1659 1058 1691 rege
1074 1654 1107 1681 et
1124 1648 1254 1682 sancti—

263 1698 325 1732 fica
345 1712 398 1732 me
416 1699 553 1743 Spiritu
571 1707 692 1733 sancto
709 1707 787 1737 tuo,
814 1699 935 1742 mitiga
952 1696 1038 1731 mihi
1057 1710 1253 1739 aerumnaS,

261 1750 354 1783 adsis
371 1758 403 1784 et
417 1751 601 1794 opituleris
619 1749 706 1784 mihi
726 1750 761 1783 in
778 1748 831 1783 liis
848 1749 999 1783 miseriis
1021 1757 1054 1784 et
1077 1750 1253 1794 periculis,

263 1801 298 1833 iu
315 1802 444 1846 quibus
459 1802 528 1835 iam
548 1813 683 1843 versor,
711 1808 774 1837 etc.
829 1800 1011 1835 Interdum
1030 1801 1134 1834 etiam
1152 1809 1251 1835 tuum

260 1853 475 1899 baptismum
493 1853 663 1895 cogitato,
690 1859 723 1886 et
743 1853 892 1885 sormam
909 1852 1118 1893 verborum,
1145 1865 1250 1897 quam

264 1903 409 1937 tradidit
426 1904 497 1947 ipse
519 1904 610 1937 filius
629 1901 713 1941 Dei,
738 1909 867 1936 attente
882 1903 1076 1935 considera.
1133 1902 1172 1935 ln
1190 1910 1250 1937 tuo

263 1954 437 1997 baptismo
464 1955 550 1987 sacta
575 1960 624 1987 est
652 1954 731 1987 talis
762 1952 959 1993 invocatio,
1000 1964 1089 1998 quae
1119 1953 1250 1986 illustri

263 2005 466 2038 discrimine
491 2005 710 2046 distinguens
736 2015 856 2037 verum
876 2001 990 2036 Deum
1017 2003 1062 2036 ab
1084 2004 1250 2037 omnibus

263 2056 513 2089 commentitiis
530 2055 757 2093 numinibus,
785 2054 884 2100 quasi
903 2054 1089 2098 conspicua
1113 2062 1195 2089 nota
1218 2062 1250 2088 te

262 2107 412 2150 seiungit
429 2107 473 2139 ab
489 2107 649 2140 omnium
665 2105 813 2139 aliarum
835 2105 991 2148 gentium
1021 2113 1053 2140 et
1078 2113 1249 2140 sectarum

263 2156 483 2191 hominibus:
526 2165 629 2203 teque
653 2158 753 2190 docet
777 2156 1010 2199 compellare,
1039 2157 1190 2202 alloqui,
1217 2164 1250 2191 et

260 2222 340 2242 vere
357 2220 543 2249 agnoscere
559 2209 654 2242 hunc
671 2219 792 2241 verum
803 2206 915 2240 Deum
928 2233 937 2248 ,
964 2208 1113 2246 scilicet,
1139 2215 1249 2241 aeter-

262 2273 347 2293 num
365 2259 502 2293 Patrem
520 2258 665 2293 Domini
685 2258 794 2292 nostri
815 2257 892 2292 lesu
909 2254 1062 2302 Christi,
1089 2266 1120 2292 et
1137 2258 1250 2293 Patris

262 2318 485 2344 coaeternum
509 2311 640 2349 filium,
681 2309 742 2354 qui
767 2321 829 2353 pro
855 2316 888 2343 te
911 2309 1052 2342 victima
1078 2310 1189 2343 sactus
1216 2317 1248 2344 et

264 2362 474 2396 constitutus
493 2370 539 2395 est
567 2361 740 2395 mediator
757 2372 796 2393 ac
813 2359 1053 2403 interpellator
1077 2362 1248 2398 assiduus.

261 2422 291 2447 et
323 2412 417 2446 Patri
441 2425 478 2446 ac
505 2413 594 2446 Filio
625 2419 847 2444 maen-ruam
873 2410 1045 2455 Spiritum
1078 2419 1248 2451 saut-tum,

262 2465 320 2510 qui
354 2471 386 2497 te
416 2465 503 2508 regit
534 2472 566 2498 et
597 2463 787 2497 sanctificat
820 2463 862 2495 ad
895 2461 1001 2496 vitam
1035 2469 1068 2495 et
1100 2463 1245 2497 salutem
1273 2473 1274 2487 ¹

258 2523 447 2550 aeternam.

362 2581 455 2615 llaec
474 2581 628 2615 breviter
645 2581 734 2615 «licta
753 2581 820 2614 siut
839 2581 882 2613 de
899 2579 1014 2624 primo
1029 2579 1114 2613 loco.
1145 2578 1246 2613 Nunc

260 2646 319 2665 vos
339 2633 402 2676 ipsi
425 2633 649 2677 perpendite,
686 2645 789 2678 quam
812 2632 855 2665 sit
882 2629 1098 2664 horrendum
1125 2631 1247 2669 scelus,

259 2686 386 2718 reiecto
406 2697 486 2716 wrm
504 2683 576 2716 Deo
598 2712 605 2719 .
632 2686 818 2727 t-‹ml'ugere
836 2684 877 2716 ad
899 2680 1060 2715 homines
1077 2689 1244 2718 inortnos.

1204 1124 1210 1131 ,
1278 1117 1279 1121 ,
1304 1095 1390 1134 quot
1410 1089 1601 1122 sententias
1618 1088 1872 1132 praecipientes
1892 1089 2169 1130 invocationem,

769 1123 888 1167 Quare
905 1131 943 1158 ut
959 1124 1252 1158 commonefacias
1275 1125 1279 1172 Ι

1150 1186 1251 1219 saepe
1276 1173 1280 1212 ξ

1276 1323 1279 1330 ,
1304 1291 1466 1330 lationis,
1500 1301 1533 1325 et
1559 1291 1705 1335 eripiam
1727 1298 1770 1326 te.

1275 1334 1279 1394 1

1406 1036 1474 1070 Hic
1492 1037 1628 1071 debetis
1642 1049 1744 1070 nosse
1761 1049 1800 1070 ac
1816 1037 1853 1070 in
1875 1044 2062 1082 conspectu
2084 1045 2203 1073 tenere
2224 1039 2292 1073 ali-

2203 1101 2293 1135 quae

1305 1140 1398 1173 inter
1414 1140 1633 1183 precandum
1651 1150 1752 1182 saepe
1772 1139 1872 1172 vobis
1897 1138 1933 1171 in
1958 1146 2111 1173 mentem
2130 1141 2291 1174 veniant:

1304 1197 1344 1224 ut
1368 1190 1406 1223 in
1431 1187 1498 1224 hoc
1524 1197 1640 1231 textu,
1668 1190 1819 1223 dictum:
1849 1189 1981 1230 Petite,
2006 1190 2184 1235 quaerite,
2211 1191 2294 1235 pul·

1304 1247 1386 1274 sate.
1442 1240 1526 1275 Item
1545 1240 1684 1274 Psalmo
1701 1239 1777 1274 5o.:
1804 1239 1931 1274 Invoca
1952 1252 2009 1274 me
2034 1241 2072 1274 in
2096 1241 2153 1275 die
2177 1242 2294 1276 tribu-

1825 1289 1911 1324 Item
1928 1290 2044 1325 Lucae
2063 1292 2139 1326 18.:
2169 1291 2295 1326 Domi-

1304 1353 1371 1375 nus
1390 1342 1523 1386 inquit,
1549 1349 1689 1388 oportet
1711 1353 1848 1386 semper
1863 1354 1981 1381 01¹,are
2012 1350 2045 1376 et
2071 1355 2144 1376 nou
2168 1343 2294 1377 defati-

1304 1392 1388 1436 gari.
1441 1389 1571 1425 Mattli.
1581 1392 1658 1426 26*
1683 1391 1712 1422 V
1717 1393 1788 1435 igil
1781 1399 1834 1425 nte
1850 1399 1881 1425 et
1899 1399 2013 1433 orate,
2037 1405 2081 1426 ne
2099 1393 2237 1428 intretis
2255 1394 2294 1427 iu

1598 1417 1747 1475 Horum*³
1753 1450 1785 1476 et
1804 1442 1974 1476 similium
1998 1443 2173 1477 dictorum
2197 1445 2294 1488 cogi-

1305 1494 1437 1527 tatione
1462 1505 1523 1526 seu
1547 1493 1752 1527 recitatione
1781 1502 1917 1527 nosmet
1941 1493 2035 1536 ipsos
2057 1491 2294 1537 exhortemur,

1305 1544 1565 1583 exsuscitemus,
1583 1556 1621 1578 ac
1639 1544 1734 1577 velut
1750 1543 1973 1588 impellamus
1983 1551 2017 1578 et
2030 1545 2293 1580 exstimulemus

1305 1596 1347 1628 ad
1376 1595 1649 1629 invocationem.
1701 1593 1773 1628 Nec
1797 1594 2043 1637 indulgeamus
2064 1595 2293 1639 trepidationi

1306 1653 1464 1684 nostrae,
1508 1646 1700 1689 cogitantes
1725 1652 1784 1679 aut
1810 1645 2027 1679 contentiose
2053 1646 2293 1690 disputantes:

1306 1696 1402 1740 Quid
1432 1698 1573 1741 prodest
1606 1697 1792 1730 invocare?
1832 1703 1910 1734 aut,
1951 1708 2014 1730 cur
2039 1694 2134 1730 Deus
2156 1705 2295 1733 curaret

1305 1760 1400 1781 meos
1426 1747 1600 1791 gemitus?
1636 1759 1698 1781 cur
1721 1747 1889 1792 reciperet
1913 1758 2007 1781 meas
2035 1759 2171 1792 preces,
2212 1760 2293 1783 cum

1305 1799 1369 1832 sim
1388 1799 1555 1842 indignus
1573 1806 1605 1833 et
1621 1799 1711 1832 male
1731 1798 1899 1833 meritus?
1941 1796 2034 1832 Huic
2053 1799 2293 1835 incredulitati

1305 1857 1338 1884 et
1352 1850 1555 1893 indignitati
1574 1857 1714 1884 nostrae
1729 1860 1949 1894 opponamus
1963 1850 2126 1884 mandata
2144 1850 2292 1884 severis-

1304 1901 1410 1941 sima,
1445 1913 1534 1946 quae
1552 1901 1674 1934 iubent
1695 1900 1846 1944 precari,
1873 1911 1962 1945 quae
1985 1900 2160 1934 affirmant
2175 1898 2292 1935 Deum

1305 1952 1394 1985 velle
1412 1950 1478 1985 hoc
1496 1953 1600 1985 modo
1617 1952 1696 1986 coli.
1750 1951 1869 1994 Quare
1886 1951 2036 1984 sciamus
2057 1947 2124 1984 hoe
2148 1963 2237 1996 opus
2259 1959 2293 1986 et

1304 1999 1398 2035 hunc
1415 2003 1549 2036 cultum
1569 2003 1718 2035 maxime
1740 2001 1973 2035 necessarium
1990 2013 2084 2042 esse,
2110 2014 2149 2035 ac
2167 2002 2290 2046 ingens

1304 2060 1481 2096 peccatum
1497 2064 1568 2086 esse
1585 2065 1656 2086 non
1675 2053 1821 2086 reddere
1836 2050 1932 2086 hunc
1947 2052 2094 2093 cultum,
2122 2064 2185 2087 nec
2201 2050 2291 2088 hauc

1302 2104 1540 2137 obedientiam
1558 2103 1632 2137 Deo
1652 2110 1837 2148 praestare.

1405 2171 1526 2205 Tertia
1543 2172 1849 2206 commonefactio:
1873 2171 1940 2206 Sed
1959 2179 1997 2205 ut
2014 2177 2207 2206 statuamus
2224 2184 2289 2207 no-

1301 2229 1391 2256 stros
1409 2223 1577 2256 clamores
1595 2230 1626 2257 et
1643 2224 1792 2265 gemitus
1807 2235 1879 2256 non
1896 2223 2032 2263 irritos,
2059 2229 2215 2257 nostram
2232 2224 2288 2256 in-

1302 2273 1522 2307 vocationem
1547 2287 1619 2307 non
1647 2275 1752 2307 inane
1776 2286 1939 2308 murmur
1959 2285 2049 2311 esse,
2077 2285 2214 2307 necesse
2237 2281 2289 2308 est

1301 2337 1367 2358 nos
1392 2325 1428 2358 in
1448 2326 1543 2358 numi
1569 2326 1769 2370 precatione
1791 2335 1977 2371 quaerere,
2006 2330 2040 2358 et
2058 2323 2186 2358 intueri
2206 2336 2288 2368 pro-

1301 2376 1503 2414 missiones,
1544 2377 1579 2409 in
1605 2377 1734 2422 quibus
1758 2375 1917 2421 patefecit
1941 2387 1979 2408 ac
2002 2375 2169 2410 revelavit
2191 2373 2288 2410 Deus

1301 2439 1398 2460 suam
1425 2427 1662 2469 voluntatem,
1705 2428 1740 2460 in
1764 2426 1894 2472 quibus
1917 2433 2088 2460 asseverat
2112 2432 2146 2460 et
2168 2432 2286 2461 uncte

1300 2478 1492 2522 promittit,
1519 2491 1554 2512 se
1573 2478 1661 2511 velle
1682 2489 1748 2511 nos
1763 2477 1942 2518 exaudire,
1971 2477 2127 2521 recipcre
2147 2483 2285 2512 nostras

1272 2543 1273 2557 ἢ
1300 2541 1434 2573 preces,
1464 2529 1566 2563 nobis
1591 2529 1776 2573 opitulari,
1809 2536 1985 2572 praestare
2011 2539 2100 2574 quae
2122 2527 2285 2573 petimus,

1300 2591 1432 2625 nosque
1449 2580 1583 2625 eripere
1600 2592 1638 2613 ac
1654 2580 1803 2613 liberare
1819 2592 1858 2612 ex
1874 2579 2025 2613 miseriis
2038 2591 2076 2612 ac
2092 2579 2282 2614 aerumnis.

1300 2631 1350 2665 lta
1369 2632 1404 2664 iu
1423 2631 1593 2676 praesenti
1613 2638 1704 2665 textu
1718 2658 1726 2669 .
1754 2643 1812 2664 scu
1837 2631 2003 2670 lectione,
2028 2628 2206 2663 Dominus
2222 2641 2283 2664 ex—

1298 2694 1413 2726 presse
1430 2682 1563 2716 addidit
1581 2682 1832 2715 universalem:
1860 2680 1998 2719 Omnis,
2024 2680 2084 2726 qui
2103 2680 2203 2726 petit,
2224 2692 2283 2716 ac-
