2409 2915
134 72 230 107 1209
405 71 486 106 ΧΠ.

131 159 253 193 dorem
277 169 338 192 seu
361 159 482 192 lumen
505 158 604 193 dixit.
657 157 714 190 Ad
740 169 820 192 eum
845 159 989 193 modum
1007 167 1041 194 et
1057 157 1114 194 hic
1139 173 1142 190 z

129 210 315 253 intelliges.
366 208 442 252 Ego
458 210 605 253 gloriam
622 208 781 250 dedieis,
809 209 870 245 i.e.
885 210 1018 250 lumen,
1043 223 1113 256 quo
1137 203 1141 269 ᾗ

129 260 320 295 illuminati
334 259 690 305 conceperuntlucem
701 260 783 300 Dei,
811 258 877 294 hoc
889 268 950 302 est,
973 262 1114 306 sapien-

129 313 212 346 tiam
231 319 265 345 et
282 311 467 350 iusticiam,
494 322 598 355 quam
609 308 881 354 Deusimpertit,
910 325 1014 357 quam
1028 325 1112 346 con-

129 364 181 397 dit
206 363 242 395 in
268 363 435 396 cordibus
456 361 602 401 nostris,
632 373 704 394 non
726 359 977 407 hypocriticam
1003 364 1112 397 simu-

127 414 316 457 lationem,
347 412 643 458 quemadmodum
669 419 701 445 et
717 414 752 448 2.
769 411 850 446 Cor.
868 412 933 448 ΙΙΙ.
953 414 1112 459 loquitur

126 465 337 508 Apostolus:
363 461 436 496 Nos
455 463 604 496 revelata
625 463 711 496 facie
727 464 944 507 speculantes
961 465 1109 508 gloriam

125 516 261 550 domini
286 513 575 548 transformamur
599 520 764 559 tanquam
784 527 801 547 a
819 515 953 548 domini
972 516 1109 560 spiritu,
1134 547 1138 572 Ι

124 568 148 602 i.
167 580 198 601 e.
223 573 261 600 ut
286 566 408 598 fiamus
427 564 588 608 spiritus,
616 565 729 609 qualis
748 571 780 599 et
800 566 872 609 ipse
889 567 1033 609 spiritus
1049 573 1109 607 est,
1134 574 1137 606 t

122 618 160 651 in
185 628 287 662 quem
315 615 618 650 transformamur.
671 615 751 649 Huc
774 623 806 650 et
830 615 1012 661 prophetia
1029 630 1108 662 per-

121 669 209 700 tinet
234 666 356 700 Esaiae
372 665 466 701 LX.:
496 664 743 700 Ambulabunt
766 674 884 711 gentes
910 668 946 700 in
973 669 1108 702 lumine
1133 690 1135 705 ;

120 726 194 752 tuo.
249 716 402 750 Proinde
427 728 527 749 causa
548 729 636 762 quae
653 717 776 759 efficit,
804 725 842 751 ut
859 731 968 752 unum
988 720 1108 760 simus,
1132 732 1136 791 ,

119 777 172 803 est
193 769 331 808 lumen,
366 780 435 812 quo
461 781 479 800 a
504 766 646 801 Christo
670 769 925 802 illuminamur.
980 769 1105 809 Porro,

119 820 256 863 primus
280 819 408 862 gradus
433 818 578 851 unitatis
603 816 659 851 hic
681 826 746 852 est:
774 817 850 862 Ego
868 820 905 852 in
923 821 990 861 eis,
1019 827 1051 853 et
1068 826 1106 853 tu

118 871 157 903 in
183 882 255 908 me,
283 880 371 913 quae
395 869 512 902 unitas
536 869 655 902 eadem
680 869 764 902 fides
779 877 839 903 est.
892 870 982 905 Nam
1000 868 1105 904 Chri-

119 928 210 954 stum
241 931 313 953 esse
344 919 382 951 in
407 919 554 957 sanctis,
589 926 639 953 est
664 927 802 954 sanctos
823 921 930 954 fidere
954 919 1105 957 Christo,

116 970 163 1005 Et
195 977 328 1015 patrem
361 982 434 1003 esse
466 971 504 1003 in
528 967 688 1012 Christo,
733 978 782 1004 est
815 972 936 1006 itidem
968 979 1105 1006 sanctos

117 1033 305 1066 agnoscere
322 1018 505 1055 Christum
530 1032 601 1054 esse
620 1022 813 1065 potentiam
834 1023 949 1066 patris.
1003 1022 1105 1056 Hanc
1130 1022 1134 1064 ἕ

117 1074 288 1107 unitatem
321 1072 421 1111 fidei,
452 1069 544 1105 hanc
576 1073 812 1115 cognitionem
846 1075 901 1107 sui
933 1081 966 1107 et
997 1066 1133 1118 patrisl

115 1122 279 1158 Christus
309 1129 473 1168 precatur
493 1122 688 1162 Ecclesiae,
722 1135 811 1169 quae
844 1125 998 1168 cognitio
1030 1125 1104 1169 ipsa
1130 1150 1132 1170 ζ

115 1175 200 1208 fides
225 1181 286 1208 est.
346 1171 394 1208 Et
419 1174 456 1207 in
482 1186 557 1215 me,
591 1174 626 1208 id
651 1181 722 1214 est,
751 1182 790 1209 ut
813 1186 954 1218 regnem
981 1187 1043 1219 ego
1071 1183 1103 1210 et

114 1225 298 1270 glorificer.

290 1307 342 1344 Ut
366 1309 440 1343 sint
463 1309 709 1343 consummati
732 1309 771 1342 in
798 1322 923 1346 unum.

214 1377 388 1411 Perfectio
407 1384 458 1411 est
473 1377 624 1411 subinde
640 1377 749 1420 magis
765 1389 877 1410 unum
893 1376 967 1410 fieri
978 1403 986 1417 ,
1012 1377 1103 1410 sicut
1127 1389 1130 1411 t

111 1425 242 1472 Ephes.
260 1427 341 1462 1V.:
367 1426 574 1462 Crescamus
596 1427 634 1460 in
649 1427 711 1460 illo
729 1440 791 1472 per
807 1427 926 1461 omnia
938 1452 947 1466 ‚
975 1427 1036 1472 qui
1053 1434 1103 1460 est

111 1486 233 1522 caput,
261 1476 444 1519 Christus,
470 1490 510 1511 ex
526 1490 595 1521 quo
611 1485 723 1512 totum
739 1490 866 1522 corpus
881 1485 1101 1522 compactum
1127 1492 1129 1522 ξ

111 1536 145 1563 ct
170 1541 367 1563 connexum
392 1535 455 1562 est.

111 1592 188 1624 gras
221 1591 315 1621 esse,
349 1592 422 1613 non
453 1580 651 1620 morbidas,
687 1591 760 1612 non
793 1579 956 1620 vitiosas,
992 1580 1037 1613 ita
1070 1587 1128 1613 eti

111 1638 250 1665 sanctos
292 1638 433 1676 oportet
470 1631 625 1671 integros
660 1630 753 1670 fieri,
784 1642 858 1664 non
891 1631 1100 1669 claudicare,

110 1683 238 1725 partim
264 1682 368 1722 Baal,
396 1682 523 1726 partim
548 1681 622 1715 Deo
647 1682 796 1723 servire,
819 1682 878 1715 sed
902 1682 1009 1715 fidere
1035 1682 1101 1715 soli
1126 1701 1127 1708 κ

107 1731 249 1768 Christo
262 1761 271 1774 ,
296 1746 370 1767 non
385 1731 531 1766 brachio
550 1733 666 1765 carnis
682 1739 740 1765 aut
758 1732 908 1773 meritis3
936 1745 1000 1766 nec
1018 1733 1100 1767 itetn
1125 1712 1129 1766 i

108 1785 145 1817 in
179 1785 295 1819 varias
320 1784 507 1829 opiniones
530 1781 698 1824 distrahi,
733 1791 767 1817 et
792 1784 963 1818 fluctuum
989 1784 1102 1817 instar
1125 1785 1128 1823 ἒ

107 1836 244 1883 agitari.
297 1835 387 1869 Nam
410 1835 473 1869 ubi
500 1847 572 1867 non
600 1842 650 1868 cst
669 1835 706 1867 in
724 1835 829 1868 corde
844 1832 1023 1876 Christus,
1049 1835 1099 1868 ibi
1124 1839 1128 1857 ¹

108 1898 181 1919 non
216 1893 329 1930 potest
354 1898 425 1919 esse
452 1893 617 1919 constans
641 1893 673 1920 et
697 1893 830 1919 certum
859 1886 1030 1920 iudicium
1057 1887 1100 1919 de

107 1938 217 1970 verbo
241 1935 385 1971 Christi.
448 1936 494 1970 Et
520 1944 705 1978 cognoscat
730 1938 902 1977 mundus,
938 1938 1012 1972 scil.
1038 1949 1100 1981 per

106 1989 255 2021 verbum
281 1995 315 2021 et
338 2000 398 2031 per
424 1988 631 2031 Apostolos3
659 1988 813 2021 dilexisti
837 2000 913 2028 eos,
939 1989 1012 2023 scil.
1038 1988 1099 2031 qni

106 2051 169 2082 per
195 2038 341 2071 verbum
368 2039 526 2071 credunt.
584 2037 708 2076 Pater,
741 2050 829 2082 quos
855 2039 983 2072 dedisti
1010 2037 1097 2071 mihi

105 2090 187 2122 volo
201 2117 209 2128 ,
231 2096 288 2126 ut,
312 2089 372 2122 uhi
392 2101 452 2131 ego
470 2100 565 2128 sum,
592 2089 680 2121 sicut
698 2100 760 2131 ego
774 2088 973 2131 glorificor,
1001 2090 1049 2122 sic
1066 2096 1099 2123 et

106 2141 158 2174 illi
179 2140 429 2183 glorificentur,
453 2146 493 2173 nt
509 2139 651 2172 videant
669 2139 862 2173 claritatem
879 2152 1004 2181 meam,
1031 2141 1052 2175 i.
1070 2153 1098 2173 e.

106 2199 146 2225 ut
170 2198 400 2234 cognoscant,
428 2203 484 2223 me
509 2201 581 2223 esse
598 2202 661 2234 per
678 2202 782 2235 quem
799 2190 886 2223 salvi
905 2191 995 2225 fiant.
1053 2190 1098 2224 Et

106 2251 368 2286 cognoverunt,
397 2243 418 2275 i.
435 2255 462 2275 e.
489 2254 545 2274 me
571 2242 748 2274 revelante
763 2241 1000 2277 crediderunt.
1053 2241 1097 2276 Et
1122 2244 1123 2255 ¹

105 2302 229 2328 notum
248 2294 313 2327 feci
331 2293 379 2326 eis
393 2305 522 2326 nornen
538 2299 650 2333 tuum,
680 2292 810 2326 scilicet
826 2291 1096 2337 perApostolOS.

523 1528 623 1562 Sicut
645 1529 830 1573 oportebat
854 1526 985 1562 hostias
1011 1529 1101 1562 inte-
1126 1564 1129 1568 Δ

177 2390 222 2422 Ul
248 2385 410 2423 dilectio,
438 2399 510 2434 qua
537 2383 708 2419 dilexisti
731 2398 803 2428 me,
828 2387 867 2420 in
893 2388 944 2420 eis
967 2387 1028 2421 sil.

206 2464 365 2498 Eandem
378 2465 408 2510 ¹²)
440 2465 610 2498 unitatem
642 2463 746 2507 paulo
774 2471 850 2507 post
877 2465 956 2497 aliis
980 2464 1096 2498 verbis
1118 2464 1120 2471 '

105 2516 278 2562 explicati.
339 2514 387 2550 Ut
409 2515 573 2556 dilectio,
607 2527 674 2560 qua
702 2527 755 2547 me
780 2515 956 2557 dilexisti,
986 2515 1022 2548 in
1047 2515 1095 2549 eis
1117 2557 1120 2582 ἲ

1116 2587 1120 2607 ι

138 2670 168 2696 4)
187 2669 279 2693 Secer.
301 2669 431 2692 Tandem,

547 69 938 108 ANNOTATIONES
966 73 1033 108 ET
1059 71 1341 110 CONClONES
1370 75 1418 111 IN
1448 74 1630 114 EVANG.
1660 77 1874 115 lOANNts.

1135 525 1137 542 ²
1161 517 1278 550 munis
1302 517 1402 558 fides,
1434 531 1538 563 quam
1563 532 1640 552 cum
1666 518 1741 553 Deo
1764 532 1874 553 unum
1898 533 2028 554 sumus.

1124 1925 1125 1948 3
1150 1901 1268 1934 laedat
1284 1898 1478 1934 Christum.

1124 1972 1125 1976 =
1151 1951 1424 1995 Apostolorum,
1453 1962 1520 1996 qua
1545 1962 1582 1982 re
1604 1951 1837 1993 significatum
1864 1957 1931 1988 est,
1959 1950 2051 1993 quod
2072 1948 2138 1979 sint

2054 81 2153 118 1210

1166 160 1227 200 sit,
1255 167 1288 195 et
1305 172 1367 205 ego
1387 162 1424 196 in
1442 163 1546 207 ipsis,
1573 164 1607 197 id
1627 171 1698 205 est,
1723 165 1834 205 effice,
1863 172 1902 199 ut
1917 165 2088 206 sentiant,
2115 179 2149 200 se

1164 211 1264 255 diligi
1288 219 1431 257 propter
1454 227 1527 253 me,
1555 222 1592 248 ut
1616 227 1676 258 ego
1695 227 1835 259 regnem
1855 217 1891 249 in
1911 216 1978 257 eis,
2005 217 2028 250 i.
2048 229 2076 251 e.
2094 229 2148 250 me

1164 271 1332 305 regnante
1362 263 1398 296 in
1426 265 1509 307 ipsis
1535 274 1744 309 cognoscant
1770 279 1834 301 me.
1894 266 2026 307 Porro,
2064 264 2148 300 haec

1137 305 1139 332 3
1163 314 1316 356 cognitio
1334 314 1406 357 ipsa
1424 316 1508 349 fides
1526 323 1586 357 est,
1614 329 1681 362 qua
1697 318 1793 350 cordi
1811 318 2051 351 testimonium
2070 329 2148 361 per-

1163 361 1259 398 hibet
1274 365 1427 408 Spiritus
1446 374 1604 406 sanctus,
1631 380 1709 400 cum
1727 368 1926 402 consolatur
1943 376 1975 403 et
1992 368 2148 413 pacificat

1161 427 1221 448 cor
1251 417 1418 449 adversus
1450 429 1590 450 omnem
1613 419 1684 450 vim
1711 425 1959 452 creaturarum.
2015 418 2146 459 Habes,

1161 466 1222 510 qui
1246 467 1290 500 sit
1314 467 1448 510 primus
1473 469 1599 510 gradus
1624 469 1767 502 unitatis
1782 469 1829 513 ⁵),
1857 470 1975 502 eadem
2001 477 2033 503 et
2052 482 2146 503 com-

2084 519 2146 553 Se-

1160 569 1297 601 cundus
1327 575 1377 602 est
1403 567 1564 605 charitas.
1632 569 1721 602 Nam
1746 571 1941 603 communis
1969 572 2051 604 fides
2075 583 2145 603 non

1160 625 1272 662 potest
1300 631 1372 652 non
1395 631 1517 663 parere
1540 618 1744 654 charitatem
1771 633 2014 661 communem,
2057 622 2145 654 sicut

1160 671 1202 702 ad
1219 668 1577 714 GalatasApostolns:
1607 670 1711 704 Fides
1728 669 1933 705 charitatem
1951 682 2126 716 operatur.

1478 802 1613 854 Caput
1662 802 1824 843 XVIII.

1234 887 1370 924 Passio
1393 887 1540 925 Christi
1562 889 1743 939 quomodo
1767 891 1816 925 sit
1842 889 2071 925 meditanda.

1260 965 1351 1000 Vere
1382 967 1545 1001 meditari
1568 965 1703 1001 Christi
1734 968 1930 1010 passionem
1963 974 2012 1000 est
2041 968 2144 999 simul

1158 1017 1312 1061 crucifigi
1336 1025 1541 1052 vetustatem
1565 1018 1680 1051 carnis
1705 1025 1863 1057 nostrae,
1891 1025 1923 1052 et
1942 1029 2144 1061 expavesce-

1156 1080 1211 1109 re,
1239 1079 1300 1102 seu
1318 1069 1488 1103 confundi
1508 1071 1672 1112 adspectu
1688 1069 1836 1112 peccati,
1863 1076 1896 1103 et
1912 1080 2051 1102 rursum
2071 1080 2144 1101 cre-

1157 1120 1255 1159 dere,
1289 1121 1383 1164 quod
1415 1132 1478 1162 pro
1505 1121 1608 1153 nobis
1633 1117 1746 1153 hostia
1770 1120 1879 1153 factus
1905 1120 1949 1153 sit
1971 1117 2143 1153 Christus.

1156 1169 1213 1203 Ad
1242 1169 1348 1205 Rom.
1375 1169 1453 1203 VL:
1496 1170 1711 1216 Quicunque
1749 1171 1914 1215 baptizati
1950 1181 2070 1203 sumus
2106 1170 2142 1201 in

1128 1219 1297 1268 v,Christo
1327 1220 1422 1262 Iesu,
1457 1222 1492 1254 in
1524 1228 1672 1255 mortem
1707 1222 1781 1254 eius
1814 1222 1980 1265 baptizati
2012 1231 2144 1260 sumus,

1128 1276 1130 1284 ’
1155 1273 1192 1305 id
1215 1279 1284 1313 est,
1310 1279 1350 1306 ut
1373 1273 1624 1306 mortificemur
1642 1273 1792 1316 perinde
1807 1279 1912 1317 atque
1930 1272 2002 1316 ipse
2021 1271 2145 1304 morti-

1155 1323 1276 1357 ficatus
1301 1330 1371 1364 est,
1405 1331 1444 1358 ut
1470 1330 1502 1357 et
1527 1324 1742 1367 perferamus
1768 1334 1924 1363 crucem,
1958 1330 1990 1356 et
2014 1323 2142 1355 sentia-

1154 1385 1234 1406 mus
1254 1374 1442 1407 salutarem
1466 1375 1571 1407 nobis
1595 1375 1670 1407 sore
1688 1386 1750 1417 per
1764 1371 1957 1407 Christum.
2010 1371 2143 1417 Estque

1153 1423 1240 1457 haec
1262 1423 1371 1467 plane
1385 1425 1437 1457 vis
1454 1431 1558 1469 atque
1575 1424 1716 1465 energia
1732 1424 1854 1456 mortis
1870 1421 2022 1463 Christi,
2051 1423 2143 1455 occi—

1154 1475 1236 1507 dere
1258 1481 1463 1508 vetustatem
1492 1474 1606 1507 carnis
1624 1481 1777 1508 nostrae.
1829 1473 1971 1507 Praeter
1988 1471 2054 1506 hoc
2071 1485 2142 1505 me—

1127 1523 1129 1533 '
1154 1525 1293 1558 ditandi
1325 1536 1434 1568 genus
1464 1525 1559 1558 aliud
1584 1526 1763 1570 quoddam
1786 1525 1877 1558 ratio
1902 1524 2143 1557 comminisci-

1127 1576 1128 1579 ’
1153 1582 1230 1617 tur3
1265 1575 1407 1610 simulat
1432 1588 1467 1609 se
1496 1574 1697 1610 habituram
1723 1573 1895 1609 honorem
1922 1572 2064 1608 Christo
2088 1587 2143 1607 re-

1153 1627 1328 1660 censendo
1361 1625 1545 1660 historiam
1574 1627 1748 1672 passionis
1776 1624 1927 1666 Christi3
1969 1627 2027 1658 sed
2059 1623 2142 1658 haec

1152 1676 1244 1711 nihil
1261 1679 1305 1711 ad
1323 1675 1515 1712 Christum.

1298 1778 1441 1823 Iudas,
1478 1792 1555 1814 cum
1583 1780 1776 1828 accepisset
1803 1776 1994 1814 cohorlem.

1253 1847 1451 1892 Diligenter
1475 1850 1781 1894 consyderandum
1809 1856 1878 1889 est,
1906 1848 1983 1893 quis
2009 1847 2142 1891 primus

1532 1899 1564 1932 Is
1583 1899 1688 1933 Iudas
1714 1906 1781 1940 est,
1808 1911 1901 1933 unns
1926 1899 1968 1932 de
1994 1908 2140 1931 numero

1151 2009 1183 2035 et
1215 2002 1392 2046 principes
1424 2008 1456 2035 et
1488 2001 1730 2034 nocentissimi
1755 1999 1871 2034 hostes
1897 1998 2078 2042 Evangelii
2105 1997 2140 2035 ii,

1149 2054 1211 2097 qui
1244 2065 1373 2086 nomen
1404 2050 1539 2086 Christi
1571 2058 1799 2096 praetexunt,
1835 2058 1867 2084 et
1899 2051 2043 2083 verbum
2070 2047 2139 2080 Dei

1150 2111 1358 2148 causantur,
1387 2103 1583 2136 cuiusmodi
1610 2115 1746 2147 semper
1770 2109 1870 2135 erant
1893 2101 1990 2144 impii
2008 2098 2137 2132 Docto-

1149 2166 1214 2190 res,
1269 2154 1361 2189 Sunt
1377 2163 1492 2187 aunon
1510 2154 1610 2198 impii
1627 2155 1787 2187 doctores
1803 2166 1874 2186 non
1891 2158 2025 2186 tantum
2044 2161 2137 2182 cere-

1149 2206 1350 2239 moniarum
1376 2205 1556 2248 Magistri,
1589 2206 1647 2238 sed
1680 2212 1711 2237 et
1738 2205 1780 2243 ii,
1817 2204 1877 2249 qui
1902 2214 1941 2234 ex
1965 2198 2138 2234 Christia-

1121 2273 1123 2284 ι
1148 2257 1265 2291 nismo
1291 2257 1494 2290 civilitatem
1521 2257 1697 2299 quandam
1716 2255 1867 2292 facium,
1897 2251 2050 2285 contenti
2070 2248 2136 2283 hu-

1146 2320 1331 2341 manarum
1353 2307 1523 2340 virtutum
1541 2307 1664 2351 specie.
1700 2305 1823 2345 Porro,
1844 2303 1927 2336 lxaec
1943 2310 1991 2335 est
2009 2309 2136 2334 natura

1146 2359 1338 2404 impiorum
1366 2361 1571 2398 doctorum,
1599 2364 1637 2390 ut
1661 2369 1740 2390 cnm
1765 2357 1807 2389 ab
1825 2353 2018 2395 Evangelio
2044 2352 2136 2384 iudi-

1146 2418 1287 2451 centur,
1327 2409 1416 2443 tueri
1452 2420 1486 2441 se
1519 2409 1552 2440 vi
1586 2405 1740 2441 humana
1773 2405 2008 2443 contendant,
2055 2402 2135 2447 quia

1145 2459 1222 2496 Deo
1255 2474 1326 2494 non
1354 2461 1479 2493 fidunt.
1548 2458 1626 2492 lloc
1652 2466 1701 2492 cst
1727 2457 1822 2502 quod
1850 2455 1953 2488 Iudas
1977 2451 2138 2488 cohortes

1144 2513 1300 2546 accersit.

1180 2665 1210 2692 5)
1230 2664 1295 2688 Tub.
1316 2663 1496 2688 divinitatis.
