2409 2915
139 111 209 146 109
691 111 754 148 XI.

135 198 240 231 citare
270 209 366 231 more
393 193 657 242 philosophico,
686 203 744 230 aut
767 197 858 230 sicut
882 197 918 229 in
943 198 1110 241 poematis

135 248 278 281 dicitur:
302 247 394 281 Dum
411 247 589 292 loquimur
604 247 731 289 fugerit
747 247 866 280 invida
885 254 989 288 aetas,
1007 260 1109 297 carpe

134 299 226 331 diem
253 311 356 344 quam
380 298 566 330 minimum
593 298 734 331 credula
761 304 915 341 postero:
949 300 1006 331 sed
1039 306 1108 332 tra-

135 351 216 382 dere
236 349 387 391 regulam
407 348 496 380 vitae
517 348 664 381 maxime
683 349 929 386 necessariam,
957 349 1105 382 circum-

133 403 215 433 dare
246 398 347 432 nobis
368 407 475 431 metas
501 399 712 439 vocationis,
747 400 913 431 damnare
945 399 1106 433 fiduciam

133 449 262 487 nostri,
289 448 524 482 curiositatem
550 455 583 482 et
609 449 694 482 alias
715 457 868 483 errantes
888 450 1107 494 cupiditates,

132 508 166 534 et
186 505 380 532 monstrare
397 499 611 532 voluntatem
628 499 710 538 Dei,
739 501 863 533 docere
891 500 1051 533 timorem
1075 508 1106 534 et

130 544 246 584 fidem.
300 549 393 583 Deus
414 550 490 582 ideo
511 550 611 593 punit
627 549 861 595 Lysandrum,
889 549 1102 593 Agesilaum,

128 599 295 640 Brutum,
324 600 521 634 Antonium
543 607 575 634 ct
593 600 680 633 alios
697 601 993 644 innumerabiles,
1021 602 1102 646 quia

129 657 269 684 movent
288 663 340 683 res
362 663 432 683 non
451 652 660 684 necessarias
678 652 732 684 vel
744 653 943 685 curiositate
961 652 1013 684 vel
1031 665 1105 684 am-

129 702 282 742 bitione,
307 702 408 744 punit
427 701 684 743 Alexandrum,
712 703 792 747 quia
817 703 926 736 sactus
947 703 1102 735 insolen-

127 753 197 786 tior
227 752 391 786 interficit
421 753 567 792 amicos,
600 752 673 786 vult
700 753 766 785 coli
801 760 837 786 nt
862 753 966 788 Deus.
1029 752 1103 785 Hae

126 815 259 846 poenae
278 803 581 847 delinquentium,
609 810 641 836 et
659 811 797 836 econtra
815 805 1022 846 gubernatio
1049 815 1102 836 sa-

125 854 249 888 lutaris
273 854 512 887 invocantium
539 853 670 893 Deum,
699 855 889 888 admonent
912 867 976 888 nos
1000 857 1041 888 de
1058 854 1102 887 ti-

126 917 221 937 more
248 903 333 944 Dei,
358 911 388 937 et
412 905 512 937 docet
540 917 603 937 nos
626 903 721 937 Deus
745 903 798 937 his
822 906 904 948 ipsis
927 905 1103 949 exemplis,
1126 939 1128 945 ,

125 967 168 988 ne
192 955 316 987 fiducia
341 956 451 988 nostri
482 966 626 988 ruamus
652 962 746 988 extra
771 957 1010 994 vocationem,
1037 968 1102 988 nec

123 1006 366 1049 indulgeamus
389 1013 527 1039 nostrae
550 1006 744 1039 curiositati
770 1013 800 1039 et
821 1007 948 1039 nostris
965 1006 1102 1050 cupidi-

122 1056 272 1097 tatibus,
300 1058 357 1088 sed
377 1064 412 1090 ut
431 1068 658 1100 agnoscamus
680 1057 916 1091 infirmitatem
934 1064 1100 1097 nostram,
1126 1074 1127 1096 l

122 1107 308 1141 timeamus
324 1105 456 1147 Deum,
484 1108 765 1150 obtemperemus
783 1108 892 1150 ipsius
917 1108 1101 1147 mandatis,

123 1158 188 1191 fide
209 1165 365 1202 petamus
385 1164 416 1190 et
436 1165 655 1205 expectemus
673 1157 842 1190 auxilium
859 1171 875 1191 a
891 1157 985 1198 Deo,
1012 1165 1042 1191 et
1063 1159 1099 1190 in
1125 1191 1126 1195 ,

121 1220 198 1252 ipso
216 1220 485 1253 acquiescamus,

172 1290 437 1339 Quodsactum
457 1297 523 1331 est,
553 1294 670 1339 ipsum
686 1298 883 1339 permanet.
1124 1302 1125 1327 1

220 1358 397 1404 Loquitur
418 1358 585 1393 Salomon
610 1360 652 1392 de
669 1360 869 1400 eventibus,
897 1365 930 1392 et
948 1359 1100 1391 illustrat

119 1410 344 1449 sententiam,
384 1409 547 1443 Humana
581 1410 724 1442 consilia
756 1422 834 1443 cum
869 1422 939 1442 non
973 1409 1123 1451 guber-¹

118 1467 249 1494 nantur
267 1461 455 1499 divinitus,
483 1468 563 1494 sunt
581 1461 678 1494 irrita
691 1488 698 1501 ,
727 1467 766 1494 ut
776 1459 954 1493 Antonius
971 1461 1096 1494 frustra

118 1518 266 1545 conatur
290 1524 459 1556 occupare
484 1509 745 1551 monarchiam,
773 1512 830 1544 sed
848 1511 955 1544 vincit
973 1511 1096 1554 Augu-

117 1570 198 1597 stus.
252 1561 322 1595 Nec
349 1569 460 1605 potest
480 1561 644 1606 impediri
668 1560 831 1595 humanis
849 1562 1005 1596 consiliis
1021 1561 1097 1595 Au-

117 1620 254 1656 gustus,
283 1613 365 1657 quia
387 1612 479 1647 Deus
499 1613 594 1646 hunc
617 1620 780 1646 eventum
808 1614 992 1656 gubernat.
1043 1612 1096 1645 De

119 1663 248 1696 talibus
263 1664 446 1696 eventibus
462 1663 638 1709 loquitur,
656 1675 734 1696 cum
751 1663 815 1696 ait:
846 1662 950 1705 Quod
967 1663 1095 1695 sactum

119 1721 168 1746 est
186 1714 298 1756 ipsum
315 1721 512 1760 permanet,
537 1714 569 1745 id
590 1720 656 1751 est,
685 1725 722 1746 ea
750 1725 838 1757 quae
853 1712 947 1746 Deus
972 1713 1039 1754 agit
1065 1720 1097 1745 et
1120 1711 1122 1720 '

120 1763 236 1801 iuvat,
261 1763 446 1801 eveniunt,
475 1772 507 1797 et
530 1774 673 1810 prorsus
689 1763 850 1805 congruit
867 1761 950 1795 haec
968 1763 1094 1795 doctri-

117 1825 160 1845 na
180 1825 258 1845 curn
278 1813 458 1845 communi
477 1813 614 1855 regula:
642 1812 717 1845 Nisi
735 1812 910 1846 Dominus
935 1813 1095 1845 aedifica-

116 1863 204 1896 verit
230 1864 374 1896 domum
402 1870 464 1898 etc.
519 1862 623 1896 Item:
650 1860 729 1895 Non
754 1870 866 1910 potest
895 1864 961 1896 sibi
988 1861 1096 1896 homo

116 1926 252 1948 sumere
277 1914 484 1958 quicquam,
520 1913 586 1947 nisi
619 1913 662 1946 sit
696 1914 725 1946 ei
754 1915 874 1946 datum
912 1915 954 1946 de
988 1914 1095 1947 coelo.

117 1964 221 1999 Item:
250 1964 335 1999 Sine
353 1977 407 1997 me
427 1963 516 1997 nihil
533 1964 677 2012 potestis
694 1964 815 1997 facere.

164 2046 228 2081 Ea
246 2046 482 2094 quaefutura
498 2050 602 2084 sunt,
630 2045 704 2079 iam
723 2046 881 2088 suerunt.

217 2113 255 2147 Id
290 2120 358 2154 est,
391 2125 429 2146 ea
466 2126 554 2158 quae
587 2120 754 2147 eventura
781 2121 880 2154 sunt,
915 2114 1121 2153 eveniunt,-

113 2165 195 2211 quia
220 2177 238 2198 a
257 2165 333 2198 Deo
360 2164 472 2197 multo
493 2171 573 2198 ante
588 2166 724 2198 decreta
743 2171 835 2199 sunt.
889 2164 1000 2209 Cyrus
1027 2164 1092 2197 erit
1115 2188 1118 2215 ι

114 2229 193 2256 rex,
223 2227 284 2248 nec
307 2221 419 2262 potest
442 2215 486 2247 ab
505 2215 655 2260 Astyage
678 2215 844 2255 interfici,
873 2216 954 2259 quia
979 2215 1090 2248 multo

111 2274 193 2301 ante
218 2265 284 2299 hoc
310 2267 488 2299 decretum
515 2273 574 2300 est.
630 2264 724 2298 Haec
745 2267 920 2299 enarratio
944 2266 1089 2313 simplex

112 2325 162 2352 est
185 2317 303 2351 nativa
328 2316 502 2349 sententia
530 2322 658 2356 textus,
693 2327 794 2360 saepe
818 2324 931 2350 autem
957 2317 1089 2349 dictum

111 2376 180 2407 est,
209 2367 336 2401 multas
361 2366 620 2400 admonitiones
646 2367 681 2399 in
707 2364 771 2399 hac
798 2367 955 2400 doctrina
977 2367 1089 2400 conti-

110 2420 196 2455 neri,
250 2417 339 2452 Cum
363 2415 509 2451 humani
532 2425 677 2452 conatus
701 2417 776 2450 sine
792 2416 867 2450 Deo
893 2417 984 2452 irriti
1009 2418 1090 2458 sint,

110 2477 247 2506 tantum
266 2469 372 2502 facias
387 2469 551 2501 mandata
568 2468 756 2506 divinitus,
774 2474 806 2501 et
823 2475 934 2511 petas,
961 2475 1000 2502 ut
1017 2469 1090 2512 ipse
1114 2488 1115 2491 =

111 2529 143 2556 te
164 2527 259 2565 regat
281 2527 314 2554 et
335 2520 495 2562 adiuvet,
522 2520 596 2554 vult
621 2519 714 2553 enim
742 2518 909 2552 adiuvare
933 2519 1089 2552 servien-

110 2580 160 2607 tes
178 2573 214 2606 in
233 2571 435 2609 vocatione,
451 2577 483 2604 et
500 2571 705 2605 invocantes
721 2569 848 2613 ipsum.
883 2569 981 2604 Sicut
991 2569 1089 2604 Psal-

109 2635 187 2657 mus
205 2622 336 2668 inquit:
364 2620 580 2657 Commenda
597 2621 672 2655 Deo
698 2621 789 2653 viam
815 2628 931 2662 tuam,
960 2627 992 2655 et
1018 2621 1090 2666 ipse
1113 2636 1116 2678 ἱ

109 2675 221 2710 faciet.

807 109 1105 148 ENARRATIO
1134 112 1182 147 IN
1206 112 1580 151 ECCLESIASTEN.

2073 119 2142 152 110

1211 196 1356 232 Iustum
1376 204 1405 232 et
1423 199 1573 246 impium
1592 197 1770 234 iudicabit
1786 198 1903 236 Deus.

1260 273 1399 308 Rursus
1421 281 1616 319 sequuntur
1641 276 1800 319 exempla
1820 276 2038 310 miseriarum
2065 276 2132 312 hu-

1159 335 1341 357 manarum
1373 332 1405 358 et
1438 325 1702 358 confusionum:
1745 326 1855 360 multa
1887 327 1974 361 fiunt
2005 328 2133 362 iniuste.

1158 375 1262 408 etiarn
1289 375 1326 407 in
1353 375 1607 418 gubernatione
1629 387 1701 408 non
1724 377 1925 419 tyrannica,
1962 379 2043 423 quia
2067 391 2130 411 nec

1157 425 1330 469 inspicere
1353 426 1472 459 omnia
1494 425 1636 469 negocia
1660 425 1744 458 boni
1772 435 1932 468 possunt,
1960 435 1990 462 et
2020 430 2128 462 multa

1156 483 1327 519 geruntur
1346 489 1408 524 per
1422 474 1580 509 homines
1604 476 1834 519 negligentes,
1863 478 1968 510 multa
1989 491 2048 521 per
2066 480 2131 511 im-

1156 527 1286 573 probos
1318 528 1599 574 obtemperantes
1624 527 1741 571 pravis
1764 526 1964 567 affectibus,
2002 529 2131 562 interea

1156 583 1273 610 tamen
1294 577 1391 611 Deus
1408 585 1519 611 servat
1545 584 1724 622 utcunque
1748 577 1930 623 politicum
1957 579 2129 612 ordinem.

1155 634 1187 660 et
1207 639 1268 660 suo
1287 635 1442 672 tempore
1461 629 1599 662 iudicat.

1204 719 1310 754 Diasi
1324 720 1361 753 in
1379 718 1481 754 corde
1498 732 1574 754 meo
1593 719 1633 753 de
1645 718 1742 764 filiis
1760 719 1962 755 hominum.

1256 797 1366 829 Addit
1392 797 1428 829 iu
1455 797 1523 829 fine
1540 797 1738 839 generalem
1756 797 1954 841 querelam,
1984 797 2025 828 de
2048 808 2130 828 cou-

1153 847 1291 879 fusione
1315 847 1404 880 vitae
1438 845 1613 880 humanae
1647 847 1682 879 in
1716 855 1854 879 externa
1881 847 2010 890 specie:
2047 847 2131 879 dicit

1155 898 1264 930 videri
1290 898 1440 930 similem
1466 898 1648 931 interitum
1676 898 1847 940 pecudum
1875 904 1904 929 et
1933 895 2130 931 bominum.

1156 947 1195 980 ln
1222 946 1287 980 hoc
1312 949 1389 980 loco
1418 948 1624 991 interpretes
1646 948 1795 981 multum
1816 949 2002 980 sudarunt:
2033 947 2131 978 dixe-

1155 1006 1237 1032 runt
1263 999 1299 1030 in
1325 1010 1471 1041 persona
1497 997 1652 1031 hominis
1675 997 1842 1045 Epicurei
1871 996 1954 1030 baec
1979 997 2128 1033 recitari,

1156 1050 1212 1081 sed
1234 1049 1401 1083 Salomon
1418 1050 1460 1081 de
1480 1056 1618 1081 externa
1637 1050 1749 1092 specie
1768 1049 1935 1093 loquitur.
1990 1047 2026 1081 Si
2054 1054 2128 1080 tan-

1153 1107 1226 1132 tum
1247 1101 1337 1132 oculi
1357 1107 1388 1133 et
1407 1101 1497 1133 ratio
1514 1098 1667 1132 humana
1681 1100 1948 1132 consulerentur
1964 1098 2037 1131 siue
2052 1109 2128 1129 ver-

1153 1151 1197 1182 bo
1217 1149 1299 1190 Dei,
1326 1151 1465 1183 videtur
1484 1149 1566 1183 haec
1586 1151 1656 1183 vita
1674 1147 1857 1183 bominum
1878 1150 1911 1181 in
1931 1155 2025 1181 tanta
2044 1160 2127 1179 con-

1124 1198 1126 1220 ³
1152 1201 1289 1233 fusione
1315 1213 1394 1234 casu
1418 1202 1509 1244 regi,
1549 1207 1581 1233 et
1605 1198 1766 1233 homines
1789 1212 1860 1232 esse
1887 1200 1980 1232 velut
2006 1210 2128 1241 agmen

1151 1252 1399 1291 formicarum,
1434 1258 1465 1284 et
1495 1252 1628 1285 conteri
1657 1251 1803 1298 perinde
1836 1258 1872 1283 ut
1898 1255 2126 1282 conterentur

1151 1302 1288 1344 agmina
1328 1302 1575 1341 formicarum,
1620 1309 1651 1334 et
1686 1309 1805 1334 contra
1852 1299 1942 1333 lianc
1978 1299 2127 1342 speciem

1123 1370 1124 1375 =
1151 1359 1267 1396 postea
1289 1353 1444 1385 monebit
1463 1353 1807 1399 opponendum'esse
1826 1352 1970 1383 xci-bum
1989 1349 2065 1382 Dei.

1524 1477 1657 1531 Caput
1688 1478 1764 1518 IV.

1204 1567 1310 1603 Verti
1331 1581 1384 1601 me
1408 1567 1464 1602 ad
1486 1568 1588 1612 alia,
1624 1574 1654 1602 el
1678 1567 1754 1602 vidi
1776 1567 2002 1606 calumnias,
2038 1576 2129 1612 quae

1249 1619 1315 1653 sub
1331 1618 1416 1653 Sole
1428 1625 1616 1666 geruntur,
1644 1624 1673 1653 el
1692 1619 1869 1653 lacrimas
1887 1618 2127 1661 innocentum.

1250 1694 1356 1726 Initio
1382 1695 1504 1737 eapitis
1521 1694 1554 1726 4.
1577 1694 1667 1726 redit
1689 1694 1731 1725 ad
1751 1692 1914 1731 iniurias,
1943 1703 2030 1735 quae
2047 1696 2127 1722 sunt

1120 1754 1122 1767 t
1152 1743 1290 1788 insigne
1326 1745 1522 1787 exemplum
1550 1743 1768 1776 confusionis
1794 1743 1830 1774 in
1858 1742 1926 1774 vita
1961 1739 2126 1773 humana.

1148 1794 1199 1827 Ac
1215 1795 1243 1826 si
1262 1794 1454 1827 consolatio
1470 1795 1506 1827 in
1524 1793 1719 1836 Evangelio
1739 1805 1810 1826 non
1829 1792 2006 1835 proposita
2031 1798 2127 1829 esset,

1149 1856 1227 1877 vera
1248 1851 1335 1877 esset
1351 1857 1434 1885 vox,
1461 1842 1648 1888 Optimum
1667 1856 1739 1877 non
1756 1843 1861 1876 nasci.

1197 1926 1346 1962 Rursus
1371 1928 1634 1974 contemplatus
1656 1942 1736 1962 sum
1757 1939 1877 1962 omnes
1897 1925 2038 1960 labores
2062 1922 2126 1957 lw-

1249 1980 1388 2013 minum
1404 1985 1526 2026 palere
1546 1978 1720 2015 invidiae.

1250 2055 1357 2088 Aliud
1386 2056 1583 2099 exemplum
1608 2058 1651 2089 de
1677 2055 1822 2089 invidia.
1876 2053 1969 2086 llaec
1986 2066 2124 2098 qnoque

1145 2117 1313 2148 magnum
1348 2106 1639 2150 impedimentum
1681 2115 1729 2139 est
1776 2105 2047 2137 necessariarum
2092 2111 2122 2136 vt

1147 2157 1286 2189 utilium
1305 2157 1480 2189 actionum
1498 2157 1534 2189 in
1550 2158 1640 2196 vita,
1665 2164 1703 2190 ut
1720 2156 1918 2199 Scipionem
1941 2155 2052 2186 invidi
2070 2166 2123 2186 rc-

1144 2204 1289 2240 trahunt
1310 2219 1348 2240 ex
1371 2205 1501 2242 Africa.

1193 2288 1338 2324 Stultus
1356 2288 1548 2335 complicat
1565 2302 1697 2323 munus
1716 2301 1804 2322 suas
1828 2293 1857 2322 el
1876 2285 2024 2321 comedit
2043 2299 2120 2320 car-

1244 2353 1305 2375 nes
1323 2353 1423 2377 suas,

1245 2416 1354 2450 Addit
1373 2417 1439 2449 alia
1460 2417 1613 2460 exempla
1633 2419 1674 2449 de
1692 2418 1830 2461 ignavo.
1882 2419 1962 2453 ltem
1981 2423 2023 2454 de
2040 2428 2122 2456 ava*

1142 2481 1180 2501 ro
1194 2495 1202 2508 ,
1228 2474 1260 2501 et
1288 2468 1323 2500 in
1343 2468 1601 2511 vituperatione
1617 2469 1713 2501 avari
1731 2469 1926 2510 ingreditur
1947 2471 2114 2506 inlocum

1142 2521 1185 2552 de
1209 2519 1313 2552 laude
1343 2519 1533 2552 societatis:
1574 2526 1606 2552 et
1633 2526 1748 2551 monet
1778 2521 2004 2554 necessariam
2030 2523 2120 2557 vitae

1142 2581 1213 2604 esse
1241 2569 1533 2603 consociationem
1573 2566 1757 2601 bominum
1771 2595 1778 2608 ‚
1814 2571 2008 2604 officiorum
2024 2600 2031 2612 ,
2067 2587 2121 2607 ar-

1143 2621 1251 2661 tium,
1278 2620 1443 2663 opificum
1469 2628 1500 2654 et
1517 2620 1702 2655 ordinum,
1731 2616 1866 2653 Omnes
1883 2623 2025 2655 ordines
2046 2637 2123 2658 mu-

1113 2704 1116 2709 ,
1143 2673 1215 2706 tuis
1238 2671 1376 2704 auxiliis
1402 2671 1580 2715 indigent,
1609 2676 1638 2702 et
1663 2669 1791 2711 singuli
1818 2669 1978 2706 homines
1996 2675 2123 2708 referre
