2409 2915
254 119 302 153 43

257 195 520 248 πραγμοσύνη,
713 241 721 248 ·
741 241 749 248 ·

258 255 380 291 critae‚
407 257 440 283 et
460 249 497 282 iu
519 246 606 279 alios
630 248 809 275 saevitiam
827 244 988 272 exercent
1006 243 1068 270 etc.

258 313 394 337 scamus
421 306 535 333 autem
559 293 690 337 singuli
714 298 832 325 nostra
858 289 963 329 vitia,
988 295 1022 322 et
1039 287 1242 320 adficiamur
1268 286 1269 302 ³

259 349 497 388 misericordia
521 357 600 389 erga
627 343 818 382 sanabiles,
845 347 878 374 et
901 339 998 373 iuxta
1020 337 1241 372 vocationem

258 415 380 439 sanare
400 410 457 433 eos
476 397 693 434 studeamus,
711 401 744 428 et
759 393 868 427 simus
884 400 1056 423 memores
1072 387 1155 423 dicti
1170 387 1243 422 Na-

258 452 430 489 zianzeni:

321 510 385 541 εἶδὲ
409 504 499 542 οἶδας
522 504 631 545 &pam
653 503 706 532 καὶ
729 499 918 541 πρόχρησον
941 496 975 528 τό
999 498 1120 538 πρᾶον,

391 558 486 599 οἴκτῳ
510 555 568 595 γὰρ
593 550 715 590 οἶκτος,
739 551 782 592 τῷ
804 551 872 591 θεῷ
894 549 1113 589 σταθμίζεται.

311 652 507 691 Ino-eniens
535 659 685 683 uxorem
711 644 847 679 invenit
873 643 1026 681 bonum,
1053 647 1083 676 et
1101 638 1247 676 hauriet

361 703 583 749 voluptatem
600 711 624 732 a
642 696 822 732 Domino.

387 778 531 813 Phrasis
564 775 816 810 consideretur.
876 768 1050 805 Invenire
1078 769 1251 813 significat

260 834 408 870 feliciter
422 832 561 864 ducere.
615 825 805 860 Inveniens
829 835 994 862 uxorem,
1020 822 1057 854 id
1077 827 1146 861 est,
1173 819 1251 853 seli-

262 888 348 920 citer
362 884 513 919 ducens,
541 876 601 912 seu
620 876 754 910 Graece
779 873 943 918 εὐτυχῶς
959 869 1139 916 εὐτυχῶν.
1194 870 1253 903 Si—

263 936 402 982 gnificat
436 932 546 975 igitur
577 927 755 971 singulare
779 925 845 958 Dei
869 927 1003 957 donum
1032 934 1127 963 esse,
1158 921 1254 961 felix,

263 986 441 1033 placidum
466 988 500 1015 et
528 980 625 1025 pium
645 976 870 1019 coniugium,
899 975 935 1007 in
955 986 1025 1019 quo
1042 980 1186 1007 mutuus
1204 977 1255 1004 est

263 1049 362 1072 amor
389 1041 422 1068 et
445 1031 610 1074 coniuges
633 1027 823 1063 concordes
840 1033 922 1060 sunt
940 1023 1119 1065 Ecclesia,
1147 1021 1253 1056 simul

263 1089 398 1127 Deum,
426 1085 521 1118 iuxta
542 1092 698 1114 versum:

425 1144 516 1180 Inque
539 1141 602 1168 Deo
624 1139 662 1167 sit
685 1146 767 1166 mens
791 1145 862 1172 una,
884 1136 918 1164 sit
942 1144 1016 1163 unus
1040 1143 1128 1162 amor.

369 1203 452 1236 ldeo
478 1201 515 1233 in
543 1197 703 1243 sequenti
730 1195 860 1240 capite:
907 1193 1018 1229 Uxor
1045 1188 1206 1240 prudens
1232 1203 1255 1223 α

266 1254 445 1290 Domino.

369 1302 485 1340 Simul
511 1306 626 1334 autem
652 1297 737 1333 haec
761 1298 853 1331 dicta
880 1303 964 1331 sunt
988 1295 1138 1330 illustria
1162 1293 1258 1327 testi-

270 1357 410 1396 monia,
437 1364 526 1399 quae
551 1352 757 1389 adfirmant,
783 1348 858 1381 Deo
882 1348 1018 1392 placere
1040 1345 1258 1389 coniugium.

267 1409 314 1444 Et
342 1403 512 1450 singulari
537 1399 694 1446 emphasi
725 1397 783 1432 hic
817 1400 952 1434 dictum
987 1405 1054 1432 est:
1097 1395 1259 1430 Hauriat

271 1457 489 1505 voluptatem
511 1466 534 1487 a
550 1451 736 1489 Domino,
765 1451 865 1495 quasi
882 1450 991 1489 dicat,
1019 1448 1150 1492 Magna
1177 1453 1260 1481 suut

270 1513 361 1545 vitae
382 1506 556 1553 pericula,
584 1511 617 1538 et
635 1513 838 1537 communes
861 1501 1021 1534 miseriae
1044 1500 1195 1539 multae,
1221 1498 1257 1530 in

270 1561 327 1596 his
345 1570 461 1595 tamen
479 1555 576 1590 Deus
593 1555 659 1588 erit
676 1559 791 1587 custos
815 1553 939 1586 talium
959 1551 1149 1594 coniugum
1163 1577 1171 1591 ‚
1199 1549 1260 1594 qui

271 1611 463 1647 concordes
489 1608 602 1651 ipsum
631 1606 818 1642 invocant,
851 1610 883 1636 et
909 1603 1086 1635 laetantur
1112 1602 1147 1634 in
1173 1601 1261 1640 Deo,

271 1665 353 1710 quia
372 1662 505 1696 sciunt,
535 1669 568 1689 se
588 1657 617 1688 ei
633 1667 737 1688 curae
755 1665 838 1687 esse.
892 1653 997 1686 Tales
1014 1653 1161 1685 fuerunt
1176 1663 1261 1684 con-

271 1716 367 1758 iuges
393 1706 582 1743 Zacharias
614 1713 647 1739 et
675 1700 879 1740 Elisabeth,
923 1708 956 1734 et
980 1701 1039 1734 alii
1069 1703 1137 1744 pii,
1174 1713 1261 1745 quos

271 1766 371 1800 Deus
388 1757 599 1794 mirabiliter
616 1762 701 1789 tunc
718 1753 889 1797 protexit,
916 1765 995 1785 cum
1022 1752 1160 1785 assidue
1186 1762 1262 1795 pes-

273 1817 441 1850 simarum
463 1808 619 1854 gentium
638 1805 809 1838 exercitus
826 1804 954 1848 passim
986 1803 1021 1835 in
1050 1802 1177 1835 ludaea
1201 1814 1262 1834 va-

272 1871 447 1911 gerentur.
512 1859 602 1892 Cum
620 1856 792 1901 Lamyrus
815 1854 958 1897 triginta
983 1853 1094 1886 millia
1115 1852 1263 1885 ludaeo-

274 1929 353 1952 rum
378 1911 525 1951 occidit‚
553 1917 585 1943 et
613 1907 769 1951 captivos
794 1905 909 1947 co'efgit
925 1904 1014 1937 vesci
1035 1903 1264 1937 cadaveribus
1289 1901 1291 1922 ¹

277 1967 540 2002 interfectorum
569 1959 800 1997 ludaeorum,
826 1963 910 1989 tunc
934 1953 1160 1992 Zachariam,
1189 1953 1264 1986 Eti-

276 2016 418 2054 sabeth,
450 2012 623 2050 Mariam,
650 2016 682 2043 et
709 2009 782 2041 eius
804 2013 966 2051 parentes
993 2006 1139 2049 protexit
1159 2003 1265 2043 Deus,

277 2072 364 2105 sicut
395 2064 547 2101 servavit
576 2069 645 2096 tres
675 2060 770 2092 viros
796 2059 831 2091 in
864 2059 1008 2091 fornace
1035 2056 1265 2102 Babylonica.

278 2123 318 2156 ln
333 2119 388 2153 his
405 2115 572 2159 exemplis
596 2111 806 2155 cogitemus,
831 2109 915 2154 quid
933 2109 978 2142 sit
1002 2106 1145 2141 haurire
1164 2107 1265 2140 volu-

279 2179 405 2217 ptatem
426 2182 442 2201 a
461 2166 627 2201 Domino.
1293 2176 1296 2199 t

383 2219 472 2253 [sus
489 2225 537 2250 est
552 2223 668 2249 autem
689 2215 797 2247 verbo
816 2212 942 2254 insigni
961 2207 1185 2245 Ilauricndi.
1215 2209 1266 2241 al—

282 2275 405 2308 ludens
440 2271 480 2302 a‹l
520 2271 634 2300 tontes
667 2273 697 2299 et
735 2264 983 2305 scaturigines,
1015 2269 1053 2295 ut
1081 2261 1269 2305 significet,

281 2322 531 2367 multiplicem,
561 2319 733 2350 efficacem
759 2323 790 2348 ct
818 2315 955 2348 dulcem
978 2313 1270 2351 consolationem,
1296 2319 1297 2354 ζ

282 2385 311 2409 et
331 2373 427 2420 quasi
451 2370 714 2404 recreationem.

384 2432 472 2465 Nota
489 2430 531 2463 sit
548 2435 662 2461 aut-»tn
683 2425 739 2459 hic
762 2432 832 2458 tota
852 2425 1013 2458 doctrina
1032 2425 1074 2456 (lc
1093 2423 1269 2462 (fastitatm

623 2477 795 2511 Condidit
814 2476 908 2509 Dens
925 2475 1062 2508 Marum
1081 2481 1113 2507 rt
1135 2473 1270 2506 Fumi·
1298 2493 1299 2498 =

287 2548 386 2571 nam,
414 2533 494 2577 quia
519 2542 627 2573 genus
652 2527 846 2562 luunanutn
868 2527 938 2559 vult
965 2538 1036 2558 esse
1062 2524 1272 2559 Ecclesiam:
1298 2512 1301 2561 i

285 2596 317 2621 et
343 2592 433 2619 certa
462 2584 534 2624 leg(-
559 2580 742 2614 coniunxit
767 2591 897 2611 maru-ru
931 2585 962 2609 et
992 2577 1201 2611 foeminam.
1238 2583 1273 2609 ct

284 2645 391 2672 metas
414 2633 661 2670 circumdedit,
694 2643 732 2663 ac
757 2627 938 2674 prohibuit
967 2640 1068 2669 vagas
1095 2627 1273 2664 libidini-s,
1300 2628 1302 2644 '

288 2698 322 2723 ut
346 2689 386 2722 sit
409 2687 443 2718 in
461 2696 585 2728 genere
603 2680 969 2715 ltumanointellectus
982 2678 1158 2712 castitati».
1189 2677 1273 2711 Vntt
1300 2673 1302 2678 ⁸

285 2494 316 2519 vt
334 2481 570 2523 ‹leCouiugio.

855 100 980 136 PHlL.
1008 97 1124 134 MEL.
1153 94 1362 134 SCRIPTA
1390 93 1686 132 EXEGETICA.

2226 92 2276 127 44

545 192 752 229 crudelitas,
775 200 855 222 cum
872 186 939 221 sibi
959 192 1107 230 parcunt
1125 181 1238 231 hypo·
1265 186 1269 228 l
1293 183 1388 216 enim
1409 173 1505 216 Heus
1529 181 1698 224 intelligi,
1723 191 1758 213 se
1781 186 1933 214 mentem
1960 185 2089 225 castam
2114 191 2206 220 esse,
2243 185 2278 212 et

1119 234 1241 279 Agno-
1267 233 1269 251 ³

1293 232 1359 267 hac
1382 233 1593 276 cogitatione
1617 231 1771 266 discerni
1793 231 1831 264 in
1857 231 2081 264 invocatione
2107 243 2126 263 a
2142 230 2278 264 naturis

1294 284 1501 319 immundis.
1553 282 1699 316 Necesse
1721 288 1772 315 est
1795 282 1888 315 enim
1910 293 1975 315 nos
1993 282 2165 324 cogitare,
2192 281 2279 326 quid

1295 336 1509 370 invocemus.
1552 332 1600 367 Et
1616 334 1698 378 quia
1716 344 1789 366 non
1806 333 2051 377 amplectimur
2068 330 2184 365 Deum
2199 332 2281 365 bra-

1296 384 1404 426 chiis,
1438 386 1496 418 sed
1525 391 1641 418 mente
1669 395 1750 417 eum
1782 383 2017 428 alloquimur,
2053 382 2281 426 cogitandum

1297 444 1366 477 est,
1402 436 1515 481 qualis
1543 436 1605 476 sit,
1633 441 1666 469 et
1696 434 1759 468 ubi
1789 445 1824 468 se
1854 433 2072 480 patefecerit.
2124 432 2284 467 Dicimus

1298 488 1422 532 igitur:

1408 543 1647 592 Omnipotens
1677 545 1789 584 Deus,
1833 552 1973 579 aeterne
2008 551 2107 589 pater
2136 543 2284 580 Domini

1301 599 1414 633 nostri
1438 596 1517 632 Iesu
1531 595 1684 635 Christi,
1712 596 1876 631 conditor
1900 596 1989 630 coeli
2014 603 2047 629 et
2062 602 2194 638 terrae,
2222 608 2286 629 an-

1301 650 1459 694 gelorum
1478 655 1511 682 et
1528 645 1735 689 hominum,
1762 659 1832 682 uua
1850 659 1928 681 cum
1947 646 2040 680 Filio
2058 653 2119 680 tuo
2129 645 2286 680 Domino

1302 707 1423 734 nostro
1451 697 1528 732 lesu
1552 697 1711 739 Christo,
1745 705 1779 732 et
1802 698 1938 743 Spiritu
1970 705 2032 732 tuo
2065 704 2205 737 sancto,
2231 709 2287 730 sa-

1304 753 1415 797 piens,
1432 751 1542 790 bone,
1558 763 1678 789 verax,
1696 750 1804 791 iuste,
1820 749 2038 790 misericors,
2055 749 2179 788 iudex,
2197 755 2289 782 caste

1305 810 1338 837 et
1354 801 1552 842 liberrime,
1577 802 1740 835 miserere
1757 800 1868 835 nostri
1891 807 2034 844 propter
2053 799 2167 833 lesum
2185 797 2290 835 Chri-

1306 861 1397 888 stum
1413 852 1546 886 Filium
1563 858 1683 893 tuum,
1709 864 1813 898 quem
1833 851 1976 885 voluisti
1999 864 2063 899 pro
2089 851 2194 884 nobis
2217 862 2291 884 esse

1306 905 1503 944 victimam,
1516 900 1578 937 καὶ
1594 901 1747 948 μεσίτην
1763 901 1825 937 καὶ
1841 901 1984 948 ἱκέτην,
2012 910 2044 936 et
2061 901 2210 935 iustifica
2227 913 2292 935 nos

1306 962 1452 1005 propter
1475 966 1573 993 eum,
1602 960 1635 987 et
1655 966 1717 998 per
1739 967 1841 997 eum,
1870 961 1902 988 et
1927 954 2101 988 sanctifica
2125 965 2189 986 nos
2210 952 2293 997 Spi-

1307 1008 1379 1041 ritu
1397 1013 1457 1040 tuo
1473 1011 1592 1038 sancto
1611 1005 1727 1038 veraci
1746 1011 1777 1038 et
1797 1012 1891 1039 casto
1909 1013 1975 1039 etc.

1410 1065 1500 1099 Nota
1518 1065 1562 1098 sit
1578 1065 1684 1108 igitur
1700 1070 1734 1097 et
1751 1063 1912 1097 doctrina
1931 1065 1973 1097 de
1991 1067 2167 1105 castitate,
2194 1071 2226 1098 et
2245 1071 2296 1097 te-

1309 1128 1455 1151 neamus
1470 1116 1708 1150 severissimas
1727 1115 2018 1148 comminationes
2035 1116 2190 1155 divinas,
2207 1127 2297 1160 quae

1310 1169 1504 1202 recitantur
1527 1166 1676 1200 Levitici
1698 1167 1754 1201 18.
1781 1172 1815 1199 et
1842 1166 1873 1199 1.
1888 1164 1970 1199 Cor.
1985 1165 2037 1199 6.:
2067 1165 2297 1207 Scortatores,

1311 1219 1484 1258 adulteri,
1501 1215 1699 1251 homicidae
1718 1223 1781 1250 etc.
1807 1229 1878 1249 non
1899 1217 2132 1264 possidebunt
2150 1227 2298 1259 regnum

1311 1271 1393 1305 Dei.
1455 1267 1500 1302 Et
1525 1270 1567 1302 ad
1594 1267 1767 1302 Ebraeos:
1806 1268 2026 1301 Scortatores
2054 1274 2088 1300 et
2121 1267 2300 1301 adulteros

1312 1321 1482 1355 iudicabit
1509 1320 1619 1353 Deus.
1682 1317 1727 1353 Et
1751 1319 1787 1351 in
1816 1325 2003 1363 conspectu
2033 1325 2114 1351 sunt
2142 1318 2300 1361 exempla

1313 1383 1527 1418 poenarum,
1556 1378 1594 1404 ut
1618 1371 1653 1403 in
1676 1369 1835 1403 Levitico
1861 1381 2020 1414 expresse
2048 1370 2196 1403 dicitur:
2235 1369 2302 1404 Ca-

1312 1435 1466 1457 nanaeos
1489 1423 1621 1455 deletos
1648 1433 1720 1454 esse
1747 1428 1891 1465 propter
1923 1420 2149 1454 confusiones
2177 1418 2302 1454 libidi-

1312 1488 1410 1510 num.
1464 1473 1534 1507 Nec
1550 1473 1698 1506 dubium
1717 1479 1784 1512 est,
1813 1484 1977 1516 magnam
2001 1479 2136 1516 partem
2156 1471 2303 1505 calami-

1312 1533 1423 1560 tatum
1456 1525 1492 1558 in
1525 1532 1598 1559 toto
1627 1535 1753 1568 genere
1786 1520 1942 1557 humano
1968 1535 2098 1568 poenas
2122 1533 2194 1556 esse
2221 1522 2305 1556 libi—

1314 1579 1451 1611 dinum.

1416 1636 1534 1670 Simus
1560 1635 1667 1678 igitur
1685 1634 1903 1668 ardentiores
1924 1634 1961 1666 in
1980 1633 2131 1677 petenda
2149 1633 2306 1668 castitate

1314 1699 1334 1720 a
1349 1686 1437 1725 Deo,
1459 1686 1540 1732 quia
1559 1698 1629 1731 quo
1647 1686 1757 1728 magis
1776 1685 1938 1718 irascitur
1953 1684 2051 1717 Deus
2068 1684 2307 1729 inquinationi

1315 1735 1521 1776 hominum,
1554 1744 1589 1769 et
1615 1737 1779 1768 diabolus
1810 1736 1920 1777 magis
1949 1735 2108 1767 incendit
2136 1733 2309 1774 homines,

1317 1799 1357 1820 eo
1373 1787 1483 1830 magis
1506 1786 1581 1819 vult
1607 1797 1671 1818 nos
1689 1785 1783 1818 Deus
1804 1785 1999 1821 custodire,
2028 1791 2182 1827 petentes
2204 1785 2309 1818 casti-

1317 1845 1436 1872 tatem.
1499 1836 1688 1871 Scrvemus
1720 1835 1823 1868 ctiam
1857 1835 2034 1878 regulam:
2081 1834 2202 1869 Vitare
2228 1847 2309 1880 pec-

1317 1895 1391 1922 cata
1409 1895 1458 1922 est
1477 1883 1587 1920 vitare
1602 1887 1801 1920 occasiones
1819 1893 2053 1929 peccatorum.
2093 1885 2199 1920 ltem:
2219 1886 2309 1920 Am-

1317 1939 1437 1973 bulatc
1455 1945 1634 1977 accurate,
1662 1951 1734 1970 uon
1756 1944 1793 1970 ut
1811 1937 1910 1971 satui.
1967 1936 2072 1970 ltem:
2101 1937 2138 1971 Si
2156 1938 2311 1972 actiones

1319 1990 1434 2024 carnis
1451 1990 1578 2035 spiritu
1598 1988 1874 2029 mortificabitis,
1904 1989 2046 2028 vivetis,
2075 1995 2137 2024 etc.

1677 2105 1813 2159 Caput
1847 2107 1964 2149 XIX.

1373 2195 1455 2228 Non
1475 2189 1594 2226 decent
1611 2189 1764 2224 stultum
1786 2188 1949 2224 deliciae.

1428 2243 1568 2277 minari
1584 2240 1750 2276 ducibus.

1996 2188 2073 2224 Nec
2090 2202 2230 2225 sert-um
2248 2188 2313 2225 do-

1426 2319 1563 2355 Omucs
1580 2318 1742 2353 homins-s
1758 2319 1793 2351 in
1818 2318 1882 2353 hac
1903 2320 2144 2352 imbecillitate
2170 2326 2316 2353 naturae

1296 2376 1299 2419 [
1326 2373 1361 2405 iu
1380 2373 1483 2405 rebus
1507 2371 1670 2405 secundis
1698 2370 1786 2404 stunt
1813 2371 2103 2413 negligentiores,
2132 2371 2219 2404 sicut
2244 2371 2315 2405 usi-

1326 2431 1394 2457 tate
1411 2424 1558 2457 dicitur:
1586 2422 1781 2456 Luxuriant
1802 2423 1910 2454 animi
1930 2423 2032 2455 relius
2049 2424 2246 2467 plerunque
2262 2433 2316 2455 se-

1326 2475 1461 2509 cundis,
1510 2474 1611 2508 hem:
1639 2472 1794 2506 Fortuna
1815 2485 1918 2517 quem
1941 2474 2090 2507 nimium
2111 2474 2215 2513 fovet,
2230 2474 2318 2507 stul-

1327 2533 1399 2559 tum
1419 2527 1512 2561 facit.
1568 2525 1670 2559 ltem:
1698 2523 1796 2557 Sedit
1815 2525 1965 2568 ptumlus
1984 2526 2197 2558 manducare
2213 2532 2243 2559 ct
2263 2524 2318 2557 bi-

1327 2578 1428 2616 lwrc,
1457 2586 1487 2611 ct
1515 2576 1662 2610 surrexit
1687 2575 1808 2607 lude-rc
1834 2583 1898 2609 etc.
1954 2575 2116 2622 Denique
2144 2576 2179 2610 in
2199 2575 2319 2609 nmltis

1328 2629 1466 2672 scriptis
1485 2627 1568 2661 haec
1587 2626 1877 2660 confluunt-sartio
1899 2628 2042 2670 repetita
2062 2634 2122 2665 est,
2140 2627 2222 2672 quia
2239 2639 2318 2660 rum

1329 2692 1400 2711 nou
1428 2687 1607 2723 anguntur
1633 2677 1760 2716 animi,
1789 2678 1908 2710 miuus
1935 2679 2098 2711 iux-orant
2127 2677 2258 2717 Deum,
2287 2685 2319 2712 et
