2409 2915
210 110 307 147 1195

210 202 387 232 noverunt
411 199 545 237 patrem
573 201 688 235 neque
712 199 788 227 me,
822 188 858 221 id
884 194 951 225 est,
977 197 1051 218 non
1071 184 1206 218 intelli-

213 257 300 293 gunt
323 244 497 281 iusticiam
523 241 622 282 fidei,
649 239 811 273 nesciunt
831 237 1007 272 iusticiam
1026 235 1092 269 Dei
1113 235 1207 268 veri-

213 308 318 334 tatem
351 308 442 335 esse,
475 305 548 326 non
577 290 792 337 hypocrisin.

213 349 307 395 quod
343 358 424 389 ego,
465 343 598 377 scilicet
623 349 661 376 ut
684 339 900 374 confirmetis
925 350 987 371 vos
1012 339 1138 378 verbo,
1174 344 1206 371 et

213 399 348 434 duretis
365 398 400 430 in
420 407 534 430 cruce.

428 479 532 515 Haec
558 483 679 512 autem
708 475 756 511 ab
785 473 894 509 initio
921 477 983 507 etc.

318 550 413 594 Quia
443 548 603 582 nondum
637 542 888 590 patiebamini,
923 541 1013 575 sicut
1042 540 1127 573 alias
1153 539 1210 572 in-

215 604 310 650 quit:
342 602 421 636 Non
439 605 584 644 possunt
602 597 719 640 lugere
738 595 800 628 filii
828 593 968 637 sponsi,
995 592 1111 637 quoad
1130 602 1209 624 cum

218 655 303 700 ipsis
319 663 469 697 sponsus
494 657 554 684 est.

305 737 358 771 Et
388 747 483 770 nunc
511 731 605 768 vado
633 729 686 766 ad
713 742 813 770 eum,
841 729 907 778 qui
934 727 1035 762 misit
1064 731 1124 762 etc.

322 805 484 842 Christus
508 803 602 842 vult,
643 812 725 835 suos
747 798 938 834 certissime
962 796 1111 834 sentire,
1152 805 1210 837 pa·-

219 869 308 895 trem
343 856 619 902 glorificaturum
651 863 723 885 esse
747 851 894 883 verbum
919 859 1040 887 suum,
1074 844 1211 878 tametsi

219 910 345 945 mundi
371 907 505 942 iudicio
530 907 763 938 damnentur,
792 899 1000 932 occidantur
1026 896 1086 941 qui
1113 907 1212 939 prae-

221 963 342 996 dicant
373 959 541 994 verbum,
583 960 661 987 utut
696 953 851 984 mundus
881 948 1009 982 sentiat
1024 947 1067 991 ³).
1131 945 1213 979 Ideo

221 1013 325 1048 toties
357 1008 502 1053 repetit,
544 1017 579 1038 se
604 1005 646 1037 ad
672 1010 806 1047 patrem
834 1001 900 1039 ire,
935 1000 969 1032 id
999 1005 1067 1039 est,
1099 1009 1214 1043 quan-

221 1075 325 1110 quam
357 1062 476 1098 abeat,
510 1056 692 1090 occidatur
717 1054 841 1092 modo,
880 1058 997 1085 tamen
1027 1048 1119 1083 hanc
1143 1060 1215 1082 esse

222 1116 335 1153 viam,
363 1122 430 1156 qua
449 1106 636 1152 glorificari
663 1117 741 1138 eum
765 1110 942 1148 oporteat,
974 1108 1007 1135 et
1035 1112 1095 1145 per
1118 1111 1211 1132 mor·

221 1174 290 1200 tem
307 1176 342 1197 se
359 1172 505 1205 reguum
529 1157 790 1201 auspicaturum
811 1165 892 1187 esse.
951 1151 1034 1185 ldeo
1055 1151 1214 1185 subiicit:

222 1217 336 1251 'Nemo
363 1226 403 1247 cx
427 1211 526 1244 vobis
552 1210 744 1249 interrogat
776 1218 849 1246 me,
885 1205 919 1237 id
949 1210 1016 1243 est,
1050 1202 1122 1246 ipse
1147 1202 1215 1234 iam

224 1269 318 1302 ultro
343 1264 526 1309 praedico,
555 1267 593 1293 ut
619 1258 852 1293 certissimum
876 1255 921 1289 sit
946 1255 1064 1291 vobis,
1093 1266 1146 1285 me
1166 1254 1216 1285 ire

223 1321 264 1353 ad
283 1324 430 1362 patrem.
484 1312 584 1347 Sicut
608 1318 639 1343 et
659 1321 780 1352 snpra:
817 1307 899 1349 Quo
926 1317 988 1349 ego
1006 1306 1096 1337 vado
1112 1304 1217 1342 scitis,

224 1378 256 1403 et
276 1370 367 1401 viam
384 1365 478 1399 scitis
501 1370 565 1397 etc.
619 1360 807 1394 Habebam
830 1358 924 1390 enim
951 1355 1114 1398 discipuli
1139 1366 1216 1386 ver-

224 1423 309 1454 bum
334 1416 487 1455 Christi,
525 1413 734 1448 credebant,
778 1420 856 1441 eum
895 1418 967 1440 esse
998 1407 1218 1442 salvatorem,

227 1473 343 1516 itaque
369 1468 528 1500 futurum
546 1474 618 1496 esse
640 1460 912 1505 glorificaretur3
949 1464 1122 1490 caeterum
1141 1467 1218 1487 mo-

225 1525 310 1556 dum
327 1517 557 1561 ignorabant,
584 1521 618 1547 et
634 1513 718 1545 fides
739 1521 860 1543 eorum
886 1510 1046 1541 nondum
1073 1507 1218 1550 probata

226 1580 301 1606 erat
319 1569 524 1604 tentatione.
578 1563 699 1608 Itaque
717 1572 919 1606 quanquam
938 1559 1083 1591 verbum
1111 1555 1216 1589 liabe-

225 1627 308 1658 baut
325 1650 333 1663 ,
362 1620 521 1653 nondum
543 1622 659 1649 tamen
679 1611 874 1646 confirmati
894 1616 1003 1643 erant.
1058 1607 1112 1641 Ad
1140 1619 1219 1640 eum

227 1677 372 1709 modum
390 1670 446 1704 bic
464 1667 564 1700 dicit:
591 1665 703 1700 Nemo
715 1676 754 1697 ex
767 1663 867 1696 vobis
883 1662 1092 1703 interrogat3
1121 1658 1219 1704 quasi

227 1728 376 1761 diceret:
407 1720 517 1752 Vobis
531 1719 584 1751 bis
600 1717 743 1762 quidem
763 1713 930 1757 praedixi,
958 1718 989 1744 et
1006 1718 1137 1753 patrem
1157 1722 1220 1743 no—

228 1779 307 1816 stis,
336 1782 538 1820 quanquam
563 1770 647 1812 fides
670 1773 781 1799 vestra
807 1765 966 1797 noudum
993 1763 1036 1796 sit
1065 1762 1221 1805 probata.

229 1829 318 1863 Nam
354 1833 384 1859 et
420 1820 703 1856 incre‹lntitat‹·=n
737 1828 858 1850 eorum
889 1823 978 1849 taxat
1015 1811 1070 1846 liis
1095 1812 1222 1852 verbis,

229 1891 317 1926 quac
341 1874 501 1910 subiecit.

402 1957 577 1994 Tristitia
606 1951 771 1999 implebit
801 1962 860 1984 cor
889 1954 1054 1983 vestrum.

333 2029 490 2062 Verbum
509 2023 575 2058 Dei
595 2023 664 2054 wita
682 2027 752 2058 est,
781 2025 816 2051 ut
838 2017 959 2050 toann.
980 2016 1006 2049 Ι.
1031 2016 1109 2049 ideo
1130 2014 1224 2058 paci-

230 2086 305 2117 licat
324 2088 355 2114 et
375 2077 546 2112 exltilarat
563 2074 679 2107 corda.
734 2070 803 2104 Sed
832 2069 1036 2112 prinsquam
1061 2067 1224 2107 vivificet,

231 2132 416 2168 mortificat
449 2138 588 2162 sensum
618 2122 752 2159 carnis.
799 2121 887 2153 sicut
928 2117 997 2152 bic.
1063 2116 1224 2161 Apostoli

231 2184 455 2220 confidebant
484 2180 520 2212 in
547 2174 680 2210 carnali
713 2171 905 2217 praesentia
938 2168 1088 2208 Cbristi3
1131 2179 1226 2200 nunc

231 2249 310 2271 cum
333 2231 502 2279 praedicit
518 2227 704 2264 Christus,
737 2236 772 2256 se
794 2222 971 2255 abiturum
996 2233 1068 2253 esse
1095 2221 1136 2251 ad
1165 2231 1224 2262 pa-

233 2297 318 2321 tre-m
334 2314 342 2325 ,
371 2284 473 2327 eripit
491 2279 586 2313 carni
608 2275 860 2320 Apostolorum
878 2273 932 2311 id,
961 2284 1031 2316 qno
1057 2272 1226 2307 tidelnmt,

233 2347 264 2372 et
284 2337 413 2371 indicat
429 2362 437 2373 ,
467 2344 536 2378 quo
553 2330 623 2362 aliu
642 2329 746 2360 fidere
773 2326 943 2360 debeant,
973 2322 1102 2354 scilicet
1120 2318 1226 2353 Cliti-

234 2399 285 2424 stu
308 2388 376 2431 regi
396 2394 425 2418 et
443 2381 614 2417 sacerdoti
635 2379 725 2422 apud
747 2384 891 2420 patrem,
1110 2424 1116 2430 ῃ

234 2454 295 2490 pra
316 2440 446 2471 dictum
468 2442 534 2467 est:
565 2430 744 2475 Quicquid
766 2426 936 2474 petit-ritis
957 2433 1088 2468 patrem
1109 2436 1143 2455 tn
1163 2435 1224 2454 nu—

235 2494 328 2525 tuim·
346 2501 440 2526 met),

814 99 939 135 PHtL.
966 98 1082 135 MEL.
1111 96 1319 133 SCRIPTA
1349 94 1648 131 EXEGETlCA.

1230 183 1234 260 l

946 2373 1019 2406 (Zur
1043 2384 1143 2415 saepe
1168 2384 1226 2403 su-
1252 2371 1254 2395 '¹

1252 2401 1255 2414 t

1252 2420 1255 2471 ἱ

473 2485 570 2518 dabit
597 2482 710 2519 vobis,
742 2479 888 2510 «nitidem
915 2478 1010 2508 vides
1033 2486 1105 2507 esse
1130 2474 1226 2505 vert-i
1253 2480 1255 2515 ξ

234 2542 347 2576 divini
375 2541 466 2575 vim,
505 2535 638 2579 ubiquu-
663 2531 756 2563 {trus
785 2528 955 2574 promittit
990 2526 1145 2562 ludaeis,
1189 2537 1226 2556 ev(
1254 2563 1255 2574 γ

236 2597 393 2638 Aegypto
420 2588 582 2629 agressi...
615 2591 755 2616 terram.

280 2716 301 2738 t)
325 2712 389 2733 rut
415 2712 438 2728 'ff
485 2713 535 2725 vni·
558 2705 685 2732 ttgnntur
708 2706 732 2721 m
752 2699 817 2721 Τιώ,

817 2579 866 2612 lbi
895 2579 1047 2622 primum
1076 2577 1227 2609 excludit
1254 2595 1255 2601 κ

2146 97 2243 132 1196

1258 193 1316 216 eos
1339 194 1357 216 a
1380 188 1473 216 terra
1496 191 1602 225 quam
1622 188 1829 223 tenuerant,
1856 182 1949 221 et,in
1967 187 2019 216 tot
2037 181 2243 216 discrimina

1258 233 1414 267 coniicit.
1468 231 1528 266 Sic
1548 231 1585 264 in
1604 231 1851 266 iustificatione
1869 232 2057 281 praecipit,
2084 239 2123 266 ut
2138 230 2245 266 Chri-

846 287 892 323 Ut
919 286 1207 326 reminiscamini,
1232 303 1234 328 Ι
1259 292 1311 318 sto
1337 283 1539 321 credamus,
1567 294 1638 327 quo
1660 284 1767 316 verbo
1792 283 1899 317 simul
1922 283 2106 318 mortificat
2125 284 2244 317 omnia

1259 342 1397 373 nostra,
1424 340 1456 367 et
1482 333 1680 377 praecipit?
1701 341 1740 367 ut
1760 341 1979 378 expectemus
1999 347 2017 367 a
2043 334 2118 368 soto
2140 331 2246 368 Chri-

1260 393 1312 420 sto
1337 397 1441 430 opem
1466 391 1499 417 et
1524 384 1684 427 gloriam.
1738 384 1898 419 Tristitia
1926 385 2088 430 implebit
2112 397 2172 418 cor
2188 397 2247 418 ve-

1262 444 1392 476 strum,
1418 435 1494 470 scil.
1518 447 1596 468 cum
1620 446 1698 468 meo
1714 435 1824 468 verbo
1839 435 2110 470 mortificabitur
2125 447 2248 469 carna-

1262 488 1304 520 lis
1331 487 1470 521 fiducia.
1530 485 1599 519 Sed
1628 497 1693 528 ego
1716 485 1896 519 veritatem
1920 487 2021 520 vobis
2045 487 2142 527 dico,
2173 486 2247 520 scil.

1262 539 1357 584 quod
1374 537 1537 575 vivificat,
1565 547 1765 581 quanquam
1782 537 1957 581 principio
1972 537 2158 571 mortificet
2171 549 2249 570 car-

1263 590 1378 623 nalem
1404 587 1581 621 fiduciam.
1636 586 1788 630 Expedit
1812 587 1932 626 vobis,
1959 595 1998 621 ut
2023 599 2085 632 ego
2113 588 2250 627 vadam,

1264 640 1338 675 scil.
1361 646 1400 672 ut
1419 635 1582 671 inchoem
1601 649 1759 679 regnum.
1812 637 2013 672 Paracletus
2030 651 2099 671 non
2121 639 2248 679 veniet,

1266 691 1298 723 id
1321 697 1389 729 est,
1418 701 1490 722 non
1511 689 1726 722 revelabitur
1745 687 1811 722 boc
1827 701 1988 732 regnum.

1436 771 1605 821 Expedit
1629 772 1746 815 vohis,
1787 777 1824 807 ut
1848 784 1912 819 ego
1936 769 2081 806 vadum.

1367 841 1500 876 Natura
1526 843 1602 876 vult
1625 842 1814 886 glorificari
1839 842 1916 875 sine
1938 853 2053 882 cruce,
2087 847 2121 874 at
2143 840 2251 884 gloria

1267 893 1412 938 spiritus
1438 900 1469 927 et
1496 893 1588 926 vitae
1613 900 1774 926 aeternae
1792 905 1864 926 non
1883 899 1995 937 potest
2015 891 2157 933 attingi,
2185 893 2253 925 nisi

1267 944 1417 978 extincta
1441 955 1546 977 carne
1569 951 1601 978 et
1617 941 1682 978 hac
1699 945 1769 977 vita
1786 943 1942 976 animali.
1998 942 2079 976 ldeo
2098 950 2130 976 et
2147 940 2254 976 Cbri-

1267 1003 1340 1029 stus
1358 1002 1517 1028 mortuus
1535 1001 1603 1035 est,
1628 1002 1666 1028 ut
1683 995 1955 1038 glorificaretur,
1982 1002 2015 1028 et
2033 994 2254 1027 benedicere-

1268 1054 1325 1080 tur
1342 1046 1649 1079 benedictionibus
1667 1046 1838 1085 aeternis,
1864 1045 1952 1078 sicut
1970 1044 2062 1078 Psal.
2075 1043 2154 1080 XX.
2171 1045 2256 1078 scri-

1268 1104 1366 1142 ptum
1389 1103 1450 1131 est.
1504 1095 1581 1130 Hoc
1604 1103 1654 1130 est
1676 1098 1770 1142 quod
1794 1095 1852 1130 hic
1876 1096 1940 1129 ait:
1970 1094 2118 1139 Expedit
2145 1096 2257 1134 vobis,

1269 1149 1350 1193 quia
1381 1148 1467 1181 alias
1499 1159 1646 1190 regnum
1670 1148 1852 1191 spirituale
1874 1159 1946 1180 non
1973 1147 2097 1191 potuit.
2149 1145 2194 1181 Et
2221 1146 2257 1179 in

1270 1197 1361 1232 lianc
1390 1199 1601 1232 sententiam
1627 1199 1785 1232 subiicit:
1821 1198 1858 1232 Si
1885 1210 1956 1231 non
1981 1197 2121 1237 abiero,
2157 1209 2258 1240 para-

1270 1251 1380 1283 cletus
1405 1262 1477 1282 non
1502 1249 1640 1286 veniet,
1674 1250 1695 1284 i.
1719 1262 1746 1282 e.
1770 1261 1843 1282 non
1866 1249 2092 1283 revelabitur.
2147 1247 2257 1282 Porro

1271 1301 1486 1345 paracletum
1521 1301 1669 1334 revelari
1702 1307 1771 1341 est,
1810 1300 1957 1333 revetari
1989 1299 2195 1344 sapientiam
2227 1306 2260 1332 et

1271 1351 1445 1384 iusticiam
1471 1350 1549 1384 Dei.
1603 1351 1724 1396 Neque
1750 1351 1847 1384 aliud
1871 1357 1920 1384 est
1943 1362 2091 1393 regnum
2117 1348 2260 1389 Christi,

1271 1402 1340 1434 nisi
1359 1401 1523 1434 revelatio
1540 1401 1730 1444 sapientiae
1747 1409 1778 1435 et
1795 1401 1954 1435 iusticiae
1970 1401 2045 1435 Dei.
2098 1400 2260 1444 Apostoli

1272 1453 1499 1496 expectabant
1524 1453 1706 1494 corporale
1729 1464 1893 1495 regnum3
1923 1459 1955 1485 et
1974 1450 2135 1485 Christus
2158 1458 2261 1484 testa-

1273 1511 1349 1542 tur,
1377 1503 1455 1536 ideo
1479 1514 1514 1535 se
1539 1509 1701 1545 oportere
1720 1503 1837 1541 abire,
1866 1509 1902 1535 ut
1922 1503 2036 1545 palam
2054 1503 2131 1540 fiat,
2159 1513 2260 1534 sunm

1274 1565 1421 1596 regnum
1454 1565 1526 1585 nou
1558 1564 1630 1585 esse
1662 1553 1843 1596 corporale
1868 1554 1925 1585 sed
1953 1553 2156 1596 spirituale,
2192 1565 2262 1598 qno

1274 1604 1424 1637 sentiant
1451 1604 1648 1642 credentes,
1677 1603 1854 1637 iustificari
1878 1610 1909 1636 et
1935 1603 2052 1636 vivere
2075 1614 2130 1642 se,
2158 1604 2261 1636 etiam

1274 1667 1354 1688 cnm
1379 1655 1594 1688 moriuntur.
1649 1655 1766 1699 Atque
1789 1661 1825 1687 ut
1852 1655 1886 1687 id
1913 1665 2059 1697 regnum
2080 1652 2262 1688 inchoare-

1275 1714 1352 1745 tur,
1387 1706 1589 1738 abenudnm
1620 1712 1712 1742 erat,
1746 1705 1838 1738 Psal.
1866 1704 2028 1740 vatt.:
2065 1705 2263 1739 Asceudisti

1275 1758 1313 1790 in
1337 1757 1459 1790 altum.
1516 1755 1598 1789 Ideo
1623 1757 1694 1789 abit
1711 1755 1890 1794 Christus,
1925 1763 1962 1789 ut
1990 1767 2136 1800 regnum
2161 1756 2264 1799 spiri-

1276 1809 1371 1842 tuale
1396 1808 1603 1851 auspicetur.
1657 1807 1850 1849 Spirituale
1875 1814 1988 1840 autem
2014 1819 2160 1849 regnum
2179 1808 2264 1852 quid

1277 1860 1340 1896 sit,
1376 1866 1436 1892 aut
1467 1859 1568 1903 quale
1601 1859 1662 1896 sit,
1697 1856 1754 1891 hic
1780 1859 1966 1898 describit,
1996 1860 2091 1892 unde
2114 1859 2198 1904 quid
2222 1859 2265 1892 sit

1277 1909 1433 1944 Ecclesia
1450 1909 1549 1943 facile
1567 1910 1778 1945 aestimabis,

1368 1993 1415 2028 Si
1433 1999 1554 2028 autem
1581 1993 1724 2031 abiero,
1759 1993 1900 2026 mittam
1925 2005 2002 2027 eum
2027 1991 2082 2027 ad
2106 2006 2177 2029 ros.

1382 2062 1535 2106 Spiritus
1564 2069 1704 2094 sanctus
1735 2061 1905 2099 mittitur,
1939 2068 1978 2094 ut
2002 2069 2141 2102 arguat,
2173 2064 2267 2095 unde

1279 2114 1434 2159 primum
1457 2113 1616 2145 omnium
1641 2113 1768 2149 disces,
1804 2124 1942 2144 carnem
1968 2113 2077 2156 ipsam
2101 2125 2172 2147 sese
2195 2126 2266 2147 nnn

1279 2176 1378 2209 posse
1401 2176 1565 2208 arguere.
1595 2163 1703 2208 aliqui
1722 2175 1784 2196 cur
1804 2164 2002 2196 mitteretur
2017 2163 2171 2207 Spiritus
2188 2177 2268 2198 san-

1280 2224 1356 2250 ctus
1385 2217 1426 2249 ad
1458 2217 1673 2257 arguendam
1705 2225 1858 2248 carnem.
1919 2213 1998 2247 Non
2031 2215 2125 2249 euim
2157 2217 2268 2250 cernit

1280 2268 1369 2301 ratio
1394 2266 1695 2304 incredulitatem,
1723 2273 1964 2306 contemptum
1985 2263 2070 2303 Dei,
2098 2267 2157 2310 qui
2184 2279 2268 2300 con-

1280 2319 1436 2352 nascitur
1461 2317 1579 2355 carni,
1617 2317 1711 2349 iuxta
1737 2316 1825 2349 illud
1855 2315 2053 2349 Hieremiae
2073 2315 2148 2351 Vl.:
2177 2316 2268 2351 Ern-

1282 2371 1420 2402 bescere
1447 2369 1665 2407 nescit-runt3
1694 2374 1723 2398 et
1746 2366 1849 2401 Prnv.
1870 2366 1981 2400 xvh:
2013 2366 2076 2399 via
2098 2367 2195 2401 stulti
2215 2381 2268 2401 ro-

1282 2428 1333 2453 cta
1359 2421 1394 2453 in
1419 2420 1531 2453 oculis
1556 2419 1641 2453 eins.
1696 2417 1771 2451 lluc
1796 2425 1863 2455 est.
1903 2429 1965 2450 cur
1989 2418 2148 2450 tenebras
2173 2429 2267 2453 vocet

1282 2471 1453 2515 scriptura
1496 2470 1690 2507 rationem,
1732 2470 1773 2501 ad
1818 2467 1943 2511 pres.
1972 2467 2049 2502 lV.:
2096 2468 2270 2505 Tenebris

1282 2524 1506 2555 olis-curatum
1539 2519 1708 2554 babentes
1740 2520 1974 2556 intellectum;
2018 2521 2054 2553 2.
2079 2520 2160 2557 sor,
2186 2519 2268 2556 ΙΙΙ,;

1284 2573 1452 2607 Vvtamon
1473 2573 1626 2617 positum
1643 2578 1689 2603 est
1710 2582 1815 2614 super
1833 2583 1892 2603 cnr
1911 2583 2043 2603 eorum.
2099 2570 2191 2605 Hine
2209 2585 2270 2615 ap-

1284 2632 1397 2667 para-t,
1443 2624 1526 2669 quid
1561 2623 1679 2655 lumen
1711 2630 1874 2662 naturae,
1916 2622 2000 2667 quid
2034 2623 2143 2661 ratio,
2183 2624 2268 2669 quid

1285 2675 1434 2706 lil=··rnm
1455 2674 1638 2707 arbitrium
1663 2674 1779 2716 pouit,
