2409 2915
1 1315 15 1352 2*
2 1297 16 1309 ἶ
1 1243 17 1293 --ἶ
0 1101 17 1240 ⁶2:5⁴*

0 1711 4 1714 v
0 1417 13 1691 Ag-ss—ss-us*
7 1390 9 1396 .
0 1369 2 1380 -

71 119 147 154 209

72 202 219 237 sterium
238 202 368 236 nostris
387 201 647 235 collationibus.
699 198 745 234 Et
768 199 912 232 additur
927 224 936 237 ,
962 200 1056 244 quod

71 253 255 287 mandavit
281 252 415 287 Moises
439 252 475 284 in
501 251 741 285 testimonium
768 249 861 294 ipsiS.
915 247 1057 282 Pbrasis

74 311 126 338 est
143 302 310 342 Ebraica,
339 302 438 347 quasi
457 303 570 340 dicat,
603 303 697 347 quod
723 300 906 333 constituit
923 299 1056 333 Moises

74 355 129 388 ius
147 353 406 391 sacerdotibus,
433 353 674 386 testimonium
693 351 787 384 enim
805 361 905 395 saepe
923 351 1054 394 signifi-

74 412 128 439 cat
145 405 273 449 legem,
298 415 359 436 seu
382 403 450 437 ius.
501 401 547 437 Et
563 400 724 436 Christus
747 401 823 435 vult
847 402 1055 445 comproba-

75 462 149 490 tum
167 454 323 494 hocius,
349 459 388 487 ut
404 454 526 486 doceat
545 465 609 486 nos
625 454 668 486 de
684 453 928 486 conservando
947 452 1054 484 mini-

74 506 190 540 sterio.
223 503 320 537 Haec
336 510 387 537 est
405 503 663 548 simplicissima
682 503 938 549 interpretatio.
980 502 1053 535 Alii

73 556 175 590 aliter
192 561 375 588 enarrant:
403 554 439 587 in
460 554 701 588 testimonium
726 553 816 591 illis,
853 553 886 585 id
914 559 982 593 est,
1016 559 1053 585 ut

72 611 143 640 tota
162 606 216 639 lex
235 611 284 639 est
302 604 542 639 testimonium
563 606 606 638 de
626 602 787 643 Christo,
820 603 864 636 ita
881 610 913 637 et
931 603 966 635 in
988 601 1054 635 boc

69 666 150 689 casu
172 644 367 690 sacerffotes
390 656 565 689 debebant
589 655 708 689 testari
733 652 827 688 hunc
853 666 925 687 esse
957 653 1052 686 Mes-

77 706 192 745 siam,
208 707 268 752 qui
288 704 353 739 bos
370 712 563 739 sanaverat.

424 799 483 823 De
518 797 704 829 quinto.

171 848 400 884 Centurionis
434 851 632 895 exemplum
667 849 824 883 continet
855 848 1048 882 doctrinam

70 901 114 934 de
132 902 348 945 poenitentia
367 903 459 935 etde
476 902 554 939 fide,
573 907 606 934 et
624 901 803 945 perspicue
820 901 931 939 docet,
946 899 1048 931 fidem

69 963 144 985 non
168 952 234 985 niti
254 952 396 996 propria
420 953 605 995 dignitate:
642 952 720 984 ideo
744 951 898 998 primum
922 949 1050 982 fatetur

69 1013 105 1035 se
121 1013 192 1035 esse
211 1003 416 1045 indignum,
443 1011 477 1037 et
494 1011 611 1036 tamen
629 1003 713 1046 petit
735 1001 955 1035 beneficium.
991 998 1049 1032 Sic

68 1059 103 1086 et
122 1064 187 1086 nos
211 1065 291 1086 vera
316 1054 531 1101 poenitentia
554 1063 780 1096 agnoscamus
803 1050 1047 1094 indignitatem

68 1110 223 1137 nostram
235 1131 243 1143 ‚
270 1111 303 1138 et
320 1104 509 1138 excitemus
527 1116 590 1136 nos
606 1104 648 1136 ad
663 1103 898 1136 invocandum
917 1100 1047 1133 Filium

68 1154 149 1187 Dei.
201 1153 239 1188 Si
257 1155 415 1188 incidant
433 1154 670 1188 dubitationes
687 1155 729 1187 de
747 1154 851 1186 modo
868 1151 1046 1184 liberatio-

69 1205 143 1244 nis,
170 1211 404 1238 sustentemus
421 1217 484 1238 nos
500 1205 627 1245 verbo,
656 1212 686 1238 et
712 1204 855 1236 modum
871 1201 944 1235 Deo
969 1212 1047 1245 per—

68 1255 268 1295 mittamus,
295 1255 384 1288 sicut
409 1256 490 1289 facit
508 1254 565 1289 hic
583 1255 774 1293 Cenmr20,
798 1259 983 1286 contentus
999 1258 1048 1284 est

68 1305 176 1338 verbo
201 1305 369 1347 Messiae,
412 1312 445 1338 et
477 1306 619 1350 quidem
652 1304 827 1348 praedicat
854 1302 1047 1346 potentiam

66 1355 165 1388 verbi
182 1353 314 1389 Christi
333 1356 501 1388 creaturis
519 1356 762 1399 imperantem.
800 1353 919 1396 Quare
937 1364 1046 1395 agno-

66 1405 129 1438 scit
148 1405 185 1437 in
202 1403 343 1440 Christo
369 1407 561 1450 potentiam
585 1419 602 1439 a
619 1405 695 1439 Deo
719 1406 854 1445 datam,
888 1410 922 1437 et
943 1402 1048 1436 sentit
1070 1422 1073 1427 ·

65 1466 138 1488 esse
158 1455 322 1489 Messiam
343 1457 566 1500 promissum.

434 1547 490 1571 De
525 1550 676 1571 sexto.

167 1597 260 1641 Quia
274 1597 436 1632 Christus
455 1599 572 1632 laudat
590 1600 692 1631 fidem
712 1600 947 1640 centurionis,
963 1598 1047 1633 hor—
1070 1630 1072 1639 ,

64 1657 158 1684 tatur
171 1660 237 1682 nos
254 1651 296 1682 ad
313 1650 442 1682 similia
459 1649 621 1682 exercitia
646 1650 737 1682 fidei.
792 1649 879 1683 Nam
905 1649 940 1683 bi
967 1657 1047 1683 sunt

65 1701 137 1733 veri
156 1700 270 1733 cultus
286 1700 370 1740 Dei,
396 1707 449 1733 ut:
484 1698 612 1732 Invoca
632 1701 739 1733 mein
764 1701 821 1733 die
845 1701 1047 1735 tribulatio-

65 1751 140 1791 nis,
169 1758 200 1784 et
220 1751 364 1794 eripiam
385 1757 415 1783 te
433 1757 496 1784 etc.

397 1843 452 1865 De
488 1841 712 1872 septimo.

167 1892 219 1927 De
250 1893 432 1926 vocatione
462 1894 619 1936 gentium
644 1893 775 1927 dictum
800 1900 849 1926 est
873 1905 978 1937 supra
1005 1896 1047 1928 de
1071 1912 1072 1930 2

64 1943 190 1988 Magis.
243 1941 376 1988 Estque
394 1941 451 1977 hic
470 1944 574 1977 etiam
589 1945 807 1988 exemplum,
835 1946 929 1989 quod
949 1946 1043 1979 iusti-

64 1996 115 2029 cia
131 1993 332 2029 Cltristiana
352 2007 424 2027 non
443 1995 487 2028 sit
504 1995 540 2027 in
565 2002 704 2028 externa
728 1996 972 2029 observatione
999 1997 1045 2030 ri·

64 2053 180 2079 tuum:
209 2047 266 2078 sed
287 2046 323 2078 in
342 2046 433 2078 veris
451 2046 606 2079 motibus
624 2046 760 2079 timoris
777 2053 808 2079 et
823 2047 914 2082 fidei.
957 2047 1045 2081 Nam

66 2097 127 2129 etsi
145 2095 317 2129 Centurio
337 2108 407 2128 non
426 2104 474 2130 est
494 2096 659 2137 Iudaeus,
685 2103 718 2130 et
736 2097 772 2129 in
790 2110 841 2136 eo,
870 2106 907 2131 ut
926 2097 962 2130 in
983 2097 1046 2131 bo-

64 2147 160 2179 mine
185 2146 350 2186 militari,
378 2144 468 2179 nibil
493 2154 542 2180 est
565 2148 779 2191 speciosum:
808 2155 922 2182 tamen
942 2147 1046 2183 Chri-

65 2204 138 2230 stus
158 2197 308 2241 opponit
333 2209 410 2230 eum
428 2196 583 2240 Iudaeis,
614 2198 674 2243 qui
698 2195 875 2233 habebant
898 2201 1044 2243 gloriam

64 2247 223 2281 iusticiae
256 2247 352 2290 legis.
413 2246 463 2279 Ita
493 2256 660 2292 exaequat
684 2246 832 2283 ludaeos
865 2258 896 2283 et
917 2258 1047 2293 gentes,

66 2310 130 2331 nec
162 2305 306 2342 propter
336 2304 512 2331 externam
545 2298 779 2332 diversitatem
807 2301 938 2334 rituum
966 2302 1044 2334 faci!
1070 2319 1071 2327 κ

14 2393 18 2397 ἡ
65 2349 273 2382 discrimen:
306 2350 363 2381 sed
390 2349 547 2394 utrisque
568 2349 728 2382 concedit
751 2362 832 2384 suae
854 2352 1047 2386 vocationis

65 2399 194 2433 officia.
256 2399 449 2443 Leprosum
475 2408 513 2434 ut
540 2398 706 2433 Iudaeum
733 2401 830 2435 iubet
853 2403 902 2434 ire
926 2404 968 2435 ad
995 2414 1047 2435 sa-

65 2451 241 2491 cerdotes,
275 2449 529 2486 Centurionem
557 2452 641 2485 sinit
665 2451 716 2484 uti
740 2453 812 2485 suis
836 2453 1047 2487 militaribus
1070 2465 1071 2472 ¹

66 2501 202 2534 officiis.

413 2577 434 2600 D
454 2583 467 2599 e
503 2582 518 2600 o
536 2583 550 2600 e
569 2580 579 2600 t
597 2582 613 2600 a
635 2584 650 2598 v
671 2583 693 2599 o.

169 2628 362 2662 Horribilis
394 2630 621 2662 comminatio
647 2637 694 2662 est
721 2631 763 2662 de
786 2631 908 2678 poenis
934 2629 1046 2680 hypo-

68 2680 232 2713 critarum
258 2680 558 2713 contemnentium
581 2678 825 2723 Evangelium.

119 2731 298 2764 Merum.
329 2732 429 2764 orm-t.
485 2733 566 2763 VoL.
593 2733 687 2764 XlV.

621 114 704 150 ΧΗ.
743 110 1135 148 ΑΝΝΟΤΑΤΙΟΝΕδ
1165 110 1214 145 ΙΝ
1239 109 1535 146 EVANGELIA.

888 2681 1047 2718 Minatur
1070 2689 1071 2702 ¹

2016 113 2090 147 210

1109 195 1202 228 enim
1222 193 1383 228 Cbristns
1402 194 1542 229 Iudaeis
1559 195 1722 235 exitium,
1750 196 1842 240 quod
1859 196 1936 229 freti
1959 196 2042 239 lege,
2059 203 2090 229 et

1108 246 1210 280 titulo
1229 246 1348 289 populi
1365 244 1431 278 Dei
1447 273 1454 283 ,
1482 247 1752 279 contemnebant
1779 253 1812 280 et
1835 247 2090 291 persequeban-

1107 303 1165 330 tur
1180 294 1373 329 Christum.
1428 295 1525 329 Sicut
1541 308 1636 329 nunc
1653 296 1841 329 abversarii
1860 297 2001 330 titulum
2020 295 2089 330 Ec-

1107 347 1230 380 clesiae
1248 353 1433 390 opponunt
1452 358 1557 390 purae
1574 346 1755 379 doctrinae
1774 345 1971 390 Evangelii.

1218 446 1437 486 Dominica
1467 446 1562 487 1111.
1593 450 1689 498 post
1717 446 1973 497 Epiphania.

1498 516 1627 554 Manb.
1657 517 1690 551 8.

1153 583 1207 618 Et
1233 581 1444 617 ascendente
1477 596 1515 618 eo
1541 585 1580 617 in
1605 582 1832 623 naviculam,
1867 584 1981 617 seculi
2001 590 2086 618 sunt

1204 647 1282 668 eum
1303 632 1478 680 discipuli
1493 635 1581 670 eius.
1633 629 1686 667 El
1703 646 1773 668 ecce
1788 638 1906 667 molus
1924 647 2084 680 magnus

1195 685 1326 733 sactus
1343 686 1449 718 estin
1473 685 1586 725 mari,
1623 685 1676 718 ila
1703 690 1740 718 ιιί
1768 684 1942 718 ηαι“ι’τιι[α
1970 686 2087 732 operi—

1200 740 1296 769 retur
1310 735 1507 783 fluctibns:
1547 737 1621 782 ipse
1646 747 1724 768 vero
1757 733 1970 770 dormiebat.
2031 735 2084 769 Et

1202 791 1425 819 accesserunt
1445 784 1634 833 dismpuli,
1661 791 1691 818 el
1707 786 1972 819 suscitaverunt
1993 799 2084 825 eum,

1202 835 1374 870 dicentes:
1402 835 1563 870 Domine
1579 835 1686 870 salva
1706 848 1790 875 nos,
1816 837 1987 883 perimus.
2029 836 2083 870 El

1201 885 1287 921 dicit
1312 887 1379 920 eis.-
1407 885 1512 934 Quid
1532 886 1659 921 timidi
1681 885 1766 920 estis
1790 885 1951 920 modicae
1969 885 2086 930 fidei?

1200 936 1306 972 Tunc
1343 937 1496 983 surgens
1534 937 1774 971 comminatus
1814 941 1864 970 est
1902 937 2013 971 sentis
2054 943 2083 971 el

1199 989 1314 1027 mari,
1357 993 1386 1021 et
1411 988 1522 1036 facta
1555 993 1605 1021 est
1636 985 1897 1035 tranquillitas
1931 1000 2084 1033 magna.

1198 1038 1375 1072 Homines
1421 1044 1540 1072 aulem
1586 1038 1717 1072 mirati
1754 1042 1859 1079 sunt,
1916 1036 2082 1072 dicentes:

1197 1088 1336 1136 Qualis
1358 1095 1408 1123 est
1435 1087 1510 1131 llic,
1541 1091 1628 1137 quia
1653 1094 1683 1123 el
1709 1088 1805 1121 venti
1825 1093 1856 1122 et
1879 1101 1978 1121 mare
2001 1089 2083 1123 obe-

1199 1139 1304 1174 diunt
1324 1139 1384 1173 ei?

1148 1224 1232 1258 Loci
1262 1230 1436 1270 quatuor.

1253 1291 1278 1326 l.
1308 1291 1425 1333 Imago
1447 1290 1682 1334 periculorum
1697 1297 1729 1324 et
1747 1302 1993 1324 aerumnarum
2010 1288 2080 1323 Ec-

1303 1342 1438 1376 clesiae.

1251 1391 1295 1426 ll.
1325 1391 1377 1425 De
1396 1391 1620 1424 dubitatione
1640 1391 1675 1422 in
1698 1390 1933 1424 invocatione.

1249 1442 1316 1476 Ill.
1344 1442 1448 1485 Quod
1470 1448 1584 1473 manet
1605 1441 1640 1473 in
1657 1442 1783 1474 sanctis
1799 1441 1902 1475 etiam
1927 1440 2079 1472 infirmi-

1305 1501 1354 1526 tas
1372 1492 1465 1527 fidei.

1250 1543 1331 1576 llll.
1359 1542 1580 1581 Consolatio,
1600 1542 1634 1574 in
1652 1554 1718 1586 qua
1739 1548 1884 1586 apparet
1901 1541 2003 1575 etiam
2022 1542 2079 1574 in—

1291 1594 1435 1628 ›firmam
1455 1594 1556 1626 fidem
1576 1593 1731 1625 exaudiri
1750 1600 1782 1626 et
1802 1592 1927 1627 iuvari.

1459 1676 1514 1697 Dc
1551 1674 1712 1702 primo.

1070 1741 1072 1765 ς
1199 1725 1299 1760 Nihil
1321 1734 1369 1760 est
1389 1727 1631 1759 admirabilius
1650 1727 1740 1758 inter
1759 1738 1861 1769 opera
1873 1726 1954 1765 Dei,
1974 1739 2077 1772 quam

1097 1779 1303 1822 gubernatio
1323 1785 1354 1811 et
1380 1778 1598 1811 conservatio
1618 1775 1802 1811 Ecclesiae.
1856 1776 1943 1810 lude
1968 1789 2078 1823 usque

1070 1862 1072 1872 ⁴
1096 1833 1139 1862 ab
1155 1829 1256 1862 initio
1275 1829 1416 1866 mundi,
1446 1828 1596 1871 populus
1611 1825 1688 1859 Dei
1709 1834 1759 1860 est
1783 1826 1925 1869 exiguus
1949 1835 2078 1868 coetus,

1070 1882 1282 1923 ‘oppressus
1317 1879 1519 1921 ingentibus
1554 1878 1750 1914 aerumniS‚
1798 1885 1828 1910 et
1864 1879 2078 1912 deformatus

1070 1930 1217 1962 ‘multis
1246 1929 1438 1969 scandalis,
1479 1928 1568 1962 sicut
1598 1928 1714 1971 iuquit
1745 1926 1893 1962 Paulus:
1938 1928 2078 1962 Infirma

1097 1981 1220 2013 mundi
1252 1980 1353 2022 elegit
1376 1977 1494 2013 Deus.
1554 1977 1601 2012 Et
1626 1976 1788 2012 Christus
1807 1979 1870 2011 ait:
1907 1978 1984 2022 Ago
2013 1980 2076 2013 tibi

1097 2031 1223 2073 gratias
1234 2030 1336 2064 Pater
1353 2030 1528 2069 coelestis,
1556 2030 1648 2073 quod
1669 2026 1752 2062 haec
1769 2030 1928 2063 revelasti
1949 2043 2077 2073 parvu-

1097 2083 1152 2115 lis.
1194 2081 1291 2114 Haec
1307 2081 1438 2125 species
1457 2080 1629 2114 Ecclesiae
1646 2092 1718 2112 non
1738 2080 1860 2113 leviter
1877 2088 1990 2113 movet
2010 2079 2077 2113 bu-

1096 2144 1218 2165 manos
1242 2132 1398 2172 animos,
1433 2131 1493 2176 qui
1518 2131 1670 2173 cogitant
1692 2131 1800 2172 magis
1827 2131 1994 2174 populum
2011 2130 2075 2164 Dei

1070 2180 1071 2224 l
1097 2194 1168 2216 esse
1200 2183 1366 2215 maiorem
1399 2182 1683 2221 multitudinem,
1718 2188 1891 2214 tenentem
1919 2182 2075 2224 imperia,

1070 2225 1071 2234 ¹
1098 2234 1278 2267 florentem
1303 2233 1431 2275 gloria,
1467 2234 1614 2271 virtute,
1651 2232 1832 2275 sapientia.
1895 2231 1999 2271 hem,
2026 2238 2076 2264 te-

1070 2290 1071 2298 *
1097 2291 1237 2317 nentem
1253 2284 1470 2317 ordinariam
1489 2283 1792 2326 gubernationem,
1820 2288 1869 2321 ut,
1894 2281 2074 2326 Principes

1070 2332 1071 2371 ἶ
1098 2333 1230 2368 Iudaici
1252 2336 1454 2369 iudicabant
1479 2346 1513 2366 se
1539 2346 1609 2366 esse
1626 2332 1840 2373 Ecclesiam,
1877 2344 1948 2365 non
1978 2331 2074 2376 Apo-

1069 2381 1071 2434 }
1096 2386 1222 2427 stolus,
1250 2386 1310 2431 qui
1327 2385 1558 2428 erantpauci,
1594 2391 1626 2417 et
1644 2391 1810 2428 tanquam
1835 2383 1988 2415 seditiosi
2013 2384 2075 2415 ad-

1070 2442 1071 2455 *
1097 2438 1325 2470 versabantur
1341 2435 1577 2480 pontificibus.
1632 2434 1783 2478 Oportet
1805 2434 1909 2477 igitur
1927 2434 2001 2475 pios
2017 2433 2074 2465 fir-

1097 2488 1249 2521 missime
1272 2496 1388 2522 tenere
1411 2487 1606 2519 doctrinam
1626 2486 1668 2518 de
1686 2497 1766 2517 vera
1784 2483 1954 2517 Ecclesia:
1981 2485 2073 2527 quod

1096 2539 1144 2571 ibi
1177 2539 1220 2571 sit
1243 2537 1417 2578 Ecclesia,
1453 2537 1513 2570 ubi
1539 2537 1684 2569 verbum
1711 2534 1774 2568 Dei
1801 2541 1891 2566 recte
1915 2535 2075 2574 traditur,

1068 2583 1071 2632 1
1097 2589 1172 2622 siue
1202 2590 1320 2634 impiis
1345 2588 1584 2631 dogmatibus,
1615 2593 1647 2618 et
1671 2586 1744 2618 sine
1770 2584 1887 2627 impiis
1912 2585 2075 2619 cultibus.

1070 2634 1071 2637 ¹
1096 2641 1136 2672 In
1153 2641 1212 2673 tali
1239 2647 1338 2673 coetu
1362 2650 1499 2672 necesse
1525 2644 1573 2670 est
1599 2647 1670 2668 esse
1693 2636 1808 2681 aliqua
1835 2635 1912 2668 viva
1939 2643 1970 2669 et
1996 2648 2074 2669 vera

1098 2692 1253 2724 membra
1273 2689 1458 2724 Ecclesiae.

1313 2741 1357 2774 14
