2409 2915
113 117 184 154 145
665 115 726 150 XI.

110 216 131 238 a
152 202 331 248 pessimis,
356 209 389 237 et
410 200 618 246 gubernatio
642 200 756 233 fidelis
780 212 902 244 parum
921 201 1091 245 proficiat,

111 254 278 288 videntur
293 253 412 287 omnia
429 263 509 286 casu
526 251 621 285 ferri.

218 311 275 346 Ad
305 310 395 345 hane
424 310 657 344 obiectionem
691 310 878 354 respondet
902 309 1091 344 Salomon:

110 363 185 398 Etsi
207 373 329 406 magna
355 373 396 394 ex
418 367 516 404 parte
541 360 619 393 talis
636 367 686 394 est
705 360 884 399 confusio,
913 368 1030 395 tamen
1055 368 1092 395 tu

110 414 240 457 regaris
258 412 364 445 verbo
383 409 467 449 Dei,
494 417 526 444 et
552 411 702 444 retineas
720 411 925 444 sententiam
951 413 993 444 de
1011 424 1092 456 pro—

112 463 266 497 videntia
284 463 382 495 firma
400 461 487 502 fide,
515 474 577 494 nec
594 469 736 505 propter
753 459 836 494 haec
851 463 1013 495 scandala
1031 463 1090 495 de-

109 515 202 548 ficias
224 524 242 546 a
265 513 362 551 Deo,
390 524 454 544 nec
478 511 622 544 abiicias
648 512 810 545 timorem
835 510 920 553 Dei,
948 520 979 546 et
1001 513 1090 546 fidu-

109 565 197 598 ciam
222 563 499 608 acquiescentem
526 562 562 595 in
581 561 671 601 Deo,
698 574 762 596 nec
779 563 916 596 deseras
934 564 1090 597 vocatio-

107 626 188 648 nem
212 620 327 654 tuam,
352 619 386 647 et
409 613 479 646 illis
507 613 773 646 confusionibus
799 611 883 647 haec
905 615 975 647 duo
993 614 1089 647 ordi-

106 671 187 699 nata
213 664 393 708 opponito.
453 662 580 697 Veniet
608 664 800 704 iudicium,
839 664 876 696 in
901 677 970 709 quo
994 663 1090 698 Deus

105 715 205 748 tollet
222 713 312 748 hanc
328 714 588 755 confusionem,
613 721 646 748 et
664 726 786 759 omnes
803 715 902 758 impii
920 715 1089 748 abiicien-

103 772 162 799 tur
182 766 220 798 in
245 772 402 798 aeternas
427 776 576 809 poenas,
599 772 632 798 et
654 765 754 798 iustis
780 765 868 798 bene
886 766 962 800 erit.
1016 765 1087 798 lam

104 828 245 862 quoque
267 817 304 848 in
331 813 394 848 hac
416 816 486 848 vita
505 814 601 848 Deus
627 817 831 849 moderatur
854 816 1088 857 confusiones,

105 867 210 911 punit
232 867 364 900 atrocia
399 866 548 906 scelera,
590 878 651 899 nec
681 867 765 900 sinit
795 867 1086 909 gubernationem

103 928 248 962 prorsus
263 917 400 950 irritam
419 928 508 957 esse,
537 917 670 959 colligit
687 917 754 949 sibi
773 925 947 950 aeternam
966 916 1087 950 Eccle-

103 968 208 1010 siam,
236 975 350 1000 servat
366 967 502 1012 aliquas
522 967 661 1010 politias
681 975 712 1001 et
732 968 968 1001 oeconomias.
1011 967 1085 1001 Imo

102 1016 170 1051 hoc
187 1019 302 1062 ipsum
320 1018 562 1051 testimouium
583 1025 631 1050 est
649 1019 864 1061 praesentiae
881 1017 958 1058 Dei,
977 1019 1084 1063 quod,
1111 1037 1113 1055 ,ι

101 1075 294 1102 ειπηίῃηῐη
313 1069 356 1101 sit
382 1068 566 1101 infirmitas
582 1076 728 1101 naturae
746 1066 930 1101 homiuum
945 1096 953 1108 ,
981 1069 1082 1108 tanti,
1110 1083 1112 1095 c

101 1126 171 1152 tam
189 1119 281 1151 saevi
301 1120 493 1152 multorum
514 1119 666 1159 furores,
693 1120 852 1152 videmus
877 1126 992 1152 tamen
1020 1119 1085 1151 mi-
1110 1122 1112 1133 '¹

101 1170 263 1202 rabiliter
295 1169 424 1202 servari
451 1167 643 1201 Ecclesiam
676 1169 764 1209 Dei,
801 1177 834 1203 et
860 1170 977 1213 aliqua
1011 1170 1111 1202 eius¹

101 1218 266 1263 hospitia.
320 1217 486 1253 Obiectio
516 1220 623 1261 igitur
657 1220 699 1252 de
734 1220 1002 1253 confusionibus
1036 1227 1085 1252 est

100 1270 237 1303 fallacia
261 1282 279 1303 a
305 1271 398 1304 dicto
424 1270 616 1302 secundum
640 1270 746 1314 quid,
772 1271 814 1302 ad
841 1271 973 1304 dictum
1000 1271 1085 1303 sim-

99 1320 254 1364 pliciter:

226 1385 318 1413 Multa
341 1385 413 1413 sumt
436 1385 598 1413 inordinate
620 1387 648 1413 in
672 1386 725 1413 hac
747 1386 821 1422 vita,

225 1435 303 1473 Ergo
325 1436 420 1463 omnia
443 1441 473 1463 et
497 1443 613 1472 semper
636 1442 701 1463 sunt
724 1435 896 1463 inordinata.

200 1500 368 1544 Neganda
402 1507 452 1534 est
489 1502 750 1546 consequentia.
812 1501 900 1534 Nam
937 1514 1078 1545 prorsus

99 1551 243 1586 tolletur
261 1550 343 1584 haec
359 1552 518 1585 confusio
537 1554 692 1591 tandem,
716 1559 749 1585 et
765 1552 801 1584 in
819 1552 884 1585 hac
901 1553 969 1586 vita
988 1555 1081 1587 mul-

99 1610 132 1636 ta
154 1602 244 1635 fiunt
264 1603 437 1636 ordinate.

98 1652 186 1684 rime
221 1653 381 1685 ordinata
414 1659 481 1691 est,
517 1653 624 1694 figura
650 1660 683 1685 et
712 1653 799 1685 situs
832 1654 937 1693 coeli,
974 1655 1077 1692 aeris,

98 1713 210 1746 aquae
235 1708 267 1734 et
285 1708 417 1741 terrae,
435 1708 550 1734 motus
567 1704 738 1742 siderum,
758 1703 850 1735 vices
869 1710 1080 1747 temporum,

97 1752 322 1785 foecundatio
347 1759 476 1791 terrae,
506 1758 538 1784 et
563 1752 752 1785 nutricatio
779 1754 935 1796 corporis
955 1753 1079 1787 liuma-

95 1802 152 1839 ni‚
173 1802 391 1834 conservatio
408 1802 618 1845 specierum,
637 1804 833 1844 generatio,
854 1804 1002 1837 noticiae
1024 1817 1078 1838 re—

96 1851 234 1894 gulares
256 1852 292 1884 in
321 1859 455 1891 mente,
483 1854 702 1886 conservatio
719 1853 913 1896 societatis,
943 1868 1076 1898 poenae

95 1903 266 1936 atrocium
283 1903 464 1937 scelerum.

195 1968 291 2002 Haec
315 1969 477 2003 ordinata
508 1976 541 2003 et
567 1970 739 2012 regularia
764 1971 974 2014 opponenda
994 1978 1075 2004 sunt

96 2020 376 2055 confusionibus.
430 2019 499 2054 Sed
532 2021 644 2052 multo
669 2021 776 2064 magis
806 2022 879 2065 ipsa
908 2021 1074 2055 revelatio

94 2122 227 2162 tiones,
255 2120 486 2164 Evangelium
511 2130 544 2155 et
569 2122 836 2165 promissiones,
863 2125 1074 2167 opponenda

95 2179 146 2206 est
168 2172 334 2205 omnibus
357 2172 582 2216 spectaculis,
610 2185 698 2217 quae
723 2173 909 2207 incurrunt
935 2174 970 2206 in
990 2187 1074 2207 ocu-

94 2223 166 2263 los,
193 2229 226 2256 et
243 2222 390 2256 firmiter
410 2223 594 2256 retinenda
613 2230 663 2256 est
681 2224 782 2263 fides,
807 2232 838 2258 et
857 2225 893 2257 in
916 2225 981 2257 fide
1000 2237 1073 2257 ser-

92 2274 262 2307 viendum
279 2273 464 2307 vocationi.
517 2272 625 2307 Recte
642 2274 758 2314 facito,
785 2275 867 2320 quia
883 2275 1072 2308 discrimen

90 2376 200 2419 tisper
223 2375 433 2419 digeruntur
451 2387 592 2418 poenae.
645 2374 713 2408 Fac
735 2376 846 2409 officia
871 2377 1074 2418 vocationis,

94 2425 229 2460 etiamsi
252 2426 355 2459 multi
379 2427 515 2460 labores
540 2433 643 2460 erunt
669 2426 790 2459 inanes
815 2434 847 2460 et
866 2427 1012 2470 ingrati,
1039 2436 1072 2461 at

93 2477 286 2522 aliquando
304 2477 481 2521 proficies,
508 2477 620 2510 aderit
639 2477 736 2510 Deus
755 2477 931 2511 laboranti
960 2486 992 2512 et
1015 2478 1071 2511 in-

93 2527 235 2562 vocanti
261 2527 389 2571 ipsum.

94 2578 249 2619 labores,
276 2584 314 2611 ut
332 2590 457 2622 panem
480 2578 518 2610 in
533 2590 651 2623 aquas.
706 2578 781 2612 Hac
796 2580 863 2613 fide
886 2586 919 2613 et
943 2591 1002 2623 spe
1023 2579 1072 2613 le-

94 2629 171 2662 nias
188 2629 360 2664 dolorem.
389 2629 438 2664 na
453 2626 618 2673 prohibet
635 2630 911 2673 desperationem
931 2638 962 2664 et
981 2631 1072 2663 fidn—
1096 2665 1097 2674 ἵ

94 2679 182 2713 ciam
197 2680 327 2721 nostri,
353 2686 384 2713 et
403 2681 522 2720 docet,
548 2680 616 2713 fide
634 2681 670 2713 in
688 2680 762 2714 Deo
779 2681 1070 2726 acquiescendum

143 2731 318 2764 ΜειΑκτη.
339 2733 440 2764 Orsa.
469 2732 553 2766 vot.
571 2730 665 2765 XIV.

776 113 1078 151 ENARRATIO
1112 114 1162 150 IN
1195 114 1574 152 ECCLESIASTEN.

91 2324 159 2359 erit
176 2331 355 2358 aeternum
373 2324 410 2357 in
429 2330 576 2357 venturo
595 2324 743 2366 iudicio,
761 2326 894 2359 etiamsi
913 2325 1073 2371 aliquan-
1098 2326 1100 2362 ᾗ
1128 2324 1239 2349 V⁰⁵¹⁶F
1264 2316 1379 2348 inanis
1405 2327 1440 2346 Π]
1460 2313 1627 2348 Domum·

442 2526 516 2561 Hac
541 2526 610 2562 fide
641 2529 794 2572 spargito
818 2529 1011 2563 doctrinam
1041 2536 1073 2562 et
1096 2553 1099 2564 1

1096 2577 1098 2582 ’
1126 2580 1213 2612 rime
1244 2578 1390 2622 cogitata
1429 2578 1472 2609 de
1497 2577 1700 2609 defensione
1727 2574 1859 2618 patriae
1885 2585 1955 2607 non
1984 2587 2104 2618 proce—

2057 122 2130 156 146

1142 211 1226 234 esse.
1279 200 1349 234 Nec
1365 201 1495 245 poteris
1521 201 1556 234 in
1577 202 1647 236 vita
1663 203 1766 237 aliter
1781 204 1913 238 mederi
1931 205 2127 247 doloribus,

1141 251 1276 284 etiamsi
1294 251 1468 284 contraria
1495 258 1623 291 tentes,
1652 260 1712 287 aut
1737 255 1874 289 deseras
1897 256 1989 291 vitae
2015 257 2126 290 socie-

1140 307 1257 337 tatem.
1311 301 1391 335 Non
1415 302 1572 335 vitantur
1599 304 1759 338 miseriae
1784 302 1941 340 humano
1967 307 2126 349 consilio,

1141 353 1199 385 sed
1218 358 1354 385 tantum
1373 364 1451 384 cum
1467 353 1692 397 acquiescunt
1715 358 1820 389 corda
1838 357 1904 390 fide
1922 358 1961 390 in
1977 356 2064 392 Deo.

1244 410 1298 444 Ad
1319 408 1407 444 hauc
1427 422 1599 444 summam
1618 412 1839 447 recitationes
1865 416 1908 449 de
1929 417 2035 450 variis
2060 429 2124 450 ne-

1115 473 1117 479 ·
1141 461 1247 505 gociis
1266 468 1299 494 et
1315 462 1500 495 eventibus
1521 473 1625 506 supra
1646 463 1778 506 positae
1804 468 2123 502 accommodandae

1140 519 1239 550 sunt,
1278 518 1310 545 et
1334 513 1483 545 subinde
1515 513 1759 556 adiunguntur
1783 516 2047 558 responsiones,
2084 519 2121 551 in

1140 563 1268 607 quibus
1297 564 1444 606 opponit
1467 563 1613 596 verbum
1637 562 1721 605 Dei,
1751 571 1783 598 et
1810 566 1990 599 ordinatos
2016 580 2120 601 even-

1140 620 1213 652 tus,
1238 625 1368 657 poenas
1391 614 1563 646 atrocium
1591 614 1781 656 scelerum,
1807 627 1896 661 quae
1920 623 2003 651 sunt
2021 619 2116 651 testi-

1140 664 1257 696 monia
1282 665 1423 696 venturi
1453 664 1593 702 iudicii,
1622 672 1655 699 et
1679 665 1790 709 ipsam
1819 667 2034 700 mentionem
2062 668 2118 701 iu-

1139 715 1222 748 dicii
1241 715 1341 748 toties
1356 714 1551 758 repetitam.
1605 714 1752 749 Prodest
1768 723 1884 751 autem
1907 718 1943 750 in
1962 719 2120 763 qualibet

1140 765 1283 798 materia
1316 765 1555 803 considerare,
1591 767 1685 810 quod
1716 767 1760 799 sit
1784 767 1991 809 consilium,
2027 782 2117 814 quae

1141 816 1303 849 voluntas
1323 816 1514 860 scriptoris,
1541 822 1573 849 et
1592 817 1633 848 ad
1655 829 1757 861 quem
1774 817 1879 850 finem
1897 819 2057 853 instituta
2076 821 2121 854 sit

1138 873 1262 901 oratio.

1240 925 1398 958 Sciamus
1423 925 1550 968 igitur,
1585 922 1679 958 hunc
1716 925 1847 959 librum
1879 925 2120 970 principaliter

1139 976 1334 1008 doctrinam
1354 987 1424 1008 esse
1444 977 1486 1008 de
1511 976 1743 1019 providentia.
1796 975 1934 1008 Deinde
1960 978 2120 1010 consola-

1139 1026 1268 1059 tionem
1300 1033 1421 1059 contra
1446 1026 1558 1059 varias
1582 1027 1804 1060 confusiones
1829 1026 1939 1067 vitae,
1967 1039 2010 1060 ne
2036 1040 2120 1071 pro-

1139 1084 1215 1123 pter
1237 1088 1292 1109 eas
1319 1078 1361 1108 de
1386 1077 1607 1120 providentia
1633 1077 1854 1117 dubitemus,
1884 1090 1947 1110 nec
1969 1078 2119 1111 abiicia-

1138 1139 1214 1159 nius
1239 1139 1357 1160 curam
1381 1134 1472 1159 recte
1492 1128 1662 1167 faciendi,
1690 1135 1722 1161 et
1750 1140 1954 1161 communes
1980 1129 2118 1162 labores

1138 1178 1247 1217 vitae,
1287 1189 1349 1210 nec
1373 1179 1573 1211 deseramus
1596 1179 1828 1215 vocationem.
1888 1176 1935 1211 Et
1957 1180 2118 1213 consola-

1137 1229 1243 1260 tionis
1269 1229 1334 1261 loci
1360 1229 1539 1261 ducuntur
1565 1230 1812 1267 anecessario‚
1839 1240 1856 1261 a
1876 1230 2056 1272 possibili,
2084 1238 2117 1263 et

1137 1279 1179 1312 ab
1198 1279 1297 1319 utili,
1325 1280 1489 1322 praemiis
1509 1286 1541 1312 et
1561 1279 1694 1323 poenis.

1238 1338 1270 1370 A
1287 1337 1490 1370 Necessario
1503 1365 1512 1377 ,
1540 1338 1622 1382 quia
1646 1349 1784 1370 necesse
1800 1344 1849 1371 est
1867 1337 1941 1371 Deo
1958 1339 2116 1373 obedire.

1136 1385 1179 1421 Et
1198 1388 1394 1420 firmissime
1413 1388 1597 1421 retinenda
1616 1394 1665 1421 est
1683 1385 1767 1420 haec
1783 1389 2008 1422 asseveratio:
2039 1389 2114 1423 Ge-

1136 1451 1200 1471 nus
1228 1437 1422 1471 humanum
1445 1451 1462 1471 a
1485 1438 1559 1472 Deo
1584 1438 1766 1472 conditum
1792 1449 1874 1472 esse.
1933 1437 1979 1473 Et
2005 1452 2119 1485 quan-

1135 1501 1239 1534 quam
1265 1496 1483 1522 accesserunt
1507 1489 1637 1522 multae
1658 1489 1772 1522 tristes
1795 1489 2038 1529 confusiones,
2067 1497 2119 1523 ta—

1135 1552 1214 1573 men
1233 1552 1297 1573 nos
1313 1541 1357 1573 ab
1376 1553 1416 1573 eo
1435 1541 1576 1578 servari,
1606 1547 1639 1573 et
1657 1541 1796 1573 labores
1814 1540 1858 1573 ab
1877 1551 1916 1573 eo
1934 1541 2117 1575 ordinatos

492 1601 582 1636 Tota
609 1600 770 1635 machina
796 1604 920 1635 mundi
944 1605 1081 1648 pulcer„
1106 1592 1107 1633 ζ
1134 1602 1224 1631 esse,
1259 1591 1374 1634 ipsum
1399 1592 1651 1634 inspectorem,
1686 1591 1836 1623 iudicem
1862 1597 1895 1624 et
1920 1591 2117 1625 adiutorem

1134 1653 1204 1673 esse
1223 1641 1421 1674 firmissime
1439 1649 1641 1674 statuamus.
1671 1640 1751 1674 Ideo
1770 1652 1870 1684 saepe
1887 1642 2013 1685 repetit
2032 1640 2118 1676 haee

1133 1692 1240 1723 dicta:
1279 1692 1394 1724 Deum
1422 1691 1559 1729 timeto,
1596 1690 1676 1735 quia
1701 1691 1819 1723 omnia
1847 1692 1999 1725 adducet
2021 1692 2117 1726 Deus

1134 1743 1167 1774 in
1190 1741 1375 1782 iudicium,
1403 1742 1493 1774 bona
1512 1749 1545 1775 et
1563 1742 1669 1779 mala,
1697 1741 1800 1774 etiam
1818 1753 1954 1776 arcana.

1232 1801 1448 1842 Argumenta
1480 1806 1562 1832 sunt
1596 1812 1613 1832 a
1646 1799 1829 1833 Possibili:
1863 1798 1943 1833 Etsi
1970 1812 2116 1844 magnae

1103 1854 1105 1860 '
1131 1852 1372 1888 confusiones,
1406 1859 1437 1884 et
1462 1852 1499 1882 in
1525 1851 1645 1883 multis
1667 1849 1876 1893 gubernatio
1901 1857 1950 1884 est
1968 1851 2116 1892 inutilis,

1131 1909 1168 1935 ut
1187 1902 1318 1946 inquit:
1347 1900 1462 1934 Curva
1489 1913 1560 1933 non
1578 1908 1724 1944 possunt
1744 1901 1817 1933 fieri
1836 1906 1946 1942 recta,
1963 1908 1996 1934 et
2014 1913 2115 1946 saepe

1131 1952 1233 1985 etiam
1261 1951 1342 1984 iusti
1369 1952 1557 1984 labuntur:
1588 1958 1702 1984 tamen
1724 1950 1819 1984 Deus
1845 1963 1917 1984 non
1942 1951 2034 1986 sinet
2064 1953 2114 1985 la-

1102 2024 1103 2027 =
1132 2004 1231 2035 bores
1251 2002 1474 2036 vocationum
1501 2014 1644 2045 prorsus
1669 2002 1788 2035 irritos
1805 2013 1895 2042 esse,
1922 2003 2034 2036 aderit
2058 2003 2114 2035 in-

94 2071 236 2112 divina,
263 2083 331 2116 qua
351 2071 482 2104 editum
501 2078 551 2104 est
569 2072 735 2112 verbum,
761 2071 850 2113 Lex,
879 2073 1074 2105 commina-
1100 2059 1102 2099 Ῑ
1129 2061 1286 2093 V⁰c⁸¹¹¹¹²
1313 2060 1349 2085 ἠ
1374 2050 1430 2085 hic
1456 2053 1601 2086 ‘henum
1637 2052 1769 2096 sparge
1794 2064 1919 2096 panem
1951 2053 2047 2087 velut
2075 2054 2112 2086 in

1129 2116 1253 2149 aquas,
1281 2103 1361 2148 quia
1381 2103 1565 2136 inveniens
1582 2116 1673 2137 eum.
1726 2102 1835 2137 Mane
1858 2110 1890 2137 et
1907 2104 2041 2148 vesperi
2058 2115 2112 2137 se-

1129 2162 1261 2188 minato
1279 2162 1342 2187 etc.

1229 2213 1392 2257 Denique
1411 2223 1512 2255 saepe
1540 2213 1685 2260 repetita
1712 2218 1762 2245 est
1796 2209 1879 2244 haec
1901 2212 2107 2253 consolatio,

1128 2272 1158 2298 et
1178 2263 1234 2298 liic
1253 2272 1284 2299 et
1301 2264 1396 2298 alibi.
1452 2262 1497 2297 Ut
1515 2265 1606 2307 apud
1628 2262 1794 2296 Paulum:
1823 2261 1902 2295 Non
1928 2264 1993 2295 erit
2011 2263 2110 2297 labor

1679 2313 1726 2347 Et
1748 2313 1784 2345 in
1801 2312 1941 2346 Psalmo
1964 2315 2010 2346 1.:
2041 2313 2109 2347 Fo-

1127 2367 1212 2400 lium
1229 2367 1302 2399 eius
1321 2377 1392 2398 non
1409 2365 1548 2398 defluet.

1227 2425 1273 2459 Et
1295 2426 1337 2458 ad
1365 2426 1480 2457 locum
1507 2436 1524 2456 a
1549 2422 1710 2467 possibili
1746 2423 1919 2467 pertinent
1954 2423 2106 2455 remedia

1126 2477 1302 2512 dolorum.
1357 2475 1542 2518 lgnescunt
1560 2475 1632 2508 irae
1644 2501 1652 2515 ‚
1679 2487 1717 2507 ac
1734 2474 1831 2507 duris
1848 2472 1950 2505 dolor
1967 2473 2102 2506 ossibus

1125 2530 1222 2562 ardet
1241 2527 1387 2567 Pericli,
1416 2533 1450 2559 et
1465 2525 1661 2565 similibus,
1688 2526 1783 2572 quod
1807 2523 1952 2556 consilia
1969 2524 2105 2567 pulcer-

1125 2631 1224 2664 dunt.
1264 2629 1333 2663 Sed
1352 2627 1514 2662 Ieremias
1536 2626 1721 2671 acquiescit
1741 2626 1776 2657 in
1794 2623 1887 2664 Deo,
1903 2625 2006 2658 etiam
2025 2637 2103 2658 cum

1126 2693 1178 2714 res
1202 2687 1286 2714 sunt
1308 2680 1473 2713 adversae
1505 2675 1609 2710 habet
1634 2674 1719 2710 haec
1751 2675 1904 2709 remedia
1932 2674 2105 2717 Ieremias,

1550 2728 1597 2762 10
