2409 2915
135 111 184 147 69

135 197 241 232 Item:
271 196 424 232 Remum
445 199 549 232 ducat
571 198 633 244 qui
659 199 795 232 didicit.
851 197 939 232 Item
957 196 1024 233 hoc
1041 198 1122 245 Syl-

132 249 202 282 lae:
239 247 423 292 Remigem
447 249 545 293 prius
569 260 642 282 esse
664 256 821 293 oportet,
856 261 960 294 quam
983 251 1119 283 clavum

131 300 341 342 gubernare.
393 297 440 332 Et
457 300 653 345 plerunque
671 301 705 333 fit
719 325 726 337 ‚
754 308 793 334 ut
819 300 950 333 indocti
970 301 1041 334 sint
1057 313 1119 333 au-

132 350 310 390 daciores,
335 349 429 383 iuxta
452 350 602 385 dictum:
631 348 780 394 ἀμαθία
798 347 941 396 θράσος
958 347 1118 399 ἁπεργά·

135 398 253 443 ζεται,
281 399 423 433 Inscitia
440 401 620 434 audaciam
639 402 751 435 affert.

181 494 284 530 Sicut
298 496 402 531 canis
420 496 511 532 redit
533 496 589 532 ad
604 498 796 537 vomitum,
819 497 873 531 ila
894 497 1031 532 stultus
1054 497 1118 531 ile-

233 551 292 580 ναί
308 552 368 583 ele.

233 629 284 664 De
308 631 421 664 causis
449 644 640 676 poenarum
664 632 701 665 iu
725 629 790 665 liae
818 632 887 665 vita
913 643 1012 675 saepe
1031 631 1117 663 alias

129 680 262 713 dictum
280 689 351 722 est,
379 683 560 722 videlicet,
589 694 710 716 causas
736 683 938 727 praecipuas
963 690 1115 728 quatuor

131 743 215 766 esse.

184 793 212 823 1.
267 790 401 832 Prima,
433 793 515 837 quia
541 791 635 826 Deus
669 793 782 826 iustus
815 800 880 833 est,
915 799 946 826 et
973 797 1117 839 propter
1143 818 1144 821 ,

128 851 226 873 snam
242 842 415 876 iusticiam
434 844 581 877 destruit
598 844 783 878 contraria.

178 902 213 935 2.
268 900 449 941 Secunda,
483 903 564 948 quia
598 903 673 935 vult
707 902 877 945 intelligi,
915 913 949 934 se
981 901 1111 933 iustum

127 963 219 992 esse,
247 958 278 985 et
298 952 383 985 disci
403 953 591 986 discrimen
611 954 703 986 inter
721 955 809 994 iusta
832 960 862 987 et
881 953 1022 986 iniusta.

178 1069 214 1106 4.
268 1069 422 1114 Quarta,
450 1079 487 1104 ut
508 1084 638 1115 poenae
656 1071 758 1103 uobis
777 1078 810 1104 et
829 1070 906 1103 aliis
923 1070 994 1102 sint
1016 1080 1112 1101 com-
1138 1066 1140 1075 ’

127 1122 422 1161 monefacfiones,
451 1129 484 1155 et
502 1124 701 1155 deterreant
718 1133 782 1154 nos
807 1133 825 1154 a
843 1121 1036 1165 peccando,
1063 1119 1110 1152 si-

124 1179 184 1206 cut
199 1184 303 1217 supra
322 1173 455 1207 dictum
475 1180 545 1214 est,
573 1185 647 1216 cap.
662 1172 736 1207 19.:
767 1171 929 1204 Derisore
948 1182 1109 1215 percusso
1136 1173 1138 1216 j

124 1223 310 1266 imperitus
326 1225 391 1256 erit
409 1224 556 1257 cautior.
610 1221 655 1256 Et
684 1225 711 1256 1.
730 1220 891 1257 Corinth.
912 1224 968 1256 ll.
994 1221 1110 1265 inquit
1136 1218 1138 1235 ³

561 113 607 148 X.
657 111 963 148 EXPLICATIO
991 110 1400 149 PROVERBIORUM
1427 111 1729 151 SALOMONIS.

1144 491 1146 504 ί
1173 457 1392 492 pharisaicae
1411 467 1442 492 et
1460 459 1670 495 Saducaeae.

124 1271 274 1311 Paulus,
310 1285 439 1317 poenas
461 1272 582 1317 populi
608 1273 714 1306 lsrael
737 1285 810 1306 esse
837 1272 1004 1316 exempla.
1064 1270 1109 1305 Et

122 1322 299 1357 Dominus
324 1324 408 1357 dicit
431 1326 473 1357 ad
499 1321 698 1364 Abraham,
732 1335 766 1356 se
791 1324 869 1356 ideo
895 1323 926 1356 ei
955 1334 1105 1356 comme-

123 1386 260 1408 morare
278 1375 476 1419 exemplum
492 1386 624 1418 poenae
643 1375 882 1408 Sodomorum
895 1399 904 1412 ‚
932 1381 970 1407 ut
992 1379 1106 1416 poste-

123 1437 180 1458 ros
205 1433 348 1459 moneat
372 1427 415 1459 de
441 1426 572 1459 iudicio
597 1424 672 1459 Dei.
734 1424 778 1459 Et
799 1425 910 1470 aliqui
933 1424 1106 1457 sanabiles

123 1477 252 1510 moniti
281 1477 406 1526 poenis
429 1477 558 1510 deinde
583 1477 672 1510 fiunt
697 1476 890 1516 cautiores,
917 1476 960 1508 de
977 1475 1107 1520 quibus

124 1528 272 1562 dicitnr:
314 1527 406 1562 Ictus
436 1528 539 1575 sapit.
601 1527 707 1562 Item:
743 1523 952 1572 παθήματα
979 1522 1107 1570 μαθή-

121 1590 235 1622 ματα.
279 1578 382 1613 Item:
412 1578 532 1622 Turpe
548 1585 596 1611 est
613 1579 667 1611 bis
686 1579 880 1622 impingere
895 1579 937 1610 ad
954 1577 1105 1611 eundem
1133 1604 1134 1607 ,

123 1629 286 1672 lapidem.
342 1629 427 1663 ltem
451 1631 494 1663 de
519 1630 642 1662 alienis
661 1629 830 1675 exemplis
854 1629 999 1662 dicitur:
1023 1625 1107 1672 βλί-

122 1691 203 1713 πων
227 1677 475 1723 πεπαίδευμαι
505 1681 552 1718 εἷς
581 1678 627 1713 τὰ
658 1679 779 1713 ἄλλων
809 1678 926 1719 κακοί,
962 1678 1107 1711 Intuens

123 1730 275 1763 aliorum
294 1730 385 1764 mala
403 1731 562 1764 eruditus
580 1742 667 1763 snm.
1132 1744 1136 1774 ι

226 1794 296 1828 Sed
320 1795 421 1828 multi
448 1796 541 1828 coeci
569 1803 600 1830 et
626 1796 747 1835 ferrei,
776 1808 839 1828 nec
865 1796 1008 1835 alienis,
1044 1809 1107 1829 nec

123 1857 184 1879 seu
207 1846 328 1889 poenis
354 1847 605 1883 emendantur,
645 1848 746 1879 multi
777 1847 880 1878 etiam
912 1847 1108 1880 efferuntur
1133 1864 1134 1867 ¹

122 1904 155 1929 et
180 1897 269 1929 fiunt
301 1897 511 1929 rabiosiores
539 1897 575 1929 in
600 1897 734 1940 poenis.
798 1895 920 1942 Aliqui
957 1899 1105 1941 repressi
1133 1902 1136 1916 ²

121 1948 317 1992 paulisper,
344 1948 432 1981 sicut
455 1948 560 1986 Saul,
592 1961 672 1980 mox
695 1949 904 1981 relabuntur
926 1949 961 1980 in
987 1950 1106 1981 eadem

120 1999 261 2032 scelera.
315 1998 365 2031 De
383 1999 513 2032 talibus
534 1999 775 2032 relabentibus
793 2000 952 2044 loquitur
972 1997 1037 2032 hoc
1053 2000 1107 2032 di-
1133 2006 1135 2015 ⁴

120 2057 234 2090 ctum,
264 2050 353 2083 sicut
381 2057 413 2083 et
435 2050 635 2093 saepissime
662 2051 748 2082 alias
773 2057 890 2083 monet
917 2049 1028 2091 Deus,
1064 2062 1108 2082 ne
1133 2058 1135 2070 ³

119 2100 312 2134 relabendo
329 2099 545 2134 attrahamus
563 2102 712 2134 maiores
731 2113 878 2145 poenas,
906 2103 1063 2135 utAmos
1076 2102 1106 2133 1.
1134 2091 1135 2102 ¹

120 2152 269 2186 dicitur:
314 2151 386 2185 Ter
420 2153 647 2195 peccantibus
682 2153 841 2197 peperci,
877 2159 1003 2195 quarto
1035 2163 1106 2183 non
1133 2179 1135 2182 .

120 2214 273 2250 parcam.
318 2201 364 2235 Et
380 2201 542 2236 C‘iristus
560 2210 591 2235 et
608 2202 732 2234 Petrus
751 2202 936 2246 inquiunt:
965 2201 1105 2235 Postre-
1132 2243 1134 2253 Ι

119 2266 176 2286 ma
201 2254 330 2286 talibus
353 2253 427 2285 fieri
459 2253 576 2294 peiora
609 2253 798 2295 prioribus.
859 2250 905 2285 Et
934 2252 1104 2286 Salomon
1132 2259 1135 2296 ᾗ

121 2305 186 2338 ait:
215 2303 429 2338 Relabentes
444 2303 577 2336 similes
596 2314 668 2335 esse
692 2304 847 2336 canibus.
904 2302 972 2337 Sed
996 2304 1106 2336 multo
1132 2309 1134 2349 ξ

121 2356 257 2389 tristius
281 2362 350 2393 est,
387 2356 481 2400 qnod
506 2354 682 2386 Dominus
706 2354 823 2398 inquit
846 2354 961 2387 redire
984 2355 1108 2388 diabo-
1131 2357 1134 2378 ¹

123 2407 195 2440 lum
209 2434 217 2446 ,
242 2419 321 2439 cum
339 2406 417 2439 aliis
436 2413 566 2450 septem
586 2405 820 2450 nequioribus
835 2405 1029 2449 spiritibus.
1131 2383 1134 2476 ἐ

225 2472 293 2507 Hic
326 2471 512 2507 horribilia
545 2472 700 2516 exempla
736 2472 876 2515 publica
908 2479 939 2504 et
974 2473 1134 2516 privataj

123 2525 404 2559 considerentur.
459 2523 589 2557 Crescit
616 2524 765 2556 furorin
786 2522 986 2563 Pharaone,
1013 2523 1108 2561 Saul,
1132 2520 1134 2551 ἶ

125 2575 326 2616 Absolone‚
363 2573 498 2609 Achab.
1132 2553 1135 2578 ι

559 2572 605 2608 Et
635 2575 728 2607 cives
757 2574 1014 2614 Sodomorum,
1049 2575 1107 2620 qui
1133 2606 1135 2618 ‚

122 2628 298 2665 viderant,
316 2627 533 2660 sedivinitus
550 2626 717 2659 liberatos
728 2637 818 2665 esse,
837 2637 914 2657 cum
927 2623 1107 2658 Abrabam
1133 2624 1135 2642 ⁸
1162 2626 1254 2665 Deo,
1281 2632 1314 2659 et
1341 2636 1400 2657 ora
1425 2637 1515 2657 eum.

122 2679 323 2723 profligavit
341 2678 529 2712 exercitum
548 2674 722 2717 hostium,
749 2677 878 2710 deinde
903 2688 981 2709 mox
1008 2677 1109 2711 obliti

2108 117 2156 151 70

1173 197 1332 241 priorum
1375 210 1567 243 poenarum
1611 206 1644 234 et
1683 200 1953 239 liberationum,
2001 202 2157 235 furenter

1173 255 1281 282 ruunt
1301 249 1336 281 in
1358 250 1534 283 teterrima
1550 251 1689 283 scelera.

1275 306 1393 340 ludaei
1412 315 1489 350 post
1504 308 1718 342 tristissimas
1736 310 1948 344 calamitates
1971 317 2001 343 et
2028 310 2156 343 libera-

1171 358 1286 390 tiones
1303 358 1493 391 interfectis
1510 357 1729 392 Maccabaeis
1744 361 1930 402 fratribus,
1948 361 2154 406 petulantis-

1167 409 1258 441 sime
1298 409 1493 441 lacerarunt
1529 410 1726 442 doctrinam
1770 411 1924 444 dissidiis
1969 419 2154 450 sectarum,

1723 460 1939 495 Lacerarunt
1958 469 1990 496 et
2007 474 2153 505 regnum

1172 510 1336 543 civilibus
1355 510 1466 543 bellis.

1272 569 1314 601 In
1331 580 1369 601 ea
1389 566 1534 600 historia
1560 574 1593 600 et
1616 579 1710 601 nunc
1727 567 1940 603 Germaniae
1966 569 2153 612 imaginem

1172 620 1346 651 videmus:
1382 617 1577 651 Emendata
1610 619 1770 652 doctrina
1806 619 1906 652 multi
1938 621 2084 654 redeunt
2110 622 2153 654 ad

1170 670 1309 713 priores
1334 681 1488 708 errores,
1523 675 1556 701 et
1588 677 1704 712 postea
1737 681 1880 712 prorsus
1911 670 2001 704 fiunt
2032 670 2151 706 ἄθεοι.

1171 720 1279 754 Multi
1305 720 1407 753 novis
1431 719 1609 752 erroribus
1633 716 1746 751 lucem
1765 731 1864 752 verae
1888 721 2067 754 doctrinae
2089 722 2153 755 ob-

1169 778 1296 811 ruunt,
1341 777 1374 803 et
1407 770 1596 803 seditiones
1628 777 1781 803 movent.
1851 769 1959 803 Multi
1994 772 2153 806 doctores

1169 823 1294 854 omissa
1314 821 1544 866 inquisitione
1567 821 1766 860 doctrinae,
1795 821 1938 854 tradunt
1962 828 2055 863 grata
2075 823 2154 855 vul-

1168 884 1222 916 go.
1284 872 1421 914 Vulgus
1445 872 1637 905 delectatur
1661 871 1819 908 licentia,
1849 878 1881 904 et
1914 871 2006 905 laxat
2035 873 2153 906 frenos

1168 923 1430 967 cupiditatibus.
1500 921 1550 955 Ita
1584 933 1712 966 poenas
1748 922 1897 954 maiores
1932 920 2152 958 attrahimus,

358 1012 365 1018 ,
1140 970 1141 978 ’
1167 974 1328 1007 Servabit
1351 981 1466 1007 tamen
1490 973 1625 1018 aliquas
1652 984 1753 1005 verae
1771 970 1947 1005 Ecclesiae
1974 973 2154 1018 reliquias.

177 1011 213 1047 3.
267 1010 406 1050 Tertia,
433 1019 471 1045 ut
492 1012 685 1056 perniciosa
704 1014 859 1045 membra
879 1011 1060 1044 tollantur.
1138 1039 1141 1062 5

1167 1025 1286 1058 Huius
1311 1025 1339 1056 si
1364 1025 1526 1057 volumus
1548 1035 1620 1056 esse
1642 1024 1816 1062 membra,
1851 1023 1942 1056 serio
1971 1031 2154 1057 converta-

1166 1088 1245 1108 mur
1271 1077 1313 1108 ad
1340 1074 1474 1113 Deum,
1501 1082 1534 1107 et
1560 1082 1717 1117 petamus
1735 1086 1798 1106 nos
1817 1075 1995 1114 converti,
2023 1075 2095 1117 regi
2120 1082 2152 1108 et

1165 1127 1385 1166 confirmari,
1409 1138 1426 1158 a
1444 1125 1538 1158 Filio
1556 1124 1634 1164 Dei,
1664 1137 1708 1157 ne
1723 1124 1935 1159 relabamur.
1988 1124 2032 1158 Et
2052 1125 2096 1158 sit
2114 1125 2151 1158 in

1165 1178 1267 1211 nobis
1285 1177 1370 1221 ipsis
1387 1176 1571 1220 diligentia
1590 1175 1728 1209 vitandi
1746 1175 1929 1208 illecebras
1947 1182 1981 1208 et
1999 1177 2153 1209 occasio-

1165 1240 1225 1261 nes
1243 1234 1464 1271 peccatorum
1487 1227 1575 1260 sicut
1596 1225 1727 1259 Paulus
1750 1226 1935 1270 praecipit:
1967 1225 2092 1259 Videte
2109 1240 2152 1259 ne

1162 1280 1309 1322 gratiam
1326 1280 1455 1312 frustra
1479 1277 1690 1320 acceperitis.
1746 1276 1850 1310 ltem:
1881 1277 2074 1310 Anibulate'
2095 1289 2151 1310 ac-

1162 1337 1298 1368 curate,
1326 1342 1398 1362 non
1420 1336 1459 1362 ut
1483 1329 1571 1361 fatui
1599 1336 1662 1363 etc.
1728 1326 1834 1364 Item,
1871 1333 1994 1360 notum
2021 1335 2069 1360 est
2096 1328 2149 1360 di-

1163 1387 1272 1413 ctum:
1303 1378 1424 1412 Vitare
1450 1385 1588 1422 peccata
1615 1384 1664 1410 est
1682 1377 1792 1410 vitare
1814 1377 2012 1410 occasiones
2032 1390 2151 1421 pecca-

1162 1438 1289 1464 torum.
1323 1429 1614 1464 liemSiracides:
1643 1428 1715 1470 Qui
1731 1434 1825 1461 amat
1843 1427 2053 1471 periculum,
2071 1440 2151 1472 per-

1163 1482 1225 1514 ibit
1242 1482 1277 1514 in
1296 1481 1370 1515 illo.

1484 1596 1621 1649 Caput
1651 1597 1838 1637 XXVII.

1212 1686 1300 1721 lVon
1331 1686 1506 1730 glorieris
1540 1684 1582 1718 de
1612 1685 1669 1718 die
1693 1686 1895 1723 cras-trino,
1922 1687 2011 1731 quia
2035 1687 2149 1721 nescis

1263 1734 1356 1784 quid
1366 1735 1485 1783 pariet
1502 1732 1702 1768 hodiernus
1724 1732 1811 1770 dies.

1264 1812 1442 1845 Convenit
1470 1823 1548 1844 cum
1573 1809 1737 1844 Romano
1767 1810 1877 1843 dicto:
1914 1809 2033 1843 Nescis
2063 1813 2147 1856 quid

1164 1875 1284 1907 vesper
1302 1874 1399 1895 serus
1416 1859 1531 1895 vehat.
1586 1859 1691 1894 Item:
1722 1860 1829 1894 Ludit
1854 1861 1890 1893 in
1912 1859 2076 1895 humanis
2095 1863 2148 1894 di-

1133 1927 1135 1954 }
1162 1915 1241 1946 vina
1270 1914 1423 1956 potentia
1447 1913 1569 1949 relius,
1598 1911 1641 1945 Et
1665 1918 1756 1944 certa
1783 1923 1945 1955 praesens
1970 1912 2026 1944 vix
2045 1909 2148 1946 habet

1437 1963 1541 1997 Item:
1571 1960 1704 1995 Omnia
1727 1969 1809 1995 sunt
1837 1960 2021 1994 hominum
2050 1964 2148 1996 tenui

1163 1963 1248 1998 hora
1267 1966 1382 1998 fidem.

1152 2015 1350 2060 ,pendentia
1369 2015 1427 2047 filo
1439 2041 1446 2055 ‚
1476 2013 1522 2047 Et
1539 2014 1655 2046 subito
1674 2024 1754 2044 casu
1768 2024 1856 2057 quae
1868 2013 2008 2045 valuere
2026 2022 2147 2050 ruunt.

1166 2067 1268 2100 ltem:
1309 2065 1383 2097 {rus
1405 2073 1437 2096 et
1463 2070 1511 2095 est
1537 2063 1653 2095 subito
1677 2063 1736 2106 qni
1764 2064 1868 2095 inodo
1894 2063 2042 2096 Croesus
2065 2074 2148 2099 erat.

1164 2116 1323 2161 Denique
1339 2126 1460 2148 ornnes
1479 2114 1559 2146 libri
1577 2114 1670 2157 pleni
1690 2120 1771 2146 sunt
1790 2114 1913 2147 talium
1932 2116 2147 2148 admonitio-

1163 2180 1246 2200 num
1279 2168 1322 2199 de
1351 2166 1513 2199 fortunae
1538 2165 1791 2204 inconstantia,
1829 2177 1917 2209 qnae
1943 2165 2020 2198 ideo
2046 2167 2147 2199 nobis

1163 2224 1426 2263 proponuntur,
1454 2223 1492 2249 ut
1512 2227 1576 2248 nos
1600 2217 1643 2247 de
1661 2215 1830 2248 modestia
1856 2216 2085 2254 admoneant,
2115 2225 2146 2251 et

1163 2267 1373 2313 prohibeant
1397 2266 1481 2300 haec
1505 2269 1576 2299 duo
1603 2266 1752 2298 maxima
1773 2266 1876 2309 vitia,
1902 2266 2063 2301 fiduciam
2081 2280 2146 2299 no-

1161 2321 1242 2361 stri,
1271 2327 1302 2353 et
1321 2319 1550 2352 temeritatem
1577 2317 1741 2349 movendi
1767 2328 1820 2349 res
1836 2329 1906 2350 non
1927 2319 2146 2357 necessarias,

1162 2372 1264 2404 stulta
1282 2382 1360 2414 spe,
1387 2377 1420 2403 et
1439 2381 1503 2401 nos
1530 2368 1622 2401 intra
1647 2374 1755 2400 metas
1779 2368 1980 2406 includant„
2006 2375 2040 2401 ut
2066 2376 2145 2401 tan-

1162 2430 1235 2456 tuin
1255 2421 1423 2454 faciamus
1439 2426 1578 2452 nostrae
1593 2419 1786 2451 vocationis
1808 2418 1919 2451 officia
1945 2420 2146 2459 necessaria,

1162 2474 1247 2506 sicut
1276 2471 1408 2506 Paulus
1433 2470 1563 2515 inquit:
1594 2469 1738 2513 Propria
1765 2469 1877 2502 facite.
1930 2468 1973 2501 Et
2001 2469 2144 2513 quidem

1163 2525 1199 2557 in
1223 2523 1402 2567 agnitione
1429 2521 1642 2554 infirmitatis
1668 2527 1806 2551 nostrae
1829 2519 2061 2559 adiungamus
2087 2521 2142 2553 in-

1162 2575 1379 2608 vocationem
1413 2573 1496 2613 Dei,
1539 2572 1633 2604 iuxta
1670 2571 1819 2603 dictum:
1864 2570 2036 2603 Subditus
2070 2579 2142 2604 esto

1572 2621 1674 2653 ltern:
1704 2620 1789 2653 Sino
1816 2632 1869 2652 me
1893 2619 1981 2653 nihil
2001 2623 2144 2665 potestis

1337 2673 1381 2709 Et
1398 2674 1559 2708 Ieremias
1581 2671 1711 2715 inquit:
1748 2670 1828 2704 Scio
1850 2670 2020 2711 Domine,
2049 2675 2142 2717 qnod

1608 2719 1662 2754 5.

1161 2677 1284 2711 facere.
