2409 2915
115 87 188 126 485
657 84 740 122 XII.

110 173 188 210 vult
211 183 278 208 nos
302 171 507 216 confugere,
537 176 570 204 et
594 168 738 215 quidem
762 169 911 203 sciamus
933 171 1092 206 omnium

108 225 357 260 mandatorum
381 221 607 267 praecipuum
631 230 721 261 esse,
747 217 842 253 hunc
866 218 997 254 Filium
1021 222 1091 256 Dei

107 286 314 320 agnoscere,
342 271 478 307 honore
500 270 657 311 afficere,
684 276 717 303 et
741 282 804 315 per
826 282 905 304 eum
931 272 1020 305 velle
1045 274 1089 306 ad

103 333 240 370 patrem
271 324 403 363 redire,
444 322 533 355 sicut
561 320 730 365 scriptum
759 327 825 355 est:
866 318 1089 357 Osculamini

102 375 250 410 Filium.
300 372 399 407 Beati
414 381 537 406 omnes
553 371 614 416 qui
631 371 812 405 confidunt
829 371 867 404 in
883 383 935 405 eo.

203 425 362 459 Sciamus
382 422 465 457 item
488 433 591 466 saepe
614 421 843 456 iureiurando
869 432 888 454 a
902 420 977 456 Deo
1001 435 1086 457 con-

99 476 252 511 firmatas
274 485 346 508 esse
366 472 635 518 promissiones,
670 473 713 506 de
736 471 942 506 remissione
965 485 1084 518 pecca-

98 534 236 566 torum,
261 531 295 558 et
317 524 527 558 liberatione
549 534 569 556 a
593 529 732 567 peccato
755 529 788 557 et
804 529 916 556 morte
932 530 1082 559 aeterna.

96 573 191 613 Vere
215 574 324 618 igitur
346 575 423 608 vult
444 572 542 608 Deus
565 585 629 607 nos
649 573 764 607 salvos
786 574 881 615 fieri,
905 581 960 608 ut.-
989 574 1080 610 Vivo

95 637 176 670 ego,
202 625 287 659 nolo
306 631 456 659 mortem
480 624 689 668 peccatoris,
717 625 775 657 sed
800 631 840 658 ut
857 631 1080 660 convertatur

93 683 129 711 et
150 675 257 710 vivat.
311 674 416 709 Item:
443 675 577 709 Iuravit
593 673 788 714 Dominus,
816 682 848 709 et
865 687 938 708 non
955 676 1078 720 poeni-

93 725 182 761 tebit
206 737 287 760 eum
310 733 375 760 etc.
434 723 481 759 Et
504 725 596 759 Psal.
617 725 676 760 88.
701 725 817 771 inquit
841 726 1075 769 Augustinus:

91 775 136 811 ln
153 783 335 811 aeternum
350 776 509 820 regnabit
526 773 686 811 Christus
702 775 738 808 in
756 777 883 810 sanctis
899 777 982 818 suis,
1009 774 1077 811 hoc

90 826 179 861 dixit
208 826 322 868 Deus,
354 824 423 860 hoc
455 826 635 871 promisit,
670 826 699 859 si
730 838 877 870 parvum
906 833 974 868 est,
1008 824 1075 860 hoc

89 877 241 917 iuravit,
276 877 358 922 quia
381 888 462 921 ergo
486 888 560 910 non
583 877 775 910 secundum
800 877 923 911 merita
946 884 1075 919 nostra,

87 928 150 962 sed
172 929 366 962 secundum
390 928 487 961 illius
509 927 787 961 misericordiam
806 928 903 961 firma
922 935 973 962 est
991 939 1073 972 pro-

87 978 208 1012 missio
220 1005 229 1019 ,
255 978 438 1012 credamus
454 984 488 1012 et
505 978 708 1011 invocemus
727 985 789 1013 etc.

190 1027 298 1061 Venit
330 1039 412 1072 ergo
443 1029 486 1061 ad
518 1025 613 1061 hunc
636 1026 830 1061 Dominum
857 1027 1004 1067 mulier,
1038 1035 1073 1062 et

87 1079 226 1125 quaerit
256 1079 544 1113 consolationem.
600 1077 711 1112 Audit
740 1079 848 1121 igitur
878 1090 998 1111 vocem
1027 1079 1071 1111 de

85 1129 292 1163 remissione
316 1135 559 1172 peccatorum,
585 1126 688 1161 Fides
704 1135 762 1163 tua
780 1128 909 1162 salvam
927 1135 959 1162 te
976 1128 1069 1167 fecit,

85 1181 174 1214 vade
192 1180 229 1212 in
246 1190 341 1223 pace.
394 1177 489 1212 Haec
505 1178 610 1211 verba
628 1179 888 1212 concionantur
902 1179 945 1211 de
962 1179 1068 1212 altera

83 1236 184 1275 parte
203 1229 462 1269 conversionis,
488 1228 618 1261 scilicet
637 1229 680 1261 de
698 1228 776 1261 fide.
830 1226 992 1262 Christus
1011 1241 1068 1261 ex-

83 1291 200 1325 presse
215 1280 377 1313 nominat
392 1279 507 1317 fidem,
534 1278 620 1312 dicit
637 1290 711 1311 eam
729 1279 796 1312 fide
812 1278 921 1322 recipi
937 1279 974 1311 in
990 1290 1068 1321 gra-

81 1331 166 1364 tiam
184 1337 216 1363 et
234 1329 371 1362 salvari.

186 1378 238 1413 lta
259 1380 348 1412 duae
373 1384 488 1422 partes
503 1377 738 1421 poenitentiae
756 1374 813 1409 hic
830 1376 922 1409 clare
937 1388 1067 1421 propo-

81 1436 228 1464 nuntur.
278 1427 477 1468 Contritio‚
505 1439 573 1472 qua
590 1428 766 1461 iudicatur
780 1433 977 1470 peccatum:
1006 1427 1066 1460 sed

82 1478 140 1515 hic
157 1491 267 1524 pavor
283 1479 499 1522 opprimeret
517 1484 669 1511 mentem
686 1484 824 1512 aeterna
840 1484 972 1518 morte,
997 1477 1066 1510 nisi

81 1531 259 1565 accederet
290 1528 496 1563 consolatio.
558 1526 703 1562 Accedit
735 1539 817 1571 ergo
842 1528 950 1561 altera
974 1539 1066 1572 pars,

78 1581 211 1616 scilicet
240 1580 344 1620 fides,
371 1590 460 1624 quae
492 1585 542 1612 est
575 1578 702 1612 fiducia
733 1578 869 1622 erigens
895 1578 1065 1619 animum,

79 1632 173 1677 quod
190 1630 284 1665 Deus
301 1641 364 1673 per
381 1629 657 1662 misericordiam
675 1635 818 1672 propter
834 1628 1064 1662 mediatorem

78 1681 225 1726 recipiat
248 1681 468 1718 credentem,
501 1690 581 1712 vere
605 1679 779 1721 ignoscat,
805 1679 984 1717 exaudiat,
1011 1679 1063 1711 sa-

78 1732 146 1766 ciet
172 1729 356 1765 haeredem
382 1729 474 1763 vitae
498 1735 668 1763 aeternae.
729 1727 804 1761 Hac
827 1728 953 1761 fiducia
978 1740 1063 1761 con-

77 1782 164 1828 cipit
189 1793 250 1816 cor
272 1792 400 1814 novam
423 1780 535 1813 lucem
561 1785 594 1812 et
615 1780 744 1820 vitam,
771 1785 810 1812 ut
828 1778 974 1812 dicitur:
1004 1778 1062 1812 Iu·

79 1841 151 1867 stus
173 1832 240 1866 fide
266 1843 326 1865 sua
344 1830 449 1865 vivet.
504 1829 610 1871 Item,
636 1836 676 1864 ut
694 1829 964 1875 promissionem
981 1828 1062 1873 Spi-

74 1884 164 1918 ritus
181 1882 391 1927 accipiamus
408 1892 470 1926 per
486 1880 603 1914 fidem.

470 1979 515 2004 De
548 1977 663 2004 tertio.

177 2034 247 2070 Sed
269 2045 331 2068 cur
354 2040 454 2067 antea
480 2033 586 2066 dixit:
614 2030 860 2066 Remittuntur
884 2033 915 2066 ei
939 2033 1060 2076 multa,

77 2086 158 2132 quia
191 2084 312 2118 dilexit
339 2084 511 2124 multum,
547 2089 579 2116 et
601 2083 657 2115 cui
681 2082 832 2115 multum
855 2084 1058 2124 remittitur,

75 2136 227 2170 multum
251 2133 391 2178 diligit?
441 2133 510 2167 Hic
531 2133 671 2166 videtur
694 2132 836 2166 dilectio
862 2134 931 2167 dici
956 2146 1057 2168 causa

73 2185 301 2221 remissionis.
355 2182 522 2216 Facilima
546 2189 579 2216 et
602 2183 857 2226 simplicissima
875 2185 1056 2228 responsio

77 2244 145 2271 est:
178 2233 340 2270 Christus
370 2240 514 2268 testatur
547 2244 748 2266 conversam
781 2245 873 2272 esse,
908 2241 941 2268 et
966 2241 1057 2268 certe

77 2286 260 2322 conversio
293 2284 482 2318 necessaria
506 2290 573 2324 est,
607 2289 640 2316 et
661 2283 786 2316 tribuit
808 2283 891 2317 huic
912 2285 1056 2318 miserae
1081 2307 1083 2316 1

76 2337 215 2371 mulieri
244 2336 312 2369 iam
343 2335 439 2368 illam
473 2334 633 2367 eximiam
665 2334 822 2371 laudem,
859 2347 963 2378 quam
989 2336 1055 2368 sibi

76 2388 162 2422 salso
189 2387 372 2430 arrogabat
398 2385 550 2430 populus
574 2384 677 2427 legis,
711 2383 811 2430 quasi
837 2385 929 2418 dicat
951 2383 1055 2419 Chri-

78 2446 166 2473 stus:
193 2437 288 2471 Haec
305 2436 432 2470 mulier
448 2436 570 2479 implet
588 2435 698 2481 legem
710 2459 718 2472 ‚
746 2440 777 2467 et
794 2441 843 2468 est
859 2436 1054 2469 membrum

36 2482 39 2531 ξ
78 2489 199 2533 populi
215 2488 293 2523 Dei.
344 2486 401 2520 Tu
424 2498 487 2519 nec
508 2486 632 2530 imples
656 2485 785 2527 legem,
813 2497 875 2518 nec
892 2497 926 2518 es
944 2498 1055 2519 mem-

36 2534 38 2578 ξ
76 2539 179 2572 hrum
197 2535 405 2583 populiDei.
459 2535 605 2570 Constat
619 2542 746 2576 autem,
771 2542 803 2569 et
819 2547 955 2580 semper
972 2534 1055 2570 haec

36 2589 38 2613 ¹·
79 2589 243 2630 dicimus,
268 2587 531 2622 conversionem
555 2586 782 2619 necessariam
807 2598 895 2625 esse,
923 2598 982 2620 seu
999 2587 1055 2619 in-

79 2646 208 2672 coatam
234 2639 487 2676 obedientiam,
515 2643 547 2670 et
571 2643 685 2670 tamen
710 2648 787 2670 cum
813 2637 924 2683 dicati:
952 2636 1054 2671 Fides

790 81 1179 123 ANNOTATIONES
1206 86 1256 123 ΙΝ
1282 86 1580 130 EVANGELIA.

2047 109 2126 149 486

1145 179 1203 206 tua
1224 173 1354 208 salvam
1378 182 1412 210 te
1432 177 1532 220 fecit,
1564 187 1710 217 testatur
1733 185 1837 221 etiam
1861 186 2041 235 Christus,
2067 210 2123 232 re-

1141 223 1345 282 missionem
1369 227 1480 272 accipi
1503 229 1590 272 fide,
1623 244 1694 267 non
1717 245 1861 282 propter
1883 242 2120 283 obedientiam

1139 280 1198 308 aut
1213 274 1450 311 dilectionem.

1239 331 1321 367 Alia
1351 335 1532 378 responsio
1563 345 1614 372 est
1643 343 1847 385 expeditior.
1900 348 2037 397 Duplex
2067 366 2117 393 est

1137 382 1323 418 absolutio,
1373 382 1455 418 Alia
1473 388 1719 432 conscientiae,
1748 406 1836 439 quae
1853 398 1982 435 fitfide.
2033 404 2115 443 Alia

1136 433 1275 476 publica
1305 446 1422 468 eoram
1447 433 1601 472 Ecclesia
1616 466 1625 480 ,
1657 453 1746 486 quae
1776 445 1812 478 fit
1836 457 1977 492 propter
1999 466 2102 498 opera

1134 482 1203 517 Sed
1213 484 1262 516 ‘de
1279 481 1334 517 his
1350 486 1586 522 solutionibus
1600 497 1730 534 postea.
1783 493 1885 531 Prius
1902 499 1974 544 ipsa
1991 487 2113 543 concio

1133 531 1265 590 Christi
1278 536 1528 579 consideretur,
1545 551 1634 584 quae
1646 549 1695 576 est
1706 544 1904 582 dulcissima
1918 555 2112 592 consolatio

1130 595 1209 631 piis,
1231 584 1452 629 adiungenda
1464 585 1546 622 huic
1557 593 1760 629 sententiae.
1813 596 1934 633 Gratia
1946 605 2112 642 exuberat

1130 645 1233 678 supra
1256 643 1452 694 peccatum,
1481 645 1514 672 et
1537 643 1667 684 opponi
1690 644 1793 679 debet
1810 651 2014 695 tentationi,
2041 669 2109 702 qua

1129 696 1189 718 cor
1209 688 1454 729 magnitudine
1472 691 1555 723 certi
1575 691 1722 727 alicuius
1738 699 1868 739 peccati
1885 703 2028 745 angitur
2070 717 2108 744 ut

1127 733 1252 769 Petrus
1262 737 1403 780 angitur
1413 747 1599 784 conspectu
1610 745 1814 788 negationis,
1828 751 2011 786 autDavid
2025 733 2109 791 c’on-

1126 792 1244 828 spectu
1260 788 1437 828 adulterii,
1465 791 1591 825 caedis.
1644 791 1713 827 Hic
1729 802 1938 843 opponenda
1957 811 2008 838 est
2023 819 2087 842 vox
2099 824 2106 829 ·

1127 834 1250 869 Gratia
1269 838 1433 873 exuberat
1447 851 1550 884 supra
1567 851 1756 887 peccatum,
1783 855 1814 881 et
1832 846 1904 883 bic:
1931 850 1996 886 Cui
2014 837 2107 891 mul..

1125 887 1432 946 tum-remittitur,
1457 891 1608 925 multum
1625 894 1757 938 diligit,
1784 900 1883 942 quasi
1899 902 2008 945 dicat,
2036 920 2106 953 quo

1124 948 1240 994 magis·
1264 949 1422 995 agnoscis
1449 941 1709 986 remissionem,
1745 957 1785 981 eo
1808 951 1917 994 magis
1940 964 2106 997 agnosces

1123 989 1403 1030 magnitudinem
1427 989 1585 1025 beneficii
1601 990 1667 1026 Dei
1691 1007 1769 1040 erga
1794 1005 1834 1032 te.
1888 1001 2007 1038 Maior
2023 1019 2103 1052 ergo

1122 1037 1262 1070 flamma
1288 1039 1368 1072 fidei
1391 1046 1424 1074 et
1440 1041 1638 1076 dilectionis
1654 1046 1784 1089 oritur,
1812 1056 1844 1084 et
1860 1051 2012 1089 vicissim
2031 1070 2103 1093 ma-

1122 1087 1172 1130 gis
1188 1088 1303 1131 diligit
1317 1089 1410 1123 Deus
1423 1092 1532 1135 magis
1551 1093 1764 1137 diligentem.

1223 1145 1282 1180 Sic
1293 1149 1493 1183 consolatur
1502 1148 1596 1184 Deus
1608 1153 1708 1187 valde
1721 1155 1909 1200 lugentem,
1933 1169 1966 1197 et
1976 1171 2102 1201 utrun-

1121 1207 1188 1240 que
1216 1198 1477 1241 complectitur,
1516 1207 1663 1236 testatur
1689 1202 1804 1240 Deum
1832 1222 1912 1245 vere
1942 1215 2102 1252 oblivisci

1120 1253 1258 1304 peccata
1287 1255 1426 1290 nostra,
1460 1256 1492 1284 et
1522 1263 1596 1284 non
1625 1260 1881 1302 μιήσικακιῖν,
1915 1271 1947 1297 et
1977 1267 2103 1304 tribuit

1119 1296 1258 1329 mulieri
1281 1297 1419 1332 laudem
1447 1312 1548 1334 verae
1570 1303 1807 1347 obedientiae,
1834 1317 1872 1344 ut
1891 1316 1999 1356 possit
2017 1320 2102 1352 reti-

1119 1356 1202 1378 nere
1220 1347 1334 1387 fidem,
1357 1355 1390 1382 et
1404 1349 1489 1384 sciat
1503 1362 1538 1383 se
1553 1352 1716 1398 deinceps
1733 1358 1866 1399 placere
1874 1360 1949 1397 Deo
1965 1366 2100 1402 etiamsi

1118 1401 1218 1428 antea
1246 1393 1467 1432 horribiliter
1487 1401 1646 1438 offendit.
1701 1404 1898 1451 Diligenter
1914 1413 2021 1457 igitur
2036 1419 2102 1452 ob*

1118 1446 1289 1480 servanda
1314 1454 1362 1481 est
1380 1446 1464 1482 haec
1480 1448 1612 1485 Christi
1631 1457 1841 1501 consolatio,
1870 1469 1901 1496 et
1917 1476 2100 1509 opponen-

1118 1496 1160 1529 da
1192 1498 1429 1540 magnitudini
1462 1500 1597 1545 lapsuS,
1632 1516 1677 1538 ne
1709 1514 1825 1549 postea
1853 1513 2088 1553 existimemus

1117 1557 1181 1579 nos
1204 1552 1319 1581 minus
1344 1549 1462 1593 diligi,
1488 1552 1607 1585 minus
1625 1556 1732 1599 recipi
1750 1565 1812 1594 etc.
1865 1560 1912 1597 Et
1930 1547 2100 1603 refer-atui1

1116 1597 1160 1629 ad
1187 1594 1254 1630 hoc
1277 1598 1428 1632 dictum:
1457 1599 1579 1635 Gratia
1605 1606 1769 1641 exuberat
1786 1620 1891 1653 supra
1908 1624 2085 1656 peccatum

1115 1644 1267 1680 Econtra
1291 1654 1429 1682 taxatur
1453 1652 1616 1694 superbia
1639 1652 1835 1699 Pharisaei,
1871 1659 1965 1698 hunc
1988 1643 2098 1711 signi-⁰

1115 1696 1193 1730 fleat
1218 1695 1380 1732 Christus
1409 1699 1572 1742 ignarum
1599 1714 1673 1737 esse
1697 1708 1913 1746 remissionis
1935 1725 2097 1758 peccato-

1114 1758 1192 1780 rum
1204 1771 1213 1787 ,
1240 1748 1390 1794 ideoque
1405 1750 1481 1784 sine
1496 1751 1685 1788 dilectione
1699 1768 1785 1792 esse.

1217 1813 1286 1849 Sed
1310 1817 1414 1850 redeo
1432 1818 1473 1850 ad
1493 1819 1696 1856 solutiones.
1749 1822 2020 1869 Expeditissima
2035 1843 2083 1870 est

1113 1864 1245 1906 dicere,
1271 1866 1446 1910 duplicem
1470 1879 1541 1902 esse
1567 1871 1830 1918 remissionem,
1857 1876 2015 1917 Alteram
2037 1863 2096 1919 co:

1113 1927 1186 1948 ram
1203 1914 1278 1949 Deo
1290 1943 1299 1956 ,
1325 1914 1415 1950 hanc
1437 1918 1512 1951 fieri
1529 1919 1607 1953 fide.
1659 1920 1818 1960 Alteram
1833 1940 1953 1964 coram
1971 1932 2095 1970 Eccle-

1112 1965 1180 2006 sia,
1206 1962 1297 2000 hanc
1316 1966 1391 2000 fieri
1409 1975 1551 2012 propter
1564 1970 1658 2005 hona
1671 1985 1788 2017 opera.
1834 1976 1880 2013 Et
1899 1978 1981 2017 huic
1998 1987 2094 2020 solu-

1111 2016 1199 2049 tioni
1230 2017 1486 2060 patrocinatur,
1527 2022 1621 2064 quod
1655 2025 1698 2056 ad
1731 2027 1913 2063 mulierem
1947 2034 2093 2070 dicitur:

1111 2065 1214 2099 Fides
1230 2073 1287 2099 tua
1304 2068 1434 2100 salvam
1452 2075 1483 2102 te
1497 2070 1587 2104 fecit.
1635 2072 1702 2107 Sed
1714 2073 1900 2114 Pharisaeo
1916 2088 2091 2120 accusanti

1110 2116 1294 2149 mulierem
1317 2124 1351 2151 et
1372 2118 1574 2161 damnanti,
1601 2122 1798 2167 allegantur
1819 2142 1922 2173 opera
1947 2141 1979 2167 et
2003 2136 2090 2170 dile-

1110 2166 1198 2208 ctio,
1224 2173 1263 2201 ut
1280 2169 1372 2212 apud
1390 2166 1484 2203 hunc
1502 2183 1643 2217 quoque
1661 2176 1873 2216 absolvatur.

1211 2233 1250 2268 Si
1279 2235 1358 2280 quis
1389 2243 1503 2270 autem
1527 2239 1659 2282 flagitat
1685 2243 1787 2277 aliam
1811 2249 2074 2291 responsionem

1081 2320 1083 2333 ζ
1109 2295 1189 2317 vera
1212 2291 1260 2318 est
1286 2292 1319 2319 et
1336 2286 1542 2321 insallabilis
1558 2293 1748 2334 sententia,
1777 2295 1879 2330 fidem
1896 2311 1968 2333 non
1990 2281 2088 2345 posse

1080 2349 1084 2386 1y
1108 2334 1174 2368 niti
1204 2336 1334 2379 pariter
1364 2339 1613 2381 promissione,
1648 2349 1679 2375 et
1711 2347 1914 2383 conditione
1946 2360 2085 2387 nostrae

1079 2388 1083 2441 ζ]
1107 2385 1304 2428 dignitatis,
1337 2388 1365 2421 si
1392 2389 1614 2431 cogitandum
1636 2393 1719 2434 erit,
1751 2401 1837 2431 tunc
1862 2396 2007 2434 habebis
2030 2415 2084 2436 re·

1080 2447 1083 2486 ἰ
1107 2435 1320 2479 missionem,
1343 2450 1422 2472 cum
1440 2439 1521 2473 satis
1537 2437 1683 2476 habebis
1698 2447 1913 2490 meritorum,
1938 2458 1977 2485 ut
1993 2452 2084 2488 clare

1079 2489 1082 2539 j
1106 2487 1257 2521 ostendit
1273 2488 1427 2522 narratio
1442 2489 1478 2522 in
1493 2496 1600 2531 textu,
1622 2504 1692 2526 non
1709 2496 1782 2530 vult
1798 2510 1862 2531 nos
1879 2511 1952 2533 eam
1969 2508 2083 2537 trans-

1079 2544 1082 2578 χ
1106 2537 1196 2570 serre
1219 2538 1256 2571 in
1277 2546 1396 2572 nostra
1420 2551 1543 2583 opera,
1571 2553 1634 2575 nec
1654 2551 1770 2587 potest
1786 2549 1903 2591 vagari
1921 2551 2023 2591 fides,
2050 2561 2082 2588 et

1078 2580 1226 2644 ⁴[relicto
1259 2590 1492 2634 propiciatore
1524 2603 1690 2636 quaerere
1721 2599 1898 2642 propriam
1931 2602 2082 2646 dignita-

1078 2647 1082 2678 4
1106 2643 1186 2671 tem.

1385 2689 1431 2722 51
1449 2687 1467 2703 ¹²
