2409 2915
278 99 349 135 147

873 91 1000 129 PHlL.
1026 91 1142 128 MEL.
1175 89 1386 128 SCRIPTA
1418 90 1717 130 EXEGETICA.

2236 96 2305 131 ¹48

280 187 374 232 quod
403 186 484 226 scit,
517 184 594 217 Deo
617 181 854 216 obediendum
880 193 971 221 esse,
998 187 1032 214 et
1056 178 1170 213 Deum
1196 179 1265 212 mi·
1316 178 1559 223 suntLegalia,
1577 181 1644 214 alia
1655 179 1881 224 Evangelica,
1907 181 1973 214 alia'
1992 180 2211 225 Dogmatica,
2235 183 2304 217 alia

1290 255 1292 269 .=
1318 228 1574 273 consolatoria,
1591 232 1657 265 alia
1676 232 1883 276 simpliciter
1898 231 2126 266 Narrationes
2149 235 2308 267 deeven—

237 270 241 274 ,
279 237 440 271 rabiliter
473 242 692 269 servaturum
725 244 796 266 esse
833 229 1046 269 Ecclesiam,
1100 238 1138 264 ut
1169 232 1263 274 apud

280 286 421 321 Esaiam
445 287 591 319 dicitur:
620 284 694 327 Ego
718 283 859 326 gestabo
878 295 959 326 vos,
989 283 1092 315 etiam
1111 282 1146 314 in
1165 293 1265 314 sene—

280 346 346 372 cta.
404 337 506 370 ltem:
542 334 587 368 Et
615 342 734 379 portae
762 335 957 367 inferorum
985 345 1058 366 non
1087 333 1265 376 praevale-

281 390 368 422 bunt
386 389 554 421 adversus
571 398 660 421 eam.

383 454 526 488 Tertius
544 454 639 487 locus
658 459 706 486 est
726 453 769 484 ab
790 450 896 491 mili,
915 450 1077 493 praemiis
1095 457 1128 484 et
1145 462 1162 482 a
1183 461 1266 494 poe-

281 507 354 544 nis,
381 505 533 538 discerni
559 516 688 548 poenas
712 503 882 535 atrocium
909 501 1078 533 scelerum
1101 501 1204 534 etiam
1229 501 1264 532 in

281 555 346 590 hac
364 557 454 595 vita,
483 563 515 588 et
540 562 656 588 tamen
683 560 759 597 post
784 550 873 584 lianc
895 552 1002 585 vitam
1029 551 1184 584 Ecclesia
1208 563 1266 583 or-

282 608 430 641 nabitur
454 605 604 639 aeternis
632 604 752 642 honis,
786 610 817 635 et
849 603 950 646 impii
986 603 1198 635 abiicientur
1229 602 1265 633 in

282 666 445 692 aeternos
470 657 657 689 cruciatus.
716 653 784 686 Hic
815 653 923 696 igitur
946 654 1070 686 tertius
1096 653 1192 685 locus
1216 658 1267 684 est

281 710 317 742 in
347 707 411 741 boc
433 708 542 745 libro,
578 706 710 739 scilicet
736 704 984 742 comminatio,
1012 714 1101 748 quae
1128 705 1266 735 ‹lenun-

281 760 346 793 ciat
365 770 494 800 poenas
512 758 677 791 omnibus
697 755 939 799 peccantibus,
967 767 1039 787 uon
1066 755 1179 787 solum
1209 766 1266 785 ex-

281 818 333 843 tra
354 808 566 848 Ecclesiam,
593 809 651 840 sed
681 807 783 840 etiam
811 807 846 838 in
865 805 1038 846 Ecclesia,
1071 813 1109 838 111
1132 805 1265 849 inquit:
1292 830 1293 834 ,

281 861 382 900 Scio,
410 861 505 905 quod
531 860 620 891 bene
643 859 709 892 erit
733 857 937 891 timentibus
962 856 1096 897 Deum,
1132 863 1165 889 et
1194 867 1266 887 non

283 913 373 945 bene
392 912 456 944 erit
474 910 594 954 impio.

386 977 461 1012 Hos
478 989 550 1011 esse
569 977 778 1021 princip:=les
798 976 891 1008 locos
909 973 1013 1007 buius
1035 973 1115 1006 libri
1133 979 1265 1006 certum
1292 971 1294 986 ³

283 1038 346 1066 est.
400 1029 522 1063 Postea
550 1029 659 1061 multa
684 1029 773 1060 dicta
801 1029 843 1059 de
868 1026 1116 1059 communibus
1134 1025 1267 1057 eventi-

284 1083 368 1122 bus,
394 1088 424 1113 et
443 1081 486 1113 de
503 1080 624 1113 rnubis
640 1079 829 1111 virtutibus
851 1077 1043 1109 miscentur
1099 1076 1167 1108 sed
1188 1075 1268 1108 uni—

284 1144 381 1165 versa
398 1132 558 1164 doctrina
579 1131 726 1163 refertur
744 1131 783 1161 ad
805 1127 869 1161 boc
883 1135 1002 1171 caput:
1032 1124 1154 1159 Deum
1173 1125 1267 1163 time,

284 1187 314 1217 et
333 1179 516 1215 mandata
537 1181 611 1214 eius
632 1179 800 1217 obser-ca,
830 1179 890 1212 ubi
916 1186 1026 1212 totum
1048 1179 1201 1218 cultum,
1223 1177 1268 1210 ti-
1294 1193 1295 1203 1

285 1247 440 1271 morem,
475 1233 577 1265 fldem
604 1239 636 1265 et
661 1232 754 1264 bona
781 1243 886 1273 opera
909 1229 1164 1272 complectitur.
1224 1226 1270 1260 Et

283 1287 329 1319 ita
350 1285 553 1329 profuturae
571 1289 653 1316 sunt
673 1280 777 1315 11111115
795 1281 876 1314 libri
895 1280 1173 1318 admonitiones,
1191 1290 1267 1311 cum

283 1335 490 1379 adiungitur
512 1334 672 1368 doctrina
699 1331 801 1372 fidei,
830 1334 872 1364 de
899 1343 981 1363 vero
1001 1330 1092 1370 Deo,
1122 1332 1164 1361 de
1185 1341 1269 1361 con-

285 1387 447 1420 versione
469 1397 529 1418 seu
555 1384 789 1428 poenitentia,
823 1383 864 1415 de
888 1382 1067 1424 agnitione
1089 1381 1169 1414 Filii
1195 1380 1270 1420 Dei,

287 1439 330 1472 de
346 1436 483 1470 iusticia
501 1436 600 1475 fidei,
629 1443 659 1468 et
683 1436 725 1467 de
744 1446 834 1467 nova
854 1433 1067 1467 obedientia.
1121 1431 1266 1465 (Joncio-

285 1497 389 1523 natur
418 1488 512 1521 enirn
537 1486 760 1520 auditoribus
785 1485 819 1517 in
838 1496 916 1516 vera
935 1482 1113 1522 Ecclesia,
1142 1484 1270 1528 quibus

285 1539 381 1574 Deus
404 1551 440 1572 se
463 1538 642 1582 patefecit,
670 1544 701 1569 et
728 1535 977 1579 promissiones
996 1535 1152 1568 tradidit.
1207 1535 1271 1567 At-

285 1604 352 1637 que
379 1591 424 1623 ita
442 1590 581 1633 placent
603 1588 674 1621 Deo
693 1600 796 1630 opera
816 1587 1028 1626 vocationis,
1057 1593 1089 1618 et
1114 1583 1149 1617 111
1172 1585 1271 1617 labo-

285 1654 339 1675 res
364 1641 456 1674 vitae
483 1640 569 1671 fiunt
595 1640 709 1671 cultus
733 1638 817 1675 Dei,
853 1649 931 1669 cum
964 1637 1049 1668 futes
1083 1637 1271 1679 praelucet,
1296 1671 1298 1677 Ι

285 1705 352 1738 qua
380 1703 497 1725 coram
514 1689 588 1723 Deo
618 1697 760 1732 propter
776 1687 906 1721 Filium
932 1688 1164 1719 redemtorem
1191 1687 1272 1719 iusti

287 1750 510 1788 reputamur,
538 1749 570 1774 et
589 1739 651 1773 bac
672 1741 742 1782 ipsa
769 1739 835 1771 fide
854 1738 982 1781 petitur
1004 1738 1214 1779 gubernatio
1242 1744 1272 1770 et

288 1794 457 1828 auxilium
484 1805 501 1825 a
527 1791 620 1830 D··o,
649 1791 734 1823 sicut
756 1788 931 1821 Dominus
950 1789 1084 1834 inquit:
1113 1788 1197 1821 Sim·
1222 1801 1274 1820 me

288 1843 380 1878 nibil
401 1844 543 1888 potestis
569 1843 690 1874 [moro.

290 1903 403 1929 vester
429 1893 587 1927 coelestis
613 1893 709 1925 dabit
734 1891 905 1934 Spiritum
932 1898 1090 1923 sanctum
1124 1890 1275 1933 petenti-

290 1949 367 1981 bus.
421 1943 463 1977 Et
482 1957 559 1977 cum
581 1944 667 1976 fides
687 1943 770 1984 regit
794 1942 940 1976 labores,
967 1941 1071 1972 simul
1095 1942 1196 1973 refert
1218 1953 1275 1972 eos

290 2000 330 2031 ad
351 1996 497 2041 gloriam
518 1995 593 2028 Dei.
647 1991 708 2027 Est
728 1993 822 2024 enirn
842 1994 955 2024 cultus
975 1991 1035 2024 Dei
1052 2004 1140 2035 opus
1164 2006 1181 2024 a
1204 1990 1275 2023 Deo

747 1840 848 1872 ltein:
879 1841 1022 1881 Quanto
1044 1841 1152 1883 inagis
1179 1847 1275 1882 pater

1290 273 1293 288 1

1318 280 1428 320 tibus,
1455 293 1514 315 seu
1532 282 1637 315 bonis
1653 295 1713 316 seu
1731 283 1843 316 malis.

1420 346 1546 390 Legale
1563 356 1631 389 est,
1659 357 1697 382 ut
1724 349 1762 381 in
1787 345 1854 382 hoc
1875 349 1967 383 libro
1991 361 2093 394 saepe
2115 350 2301 394 repetitum

1290 397 1293 405 '
1317 405 1539 440 praeceptum
1565 400 1608 431 de
1635 400 1837 433 vocatione:
1872 399 2004 434 Sedulo
2029 401 2133 434 facito
2155 401 2305 444 labores,

1291 480 1292 486 ¹
1318 459 1405 492 quos
1422 448 1485 481 tibi
1502 448 1597 482 Dens
1616 450 1724 485 dedit.

1776 448 1819 483 Et
1842 451 1884 482 ad
1905 459 2085 495 praecepta
2104 453 2304 495 adiungan-

1318 505 1375 531 tur
1394 499 1703 541 comminationes,
1730 507 1770 534 ut
1787 498 1861 534 hic:
1888 500 1969 535 Non
1987 503 2076 535 bene
2095 503 2160 536 erit
2178 503 2303 548 impio.

1418 563 1631 610 Evangelica
1653 574 1753 608 sunt,
1780 575 1833 601 nt:
1863 566 1937 610 Qui
1960 569 2070 602 credit
2095 569 2132 602 in
2160 569 2304 612 Filium,

1318 613 1423 649 habet
1439 617 1546 650 vitam
1564 625 1754 653 aeternam.
1790 617 1834 651 Et
1851 615 1921 651 huc
1939 619 2136 653 reserantur
2161 620 2229 654 alia
2245 622 2302 654 di-

1318 673 1370 700 cta
1397 668 1440 700 de
1464 668 1548 709 fide,
1571 669 1613 701 de
1638 668 1861 702 invocatione
1878 676 1911 702 et
1927 669 1970 702 de
1986 670 2304 710 consolationibus,

1318 729 1407 762 quae
1434 718 1560 762 passim
1585 731 1722 763 sparsae
1744 727 1826 753 sunt
1850 719 1886 752 in
1911 720 2042 753 divinis
2061 721 2307 763 concionibus,

1319 776 1375 801 ut:
1405 767 1515 802 Petite
1533 776 1566 803 et
1583 771 1770 814 accipietis.
1825 769 1968 813 Quanto
1989 772 2098 815 magis
2124 778 2221 815 pater
2245 784 2306 806 ve-

1292 854 1293 862 *
1319 825 1390 851 ster
1415 820 1572 853 coelestis
1595 821 1692 854 dabit
1710 821 1884 864 Spiritum
1909 828 2067 854 sanctum
2095 823 2309 866 petentibus.

291 2050 517 2087 mandatum,
546 2047 673 2079 sactum
700 2043 823 2076 fiducia
853 2042 932 2075 Filii
960 2041 1041 2081 Dei,
1077 2043 1175 2075 cuius
1199 2043 1277 2074 sinis
1301 2042 1302 2057 ³

291 2098 497 2144 principalis
522 2104 588 2137 est,
623 2103 661 2129 ut
687 2093 770 2128 haec
796 2094 998 2126 obedientia
1026 2092 1099 2125 Deo
1130 2101 1276 2137 praestet

294 2150 478 2189 bonorem,
506 2156 539 2181 et
556 2148 735 2181 ostendat,
759 2157 822 2177 uos
840 2144 932 2177 1111111·
951 2157 1070 2177 veruin
1093 2144 1202 2177 Deum
1225 2145 1279 2177 in-

296 2213 439 2240 vocare,
467 2201 525 2244 qui
554 2211 587 2231 se
614 2198 648 2230 111
672 2195 826 2230 Ecclesia
852 2197 1022 2240 patefecit.

294 2253 398 2285 etiam
426 2252 526 2284 affert
553 2262 671 2294 parvm
697 2248 814 2283 cordi,
843 2248 923 2291 quia
942 2247 1082 2280 subiicit
1105 2259 1167 2279 11115
1196 2247 1280 2284 11111,
1305 2263 1306 2270 1

1079 2195 1172 2228 llaec
1197 2197 1279 2228 sides
1303 2192 1306 2245 l

294 2303 415 2338 statuit
436 2301 548 2335 Deum
566 2303 684 2333 ado-sse
701 2299 898 2332 adiutorem
918 2305 949 2331 et
970 2297 1211 2335 liberatorem,
1239 2299 1281 2329 111·
1305 2332 1308 2341 .

296 2368 363 2400 qua
391 2353 521 2386 Paulus
546 2352 648 2384 dicit:
680 2350 749 2383 Pax
775 2350 836 2384 Dei
864 2361 1032 2392 superaus
1055 2350 1174 2381 munia
1198 2362 1280 2381 con·
1306 2345 1308 2348 ¹

1307 2404 1309 2430 ἓ
1334 2397 1433 2431 libris
1449 2395 1664 2441 propheticis
1684 2404 1716 2430 et
1733 2393 1943 2440 apostolicis.

297 2407 375 2439 silia
398 2404 524 2437 mentis
542 2400 735 2440 hnmanae,
764 2401 936 2434 custodiat
961 2401 1205 2434 cordavestra.

402 2472 492 2505 Cum
508 2477 622 2504 autem
645 2469 759 2501 variae
778 2468 969 2501 sententiae
993 2468 1028 2500 in
1057 2465 1117 2499 bas
1143 2467 1283 2499 com-io-
1307 2469 1309 2492 ²

249 2560 253 2562 ,
301 2537 360 2557 nes
387 2535 523 2566 sparsae
547 2523 636 2561 51111,
672 2520 858 2563 prudentia
892 2517 1103 2551 adhibeatur
1127 2517 1161 2550 111
1192 2518 1283 2549 111111-

301 2576 414 2609 cando
440 2573 643 2606 discrimine
673 2583 804 2604 earum.

301 2625 466 2660 omuibus
486 2624 622 2665 scriptis
640 2635 728 2669 quae
744 2621 923 2655 contine-ui
943 2620 1151 2658 sententias,
1179 2632 1284 2661 geni·—

303 2690 338 2711 ra
358 2676 525 2718 distingui
545 2686 682 2708 necesse
703 2681 760 2707 est.

868 2568 918 2603 Ac
950 2569 984 2602 in
1017 2569 1220 2602 uuiversum
1250 2569 1283 2601 in

1292 888 1294 893 =
1320 868 1365 903 Et
1382 871 1418 902 in
1436 867 1500 903 boc
1519 871 1626 904 libro:
1652 872 1724 914 Qui
1749 872 1843 905 videt
1861 873 1996 905 bonum
2020 873 2063 905 de
2089 873 2210 906 labore
2228 885 2307 913 suo,

1319 921 1452 954 donum
1471 920 1537 954 Dei
1555 928 1617 955 est.
1669 921 1747 956 Etsi
1771 923 1863 956 enim
1882 923 2067 957 obscurius
2093 925 2136 956 de
2161 924 2229 957 fide
2254 925 2310 958 lo-

1320 973 1459 1016 quitur,
1487 979 1602 1005 tamen
1627 972 1817 1016 significat,
1845 975 2036 1018 petendum
2061 981 2095 1008 et
2115 981 2307 1018 expectan-

1320 1024 1404 1055 dum
1430 1035 1501 1056 esse
1526 1023 1715 1062 auxilium,
1743 1024 1831 1057 sicut
1849 1023 2008 1058 Psalmus
2034 1025 2167 1070 inquit:
2199 1026 2309 1059 Com-

1321 1075 1447 1106 menda
1464 1074 1540 1108 Deo
1561 1074 1651 1107 viam
1671 1080 1785 1112 tuam,
1814 1082 1845 1108 et
1865 1086 1964 1119 spera
1987 1075 2024 1108 in
2048 1088 2147 1116 eum,
2175 1083 2208 1110 et
2233 1076 2309 1119 ipse

1321 1125 1434 1158 saciet.
1486 1123 1659 1168 Congruit
1676 1132 1708 1158 et
1726 1137 1804 1158 curn
1832 1122 1899 1158 hoc
1919 1126 2031 1159 dicto:
2059 1125 2140 1160 Non
2166 1128 2232 1161 erit
2256 1127 2310 1160 la-

1321 1176 1385 1208 bor
1402 1183 1516 1209 vester
1530 1176 1647 1209 inanis
1665 1176 1700 1208 in
1720 1175 1889 1210 Domino.

1424 1242 1503 1277 Alia
1521 1250 1604 1277 sunt
1616 1244 1838 1287 Dogmatica,
1866 1250 1904 1277 ut
1923 1245 1967 1277 de
1985 1243 2134 1277 essentia
2155 1242 2239 1285 Dei,
2265 1244 2311 1278 de

1322 1295 1562 1338 providentia,
1597 1296 1640 1327 de
1665 1295 1845 1328 voluntate
1864 1295 1952 1335 Dei,
1978 1296 2020 1327 de
2045 1295 2189 1328 iudicio.
2245 1293 2311 1329 Ut:

1321 1346 1442 1378 Alium
1474 1345 1588 1379 Deum
1622 1352 1759 1388 praeter
1789 1357 1844 1378 me
1869 1345 2021 1384 nescias,
2054 1357 2118 1378 nec
2147 1353 2197 1379 est
2220 1346 2312 1379 alius

1322 1396 1428 1431 Deus.
1484 1395 1570 1429 Item
1598 1396 1634 1429 in
1661 1393 1727 1430 hoc
1751 1396 1863 1430 libro:
1902 1396 2090 1430 Manifesta
2115 1403 2150 1430 et
2173 1397 2311 1430 occulta

1323 1447 1494 1480 iudicabit
1512 1446 1619 1482 Deus.

1425 1514 1668 1550 Consolatoria
1697 1515 1896 1548 reserantur
1919 1515 1961 1547 ad
1988 1513 2222 1558 Evangelsta,
2256 1520 2315 1549 ut:

1324 1565 1438 1610 Prope
1475 1574 1523 1600 est
1552 1565 1647 1599 Deus
1682 1563 1757 1604 bis,
1794 1566 1855 1611 qni
1890 1566 2059 1600 tribulato
2086 1573 2168 1600 sunt
2194 1566 2313 1599 corde.

1326 1616 1428 1651 ltem:
1459 1617 1588 1651 Invoca
1606 1630 1660 1651 me
1681 1617 1716 1649 in
1735 1617 1790 1650 die
1811 1617 2074 1658 tribulationis,
2102 1624 2135 1650 et
2154 1626 2216 1660 ego
2243 1615 2316 1649 eri-

1325 1680 1418 1711 piam
1444 1675 1488 1701 te.

1427 1735 1654 1769 Narrationes
1672 1736 1714 1768 de
1732 1734 1918 1767 eventibus
1937 1740 2037 1774 sunt,
2065 1740 2103 1767 ut
2122 1733 2158 1766 in
2178 1730 2245 1768 boc
2270 1735 2317 1768 li·

1326 1788 1389 1820 bro
1423 1787 1553 1819 multae
1587 1793 1684 1819 suut:
1728 1785 1883 1818 Moritur
1912 1785 2035 1817 doctus
2063 1791 2100 1818 ut
2138 1784 2313 1819 indoctus.

1325 1837 1441 1871 Curva
1469 1849 1539 1869 non
1565 1837 1651 1869 fiunt
1679 1843 1780 1868 recta.
1836 1835 1914 1868 Non
1939 1842 1987 1867 est
2017 1835 2126 1868 iustus
2152 1835 2189 1867 in
2209 1842 2317 1877 terra,

1327 1889 1387 1932 qui
1413 1900 1490 1919 cum
1515 1894 1606 1919 recte
1630 1887 1732 1929 facit,
1760 1886 1953 1918 nunctiant
1974 1892 2100 1929 peccet.
2155 1883 2201 1919 Et
2229 1899 2316 1931 prn—

1327 1941 1450 1971 denter
1480 1938 1710 1970 discernenda
1741 1945 1822 1971 suut
1854 1937 1966 1975 dicta,
2006 1949 2094 1980 quae
2127 1937 2315 1972 continent

1327 1989 1522 2022 decisiones
1546 1996 1576 2021 et
1605 1988 1874 2032 promissiones,
1902 1999 1919 2019 a
1948 1987 2233 2029 narrationibus,
2259 1996 2316 2024 ut:

1330 2041 1485 2074 Fortuna
1504 2051 1606 2084 quem
1627 2039 1775 2072 nimium
1795 2039 1908 2076 fond,
1934 2038 2079 2071 stultum
2097 2038 2188 2071 facit.
2234 2038 2317 2073 Vel:

1332 2092 1527 2124 Luxuriant
1549 2091 1657 2122 animi
1683 2091 1787 2122 rebus
1819 2089 2016 2133 plerunque
2048 2089 2218 2123 secundis.
2272 2087 2320 2125 Et

1332 2143 1367 2175 in
1392 2141 1456 2175 boc
1483 2142 1591 2175 libro:
1624 2141 1705 2174 Vidi
1735 2141 1769 2173 in
1795 2141 1871 2173 loco
1898 2140 2054 2173 iustitiae
2081 2139 2320 2184 iniquitatem.

1331 2193 1435 2227 Tales
1452 2193 1670 2227 narrationes
1688 2204 1757 2226 non
1775 2191 1977 2235 approbant
1995 2190 2085 2224 mala
2097 2216 2105 2229 ,
2122 2192 2180 2224 scd
2201 2198 2319 2226 osten-

1332 2246 1440 2283 dunt,
1457 2251 1493 2277 ut
1512 2244 1634 2277 moniti
1652 2243 1915 2276 consideremus
1930 2254 1967 2274 ea
1980 2269 1989 2281 ‚
2013 2248 2044 2274 et
2065 2243 2174 2274 simus
2190 2242 2319 2276 intenti

1333 2298 1375 2328 ad
1395 2296 1611 2335 cavendum,
1642 2295 1730 2328 sicut
1756 2294 1912 2326 medicus
1931 2299 2082 2326 recenset
2101 2299 2133 2324 et
2151 2292 2321 2328 describit

1334 2348 1489 2381 morbos.
1544 2345 1636 2379 llaec
1655 2346 1725 2378 dixi
1743 2345 1786 2377 de
1805 2343 1993 2386 generibus
2007 2342 2265 2378 sententiarum
2281 2344 2319 2378 in

1438 2465 1510 2499 lam
1537 2465 1804 2498 considerentur
1837 2468 1869 2495 et
1893 2458 2157 2505 pbilosopbicae
2181 2469 2323 2498 senten-

1335 2518 1414 2552 uae.
1471 2516 1509 2550 lu
1529 2515 1582 2550 bis
1603 2526 1674 2549 non
1692 2521 1773 2547 sunt
1787 2512 2019 2554 Evangelicae
2036 2520 2068 2546 et
2087 2510 2323 2554 Dogmaticae.

1308 2562 1310 2568 ’
1335 2570 1403 2601 Sed
1430 2575 1513 2602 suut
1531 2574 1588 2600 aut
1609 2566 1770 2610 begam-s,
1799 2571 1855 2597 aut
1877 2561 2104 2597 Narrationes
2123 2566 2165 2596 de
2183 2566 2322 2599 eventi-

809 2671 846 2706 ln
865 2671 973 2706 sacris
993 2671 1090 2705 libris
1109 2671 1174 2704 alia
1193 2672 1284 2704 dicta
1310 2702 1311 2710 ,

1337 2619 1420 2654 bus.
1460 2626 1515 2654 ut:
1569 2619 1645 2664 λαῷ
1675 2615 1722 2661 111]
1759 2615 1925 2658 πίστευε,
1960 2611 2190 2660 πολύτροπος
2222 2615 2324 2652 ἐστὶν

1339 2668 1398 2712 illm
1406 2673 1475 2708 λος.
