2409 2915
31 135 108 171 895
287 132 370 170 XII.

29 221 118 254 lium
144 218 200 253 est'
217 219 372 265 potentia
395 217 462 254 Dei
483 218 527 252 ad
557 217 705 251 salutem
729 216 826 250 omni
850 216 1018 257 credenti,

31 270 138 306 Rom.
160 273 193 305 1.

134 320 231 356 Ilaec
245 319 441 355 consolatio
458 319 501 353 sit
518 325 625 362 grata,
653 324 692 352 ut
708 318 870 359 sciamus,
897 317 956 351 ubi
975 317 1018 351 sit

30 370 208 414 Ecclesia,
242 379 275 406 et
298 370 477 417 quomodo
510 369 713 412 colligatur,
747 376 781 403 et
807 370 902 415 quod
926 368 1018 402 filius

30 422 96 457 Dei
112 424 155 458 sit
174 423 292 458 efficax
308 433 371 467 per
388 432 508 455 vocem
526 420 783 455 ministrorum.

334 521 381 546 De
407 519 516 546 tertio
541 519 711 546 articulo.

133 573 275 609 Tertius
303 572 473 606 articulus
497 579 548 606 est
572 570 760 616 promissio
792 575 825 603 et
854 568 1015 602 consola-

34 626 84 660 tio
104 626 146 659 de
163 623 393 669 perpetuitate
410 622 606 663 Ecclesiae,
632 627 665 655 et
683 627 804 666 portae
821 619 1016 653 inferorum

31 688 104 710 non
123 675 375 719 praevalebunt
392 674 559 707 adversus
582 684 668 706 eam.

133 724 234 759 Hanc
250 725 522 770 promissionem
540 731 574 758 et
599 721 875 756 consolationem
900 720 1018 765 quoti-

31 777 88 810 die
107 776 297 818 cogitemus
319 775 356 809 in
373 775 580 810 recitatione
599 773 779 820 Symboli:
807 771 922 806 Credo
947 782 1017 803 esse

31 824 260 862 Catholicam.

132 877 251 920 Quare
276 882 391 910 autem
409 874 504 909 Deus
524 873 737 907 nominatim
760 870 856 906 hunc
886 871 1017 905 articu-

30 929 104 962 lum
136 928 173 961 in
196 927 365 973 Symbolo
396 925 565 960 tradidit?
593 924 685 968 Quia
710 924 746 956 in
774 929 869 956 tanta
893 922 1017 969 confu—

30 979 129 1013 sione
158 978 295 1022 generis
322 975 486 1017 humani,
522 988 600 1009 cum
628 975 761 1020 ubique
799 972 901 1006 multi
934 971 1016 1005 mali

32 1030 120 1070 siut,
152 1029 242 1062 ratio
267 1028 415 1071 cogitat,
459 1027 576 1060 nullos
602 1024 764 1059 homines
793 1023 1018 1067 singulariter

32 1092 134 1114 curae
165 1091 238 1113 esse
262 1077 348 1114 Deo.
410 1078 513 1121 Item,
550 1089 629 1110 cum
655 1075 809 1109 Ecclesia
834 1074 1017 1118 praecipue

31 1132 75 1165 sit
91 1130 240 1171 afflicta,
274 1130 391 1162 minus
419 1129 543 1169 cogitat
563 1128 660 1160 illam
686 1127 846 1159 miseram
871 1135 1015 1167 congre-

31 1182 205 1224 gationem
234 1191 336 1214 curae
369 1190 440 1213 esse
467 1178 561 1219 Deo,
602 1189 705 1223 quam
738 1177 825 1210 alios
858 1173 1017 1208 homines

31 1233 209 1267 fiorentes.

136 1281 181 1315 Ut
204 1288 318 1315 autem
344 1281 493 1315 sciamus
517 1291 589 1313 esse
612 1286 740 1313 certam
774 1276 1015 1319 congregatio-

32 1345 135 1371 nem,
169 1344 273 1377 quam
301 1330 392 1364 Deus
421 1331 554 1373 diligit,
590 1337 623 1364 et
649 1331 684 1362 iu
710 1340 778 1374 qua
802 1326 956 1364 habitat,
985 1333 1016 1359 et
1041 1321 1045 1359 l

31 1384 107 1416 vult
124 1394 198 1415 eam
217 1383 401 1420 exaudire,
428 1388 609 1425 protegere
632 1387 665 1413 et
689 1381 846 1418 salvare,
872 1377 1016 1410 tradidit

31 1432 93 1467 has
111 1433 377 1476 promissiones,
412 1432 506 1476 quod
531 1431 577 1464 sit
598 1441 735 1472 semper
757 1429 875 1473 aliqua
893 1426 1015 1461 Eccle-

29 1485 100 1524 sia,
126 1490 159 1517 et
177 1483 251 1516 vult
267 1494 330 1515 nos
349 1479 415 1515 hoc
439 1481 593 1525 profiteri
616 1481 653 1515 in
671 1480 862 1526 Symbolo,
890 1485 928 1513 ut
951 1489 1016 1510 nos

30 1537 74 1568 de
97 1532 389 1578 promissionibus
415 1532 546 1565 divinis
569 1530 941 1569 commonefaciamus,
984 1535 1013 1561 et

30 1596 104 1619 non
123 1583 313 1626 cogitemus
330 1594 393 1616 nos
409 1594 427 1616 a
444 1581 519 1616 Deo
544 1583 696 1615 abiectos
717 1592 799 1614 esse.
859 1580 929 1614 Sed
958 1577 1016 1612 liic

30 1645 152 1669 rursus
183 1634 263 1667 sciri
298 1639 452 1677 oportet,
489 1644 576 1678 quae
603 1640 635 1666 et
659 1632 720 1666 ubi
753 1632 815 1671 sit,
844 1637 883 1664 ut
911 1641 1016 1674 supra

32 1687 165 1720 dictum
201 1691 268 1725 est,
310 1683 459 1724 scilicet,
498 1695 586 1728 quae
618 1683 794 1716 aedificata
834 1687 883 1714 est
912 1692 1016 1725 supra

31 1735 231 1776 Christum,
271 1746 359 1778 quae
385 1741 483 1768 sonat
509 1745 627 1767 vocem
651 1732 857 1776 Evangelii,
882 1738 916 1765 et
944 1743 1016 1764 non

33 1787 190 1821 defendit
214 1785 310 1820 idola
333 1791 367 1818 et
390 1782 638 1828 blasphemias,
690 1782 951 1826 Circumspice,
985 1788 1017 1814 et

31 1849 177 1884 quaere,
203 1836 263 1870 ubi
287 1835 330 1868 sit
352 1832 526 1876 Ecclesia,
554 1841 587 1867 et
612 1841 644 1868 te
670 1834 698 1867 ei
725 1833 925 1877 adiungito,
961 1832 1016 1865 in—

30 1888 235 1928 vocatione,
258 1885 489 1927 confessione,
516 1891 548 1919 et
565 1885 764 1919 dilectione.
801 1884 896 1918 Ilaec
915 1894 1017 1928 prae-

31 1939 169 1984 cipiunt
186 1937 326 1971 Psalmi.

129 1988 258 2024 Psalm.
282 1988 342 2023 27.
379 1985 498 2021 Unum
526 1984 594 2020 hoc
619 1985 704 2030 petii
728 1996 746 2018 a
769 1984 943 2025 Domino,
978 1991 1017 2018 ut
1042 2011 1043 2025 ς

30 2038 187 2074 habitem
215 2039 252 2072 in
283 2040 389 2072 domo
411 2037 559 2071 Domini
584 2037 749 2071 omnihus
777 2036 903 2069 diebus
927 2036 1018 2069 vitae

34 2103 264 2174 meapbsalm.
291 2138 352 2174 92.
398 2137 552 2172 Plantati
578 2138 614 2170 in
641 2138 746 2171 domo
770 2135 936 2175 Domini,
979 2136 1015 2169 in

31 2191 130 2227 atriis
154 2192 280 2223 domus
296 2189 362 2223 Dei
380 2189 490 2222 nostri
511 2189 701 2221 florebunt.

134 2240 243 2276 Multi
278 2252 372 2273 nunc
396 2247 567 2283 vagantur
594 2249 756 2277 errones,
789 2238 850 2282 qui
883 2237 1017 2271 nullius

31 2291 210 2328 Ecclesiae
243 2291 335 2324 cives
369 2297 460 2326 sunt.
521 2289 597 2323 Hoc
627 2301 701 2321 non
732 2288 918 2328 faciamus,
957 2290 1015 2320 sed

31 2345 207 2378 discamus
226 2353 326 2376 nosse
342 2353 459 2374 veram
476 2339 680 2380 Ecclesiam,
707 2345 741 2373 et
757 2338 788 2372 ei
806 2350 870 2371 nos
890 2338 1018 2371 adiuu-

55 2405 162 2429 amus.

31 2407 51 2440 g
132 2443 178 2478 Et
197 2443 302 2476 simul
325 2442 517 2487 cogitemus
541 2439 798 2474 consolationes
823 2451 925 2472 verae
948 2436 1018 2472 Ec-

3 2510 7 2512 *
32 2495 154 2531 etesiae
170 2494 326 2530 traditas.
378 2492 592 2538 Quanquam
609 2491 760 2524 sustines
777 2501 919 2533 magnas
937 2501 1017 2534 per-

32 2546 246 2583 secutiones,
275 2551 392 2578 tamen
410 2543 504 2578 filius
523 2542 586 2577 Dei
606 2554 677 2575 non
695 2541 786 2574 sinet
802 2553 877 2574 eam
895 2541 1016 2582 deleri,

32 2597 121 2632 sicut
152 2595 307 2636 vidistis,
339 2593 489 2638 Hispani
515 2601 548 2627 et
571 2592 756 2637 Episcopi,
789 2599 822 2626 et
847 2589 1016 2625 Monacbi

33 2647 225 2681 voluissent
242 2652 354 2680 totum
371 2642 466 2678 hunc
483 2645 597 2678 locum
616 2643 738 2685 deleri,
766 2649 800 2678 et
814 2654 879 2676 nos
895 2653 1017 2676 omnes

32 2697 198 2740 interfici,
221 2695 317 2732 Deus
335 2702 451 2732 tamen
468 2693 618 2742 protexit
633 2705 710 2731 nos.

424 128 817 167 ANNOTATIONES
845 130 909 165 ET
939 127 1218 166 CONCIONES
1248 129 1298 163 IN
1327 127 1507 164 EVANG.
1536 125 1815 164 MATTHAEI.

1989 127 2061 161 894

1176 214 1225 248 lta
1262 215 1391 248 dicitur
1421 215 1464 247 de
1496 221 1638 248 externo
1675 213 1891 254 ministerio,
1936 212 2058 246 Esaiae

1072 263 1147 299 51.:
1176 264 1282 298 Posui
1309 266 1455 298 verbum
1474 276 1590 297 meum
1615 265 1652 297 in
1675 277 1734 297 ore
1759 271 1838 302 tun,
1873 270 1905 298 et
1932 265 2058 297 umbra

1071 327 1196 350 manus
1212 327 1306 348 meae
1325 315 1458 359 protexi
1474 322 1525 356 te,
1551 321 1589 348 ut
1605 315 1739 358 plantes
1758 315 1885 350 coelos.

1176 365 1334 408 Cogitate
1360 373 1488 410 quanta
1520 366 1714 398 consolatio
1740 366 1799 405 sit,
1829 378 1906 398 cnm
1931 367 2060 407 cogitas

1073 424 1104 451 te
1131 428 1202 449 esse
1236 417 1435 449 membrum
1461 415 1651 454 Ecclesiae,
1687 423 1718 448 et
1747 416 1935 449 Ecclesiam
1964 426 2059 450 certo

1071 468 1210 502 defendi
1235 479 1252 500 a
1271 467 1341 499 lilio
1365 465 1449 504 Dei,
1484 466 1571 499 sicut
1595 466 1796 499 defenditur
1823 467 1859 498 in
1884 468 1971 500 mari
1998 480 2060 500 ru-

1072 519 1158 558 bro,
1185 518 1221 550 in
1246 518 1388 550 fornace
1410 515 1628 562 Babylonica
1654 523 1717 549 etc.
1751 516 1897 559 Semper
1922 518 1970 550 sic
1997 520 2058 550 de-

1070 569 1228 603 fenditur
1258 567 1431 605 Ecclesia,
1477 567 1609 600 etiamsi
1648 579 1721 599 non
1756 567 1917 599 videmus
1949 569 2058 601 oculis

1072 631 1279 664 corporum,
1305 619 1360 650 vel
1377 617 1533 661 pericula
1551 618 1604 651 vel
1623 618 1889 661 protectionem.

1174 668 1226 704 De
1267 669 1498 713 perpetuitate
1528 668 1702 702 Ecclesiae
1741 668 1899 712 loquitur
1928 675 1958 702 et
1994 666 2059 701 boc

1071 721 1214 761 dictum,
1240 719 1362 754 Esaiae
1379 718 1458 754 59..·
1486 718 1563 751 Hoc
1581 726 1629 753 est
1644 719 1766 752 foedus
1781 731 1916 758 meum,
1942 718 2057 764 Spiri-

1070 779 1126 806 tus
1143 783 1257 811 meus,
1285 771 1346 816 qui
1373 777 1424 804 est
1444 770 1550 808 inte,
1580 776 1612 803 et
1636 771 1740 802 xerba
1767 782 1860 809 mea,
1888 782 1976 814 quae
1994 782 2059 814 po-

1069 823 1123 856 sui
1147 822 1185 854 in
1210 834 1270 855 ore
1296 828 1375 862 tuo,
1412 833 1484 854 non
1507 821 1668 853 recedent
1697 821 1739 853 de
1762 832 1821 853 ore
1846 827 1923 857 tuo,
1958 828 1989 853 et
2015 822 2057 853 de,

1070 886 1129 907 ore
1158 872 1302 906 seminis
1335 872 1404 911 tui,
1439 871 1524 905 dicit
1549 869 1744 912 Dominus,
1779 870 1945 915 deinceps
1968 878 1998 904 ct
2022 873 2058 903 in

1069 925 1334 968 sempiternum.

1170 973 1270 1006 Hanc
1295 972 1572 1006 consolationem
1592 971 1792 1005 meminisse
1807 972 1995 1013 debemus,
2022 979 2053 1005 et

1070 1025 1175 1058 simul
1197 1023 1279 1056 binc
1298 1025 1451 1062 discere,
1477 1035 1567 1067 quae
1590 1029 1621 1055 et
1646 1023 1707 1055 ubi
1734 1023 1778 1056 sit
1795 1035 1875 1056 vera
1893 1022 2059 1063 Ecclesia,

1070 1075 1250 1113 videlicet,
1278 1075 1339 1107 ubi
1357 1081 1458 1107 sonat
1475 1072 1541 1107 boc
1558 1074 1723 1114 verbum,
1750 1073 1793 1108 de
1817 1086 1887 1118 quo
1912 1074 2057 1108 dicitur:

1072 1126 1188 1160 Verba
1207 1137 1280 1158 mea
1298 1138 1384 1170 quae
1403 1125 1502 1169 posui
1520 1125 1556 1157 in
1581 1136 1640 1156 ore
1666 1130 1736 1157 tuo.

1170 1176 1211 1210 Et
1233 1176 1268 1208 in
1286 1177 1404 1208 eadem
1422 1175 1575 1208 Ecclesia
1595 1181 1643 1207 est
1659 1174 1812 1219 Spiritus
1830 1182 1986 1214 sanctus,
2014 1176 2056 1207 de.

1069 1240 1138 1272 quo
1157 1225 1214 1259 liic
1231 1227 1331 1260 dicit:
1359 1226 1512 1270 Spiritus
1528 1236 1644 1265 meus,
1673 1226 1732 1270 qui
1751 1233 1799 1260 est
1818 1226 1853 1258 in
1873 1233 1915 1261 te.
1954 1226 2055 1260 ltem:

1042 1307 1044 1320 ,
1068 1277 1179 1311 Nemo
1197 1278 1307 1320 rapiet
1323 1289 1378 1309 eas
1395 1289 1433 1310 ex
1452 1276 1615 1309 manibus
1635 1276 1731 1310 meis.

1175 1327 1280 1360 Tales
1305 1327 1495 1361 sententias
1514 1327 1713 1360 meminisse
1731 1335 1764 1362 et
1782 1339 1882 1372 saepe
1903 1327 2054 1370 cogitare

1069 1378 1215 1413 debetis.

1379 1478 1534 1507 Quartus
1564 1476 1744 1502 articulus

1443 1530 1482 1555 de
1499 1530 1682 1554 clav-ibus.

1170 1580 1251 1615 Duo
1276 1587 1356 1614 sunt
1380 1582 1550 1616 vocabula
1574 1582 1700 1616 usitata
1729 1582 1940 1626 scripturae,
1983 1584 2055 1625 gla-

1069 1631 1149 1665 dius
1166 1639 1196 1664 et
1215 1632 1337 1666 claves.

1172 1681 1322 1715 Gladius
1339 1681 1510 1724 significat
1528 1689 1730 1726 potestatem
1750 1683 1938 1726 politicam,
1966 1695 2055 1728 quae

1070 1733 1172 1766 debet
1195 1732 1283 1766 tueri
1307 1732 1528 1775 disciplinam
1548 1739 1579 1766 et
1598 1745 1714 1776 pacem
1734 1733 1768 1766 vi
1787 1734 1970 1778 corporali.
2012 1734 2057 1768 Et

1070 1790 1119 1816 est
1152 1783 1364 1816 vocabulum
1391 1783 1549 1816 terribile
1579 1784 1734 1827 gladius,
1771 1785 1852 1829 quia
1883 1784 2056 1826 regimina

1069 1833 1208 1877 politica
1228 1840 1309 1867 sunt
1334 1833 1518 1869 terribilia.
1572 1834 1698 1869 Videte
1717 1842 1887 1880 quantum
1913 1836 1956 1868 sit
1980 1836 2056 1869 bel-

1070 1886 1184 1918 lorum
1203 1891 1235 1918 et
1257 1883 1510 1928 suppliciorum
1529 1890 1592 1920 etc.

1170 1933 1295 1968 Claves
1326 1934 1523 1977 significant
1558 1936 1821 1977 oeconomiam,
1869 1937 2055 1983 Soaussrcgir

1070 1989 1165 2020 ment.
1218 1985 1262 2018 Et
1286 1996 1364 2018 cum
1386 1982 1547 2018 Christus
1570 1981 1725 2029 regimen
1741 1975 1917 2021 Ecclesiae
1939 1989 2057 2022 nomi-—

1070 2043 1132 2070 nat
1165 2037 1297 2076 claves,
1338 2035 1413 2068 vult
1437 2035 1613 2069 Ecclesiae
1651 2038 1807 2081 regimen
1837 2039 1951 2072 simile
1984 2051 2056 2073 csse

1070 2099 1142 2120 non
1159 2086 1295 2129 gladio,
1325 2086 1383 2118 sed
1407 2088 1644 2123 oeconomiae.

1171 2137 1326 2170 Honesta
1352 2138 1613 2172 materfamilias
1635 2150 1757 2181 gerens
1782 2137 1912 2179 claves,
1940 2141 2053 2185 aperit

1042 2211 1043 2214 =
1071 2189 1174 2221 cellas
1187 2215 1195 2227 ‚
1223 2195 1255 2221 et
1271 2187 1404 2231 profert
1425 2188 1540 2221 cibum
1562 2196 1592 2223 et
1611 2196 1752 2232 potum,
1779 2196 1810 2222 et
1829 2190 1957 2223 deinde
1974 2203 2054 2224 rur-

1071 2251 1127 2272 sus
1151 2238 1299 2276 claudit‚
1341 2237 1376 2270 id
1401 2245 1468 2279 est,
1509 2246 1557 2272 est
1584 2239 1694 2272 fidelis
1717 2247 1848 2281 custos,
1886 2253 1930 2273 ne
1961 2241 2054 2275 sures

1070 2295 1294 2333 corrumpant
1312 2289 1425 2333 cibos,
1454 2296 1517 2325 etc.

1171 2338 1228 2373 Sic
1248 2338 1401 2372 Ecclesia
1438 2340 1568 2383 profert
1598 2340 1793 2373 doctrinam
1827 2347 1859 2374 et
1891 2344 2053 2379 custodit.

1069 2389 1114 2424 Et
1139 2391 1252 2423 claves
1277 2390 1441 2434 aperiunt
1467 2396 1498 2423 ct
1527 2390 1715 2430 claudunt,
1756 2391 1790 2423 id
1815 2398 1884 2432 est,
1911 2393 2054 2428 solvunt

1069 2447 1284 2485 peccatores,
1312 2441 1372 2485 qui
1398 2447 1669 2481 convertuntur,
1702 2448 1734 2475 et
1756 2441 1866 2484 ligant
1894 2450 2053 2486 peccato-

1069 2503 1143 2533 res,
1173 2492 1232 2536 qui
1252 2504 1324 2524 non
1349 2497 1613 2524 convertuntur.
1666 2490 1760 2525 Haec
1784 2493 1929 2539 simplex
1951 2506 2055 2528 enar-

1069 2542 1158 2577 ratio
1175 2542 1338 2584 congruit
1354 2542 1395 2574 ad
1416 2540 1651 2575 ministerium
1669 2541 1863 2583 Evangelii.

1169 2592 1237 2627 Sed
1257 2592 1349 2636 Papa
1367 2591 1474 2636 impie
1491 2592 1697 2637 depravavit
1721 2590 1811 2627 banc
1827 2593 2054 2638 significatio-

1066 2655 1146 2678 nem
1166 2643 1330 2676 clavium.

1169 2693 1267 2728 Facit
1283 2693 1417 2736 claves,
1444 2692 1614 2738 gladium.
