2409 2915
122 124 197 160 617
359 121 440 156 XII.

497 117 887 157 ANNOTATIONES
913 117 981 154 ET
1008 115 1288 154 CONClONES
1323 116 1370 151 IN
1406 116 1590 152 EVANG.
1619 113 1898 151 MATTHAEI.

2066 114 2142 150 618

124 219 293 251 occupare
310 218 421 240 meam
440 203 709 246 haereditatem,
733 217 777 239 an
795 216 868 238 non
884 211 999 253 petam
1017 217 1033 238 a
1055 205 1110 238 iu-
1164 198 1248 234 haec
1270 201 1336 235 erit
1361 202 1455 235 vita?
1493 200 1540 236 Et
1563 200 1816 246 Anabaptistae
1847 200 2023 244 arripiunt
2047 196 2143 232 bunc

125 259 220 298 dice,
247 265 286 291 ut
303 268 440 291 causam
460 255 667 299 cognoscat?

224 307 454 352 Respondeo:
480 306 613 339 Iudicia
633 312 713 340 sunt
730 317 786 340 res
804 305 925 339 divina
945 312 979 339 et
1002 305 1107 339 licita.

1162 258 1313 289 textum,
1342 259 1373 285 et
1399 253 1566 293 clamant,
1595 253 1713 285 omnia
1738 253 1864 285 debere
1890 263 1961 284 esse
1983 262 2141 284 commn-

1161 302 1229 335 nia.
1282 301 1325 335 Et
1351 299 1386 334 bi
1415 303 1583 334 clamores
1610 303 1710 334 valde
1737 302 1825 345 grati
1849 309 1929 335 sunt
1955 301 2054 334 malis
2076 298 2141 332 bo-

123 358 170 394 Et
211 366 307 403 potes
340 370 358 391 a
390 357 592 400 magistratu
626 364 742 400 petere
773 357 1012 390 defensionem
1048 363 1107 390 aut
1160 352 1334 392 minibus,
1361 352 1420 397 qni
1446 353 1595 385 libenter
1613 353 1742 385 vellent
1767 364 1887 396 rapere
1912 352 2061 385 divitum
2088 351 2139 383 fa-

123 421 283 454 poenam.

341 406 434 440 Haec
460 407 548 440 iusta
575 414 675 451 sunt,
718 413 752 440 et
783 418 943 441 concessa
972 419 990 440 a
1016 406 1104 447 Deo,
1132 399 1135 435 ἶ
1160 403 1324 441 cultates,
1367 403 1453 436 sicut
1487 403 1616 435 scimus
1653 402 1781 436 multos
1815 404 1856 435 ad
1881 410 2006 436 sectam
2040 403 2138 434 Ana-

122 461 211 494 sicut
228 458 332 493 Rom.
352 457 409 492 13.
426 457 517 490 clare
534 457 685 491 dicitur:
717 456 945 501 Magistratus
963 465 1011 491 est
1038 456 1105 490 bo-
1132 446 1134 451 ’
1157 453 1375 497 baptisticam
1396 460 1529 487 tantum
1550 451 1613 485 hac
1632 453 1703 496 ipsa
1723 464 1823 485 causa
1848 460 2037 496 pertractos
2056 463 2139 491 esse,

123 510 202 544 nori
225 510 316 542 bono
343 507 458 550 operi,
492 514 526 541 et
548 507 668 541 timori
694 508 798 542 malo.
860 507 947 542 Item
973 507 1104 542 Paulus

123 561 224 595 etiam
246 564 413 601 provocat
428 559 472 591 ad
491 556 686 592 Caesarem.

220 608 289 642 Sed
307 605 373 641 hoc
395 605 563 652 prohibet
580 608 694 650 Deus,
722 621 766 643 ne
785 608 926 657 propria
943 609 1024 643 odia
1040 610 1103 642 ad-

119 661 280 693 feramus.
332 660 441 699 ltem,
477 657 631 701 Quando
657 660 879 704 magistratus
906 672 978 692 non
1006 660 1103 694 iuvat

118 720 201 750 nos,
244 721 287 742 ne
314 720 378 742 nos
404 721 607 743 moveamus
640 711 847 750 seditiones,
883 710 971 744 sicut
998 711 1101 744 multi

115 761 185 792 iam
204 759 345 793 dicunt:
375 758 468 802 Quia
487 758 615 793 Caesar
642 761 717 795 vult
738 773 803 795 nos
824 761 953 794 iniuste
977 761 1100 808 oppri-
1127 731 1130 790 l

115 821 230 853 mere,
254 810 333 843 ideo
357 810 520 844 volumus
536 823 677 844 movere
694 812 893 846 seditiones.

215 859 310 894 Haec
332 861 421 894 mala
449 859 612 905 prohibet
641 860 696 895 hic
721 870 844 898 textuS.

116 922 196 953 ergo
227 911 330 944 valde
357 911 478 945 utilem
511 913 709 946 doctrinam
744 911 801 946 hic
836 912 1030 953 contineri,
1067 916 1128 946 etl

112 959 293 995 Christum
312 973 383 995 non
404 962 540 995 tradere
558 963 786 998 monasticam
803 961 1020 1010 hypocrisin,
1038 964 1098 997 sed

114 1023 169 1044 res
186 1023 329 1055 magnas
345 1013 482 1046 docere.

1126 844 1129 860 l

900 861 1100 905 intelligitis
1126 864 1129 889 Ι

456 1086 539 1127 ,ma
564 1102 746 1132 Quaestio.

210 1161 280 1196 Sed
310 1162 402 1196 dicet
435 1162 580 1207 aliquis:
623 1162 813 1205 Quomodo
845 1169 957 1206 potest
990 1161 1097 1197 homo
1123 1171 1125 1191 Ρ

114 1211 226 1245 laesus
243 1224 314 1245 esse
330 1213 405 1246 sine
420 1213 507 1246 odio
533 1219 566 1246 et
589 1212 857 1256 indignatione?
883 1213 1096 1257 Respondeo

112 1262 201 1295 sicut
217 1273 340 1307 supra,
367 1264 508 1308 quando
532 1263 663 1297 dictum
691 1269 758 1296 est:
785 1262 857 1306 Qui
879 1264 1095 1308 concupiscit

110 1312 255 1346 alterius
282 1325 447 1354 uxorem,
480 1320 533 1347 est
563 1310 743 1346 moechus.
811 1312 924 1346 Nemo
954 1314 991 1346 in
1029 1311 1094 1347 hac

109 1363 279 1406 pravitate
304 1370 450 1397 naturae
475 1370 526 1397 est
550 1363 624 1396 sine
651 1363 955 1407 concupiscentia,
988 1375 1093 1396 nemo

109 1413 185 1444 sine
202 1413 342 1446 iniustis
357 1413 468 1454 odiis,
494 1414 554 1446 sed
578 1420 695 1447 tamen
714 1411 799 1446 haec
822 1414 944 1448 concio
959 1411 1093 1448 Christi

107 1462 283 1496 audienda
301 1470 352 1497 est
369 1471 536 1509 tanquam
553 1464 676 1497 concio
692 1464 931 1509 poenitentiae
946 1471 1091 1509 propter

113 1514 200 1547 duas
216 1525 346 1549 causas,

208 1563 326 1598 Prima
345 1571 406 1603 est,
427 1571 466 1599 ut
483 1576 710 1608 agnoscamus
728 1571 907 1609 peccatum
924 1564 960 1598 in
977 1565 1092 1607 nobis,

107 1621 139 1648 et
160 1626 368 1659 quaeramus
390 1615 632 1650 mediatorem.

213 1664 374 1699 Secunda
387 1690 396 1704 ‚
424 1673 463 1699 ut
481 1678 553 1699 non
570 1667 853 1709 obtemperemus
869 1665 970 1699 malis
987 1665 1090 1698 incli-

105 1715 308 1749 nationibus
322 1743 332 1756 ,
358 1716 520 1749 faciendo
536 1723 656 1749 contra
676 1715 937 1750 conscientiam.

208 1765 294 1799 Ecce
313 1778 385 1799 non
401 1767 528 1805 frustra
546 1765 758 1809 proponitur
776 1763 859 1798 haec
874 1765 1089 1809 praedicatio
1113 1768 1116 1825 1

105 1815 362 1859 poenitentiae,
403 1817 463 1850 sed
487 1822 630 1860 propter
661 1813 723 1849 has
745 1827 884 1856 causas,
926 1822 964 1850 ut
986 1827 1088 1860 saepe

104 1867 173 1899 iam
192 1866 274 1900 dixi.

127 1944 268 1983 Petenti
288 1952 319 1982 te
347 1946 415 1988 da,
449 1952 480 1982 et
506 1947 680 1982 volentia
705 1952 737 1982 le
764 1959 902 1982 sumere
927 1952 1063 1991 mutuo,

459 2010 502 2033 ne
519 1997 732 2033 adverseris.

206 2068 319 2113 Supra
344 2069 478 2102 dictum
509 2075 560 2102 est
591 2068 634 2101 de
660 2067 854 2102 tolerandis
878 2067 1019 2101 iniuriis
1050 2068 1087 2101 in

105 2131 265 2164 corpore.
317 2117 386 2152 Hic
401 2118 486 2152 dicit
504 2119 547 2151 de
572 2118 819 2162 facultatibus,
854 2125 887 2152 et
909 2125 991 2152 sunt
1017 2119 1088 2151 duo

105 2176 306 2219 praecepta,
331 2180 440 2202 unum
465 2169 508 2201 de
532 2169 783 2214 eleemosynis,
811 2180 902 2215 quae
924 2176 1005 2202 sunt
1023 2170 1087 2202 do-

103 2221 284 2260 nationes,
310 2231 374 2264 pro
397 2219 526 2264 quibus
549 2231 621 2252 non
642 2220 791 2253 solvitur
816 2219 1024 2253 tantundem
1050 2220 1087 2252 in

105 2271 263 2317 pecunia.

205 2319 367 2355 Alterum
412 2325 634 2363 praeceptum
684 2325 733 2353 est
769 2319 812 2352 de
855 2319 1086 2360 mutuatione,

105 2384 193 2418 quae
210 2383 282 2405 non
299 2377 349 2404 est
367 2369 531 2410 donatio,
556 2370 614 2403 sed
633 2376 683 2403 est
708 2370 791 2402 dare
809 2381 888 2402 cum
913 2369 975 2402 tali
999 2382 1084 2404 con-

105 2422 258 2463 ditione,
285 2428 324 2456 ut
339 2421 548 2455 tantundem
568 2418 721 2453 vicissim
737 2420 904 2453 solvatur.

205 2473 284 2507 Hos
308 2479 421 2506 textus
443 2472 635 2514 depravant
661 2470 764 2504 etiam
783 2468 1035 2513 Anabaptistae
1053 2476 1086 2504 et

106 2522 292 2564 Monachi,
326 2535 404 2556 cum
428 2522 465 2555 in
491 2521 586 2555 Luca
614 2521 767 2555 dicatur:
810 2518 878 2553 Da
904 2519 1006 2553 omni
1023 2531 1085 2566 pe-

106 2574 204 2608 lenti.
256 2574 293 2609 Si
311 2585 408 2606 meae
423 2572 604 2606 facultates
627 2573 756 2606 debent
773 2572 938 2605 omnibus
956 2578 1085 2615 patere,

107 2630 141 2657 et
170 2625 297 2659 debent
326 2635 399 2658 esse
428 2623 517 2657 sicut
542 2623 740 2656 communis
770 2622 949 2665 congeries
977 2622 1084 2663 foeni,

108 2673 180 2710 &ie
205 2676 254 2710 ein
278 2674 502 2723 ᾧαυῖᾠὸῢετ,
530 2675 624 2707 unde
641 2674 779 2718 rapiant
797 2685 937 2707 omnes:
966 2673 1082 2719 qualis

1126 895 1128 911 ε
1153 877 1341 911 sertionem
1379 877 1604 917 facultatum,

1157 504 1237 550 quia
1260 505 1446 548 sperabant
1464 515 1499 537 se
1514 505 1559 537 (le
1578 503 1693 536 alieno
1718 503 1829 536 multa
1850 500 2032 536 habituros
2055 514 2137 535 esse.

1258 570 1427 606 Monachi
1446 573 1661 606 moderatius
1687 578 1719 604 et
1743 571 1860 605 minus
1888 571 2015 614 tragice
2039 582 2138 603 suam

1155 624 1310 657 fabulam
1338 631 1502 667 egerunt,
1538 635 1601 656 nec
1630 622 1794 656 seditiose
1817 623 2076 655 contenderunt
2101 622 2137 653 in

1128 708 1129 713 ,
1154 673 1349 718 Evangelio
1368 674 1446 708 tolli
1474 686 1590 707 rerum
1617 673 1885 718 proprietatem,
1913 680 1952 706 ut
1981 673 2138 705 furenter

1155 725 1292 769 fingunt
1329 725 1472 759 fanatici
1506 722 1776 768 Anabaptistae:
1834 730 1986 757 attamen
2025 723 2136 766 reipsa

1127 800 1129 806 .
1156 776 1332 809 somnium
1352 773 1612 809 Monachorum
1632 786 1776 819 prorsus
1799 775 1924 808 falsum
1951 781 2018 814 est,
2046 785 2137 811 cum,

1154 826 1312 860 fascinati
1329 834 1414 861 tetra
1433 824 1630 871 hypocrisi,
1657 825 1785 858 docent
1811 825 2046 858 voluntariam
2074 825 2136 856 ‹le-

1656 883 1689 909 et
1719 875 1938 909 Platonicam
1977 886 2135 908 commu-

1126 952 1127 956 ,
1153 928 1296 960 nionem
1321 940 1458 970 rerum,
1485 939 1558 961 esse
1582 927 1848 970 perfectionem,
1876 924 1943 959 hoc
1967 932 2036 965 est,
2064 925 2135 957 exi-

1124 999 1127 1029 i
1153 979 1220 1011 mie
1245 985 1402 1011 sanctum
1430 990 1537 1021 opus,
1571 989 1609 1011 ac
1641 978 1867 1021 praecipuum
1895 975 1961 1010 Dei
1988 976 2132 1015 cultum,

1153 1029 1212 1073 qui
1233 1029 1377 1072 gratiam
1396 1035 1570 1061 mereatur
1587 1028 1793 1061 auctiorem.
1846 1026 1936 1060 Tam
1964 1027 2134 1060 insulsam

1153 1086 1184 1112 et
1211 1087 1442 1113 monstrosam
1473 1077 1675 1123 hypocrisin
1708 1090 1746 1111 ex
1773 1076 1828 1111 his
1859 1077 2011 1111 textibus
2044 1077 2133 1110 arri-

1151 1137 1322 1174 puerunt,
1361 1136 1393 1163 et
1424 1127 1617 1163 hauserunt
1641 1141 1719 1162 cum
1746 1126 1915 1162 Monachi
1938 1135 2011 1161 tum
2035 1127 2133 1162 Ana-

1150 1181 1331 1225 baptistae.

1248 1238 1410 1282 Nugatur
1434 1244 1468 1272 et
1488 1236 1672 1272 Romanus
1697 1237 1859 1271 Pontifex
1886 1237 1922 1270 in
1949 1237 2040 1270 libro
2059 1235 2131 1270 De-

1148 1296 1345 1328 cretorum,
1389 1289 1564 1329 scribens,
1608 1288 1868 1321 abdicationem
1907 1287 2131 1332 proprietatis

1147 1339 1308 1373 omnium
1338 1350 1456 1372 rerum
1492 1345 1637 1382 propter
1663 1337 1796 1376 Deum,
1847 1337 2062 1372 meritoriam
2097 1344 2132 1370 et

1145 1396 1300 1423 sanctam
1313 1417 1322 1431 ‚
1349 1396 1381 1423 et
1398 1389 1490 1422 viam
1507 1389 1732 1433 perfectionis
1749 1400 1831 1422 esse.

1248 1446 1312 1483 Est
1335 1448 1444 1492 igitur
1465 1448 1644 1493 quaestio,
1687 1446 1878 1490 Quomodo
1905 1446 2129 1480 sentiendum

1145 1499 1188 1533 sit
1205 1500 1248 1533 de
1275 1499 1508 1544 proprietate,
1536 1511 1596 1532 seu
1623 1498 1851 1532 distinctione
1873 1497 2127 1536 dominiorum,

1143 1556 1176 1583 et
1202 1551 1244 1583 de
1268 1549 1523 1595 eleemosynis?
1562 1548 1710 1584 Exercet
1735 1549 1828 1582 enim
1857 1548 2015 1592 singulos
2040 1545 2126 1580 haec

1143 1612 1225 1634 cura
1257 1607 1360 1646 atque
1392 1600 1575 1644 cogitatio:
1629 1599 1667 1634 Si
1702 1611 1841 1632 necesse
1877 1606 1926 1632 est
1959 1596 2127 1631 omnibus

1143 1652 1246 1689 dare,
1270 1651 1298 1684 si
1314 1648 1406 1683 nihil
1424 1650 1599 1694 comparci
1616 1662 1679 1682 nec
1695 1649 1865 1683 reservari
1881 1649 1984 1683 debet
2001 1649 2045 1682 ad
2064 1660 2124 1681 ne-

1142 1701 1309 1734 cessarios
1325 1712 1425 1734 usus:
1454 1701 1655 1743 redigemur
1668 1701 1710 1733 ad
1725 1699 1995 1741 mendicitatem,
2014 1699 2126 1733 deerit

1114 1751 1115 1761 ¹
1141 1749 1230 1784 mihi
1247 1751 1403 1797 meisque
1422 1751 1543 1784 liberis
1556 1751 1679 1786 victus.

1531 1846 1739 1878 Responsio.

1242 1908 1421 1941 Adversus
1436 1906 1499 1941 has
1516 1908 1747 1954 quaestiones,
1769 1906 2125 1953 etAnabaptistarum

1139 1970 1178 1991 ac
1196 1956 1457 1992 Monacbornm
1477 1957 1678 2004 hypocrisin
1699 1959 1851 2003 primum
1868 1966 2063 2002 teneamus,
2090 1970 2124 1997 et

1141 2021 1360 2053 opponamus
1396 2016 1619 2054 praeceptum
1649 2009 1833 2053 Dccalogi:
1877 2010 1957 2044 Non
1988 2012 2123 2047 furtum

1139 2059 1256 2094 facies,

1242 2115 1332 2150 Ecce
1350 2116 1445 2151 Deus
1461 2115 1556 2151 hunc
1572 2119 1734 2152 ordinem
1751 2131 1812 2152 sua
1831 2131 1913 2153 voce
1929 2121 2055 2165 sanxit,
2080 2128 2121 2156 ut

1141 2179 1242 2201 suum
1266 2167 1414 2213 quisque
1435 2174 1568 2207 teneat,
1603 2176 1642 2203 ut
1665 2170 1741 2203 iure
1764 2170 1888 2203 divino
1910 2178 1942 2204 et
1966 2172 2120 2205 naturali

1139 2218 1301 2262 propriae
1324 2219 1393 2252 sint
1419 2219 1593 2262 legitimae
1615 2220 1863 2258 haereditates,
1897 2220 2009 2255 iustae
2027 2234 2121 2256 mer-

1139 2269 1256 2310 cedes,
1279 2280 1334 2302 res
1350 2270 1497 2303 traditae
1515 2282 1578 2314 per
1593 2271 1807 2314 emptionem
1825 2282 1864 2304 ac
1880 2271 2120 2306 donationem.

1140 2317 1235 2352 Idem
1263 2320 1360 2354 dedit
1395 2320 1448 2354 ius
1485 2318 1708 2354 haereditatis
1738 2327 1904 2364 paternae
1933 2324 2117 2364 tenendae,

1138 2382 1211 2403 non
1235 2370 1338 2415 eripit
1363 2371 1427 2404 ulli
1451 2371 1623 2415 privatam
1655 2371 1923 2415 proprietatem,
1955 2374 2014 2407 sed
2038 2385 2118 2407 suas

1138 2420 1309 2466 cuiusque
1339 2422 1595 2466 possessiones,
1635 2422 1777 2462 domos,
1820 2428 1852 2456 et
1885 2434 1939 2456 res
1970 2421 2116 2457 honeste

1138 2477 1253 2515 partas
1287 2472 1341 2505 vel
1374 2472 1580 2517 acquisitas,
1618 2469 1684 2506 hac
1709 2472 1783 2515 lege
1805 2479 1971 2518 tanquam
2003 2486 2117 2515 muro,

1136 2522 1296 2556 distinxit
1313 2535 1351 2556 ac
1370 2521 1541 2562 munivit,
1568 2522 1799 2557 circumdedit
1823 2531 1930 2557 metas
1949 2525 2116 2558 omnibus

1136 2570 1341 2606 hominibus
1365 2572 1611 2606 universaliter
1634 2573 1671 2605 in
1701 2579 1774 2606 toto
1798 2584 1923 2617 genere
1946 2571 2116 2617 humano,

1135 2630 1228 2657 arcet
1250 2624 1295 2657 ab
1321 2624 1436 2656 alieno
1459 2634 1576 2666 reges,
1609 2623 1803 2667 principes,
1829 2625 2011 2660 subditos.
2042 2626 2116 2669 pri-

1136 2680 1252 2716 vatos,
1290 2681 1381 2708 vetat
1410 2674 1523 2715 furta,
1564 2671 1730 2718 prohibet
1753 2685 1874 2720 rapere
1895 2687 1934 2708 ex
1963 2676 2114 2710 aliorum
