2409 2915
124 83 196 118 309

221 165 299 201 Etsi
317 167 536 200 verissimum
554 172 604 200 est
620 166 688 200 alia
711 172 848 209 peccata
873 166 950 199 aliis
976 167 1107 201 maiora
1130 168 1134 193 '1

123 230 206 259 esse,
221 225 338 252 tamen
356 218 461 252 etiam
476 229 597 250 eorum
615 216 892 260 magnitudinem
912 229 1000 262 quae
1019 218 1107 251 levia

121 275 306 311 putantur,
332 279 405 301 non
427 267 673 311 perspicimus,
707 279 843 310 semper
866 268 902 300 in
927 280 998 301 uno
1026 281 1107 316 pec-
1130 290 1131 296 κ

120 326 196 352 cato
220 319 328 353 multa
356 318 496 357 insunt,
531 324 564 351 et
587 329 679 351 unus
708 318 824 361 lapsus
851 317 940 361 parit
966 320 1105 360 multos,

119 370 208 402 sicut
226 375 367 413 apparet
386 368 422 400 in
441 368 541 411 lapsu
560 368 678 406 Adae,
696 367 863 406 Davidis,
892 368 1104 410 Salomonis,

119 421 272 464 denique
289 418 494 463 quotidiana
511 419 726 462 experientia
745 416 849 452 buius
864 419 912 451 rei
929 420 1025 453 testis
1044 428 1102 455 cst.

119 470 237 514 Quare
253 468 488 511 magnitudini
511 476 544 502 et
560 469 782 503 multitudini
804 477 1022 513 peccatorum
1041 483 1104 514 op-
1128 459 1131 501 l

116 531 286 564 ponamus
314 517 379 553 hoc
401 519 553 560 dictum,
580 520 689 563 gratia
716 520 880 553 exuberat
902 532 1006 565 snpra
1022 533 1101 565 pec-

114 577 240 604 catum.
302 569 493 603 Veniamus
518 570 622 603 etiam
652 571 694 603 ad
720 571 954 604 ministerium
982 570 1101 605 Evan-
1128 575 1130 588 ³

113 621 195 664 gelii
213 621 250 653 in
268 620 444 661 Ecclesia,
471 619 701 655 confiteamur
723 634 841 654 coram
857 620 1010 655 Ecclesia
1037 634 1101 655 nos

113 683 190 704 reos
207 683 299 712 esse,
327 672 550 705 ostendamus
566 672 663 715 signa
690 679 828 705 nostrae
852 673 1100 713 conversionis,

114 730 145 754 et
166 729 322 766 petamus
347 722 625 761 absolutionem,
654 730 691 756 ut
709 735 791 756 voce
806 721 991 766 Evangelii
1015 735 1098 756 con-

114 773 271 806 firmetur
285 773 388 814 fides,
411 779 565 806 statuens
583 774 625 806 de
643 773 847 807 remissione
867 781 1098 817 peccatorum.

212 848 399 894 Postquam
419 856 534 882 autern
551 849 735 882 statuimus
748 851 789 882 de
802 850 1004 883 remissione
1020 862 1098 893 pec·
1124 862 1126 869 ·

113 907 287 940 catorum,
317 900 477 933 incoetur
500 912 590 933 nova
607 901 827 940 obedientia,
853 901 943 934 adsit
970 913 1098 943 propo-

74 983 80 988 ,
113 951 218 984 situm
243 957 333 983 recte
358 950 528 991 faciendi,
556 951 714 985 incoetur
733 951 929 990 invocatio,
954 951 1093 983 nullum

112 1001 317 1034 admittatur
340 1001 506 1034 delictum
533 1008 652 1034 contra
675 1001 934 1035 conscientiam.
988 999 1096 1043 Cogi-

112 1060 224 1085 temus
247 1052 385 1084 nullum
413 1063 484 1084 esse
509 1052 621 1084 maius
645 1052 774 1084 malum
801 1049 956 1091 homini,
990 1064 1094 1096 qnam

111 1103 229 1135 vivere
246 1103 321 1135 sine
342 1103 563 1135 invocatione
580 1101 665 1141 Dei,
694 1100 759 1135 hoc
778 1110 846 1140 est,
873 1114 944 1134 non
970 1100 1096 1134 habere

107 1152 221 1186 Deum
241 1153 450 1196 propicium,
479 1159 511 1185 et
532 1159 775 1196 protectorem,
803 1154 859 1185 scd
883 1150 1016 1185 hostem
1033 1153 1096 1184 ab·

108 1204 283 1236 iicientem
308 1204 343 1235 in
370 1215 498 1246 poenas
521 1204 636 1236 omnis
653 1203 796 1245 generis,
851 1202 968 1236 Simus
990 1203 1096 1245 igitur

109 1253 292 1295 vigilantes
315 1259 348 1285 et
371 1252 480 1291 firmi,
517 1264 560 1284 ne
584 1260 703 1284 contra
728 1252 978 1284 conscientiam
1014 1265 1095 1285 rna-

109 1315 204 1342 mus,
231 1314 275 1334 ne
294 1302 420 1335 iterum
439 1302 566 1335 Densa
585 1302 687 1334 nobis
704 1302 887 1335 alienetur.

206 1367 302 1401 Haec
328 1369 370 1401 de
393 1368 551 1401 doctrina
571 1368 806 1412 poenitentiae
824 1368 977 1401 breviter
1002 1367 1093 1400 dicta
1119 1384 1121 1415 3

106 1426 207 1457 sunt,
244 1430 332 1463 quae
354 1430 491 1461 semper
517 1419 701 1461 cogitanda
728 1425 831 1457 sunt,
861 1419 941 1462 quia
969 1430 1094 1451 arcana
1120 1418 1121 1433 ³

107 1470 276 1514 sapientia
307 1476 374 1509 est,
403 1471 445 1502 de
470 1470 632 1502 maximis
656 1470 787 1509 rebus,
806 1471 848 1501 de
867 1469 1023 1509 iusticia,
1051 1470 1094 1501 de

107 1522 157 1553 ira
175 1520 265 1561 Dei,
292 1522 334 1553 de
352 1517 507 1553 humana
526 1521 728 1554 infirmitate
744 1527 777 1553 et
796 1520 1028 1560 contumacia,
1051 1521 1093 1552 de

104 1571 226 1616 poenis
240 1578 480 1614 peccatorum,
509 1573 552 1604 de
571 1571 826 1610 misericordia,
852 1572 894 1603 de
913 1569 1005 1604 Filio
1019 1570 1093 1610 Dei,

106 1624 149 1655 de
173 1621 324 1655 miseriis
350 1622 497 1654 humani
523 1622 678 1664 generis,
714 1621 861 1654 suluiecti
890 1621 1092 1663 ingentibus

103 1672 303 1713 aerumnis,
345 1672 539 1705 infirmitati
578 1679 609 1704 et
643 1671 836 1710 scandalis,
877 1671 980 1704 etiam
1017 1678 1093 1713 post

104 1723 379 1755 conversionem.
423 1721 518 1753 Haec
535 1722 704 1764 sapientia
724 1721 835 1753 maius
852 1720 1023 1765 quiddam
1042 1728 1091 1755 est

103 1784 207 1817 quam
225 1772 389 1805 universa
405 1771 529 1804 mundi
545 1771 727 1816 sapientia.

497 1867 541 1891 De
575 1867 688 1892 tertio.

205 1927 251 1963 Ut
274 1940 376 1972 supra
402 1928 569 1971 imagines
596 1929 638 1960 de
655 1940 719 1960 ove
745 1928 878 1972 perdita
903 1935 935 1961 et
963 1930 1086 1961 amissa

104 1977 270 2012 drachma
298 1980 470 2012 recitavit:
504 1980 548 2012 ita
574 1976 629 2012 hic
659 1979 756 2012 addit
790 1979 1019 2012 illustriorem
1044 1981 1087 2012 de
1111 1998 1113 2019 λ

103 2031 175 2063 filio
206 2030 360 2073 prodigo,
423 2028 499 2063 Etsi
526 2036 640 2063 autem
666 2037 757 2062 recte
773 2030 952 2063 confertur
973 2030 1086 2072 imago
1111 2025 1113 2059 ‘t

106 2083 146 2113 ad
178 2079 322 2113 ludaeos
354 2087 385 2113 et
417 2087 553 2122 gentes,
597 2087 712 2113 tamen
743 2081 990 2113 universaliter
1024 2081 1086 2113 filii

106 2130 243 2178 prodigi
275 2131 509 2174 appellatione
540 2131 784 2173 intelligantur
809 2128 970 2164 homines
1013 2132 1113 2167 sine]

103 2181 308 2224 disciplina,
337 2181 370 2213 in
390 2181 569 2214 manifesta
588 2181 807 2225 turpitudine
824 2182 990 2216 viventes.
1043 2180 1088 2215 Et
1112 2203 1113 2206 =

104 2242 242 2266 econtra
273 2232 365 2264 filius
397 2231 583 2274 frugalior,
617 2240 667 2264 est
699 2229 822 2270 homo,
857 2232 917 2276 qni
941 2229 1113 2278 honesta¹

104 2283 291 2326 disciplina
309 2283 451 2326 regitur.
507 2281 636 2314 Verum
664 2289 713 2314 est
735 2290 849 2315 autem
875 2290 903 2314 et
932 2283 1087 2329 praecipi

105 2333 324 2377 dissiplinatn
357 2345 374 2366 a
401 2332 496 2372 Deo,
533 2340 563 2364 et
589 2343 706 2365 severe
731 2333 848 2376 puniri
879 2333 1087 2380 disciplinae
1112 2349 1113 2376 3

105 2391 337 2418 contemtum.
370 2391 409 2416 ut
434 2383 605 2426 supplicia
632 2383 788 2426 publica,
823 2383 932 2423 bella,
961 2384 1088 2425 morbi,
1111 2380 1114 2426 j

105 2435 245 2478 inopiae
261 2435 444 2472 infamiae,
474 2442 504 2467 et
530 2434 702 2481 plurimae
728 2433 940 2466 calamitates
963 2431 1088 2468 huma-
1112 2442 1114 2477 ς

105 2497 169 2519 nac
187 2492 373 2523 testantur,
393 2492 423 2518 ct
442 2485 594 2523 bonum,
611 2485 702 2517 inter
720 2491 864 2518 naturae
885 2484 987 2523 bona,
1007 2485 1089 2518 nul·
1112 2483 1114 2503 ³

104 2537 176 2570 lum
200 2536 311 2569 maius
338 2543 404 2575 est,
432 2547 536 2580 quam
561 2533 707 2568 honesta
734 2534 938 2582 disciplina,
973 2542 1086 2569 tamen

104 2585 198 2619 Deus
217 2598 275 2619 sua
295 2587 464 2618 immensa
482 2586 739 2621 misericordia,
768 2593 866 2619 vocat
892 2587 933 2618 ad
959 2597 993 2619 se
1016 2598 1086 2619 non

105 2637 215 2669 solnm
241 2649 316 2674 eos,
345 2637 404 2682 qui
424 2636 608 2679 disciplina
631 2637 869 2676 frenatisnnt,
898 2637 954 2669 sed
983 2637 1086 2672 etiam

678 68 759 117 ΧΠ.
799 79 1192 117 ANNOTArtoNEs
1223 80 1270 115 tN
1295 80 1591 119 EVANGELm.

2079 95 2152 127 310

1158 172 1311 199 caeteros
1335 169 1593 203 contaminatos
1621 168 1806 205 horrendis
1825 173 1982 217 flagitiis,
2010 185 2048 211 ut
2075 191 2145 211 non

1156 215 1271 248 solum
1306 218 1342 249 in
1367 217 1538 251 Nazareth
1570 222 1716 254 sonabat
1749 236 1814 256 vox
1841 223 2047 269 Evangelii,
2084 232 2142 261 sed

1156 266 1260 299 etiam
1275 265 1411 301 Romae
1429 267 1580 302 Neronis
1597 277 1752 314 tempore
1771 281 1800 307 et
1818 274 1853 307 in
1872 277 1948 309 aliis
1966 279 2059 316 locis,
2082 280 2141 311 ulii

1155 316 1275 350 omnia
1293 317 1395 360 plena
1414 326 1512 353 erant
1532 317 1727 354 horrendae
1744 325 1984 367 turpitudinis.

1257 366 1352 400 Haec
1370 365 1536 402 historica
1558 373 1715 414 exempla
1735 373 1919 416 diligenter
1942 380 2142 413 considere-

1155 429 1252 461 mus,
1285 425 1323 451 ut
1353 420 1631 461 magnitudinem
1662 422 1918 458 misericordiae
1942 427 2005 461 Dei
2035 432 2143 473 magis

1155 468 1428 512 conspiciamus,
1450 482 1489 503 ex
1507 471 1634 504 talibus
1651 473 1846 516 colligentis
1865 474 2066 514 Ecclesiam.
2097 480 2142 514 Et

1156 516 1238 552 haec
1263 520 1418 563 exempla
1443 528 1658 561 monstrant,
1688 535 1756 568 quo
1775 528 1963 568 respexerit
1979 527 2140 564 Christus

1154 569 1367 602 concionans
1384 569 1439 604 hic
1455 572 1497 604 de
1514 572 1586 605 filio
1605 575 1763 617 prodigo.
1820 575 2028 612 lntuebatur
2046 581 2137 613 enim

1154 620 1340 653 maximam
1367 628 1499 668 partem
1527 624 1663 665 generis
1694 623 1838 658 humani
1864 628 2039 662 viventem
2065 632 2140 664 sine

1152 671 1350 718 disciplina.
1411 672 1572 717 Cumque
1599 672 1687 707 hanc
1719 675 1904 719 imaginem
1940 681 2141 714 considera—

1152 733 1247 762 mus,
1282 722 1452 755 addamus
1483 724 1678 756 doctrinam
1707 725 1890 770 Evangelii
1922 730 1963 762 de
1991 733 2139 773 gratuita

1152 771 1356 805 remissione
1372 780 1514 816 propter
1526 772 1722 815 Christum,
1750 784 1786 809 ut
1805 789 1907 824 supra
1925 780 2056 814 dictum
2077 790 2138 817 est.

1254 823 1305 855 Ac
1325 823 1404 856 vide
1428 824 1538 867 ipsam
1566 825 1770 868 imaginem:
1807 828 1898 862 filins
1929 830 1981 862 bis
2013 841 2139 874 peccat,

1152 872 1235 916 petit
1253 870 1499 907 haereditatem
1519 882 1600 909 ante
1619 882 1772 920 tempus,
1801 891 1878 911 cnm
1898 879 2048 914 viventis
2068 895 2138 916 non

1151 924 1194 956 sit
1214 922 1428 965 haereditas,
1456 925 1583 958 deinde
1601 927 1720 961 eximit
1747 939 1781 961 se
1806 929 1938 972 patriae
1964 934 2138 975 potestati,

1151 974 1317 1014 discedit,
1344 986 1408 1007 nec
1432 976 1507 1009 vult
1532 977 1602 1019 regi
1623 978 1776 1020 paternis
1803 980 1956 1015 monitis.
2010 982 2067 1015 Sic
2088 984 2137 1016 ef—

1150 1024 1263 1056 frenes
1279 1036 1399 1057 omnes
1417 1025 1589 1060 invadunt
1611 1025 1858 1062 haereditatem
1887 1038 1967 1064 ante
1991 1039 2137 1077 tempus,

1150 1075 1281 1119 nigenii
1300 1075 1409 1113 bona,
1436 1083 1467 1108 et
1485 1077 1570 1110 alias
1589 1089 1658 1118 res,
1686 1090 1771 1123 quas
1787 1078 1883 1113 Deus
1899 1082 1996 1116 dedit
2015 1091 2050 1117 nt
2070 1084 2134 1128 ipsi

1122 1130 1123 1151 ἓ
1149 1125 1321 1164 serviant,
1349 1127 1593 1160 transferimus
1619 1130 1659 1161 ad
1680 1141 1761 1170 nos,
1790 1137 1820 1163 et
1845 1132 1995 1176 turpiter
2020 1135 2135 1167 abuti-

1149 1187 1244 1216 mur,
1271 1188 1371 1208 mens
1390 1188 1460 1209 non
1487 1185 1535 1211 est
1560 1179 1780 1213 domicilium
1802 1181 1884 1221 Dei,
1912 1195 2039 1226 corpus
2058 1186 2135 1228 pol-

1148 1226 1258 1259 luitur
1275 1233 1308 1260 et
1326 1227 1363 1260 fit
1380 1238 1548 1270 organum
1567 1229 1712 1274 diaboli,
1740 1231 1885 1265 divitiae
1902 1235 2134 1269 conferuntur

1147 1276 1184 1307 in
1205 1282 1322 1318 turpes
1339 1277 1545 1320 voluptates.

1247 1324 1410 1371 Denique
1436 1328 1470 1359 in
1495 1340 1628 1361 summa
1653 1332 1763 1373 cogita
1790 1334 1981 1367 obscoenos
2018 1334 2134 1369 homi-

1146 1387 1224 1415 nes,
1251 1382 1310 1409 aut
1330 1377 1485 1410 latrones
1509 1387 1588 1412 ante
1613 1383 1894 1422 conversionem,
1923 1392 1954 1418 et
1978 1389 2134 1429 expende

1145 1433 1316 1470 quantum
1338 1428 1471 1460 malum
1491 1429 1534 1462 sit
1554 1430 1699 1464 deficere
1724 1445 1741 1465 a
1759 1431 1854 1472 Deo,
1883 1441 1913 1468 et
1943 1437 2045 1470 donis
2068 1436 2132 1470 D‹-i

1144 1477 1241 1510 abuti
1270 1478 1307 1510 in
1337 1480 1585 1513 contumeliam
1616 1481 1689 1517 Dei.
1753 1482 1911 1518 Observa
1937 1494 2052 1520 autem
2076 1486 2133 1521 hic

1145 1533 1176 1560 et
1201 1529 1461 1571 grammaticam
1485 1532 1771 1576 annotationem,
1800 1533 1996 1578 ἐπιβάλλον
2013 1536 2131 1583 μέρος.

1143 1577 1344 1622 Appellatio
1361 1587 1410 1612 est
1430 1583 1650 1623 geometrica,
1670 1590 1703 1617 et
1722 1584 1846 1618 usitate
1862 1588 2032 1629 significat
2052 1601 2131 1631 par-

1143 1635 1210 1661 tem
1239 1630 1554 1672 proportionalem,
1588 1634 1680 1674 apud
1705 1633 1964 1677 Ptolemaeum,
1992 1637 2131 1671 Aristo-

1143 1678 1243 1711 telem
1263 1684 1293 1711 et
1311 1677 1596 1715 Demosthenem.

1243 1727 1313 1762 Sed
1338 1730 1545 1773 regulariter
1573 1744 1611 1765 ac
1637 1740 1675 1767 ut
1709 1735 1899 1777 plurimum
1932 1746 2129 1783 sequuntur

1141 1789 1272 1822 poenae
1290 1781 1488 1823 corporales
1513 1782 1550 1814 in
1568 1780 1632 1815 hac
1652 1784 1721 1817 vita
1738 1793 1952 1820 contemtum
1972 1789 2129 1833 discipli-

1140 1841 1223 1869 nae,
1257 1837 1403 1876 propter
1432 1838 1499 1864 tres
1523 1844 1658 1872 causas,
1687 1843 1829 1879 propter
1850 1837 2023 1872 iusticiam
2048 1841 2128 1879 Dei,

1139 1880 1181 1911 ad
1199 1881 1412 1913 coercendos
1428 1878 1607 1924 homines,
1637 1891 1669 1918 et
1695 1892 1734 1919 ut
1749 1899 1914 1921 vocemur
1937 1891 1978 1922 ad
2006 1892 2127 1933 poeni-

1139 1930 1298 1966 tentiam.
1327 1930 1402 1964 Hae
1421 1938 1488 1965 tres
1505 1945 1627 1967 causae
1644 1946 1745 1980 saepe
1764 1945 1972 1984 repetuntur
1989 1940 2024 1973 in
2043 1942 2127 1975 scri-

1138 1981 1262 2024 pturiS.

1239 2029 1291 2064 De
1310 2031 1420 2075 prima
1439 2033 1568 2067 dicitur
1590 2035 1625 2068 in
1649 2035 1841 2081 Decalogo:
1869 2039 1943 2083 Ego
1961 2041 2056 2075 Deus
2076 2044 2126 2075 vi-

1138 2081 1247 2114 sitans
1265 2082 1486 2127 iniquitatem
1514 2092 1651 2128 patrum
1674 2088 1710 2120 in
1730 2089 1837 2130 filios,
1866 2091 1900 2123 in
1930 2093 2064 2125 tertiam
2091 2103 2123 2126 ct

1138 2139 1296 2176 quartam
1321 2134 1590 2176 generationem.
1651 2136 1704 2171 De
1727 2142 1879 2173 secunda
1907 2142 1941 2174 in
1970 2142 2123 2175 Psalmo:

1139 2181 1178 2214 ln
1197 2179 1321 2216 chamo
1338 2191 1369 2218 et
1384 2185 1484 2218 freno
1505 2187 1662 2220 maxillas
1679 2200 1799 2222 eornm
1819 2194 2028 2234 constringe.
2071 2193 2122 2226 D.-

1138 2232 1238 2266 tertia
1264 2233 1387 2268 Esaiae
1405 2235 1486 2270 28.:
1539 2236 1620 2271 Sola
1650 2242 1784 2272 vexatio
1811 2242 1869 2274 dat
1895 2241 2121 2276 intellectum..

1138 2281 1181 2316 Et
1210 2282 1374 2319 [eremiae
1398 2287 1479 2321 31.:
1509 2286 1688 2331 Castigasti
1713 2302 1766 2322 me
1790 2289 1958 2330 Domine,
1988 2301 2019 2327 et
2043 2307 2120 2326 cru-

1138 2333 1232 2366 ditus
1255 2347 1342 2369 sum.
1399 2336 1448 2370 lta
1475 2336 1530 2369 hic
1547 2337 1719 2382 Prodigus
1743 2348 1924 2386 postquam
1953 2343 2019 2375 iam
2044 2357 2121 2387 prv-

1139 2384 1247 2418 mitur
1268 2386 1481 2425 calamitate,
1508 2388 1631 2431 incipit
1657 2402 1776 2424 causas
1800 2400 1830 2426 et
1858 2394 2011 2427 remedia
2028 2397 2121 2437 cogi-

1138 2441 1227 2475 tare,
1254 2443 1287 2470 et
1303 2444 1342 2471 ut
1359 2444 1472 2471 textus
1488 2438 1554 2478 ait,
1577 2440 1618 2471 ad
1637 2451 1673 2473 se
1689 2441 1846 2480 rediens,
1875 2443 1980 2483 dixit,
2009 2445 2041 2477 id
2062 2453 2121 2483 est,

1138 2487 1340 2528 admonitus
1355 2488 1550 2522 calamitate
1567 2490 1729 2533 cogitavit
1747 2492 1789 2523 de
1805 2492 1932 2530 causis,
1959 2501 1989 2527 et
2008 2496 2050 2527 de
2067 2509 2119 2528 rv-

1139 2537 1274 2571 mediis.
1328 2537 1396 2571 Sed
1427 2540 1527 2582 pauci
1560 2540 1608 2573 sic
1637 2542 1678 2573 ad
1708 2553 1741 2573 se
1769 2543 1933 2583 redeunt,
1970 2543 2117 2586 Pharao,

1139 2586 1242 2623 Saul,
1267 2587 1377 2629 Nero,
1406 2597 1437 2623 et
1454 2589 1513 2622 alii
1532 2591 1631 2623 multi
1655 2592 1809 2638 oppressi
1828 2593 2043 2636 calamitate,
2071 2604 2120 2629 t>-

1139 2649 1218 2670 men
1244 2647 1396 2672 tremunt
1419 2642 1583 2674 adversus
1610 2640 1738 2682 Deum,
1767 2650 1871 2676 ruunt
1900 2643 1934 2676 in
1961 2645 2121 2691 blasphe-

1429 2690 1511 2724 20·
