2409 2915
246 91 294 125 63

251 184 330 208 suas
352 168 628 214 imaginationes.
679 163 748 196 Hic
773 161 882 204 igitur
904 166 1046 201 monet,
1079 157 1239 192 Verbum

254 224 319 259 Dei
343 234 415 257 esse
437 218 643 264 sapientiam
666 224 849 253 arcanam,
877 218 911 245 et
931 211 1134 245 discendam
1156 221 1241 243 vero

253 274 389 314 studio,
418 273 453 305 id
478 276 545 309 est,
570 266 646 300 vult
661 265 759 299 Deus
777 275 843 297 nos
861 263 1054 307 discipulos
1069 272 1141 295 esse
1159 271 1241 294 suae

255 327 367 365 vocis,
393 333 465 357 non
483 319 560 353 vult
577 328 642 350 nos
658 316 832 350 anteferre
849 321 986 348 nostras
1002 312 1242 356 cogitationes,

255 384 287 410 et
304 375 435 417 fingere
452 382 542 404 nova
561 369 724 412 dogmata
742 379 802 401 seu
821 366 920 401 ritus.
981 364 1040 399 Sic
1057 363 1169 408 gloria
1187 375 1242 396 re-

254 438 336 470 gum
361 431 431 463 est,
455 421 617 456 omnium
639 417 913 464 praestantium,
940 415 1121 461 inquirere
1145 425 1243 447 arca·

254 489 334 510 nam
352 474 580 519 sapientiam,
608 470 740 503 scilicet
754 468 948 508 audiendo,
974 478 1047 500 non
1065 465 1242 500 turbando

254 524 547 561 cavillationibas.
618 520 719 555 Sicut
748 526 780 553 et
801 518 933 552 Paulus
958 516 1142 563 praecipit:
1179 515 1244 550 Sa-

255 577 386 623 pientia
404 576 469 608 Dei
487 572 624 607 habitet
641 571 678 604 in
695 570 814 609 vobis,
843 569 878 603 id
899 577 967 610 est,
995 568 1172 613 sapienter
1188 567 1245 599 in-

255 629 444 674 quirantur
476 626 609 664 sontes,
642 628 674 655 et
703 621 932 655 conferantur
956 619 1177 657 testimonia,
1212 624 1245 651 et

254 677 539 713 meminerimus,
575 684 641 707 nos
671 673 799 706 debere
831 672 1024 716 discipulos
1050 681 1122 703 esse
1150 668 1246 703 vocis

254 730 413 767 divinae,
448 727 539 759 sicut
563 723 733 759 Salomon
760 723 893 768 inquit:
922 722 1083 757 Audiens
1107 720 1246 765 sapiens

256 779 450 825 sapientior
467 777 544 811 erit.

356 837 523 872 Humana
547 834 720 879 sapientia
745 833 782 866 in
810 831 947 866 Davide
968 832 1114 865 iubebat
1137 831 1245 863 inter-

255 891 309 924 fici
336 889 500 929 Saulem,
527 887 585 920 sed
605 885 760 930 Spiritus
784 890 924 917 sanctus
947 883 984 914 in
1000 881 1154 922 Davide,
1182 893 1247 914 no-

256 942 322 975 luit
338 940 406 975 tale
424 937 623 982 exemplum
642 935 826 969 ostendere
846 933 882 966 in
900 932 1031 978 populo
1049 931 1127 967 Dei.

308 1051 454 1086 Acelum
478 1060 585 1096 super
609 1044 784 1084 Nili-um,
822 1055 954 1078 canens
980 1054 1124 1077 carnem
1148 1039 1250 1077 cordi

357 1113 484 1150 pravo.

357 1177 450 1212 Salis
472 1183 505 1210 et
530 1173 625 1210 Nitri
652 1179 800 1207 naturae
823 1171 957 1205 similes
979 1176 1081 1209 sunt,
1115 1170 1248 1203 rodunt

256 1238 289 1264 et
305 1235 416 1264 urunt
431 1237 596 1271 corpora,
623 1232 657 1258 et
672 1223 862 1267 singularis
880 1222 932 1255 vis
949 1228 1000 1255 est
1010 1221 1103 1255 Nitri
1121 1221 1158 1253 in
1175 1221 1248 1263 pel-

256 1281 380 1319 lendo,
408 1285 441 1312 et
458 1277 618 1311 irritatur
634 1281 730 1309 aceto
748 1281 783 1308 et
799 1274 908 1313 calce,
932 1272 1023 1309 sicut
1039 1272 1157 1317 inquit
1174 1270 1248 1305 Pli-

257 1333 352 1365 nius:
389 1328 578 1364 Ulceribus
603 1338 692 1372 quae
714 1332 861 1370 serpunt
883 1323 1027 1358 Nitrum
1051 1335 1131 1357 cum
1156 1323 1249 1356 calce

258 1390 290 1417 et
307 1388 404 1416 aceto
422 1379 526 1413 illini.

361 1430 544 1477 Significat
569 1429 677 1473 igitur
701 1426 786 1462 haec
811 1427 1027 1467 similitudo,
1055 1425 1250 1470 pertinaces

258 1496 337 1519 cum
370 1484 628 1521 admonentur,
668 1487 806 1514 tantum
836 1478 911 1512 fieri
947 1477 1175 1518 rabiosiores,
1211 1484 1251 1511 ut

260 1535 401 1570 Nitrum
419 1534 603 1566 incensum
623 1531 741 1564 insuso
757 1537 855 1564 aceto
874 1530 987 1563 multo
1005 1526 1250 1562 vehementius

259 1586 451 1630 dissipatur
494 1591 528 1618 et
567 1583 713 1628 pellitur
750 1588 896 1626 propter
936 1577 1248 1626 ἀντιπερίστασιν.

259 1638 318 1672 Sic
349 1635 433 1670 Saul
472 1634 675 1667 admonitus
712 1633 750 1666 fit
783 1633 894 1666 multo
928 1632 1076 1666 saevior.
1144 1630 1251 1664 Tales

258 1687 362 1721 multi
385 1691 467 1718 sunt
488 1684 609 1727 impii,
637 1684 673 1715 in
694 1682 824 1728 quibus
841 1687 1001 1715 crescunt
1017 1682 1154 1713 furores
1171 1693 1249 1713 eum

260 1739 510 1773 admonentur.

361 1786 443 1821 Non
478 1783 643 1830 prohibet
677 1790 792 1817 autem
823 1780 908 1815 haec
934 1782 1105 1816 sententia
1133 1782 1251 1815 doceri

260 1850 379 1874 veram
396 1837 607 1871 doctrinam.
643 1834 712 1869 Sed
728 1834 887 1879 loquitur
902 1834 944 1866 de
959 1834 1049 1866 facto
1067 1844 1126 1865 seu
1144 1844 1250 1865 even·

261 1900 320 1932 tu,
355 1897 386 1923 et
411 1888 582 1926 ostendit,
618 1885 807 1920 dissimiles
832 1896 906 1918 esse
931 1884 1129 1926 auditores,
1164 1883 1252 1916 alios

262 1955 334 1976 esse
365 1940 517 1979 dociles,
558 1938 645 1971 alios
678 1937 873 1981 pertinaces
906 1935 1002 1968 nolle
1032 1934 1173 1978 doceri,
1214 1940 1251 1967 ut

264 1994 367 2029 Rom.
389 1992 446 2026 11.
472 1991 602 2024 dicitur
624 1990 666 2021 de
688 1984 921 2032 blasphemis:
961 1986 1143 2020 Excoecati
1170 1992 1252 2019 sunt

262 2045 354 2078 oculi
373 2054 512 2080 eorum,
542 2053 584 2074 ne
601 2040 754 2074 videant.

364 2098 439 2134 Etsi
465 2106 579 2133 autem
605 2103 644 2131 ut
668 2097 740 2130 dixi
766 2093 850 2129 haec
872 2095 1044 2129 sententia
1074 2106 1144 2127 non
1171 2106 1252 2138 pro-

263 2152 360 2187 hibet
393 2150 509 2184 doceri
545 2161 661 2183 veram
689 2147 907 2185 doctrinam,
941 2154 1055 2180 tamen
1081 2145 1254 2187 significat

264 2203 515 2237 discernendos
547 2212 619 2234 esse
649 2199 838 2233 auditores,
900 2197 1040 2231 Dociles
1064 2197 1119 2240 pie
1143 2203 1176 2230 et
1200 2208 1253 2229 se-

265 2255 349 2288 dulo
374 2253 556 2286 erudiendi
577 2258 677 2291 sunt,
704 2257 741 2283 ut
760 2249 891 2283 Paulus
909 2249 1040 2294 inquit:
1071 2247 1253 2281 lnfirmum

268 2308 300 2339 in
322 2306 387 2338 fide
404 2303 581 2337 assumito.
642 2301 694 2335 De
710 2301 788 2333 aliis
806 2298 1020 2345 blasphemis
1039 2300 1170 2333 dictum
1188 2306 1253 2332 est:

268 2358 346 2389 Non
379 2355 467 2387 detis
500 2359 657 2386 sanctum
689 2353 845 2385 canibus.
908 2349 953 2385 Et
984 2351 1152 2385 Proverlv.
1180 2351 1253 2385 15.;

271 2408 426 2440 Auribus
460 2405 555 2438 stulti
591 2416 634 2436 ne
667 2403 842 2447 loquaris,
877 2403 958 2447 quia
982 2402 1178 2436 contemnit
1200 2413 1282 2443 sa-'

270 2458 435 2502 pientiam
461 2455 591 2501 eloquii
618 2455 680 2488 tui.
740 2453 778 2486 1⁴2¹
799 2461 913 2486 tamen
933 2453 1137 2498 priusquam
1153 2452 1255 2486 audi-
1280 2453 1282 2490 J

270 2518 359 2542 tores
391 2509 590 2540 discernere.
622 2507 748 2549 possis,
788 2505 953 2537 omnibus
982 2505 1142 2538 doctrina
1174 2515 1253 2547 pro·
1279 2500 1283 2548 ξ

587 2557 708 2590 Postea
739 2568 928 2601 sequamur
956 2556 1108 2597 regulam
1137 2554 1253 2588 l‘aulit
1280 2570 1282 2574 ·

271 2611 492 2643 llaereticum
526 2607 704 2641 hominem
740 2615 815 2652 post
845 2619 951 2640 unam
982 2615 1086 2652 atque
1110 2607 1253 2640 alteram
1280 2621 1283 2642 ς

269 2662 565 2696 admonitionem,
594 2660 711 2693 vitato.
1279 2656 1283 2691 i

270 2561 430 2603 pnnch·
464 2566 522 2592 est.

838 76 964 114 PHIL.
991 72 1109 111 MEL.
1133 71 1342 111 SCRIPTA
1369 70 1673 109 EXEGETICA.

2235 71 2284 106 64

1345 152 1452 190 Fons
1483 154 1720 190 conturbatus
1747 159 1778 188 el
1804 153 1993 200 scaturigo
2018 152 2203 190 lutulenta
2231 154 2287 189 iu-

1397 211 1476 240 stus
1494 204 1627 241 cadens
1647 218 1770 241 coram
1790 205 1915 254 impio.

1397 282 1630 317 Manifestum
1658 290 1728 323 est,
1762 283 1865 316 valde
1888 282 2024 316 turbari
2048 283 2210 316 omnium
2232 295 2287 317 sa-

1297 335 1456 380 pientum
1480 341 1614 368 mentes
1634 333 1858 367 deformitate
1875 333 2052 367 Ecclesiae
2069 346 2147 368 cum
2166 334 2288 368 vident

1297 385 1462 430 imperia,
1489 397 1589 429 opes,
1615 384 1826 429 sapientiam
1854 397 1959 429 penes
1975 385 2102 430 impios
2117 396 2204 418 esse:
2233 385 2289 418 in-

1298 445 1389 472 terea
1408 448 1492 470 vero
1508 434 1702 470 Ecclesiam
1720 435 1896 479 exiguam,
1922 448 2186 477 aerumnosam,
2213 435 2290 470 sine

1298 495 1392 522 certo
1433 487 1583 532 imperio
1622 498 1777 530 sparsam
1814 486 1852 519 in
1885 486 2128 521 dissimilimas
2158 493 2289 531 gentes.

1301 539 1406 579 Item,
1436 551 1452 572 a
1477 538 1691 583 turpissimis
1716 538 1879 583 tyrannis
1903 538 2109 572 innocentes
2126 535 2290 572 homines

1300 590 1468 629 interfici,
1497 589 1739 624 Israelitarum
1765 588 1916 623 infantes
1943 601 1961 622 a
1989 586 2194 630 Pharaone,
2220 589 2291 623 Ba-

1299 643 1440 688 ptistam
1458 642 1502 675 ab
1521 640 1665 675 Herode
1677 668 1686 682 ,
1712 639 1864 673 Paulum
1881 639 2059 674 aNerone.
2111 639 2209 673 Haec
2223 641 2292 672 mi-

1300 693 1426 727 rabilia
1451 693 1645 737 spectacula
1672 698 1816 725 movent
1838 691 2028 735 sapientes,
2063 697 2102 724 ut
2127 691 2291 734 cogitent,

1300 742 1365 779 hos
1382 744 1529 777 miseros
1545 741 1708 777 homines
1724 755 1797 776 non
1816 754 1889 776 esse
1908 743 1987 776 Deo
2005 753 2119 778 cerae.

1404 804 1471 839 Sed
1497 804 1597 837 docet
1620 816 1685 836 vox
1705 803 1847 843 divina,
1873 802 1922 835 ibi
1945 814 2017 835 esse
2032 813 2150 835 veram
2168 802 2292 837 Eccle-

1301 856 1407 896 siam,
1433 854 1496 889 ubi
1519 867 1554 888 se
1570 853 1666 888 Dens
1682 855 1775 888 edita
1793 853 2027 899 promissione
2044 860 2076 887 et
2093 853 2292 888 illustribus

1302 906 1532 946 testimoniis,
1558 906 1823 939 resuscitatione
1842 912 2065 939 mortuorum
2085 911 2119 938 et
2136 905 2214 938 aliis
2230 916 2293 949 pa-

1302 958 1416 992 tefecit
1429 985 1438 998 ,
1466 964 1498 991 et
1516 955 1607 990 hanc
1625 968 1696 990 esse
1710 956 1786 989 Deo
1804 968 1924 997 curae,
1950 963 1982 989 et
2000 955 2180 997 exaudiri,
2207 968 2292 1000 pro-

1303 1009 1394 1052 tegi,
1442 1016 1474 1042 et
1513 1005 1700 1041 haeredem
1736 1019 1808 1041 esse
1841 1015 2004 1041 aeternae
2035 1007 2166 1050 gloriae
2200 1008 2294 1051 apud

1302 1058 1435 1094 Deum:
1478 1065 1511 1092 et
1540 1059 1684 1104 quidem
1719 1058 1879 1101 exiguam
1911 1069 2000 1098 esse,
2037 1065 2071 1092 et
2101 1058 2295 1092 subiectam

1302 1123 1375 1145 esse
1392 1111 1486 1144 cruci
1504 1116 1650 1155 propter
1668 1116 1777 1143 certas
1797 1119 1931 1142 causas».

1406 1170 1472 1204 His
1495 1170 1626 1204 divinis
1651 1169 1863 1203 testimoniis
1882 1179 1946 1201 nos
1969 1167 2216 1202 confirmemus
2233 1168 2295 1201 ad-

1304 1233 1425 1256 versus
1448 1219 1533 1255 haec
1556 1221 1769 1265 spectacula,
1799 1232 1888 1265 quae
1912 1219 2038 1253 usitate
2061 1219 2296 1252 nominantur

1303 1273 1519 1308 scandalum
1545 1272 1678 1312 crucis,
1706 1278 1739 1305 et
1762 1271 1872 1305 simus
1895 1282 2068 1303 memores
2092 1267 2220 1303 horum
2239 1269 2297 1303 di-

1304 1332 1450 1359 ctorum.
1502 1321 1633 1357 Matth.
1654 1324 1727 1356 11.:
1757 1321 1987 1356 Abscondisti
2012 1319 2096 1354 haec
2117 1333 2134 1354 a
2157 1320 2297 1365 sapien-

1303 1377 1414 1417 tibus,
1450 1381 1484 1409 et
1506 1374 1667 1408 revelasti
1694 1386 1732 1407 ea
1758 1373 1924 1418 parvulis.
1985 1372 2073 1406 Item
2103 1370 2230 1407 1.Cor.
2252 1371 2297 1405 1.;

1304 1426 1385 1461 Non
1401 1426 1504 1460 multi
1522 1426 1697 1470 sapientes
1713 1425 1906 1458 secundum
1924 1435 2077 1463 carnem,
2105 1434 2178 1456 non
2194 1421 2300 1456 multi

1305 1484 1464 1524 potentes
1489 1483 1553 1511 etc.
1607 1475 1687 1510 Huc
1721 1477 1875 1520 pertinet
1907 1482 1976 1509 tota
2009 1474 2170 1508 doctrina
2196 1472 2300 1508 Pauli

1305 1529 1424 1574 cap.9.
1443 1529 1485 1562 ad
1499 1526 1605 1563 Rom.
1624 1534 1655 1561 et
1674 1527 1776 1561 multi
1789 1526 1933 1561 Psalmi.
1988 1524 2053 1560 L't:
2082 1524 2164 1558 Noli
2180 1536 2301 1558 aemu-

1306 1581 1372 1614 lari
1400 1581 1436 1613 in
1463 1579 1753 1622 malignantibus.
1818 1577 1904 1611 ltem
1934 1576 2076 1610 Psalmo
2093 1575 2173 1612 72:
2208 1574 2301 1610 Moti

1306 1639 1405 1666 erant
1420 1643 1509 1676 pene
1526 1631 1632 1675 pedes
1650 1630 1730 1663 mei.

1408 1690 1459 1725 lta
1477 1689 1516 1724 fit
1534 1690 1711 1733 privatim.
1766 1687 1856 1722 Cum
1876 1687 1993 1721 David
2012 1687 2158 1732 pellitur
2175 1687 2211 1720 in
2227 1687 2300 1720 exi-

1306 1741 1414 1782 lium,
1442 1739 1662 1774 delectantur
1679 1741 1751 1773 eius
1768 1738 1965 1772 calamitate
1984 1737 2102 1781 impii,
2131 1744 2164 1771 et
2182 1737 2299 1771 mani-

1306 1792 1403 1825 festis
1425 1792 1607 1825 sarcasmis
1629 1791 1659 1823 ei
1679 1790 1846 1822 illudunt.
1904 1787 1999 1821 Haec
2018 1788 2148 1821 iudicia
2167 1788 2299 1821 descri-

1307 1843 1444 1877 buntur
1467 1839 1531 1874 liae
1554 1841 1722 1883 imagine:
1762 1839 1855 1873 Fons
1880 1839 2078 1872 lutulentus
2103 1839 2215 1872 iustus
2239 1851 2299 1872 co-

1307 1880 1380 1936 rzim
1407 1893 1529 1937 impio.
1586 1891 1653 1926 Sed
1680 1897 1822 1925 teneant
1841 1890 1890 1934 pii
1909 1902 2007 1923 veras
2027 1890 2300 1931 consolationes,

1307 1951 1338 1978 et
1363 1944 1491 1983 sciant,
1527 1944 1641 1988 qualis
1666 1943 1708 1976 sit
1731 1942 1906 1981 Ecclesia,
1938 1949 1968 1974 et
1992 1941 2144 1985 cogitent
2168 1953 2300 1982 causas,

1307 2008 1415 2041 quare
1431 1995 1524 2028 cruci
1543 1995 1697 2028 subiecta
1710 2019 1717 2030 ,
1747 2000 1777 2026 et
1795 1994 1889 2026 unde
1906 1993 1975 2026 sint
1994 1993 2162 2037 petendae
2181 1993 2300 2026 firmae

1306 2047 1576 2081 consolationes.

1415 2109 1445 2141 l.
1489 2105 1648 2139 Primum
1664 2133 1671 2143 ,
1707 2105 1789 2149 quia
1823 2104 1897 2137 vult
1928 2104 2068 2145 agnosci
2101 2108 2298 2150 peccatum.

1309 2159 1402 2204 quod
1422 2155 1536 2191 adliuc
1555 2154 1672 2189 haeret
1695 2156 1729 2188 in
1749 2154 1812 2188 hnc
1829 2163 1954 2188 natura
1974 2152 2174 2189 hominum.
2303 2161 2306 2164 ”

1409 2220 1443 2253 2,
1479 2217 1573 2260 Quia
1591 2229 1690 2259 saepe
1710 2223 1741 2249 et
1760 2216 1964 2248 manifestos
1981 2215 2099 2259 lapsus
2115 2213 2218 2249 habet
2231 2213 2298 2249 Ec-

1308 2270 1430 2308 clesia,
1456 2275 1487 2302 et
1506 2269 1578 2301 vult
1601 2280 1664 2301 nos
1682 2266 1776 2300 Deus
1795 2267 1951 2300 revocari
1971 2267 2013 2299 ad
2035 2266 2300 2310 poenitentiam.

1411 2329 1444 2363 3.
1488 2328 1581 2371 Quia
1615 2328 1688 2361 vult
1722 2326 1898 2365 invocari,
1934 2334 1964 2359 et
1989 2326 2174 2359 ostendere
2200 2338 2298 2360 suam

1310 2381 1540 2425 praesentiam
1569 2380 1603 2411 in
1631 2379 1826 2413 aerumnis.
1855 2389 1944 2421 quae
1970 2389 2041 2409 non
2067 2385 2211 2421 possunt
2232 2376 2299 2412 liu-

1309 2445 1412 2466 mano
1432 2431 1579 2466 consilio
1597 2431 1724 2464 sanari.

1412 2493 1446 2526 4.
1485 2491 1578 2534 Quia
1614 2490 1688 2522 vult
1721 2501 1821 2522 neces
1853 2488 2065 2521 Sanctorum
2099 2488 2297 2522 testimonia

1310 2556 1380 2578 esse
1399 2546 1440 2577 (le
1457 2542 1636 2581 doctrina,
1665 2541 1757 2573 etde
1779 2547 1926 2573 venturo
1946 2539 2088 2574 indicio.
