2409 2915
323 79 418 115 1035

421 164 465 197 Et
491 173 569 195 cum
591 157 782 201 cogitamus
800 150 980 187 Christum
1004 150 1174 183 iacentem
1197 148 1235 181 in
1253 158 1306 180 se-
1329 150 1333 205 ἱ

321 216 462 261 pulcro,
491 219 523 245 et
547 217 663 254 postea
688 210 948 248 resurgentem,
975 200 1081 234 simul
1106 200 1308 243 cogitemus,

321 277 386 300 nos
409 265 502 308 ipsos
523 261 573 295 ibi
598 259 634 292 in
660 256 820 302 sepulcro
841 254 972 293 iacere,
997 251 1088 284 sicut
1105 249 1236 284 Paulus
1254 249 1310 280 in-

323 316 417 361 quit:
446 309 654 355 Consepulti
676 317 797 342 sumus
813 302 969 338 Christo.
1022 299 1068 335 Et
1090 300 1196 334 simul
1220 298 1310 331 vivi-

322 365 506 400 ficabimur
523 373 602 396 cum
620 356 763 394 Christo
780 360 1000 397 resurgente.

426 423 502 456 Imo
534 419 816 466 quandocunque
848 413 1008 446 videmus
1031 409 1172 455 sepeliri
1195 406 1312 441 homi-

325 487 406 516 nes,
433 473 561 517 cogites
587 482 644 503 eos
666 468 702 501 in
722 466 809 499 illud
829 464 943 508 ipsum
961 462 1160 504 sepulcrum
1179 456 1313 492 Christi

326 526 453 565 condi,
487 530 520 557 et
548 526 693 566 propter
724 529 803 551 eum
837 521 870 548 et
903 525 966 558 per
995 524 1075 563 eu'm
1104 508 1314 548 resuscitari,

327 578 409 623 quia
436 571 655 608 resuscitatio
678 569 716 602 fit
737 572 882 611 propter
903 569 1052 597 mortem
1077 561 1141 594 filii
1163 560 1248 600 Dei,
1282 565 1315 592 et

326 629 366 662 fit
388 638 449 672 per
466 635 564 663 eum,
590 622 679 655 sicut
695 616 846 652 lohann.
862 612 899 651 5.
916 613 1064 648 dicitur:
1095 611 1200 644 Venit
1216 607 1316 666 hora,

329 680 365 711 in
389 688 458 722 qua
482 683 604 708 omnes
629 670 691 716 qui
717 669 755 702 in
780 665 1023 701 monumentis
1045 669 1146 703 sunt,
1172 662 1317 718 audient

328 739 449 762 vocem
473 726 559 759 eius,
610 721 656 756 Et
679 719 889 765 procedent,
916 715 977 761 qui
996 716 1088 748 bona
1105 714 1263 745 fecerunt
1280 722 1317 743 ιῐι

328 776 620 813 resurrectionem
646 771 755 811 vitae,
782 768 843 814 qui
867 779 950 801 vero
976 766 1068 800 male
1089 769 1253 807 egerunt,
1280 761 1318 794 in

330 827 621 864 resurrectionem
639 821 777 856 iudicii.

434 885 530 920 Haec
546 881 717 917 intellexit
732 878 861 919 Maria,
888 887 976 922 quae
991 874 1042 908 ibi
1057 879 1219 918 praesens
1236 877 1320 911 erat,

332 939 428 986 quod
451 942 595 981 propter
620 931 711 966 hanc
732 936 881 963 mortem
898 934 931 961 et
948 926 1145 959 mirandam
1165 923 1319 968 quietem

332 990 538 1025 redderetur
561 983 664 1018 nobis
686 981 776 1021 vita,
803 985 835 1013 et
854 979 929 1022 ipsa
947 975 1158 1020 exspectavit
1175 973 1250 1007 eius
1264 983 1320 1006 re-

333 1039 597 1075 surrectionem.
665 1031 741 1076 Ipsa
765 1041 839 1063 non
864 1028 1001 1062 curavit
1023 1027 1101 1059 illas
1125 1024 1322 1062 unctiones,

334 1102 420 1137 quas
451 1087 514 1122 alii
549 1086 723 1123 fecerant,
764 1081 825 1114 sed
862 1079 993 1113 sciebat
1032 1076 1202 1120 scriptum
1236 1085 1322 1113 esse,

333 1141 474 1175 Psalmo
494 1134 568 1172 15.:
603 1134 692 1170 Caro
716 1143 792 1165 mea
815 1128 1002 1175 requiescit
1024 1127 1063 1160 in
1088 1138 1167 1171 spe,
1194 1131 1227 1159 et
1248 1135 1322 1158 non
1346 1133 1348 1156 ι

335 1191 435 1226 dabis
452 1195 611 1223 sanctum
626 1191 726 1219 tuum
744 1183 864 1216 videre
879 1178 1154 1223 corruptionem.

438 1247 483 1282 Et
504 1246 652 1289 cogitate
677 1241 791 1288 qualis
810 1241 902 1274 lucta
919 1238 1000 1273 fidei
1017 1236 1123 1270 fuerit
1141 1235 1178 1268 in
1195 1231 1325 1267 Maria.

337 1299 451 1337 Simul
473 1297 540 1332 suit
560 1305 707 1338 magnus
725 1292 848 1332 dolor,
875 1296 909 1324 et
926 1296 1042 1323 tamen
1060 1287 1190 1320 mixtus
1204 1283 1273 1318 fide
1291 1288 1325 1315 et

338 1365 408 1397 spe.
463 1349 540 1393 Ipsa
567 1344 697 1379 mortui
720 1343 783 1377 filii
805 1352 932 1384 corpus
948 1336 1194 1375 contrectavit,
1220 1343 1325 1378 genas

339 1411 372 1437 et
401 1410 526 1435 manus
556 1396 710 1429 osculata
739 1399 808 1434 est,
851 1391 940 1423 vidit
974 1389 1025 1422 ibi
1055 1388 1168 1420 iacere
1198 1394 1326 1427 corpus

339 1459 539 1489 mortuum,
566 1447 654 1480 sicut
677 1444 744 1478 alia
767 1443 947 1476 cadavera.
1000 1436 1048 1472 Et
1071 1445 1187 1471 tamen
1212 1434 1326 1474 scivit,

340 1501 518 1549 quomodo
552 1501 740 1539 conceptus
772 1499 865 1532 erat,
908 1490 1009 1524 scivit
1044 1499 1115 1521 esse
1146 1485 1328 1526 Messiam‚

341 1553 442 1588 scivit
466 1561 528 1594 per
548 1558 626 1581 eum
642 1544 753 1579 deleri
773 1548 953 1588 peccatum
973 1546 1006 1572 et
1024 1545 1190 1574 mortem,
1220 1541 1251 1568 et
1266 1545 1329 1578 per

340 1615 418 1638 eum
434 1598 568 1635 restitui
584 1595 752 1630 iustitiam
770 1601 802 1627 et
819 1593 934 1626 vitam.
989 1588 1071 1622 Ideo
1088 1588 1219 1621 sciebat
1233 1590 1328 1618 certo

340 1657 618 1689 resurrecturum
636 1657 720 1681 esse.

444 1710 595 1744 Prorsus
626 1706 673 1739 ita
702 1714 768 1737 nos
794 1711 934 1747 quoque
955 1696 1178 1732 consolemur
1203 1704 1268 1726 nos
1292 1692 1330 1724 in

344 1769 462 1798 nostra
478 1765 608 1799 morte,
633 1757 810 1789 intuentes
826 1753 863 1785 in
881 1750 975 1783 hunc
992 1749 1106 1793 ipsum
1125 1744 1331 1780 Dominum.
1356 1790 1357 1798 ἵ

344 1815 389 1849 Εῑ
412 1812 475 1846 bas
497 1811 589 1855 ipsas
611 1805 840 1850 cogitationes
861 1800 997 1835 Mariae
1022 1798 1115 1842 apud
1140 1807 1205 1829 nos
1229 1805 1332 1838 saepe
1356 1810 1357 1813 =

345 1864 626 1900 consideremus,
654 1857 827 1891 discamus
847 1852 967 1885 videre
991 1850 1096 1883 vitam
1115 1848 1150 1880 in
1171 1844 1237 1878 hoc
1253 1856 1333 1888 spe——

346 1914 481 1950 etaculo
506 1910 643 1944 mortis.
694 1907 770 1941 Imo
796 1905 832 1937 in
854 1902 1020 1936 omnibus
1040 1896 1333 1933 tribulationibus

346 1964 476 2000 nostris
500 1962 674 1995 discamus
697 1968 776 1990 cum
795 1955 870 1997 ipso
887 1952 959 1985 silio
974 1950 1039 1984 Dei
1057 1946 1123 1981 hoc
1139 1947 1332 1982 Sabbatum

347 2025 503 2054 servare,
527 2011 745 2057 quiescamus
768 2005 804 2038 in
820 2005 896 2048 ipso
914 2001 1008 2040 Deo,
1036 2000 1185 2034 sciamus
1201 1997 1230 2029 ei
1247 1997 1332 2029 obe-

348 2066 519 2102 diendum
551 2072 622 2095 esse
648 2059 685 2093 in
711 2055 907 2093 aerumnis,
940 2059 972 2086 et
992 2059 1108 2086 tamen
1132 2054 1334 2092 exspectan-

349 2119 428 2153 dam
447 2112 695 2148 liberationem
712 2118 774 2152 per
789 2103 884 2139 bunc
900 2105 1012 2146 ipsum
1029 2100 1223 2136 Dominum
1236 2125 1246 2138 ,
1273 2097 1334 2143 qui

350 2177 434 2203 tunc
457 2166 493 2198 in
519 2162 678 2206 sepulcro
706 2156 852 2204 quievit.
915 2152 1010 2187 llaec
1034 2149 1265 2196 experientia,
1297 2148 1335 2181 in
1360 2159 1363 2188 ι

351 2230 419 2265 qua
444 2219 648 2250 exercentur
670 2210 755 2243 fides
774 2214 807 2241 et
824 2217 919 2250 spes,
945 2202 1084 2237 docebit
1104 2213 1187 2241 nos,
1213 2207 1253 2234 ut
1270 2199 1336 2232 ali·
1361 2226 1362 2243 χ

352 2267 531 2315 quomodo
549 2262 638 2297 banc
656 2269 818 2294 arcanam
836 2255 1030 2290 doctrinam
1047 2253 1089 2286 de
1106 2250 1171 2285 boc
1180 2250 1336 2285 Sabbato
1361 2264 1364 2298 Ι

353 2328 385 2354 et
399 2317 463 2353 hac
479 2316 595 2362 quiete
612 2312 674 2346 filii
692 2310 756 2345 Dei
772 2307 1020 2350 intelligamus.
1361 2301 1365 2367 ι

1334 292 1336 315 l

456 2383 614 2418 Multum
641 2376 827 2423 garriendo
851 2381 883 2408 et
908 2371 1055 2407 rixando
1081 2382 1153 2403 non
1178 2369 1337 2403 invenie-
1362 2374 1365 2387 '

355 2448 432 2472 mus
453 2433 544 2468 hanc
565 2441 726 2465 arcanam
750 2425 970 2471 sapientiam.
1020 2421 1089 2456 Sed
1109 2421 1145 2453 in
1166 2421 1256 2453 veris
1273 2422 1337 2453 do-

354 2488 510 2527 loribus,
544 2483 579 2516 in
612 2491 722 2525 agone
755 2477 876 2511 mortis
904 2477 1013 2508 simus
1036 2472 1169 2506 similes
1193 2470 1339 2511 Mariae,

358 2541 558 2572 intueamur
585 2531 681 2566 hunc
706 2528 900 2563 Dominum
933 2526 1101 2558 iacentem
1135 2522 1200 2555 sub
1229 2533 1340 2562 cruce,

914 65 1038 100 PHlL.
1067 63 1182 98 MEL.
1209 61 1416 97 SCRw'llx
1446 61 1742 98 EXEGEUCA.

2247 62 2342 97 1056

1357 154 1445 187 tam,
1478 155 1510 182 et
1542 155 1661 192 postea
1690 146 1932 182 resuscitatum
1966 147 2164 186 intuemur,
2198 153 2232 181 et
2261 146 2343 180 laeti

1358 210 1452 242 spem
1491 207 1524 232 et
1563 199 1856 244 exspectationem
1896 197 2117 231 liberationis
2153 204 2345 231 teneamus.

1358 249 1454 283 Haec
1471 250 1633 283 exercitia
1648 257 1731 284 nota
1749 260 1822 282 esse
1836 248 1940 281 nobis
1956 249 1992 282 in
2010 246 2167 282 Ecclesia
2183 254 2332 292 oportet.

1619 349 1686 382 De
1720 351 2090 384 resurrectione.

1463 423 1506 457 ln
1530 423 1785 456 resurrectione
1807 423 1917 457 vincit
1932 421 2096 457 Christus
2120 430 2292 464 mortem,
2315 431 2349 458 et

1363 476 1515 509 ostendit
1538 486 1574 507 se
1597 474 1667 506 iam
1691 475 1837 507 reddere
1860 475 1978 517 generi
2003 471 2158 506 humano
2178 474 2347 507 iustitiam

1363 532 1396 560 et
1428 526 1534 558 vitam
1565 531 1760 565 aeternam,
1795 536 1901 568 quam
1926 531 2027 558 antea
2053 523 2169 558 Adam
2195 531 2229 558 et
2249 523 2349 558 Heva

1364 576 1565 610 amiserant.
1618 574 1703 608 Ideo
1729 587 1800 607 non
1825 575 1892 618 ipsi
1917 581 2050 609 tantum
2077 575 2219 618 prodest
2234 586 2351 608 resur-

1364 627 1494 665 rectio,
1529 627 1588 659 sed
1619 625 1787 659 omnibus
1810 625 2044 658 credentibus.
2103 623 2148 658 Et
2173 632 2352 670 utrunque

1366 677 1625 717 consideretur,
1654 677 1727 720 ipsa
1752 675 1981 717 resurrectio,
2004 681 2037 708 et
2055 675 2183 709 deinde
2201 675 2351 710 efficacia

1367 735 1400 762 et
1417 739 1564 770 regnum
1581 727 1776 760 resuscitati
1794 726 1956 762 Messiae.

1472 785 1512 818 ln
1534 786 1788 818 resurrectione
1811 785 1884 828 ipse
1909 783 2019 817 vincit
2042 790 2210 827 mortem,
2236 790 2269 818 et
2292 785 2355 818 de-

1368 836 1470 871 struit
1489 836 1681 880 potentiam
1696 834 1857 874 Diaboli,
1885 841 1924 869 ut
1941 834 2044 868 nobis
2058 834 2219 869 restituat
2236 835 2357 871 vitam.

1472 894 1594 928 Postea
1624 893 1783 939 sequitur
1815 893 1966 927 efficacia
1997 893 2206 929 resuscitati.
2278 892 2356 938 lpse

1370 952 1492 990 regnat
1524 945 1658 990 aequali
1691 945 1845 987 potentia
1877 956 1955 978 cum
1981 942 2102 983 Patre,
2143 944 2203 978 dat
2233 955 2357 978 vocem

1369 996 1578 1039 Evangelii,
1611 995 1722 1028 mittit
1745 995 1954 1039 Apostolos,
1985 1000 2100 1027 servat
2130 1003 2268 1038 semper
2288 995 2357 1028 mi-

1370 1048 1556 1081 nisterium
1589 1044 1794 1089 Evangelii,
1829 1045 1963 1088 colligit
1992 1055 2129 1088 semper
2152 1043 2359 1086 Ecclesiam,

1373 1100 1460 1132 dans
1495 1097 1669 1141 Spiritum
1699 1103 1878 1137 sanctum,
1922 1101 1956 1128 et
1984 1095 2143 1139 reprimit
2175 1095 2360 1130 Diabolus.

1372 1147 1419 1183 Et
1449 1155 1567 1193 postea
1596 1148 1657 1181 dat
1684 1144 1890 1181 hominibus
1919 1146 2142 1180 credentibus
2172 1146 2279 1180 vitam
2302 1158 2361 1180 ae-

1373 1206 1522 1234 ternam.

1476 1257 1572 1291 Haec
1600 1258 1695 1291 bona
1725 1268 1859 1290 summa
1890 1256 2003 1289 adfert
2027 1255 2234 1289 resurrectio
2257 1253 2363 1290 huius

1375 1309 1534 1344 Domini.
1587 1308 1632 1342 Et
1657 1315 1800 1353 propter
1823 1304 1888 1341 hos
1911 1307 1997 1340 fines
2019 1306 2262 1351 principaliter
2278 1307 2362 1340 mis—

1375 1371 1434 1394 sus
1450 1367 1512 1392 est.

1480 1415 1549 1449 Hic
1578 1421 1715 1459 oportet
1744 1426 1809 1448 nos
1840 1425 1976 1458 semper
2006 1421 2124 1448 tenere
2152 1414 2363 1457 doctrinam,

1379 1468 1558 1513 quomodo
1588 1465 1659 1499 Nos
1696 1466 1907 1508 accipiamus
1940 1463 2024 1497 haec
2057 1471 2152 1497 tanta
2187 1465 2364 1507 beneficia,

1380 1530 1468 1563 quae
1488 1529 1549 1562 per
1566 1516 1856 1549 resurrectionem
1876 1515 1939 1548 filii
1956 1513 2020 1548 Dei
2038 1521 2135 1558 parta
2153 1522 2246 1551 sunt.

1475 1609 1704 1652 Quomodo
1731 1609 1813 1642 siat
1839 1608 1968 1641 nobis
1995 1608 2273 1653 adplicatio'?

1485 1683 1713 1728 Respondeo:
1747 1682 1990 1718 Cer-tissimum
2019 1690 2088 1724 est,
2120 1690 2283 1728 oportere
2302 1685 2368 1720 fide

1384 1747 1445 1769 cor
1476 1732 1742 1779 adprehendere
1772 1732 1868 1767 hunc
1893 1733 2086 1768 Dominum
2113 1735 2368 1776 resuscitatum,

1383 1784 1452 1820 hoc
1473 1792 1544 1826 est,
1570 1785 1697 1818 fiducia
1722 1785 1767 1819 sit
1791 1785 1828 1818 in
1852 1785 1956 1818 corde
1974 1785 2114 1819 intuens
2132 1783 2227 1820 hunc
2242 1785 2370 1821 Domi-

1384 1849 1491 1877 num,
1526 1843 1559 1870 et
1583 1843 1740 1870 statuens
1765 1842 1909 1880 propter
1932 1835 2046 1880 ipsum
2070 1848 2150 1870 vere
2172 1848 2238 1870 nos
2261 1839 2370 1884 recipi

1385 1894 1420 1921 et
1443 1887 1583 1921 salvari.
1635 1886 1710 1920 Hac
1735 1887 1801 1920 fide
1824 1887 1896 1920 sola
1920 1887 2144 1934 accipiuntur
2167 1884 2250 1922 baec
2268 1889 2371 1929 bona.

1386 1945 1421 1973 et
1443 1938 1593 1972 sentitur
1611 1935 1695 1971 baec
1713 1937 1924 1977 consolatio,
1951 1949 2040 1982 quae
2057 1944 2107 1971 est
2122 1938 2262 1972 initium
2279 1940 2372 1975 vitae

1387 1996 1558 2023 aeternae.
1613 1987 1662 2021 lta
1680 1988 1809 2021 Paulus
1830 1988 1931 2021 dicit:
1959 1987 2137 2022 lustificati
2161 1989 2228 2022 fide
2251 2001 2370 2034 pacem

1387 2037 1567 2073 babemus.
1619 2037 1666 2072 Et
1691 2039 1804 2084 qualis
1825 2039 1868 2072 sit
1893 2035 1978 2072 haec
2004 2050 2120 2082 pugna
2143 2039 2180 2073 in
2199 2041 2290 2075 veris
2307 2042 2372 2076 do-

1388 2091 1544 2131 loribus,
1571 2090 1745 2123 discamus
1764 2090 1801 2122 in
1818 2089 2045 2133 experientia.

1490 2147 1548 2182 Sic
1571 2148 1646 2181 vult
1669 2147 1808 2194 agnosci
1834 2154 1867 2181 et
1889 2147 1958 2181 coli
1981 2148 2047 2181 fide
2071 2145 2127 2181 bic
2146 2146 2320 2185 Dominus
2338 2159 2372 2187 et
2408 2150 2409 2158 ¹

1388 2197 1447 2233 bic
1463 2198 1535 2244 ipse
1549 2199 1663 2232 cultus
1682 2197 1738 2232 bic
1755 2199 1968 2232 discernitur
1982 2209 2001 2232 a
2018 2199 2114 2232 cultu
2130 2211 2287 2243 operum.

1491 2257 1655 2292 Mulieris
1671 2265 1756 2292 eunt
1770 2258 1813 2290 ad
1830 2257 2032 2301 ungendum
2043 2256 2250 2297 Dominum.
2296 2259 2373 2296 Hoc

1390 2309 1576 2352 significat,
1610 2309 1703 2354 quod
1728 2308 1838 2353 aliqui
1862 2308 1987 2342 volunt
2011 2306 2167 2343 Domino
2189 2312 2372 2347 ostendere
2408 2294 2409 2315 l

1390 2361 1507 2405 aliqua
1537 2361 1630 2393 bona
1663 2371 1786 2405 opera,
1819 2365 1852 2393 et
1879 2371 1949 2392 non
1973 2359 2017 2393 ab
2044 2359 2118 2404 ipso
2143 2361 2260 2406 potius
2282 2363 2372 2398 acci·

1390 2412 1589 2457 perebona.

1492 2469 1561 2503 Sed
1586 2468 1730 2512 angelus
1755 2468 1916 2510 obiurgat
1940 2468 2122 2503 mulieres:
2152 2468 2249 2513 Quid
2267 2482 2373 2517 qua·-
2408 2499 2409 2516 3

1392 2521 1468 2555 ritis
1489 2521 1664 2553 viventem
1685 2519 1776 2553 inter
1792 2519 1975 2552 mortuos?
2009 2519 2057 2553 sic
2073 2520 2177 2554 colite
2195 2519 2373 2565 Messinm,

358 2593 612 2622 contrectemus
636 2582 710 2615 eius
733 2585 872 2624 pectus,
902 2575 1100 2610 osculemur
1115 2573 1189 2606 eius
1206 2584 1340 2612 manus,
1390 2579 1429 2605 ut
1447 2571 1596 2604 credatis
1611 2582 1688 2604 eum
1706 2569 1804 2602 vobis
1821 2570 1967 2604 reddere
1984 2571 2104 2614 vitam,
2131 2582 2203 2605 non
2219 2573 2370 2609 somnie-

359 2648 392 2674 et
415 2639 563 2672 sciamus
584 2645 664 2669 eum
687 2643 747 2666 sua
770 2635 882 2663 morte
898 2626 1001 2661 nobis
1019 2624 1181 2659 meritum
1198 2634 1269 2657 esse
1288 2623 1341 2655 xi-
1364 2660 1368 2669 .

1392 2623 1436 2657 tis
1454 2634 1532 2656 eum
1550 2633 1689 2655 manere
1709 2621 1745 2654 in
1759 2628 1880 2655 morte.
