2409 2915
80 112 155 148 873
330 111 407 148 ΧΠ.
459 107 851 146 ANNOTATIONES
879 109 946 146 ET
972 102 1254 146 CONCIONES
1284 106 1331 142 ΙΝ
1358 107 1541 148 EVANG.
1569 111 1848 153 MATTHAEI.
2029 118 2104 154 874

80 198 240 231 custodes
263 197 438 231 librorum
465 196 630 236 istorum,
657 201 696 230 ut
711 194 842 229 Paulus
863 196 965 231 dicit:
993 194 1064 230 Cu-

80 249 171 282 stodi
190 248 400 293 depositum.
451 245 538 280 Inde
559 253 675 282 sumat
694 253 811 281 vetera
835 253 869 281 et
892 258 999 287 nova,
1028 246 1063 280 id

80 305 149 340 est,
173 298 301 343 Legem
318 305 350 333 et
365 296 612 340 Evangelium.

103 388 205 426 -Non
221 395 272 424 est
287 386 472 437 Propheta
489 392 706 431 contemtus,
736 388 814 423 nisi
829 388 868 423 in
886 389 1027 436 patria.

458 464 679 495 Propositio.

179 515 333 560 Querela
350 523 411 558 est,
434 516 529 562 quod
547 516 727 561 praecipui
743 514 862 552 hostes
878 516 1063 561 Evangelii
1090 532 1092 542 r

78 567 148 601 sint
164 567 200 600 in
218 567 294 614 ipso
312 579 479 612 corpore,
505 568 601 612 quod
618 575 762 602 vocatur
775 566 946 609 Ecclesia,
974 569 1064 602 sicut

76 617 155 654 lob.
176 618 207 651 1.
223 617 369 651 dicitur:
395 619 436 651 In
459 617 602 662 propria
620 619 734 658 venit,
761 625 794 653 et
812 620 866 652 sui
889 631 968 652 eum
990 631 1062 653 non

76 674 293 713 receperunt.
345 665 488 705 Et'Esa.
506 669 567 703 65.
622 668 714 703 Tota
731 669 789 702 die
816 671 962 714 expandi
989 681 1060 702 ma-
1087 686 1090 696 ι

74 730 142 753 nus
167 730 261 752 meas
284 718 327 752 ad
355 719 527 764 populum
548 731 622 753 non
644 720 866 762 credentem,
892 721 951 754 sed
977 732 1062 754 con-

74 770 317 804 tradicentem.

174 825 360 870 Duplicem
384 832 498 860 autem
516 826 714 860 doctrinam
738 827 904 861 continet.
958 827 1062 861 Prior

73 885 144 919 est,
170 878 265 922 quod
286 883 424 915 monet,
452 888 496 909 ne
514 877 732 920 decipiamur
756 878 859 911 titulo
876 876 1061 919 Ecclesiae,
1086 893 1089 902 ⁴

73 929 163 962 sicut
182 939 277 961 nunc
302 939 443 971 quoque
467 927 665 970 gloriantur
687 926 853 973 Episcopi
878 936 911 962 et
933 928 1061 962 Mona·
1086 958 1087 962 ,

72 977 148 1019 chi,
173 979 268 1022 quod
292 977 362 1011 sint
384 975 558 1017 Ecclesia,
586 979 644 1011 scd
669 978 717 1012 sic
740 986 840 1020 sunt,
873 979 962 1013 sicut
984 980 1061 1012 fue-

72 1036 158 1064 runt
173 1026 329 1062 Ecclesia
347 1025 525 1061 Pharisaei
543 1035 575 1061 et
591 1028 788 1062 Zadducaei
802 1057 811 1070 ,
838 1037 871 1063 et
894 1030 956 1062 alii
981 1042 1060 1073 per-

73 1086 249 1114 secutores
266 1079 302 1112 in
322 1079 454 1122 populo
472 1077 694 1119 ludaeorum,
718 1081 941 1123 praedicante
954 1078 1060 1114 Chri-

73 1138 136 1164 sto.
173 1129 269 1163 Haec
285 1129 577 1163 commonefactio
595 1130 788 1163 necessaria
805 1138 867 1172 est,
894 1143 937 1163 ne
956 1131 1059 1165 titulo

73 1181 304 1225 decipiamur.

176 1238 240 1273 Est
263 1246 294 1272 et
317 1237 531 1276 consolatio,
560 1249 648 1282 quae
668 1245 805 1279 monet,
832 1251 876 1272 ne
894 1240 1058 1273 scandalo

72 1289 259 1335 paucitatis
276 1289 493 1322 credentium
509 1300 724 1329 moveamur,
749 1296 787 1322 ut
802 1289 918 1333 potius
934 1290 1059 1323 maiori

72 1341 164 1386 parti
197 1339 446 1378 assentiamur,
479 1339 536 1371 sed
565 1350 703 1382 semper
729 1339 879 1372 sciamus
902 1340 1058 1382 regulam

72 1391 280 1424 servandam
300 1401 390 1429 esse,
416 1395 455 1421 nt
472 1387 668 1422 iudicemus
692 1389 735 1422 de
752 1386 908 1423 Ecclesia
925 1401 964 1422 ex
982 1402 1058 1423 ver-

71 1443 117 1475 ho
132 1440 210 1476 Dei.
256 1439 313 1473 llli
329 1445 410 1472 sunt
426 1437 594 1480 Ecclesia,
622 1439 682 1484 qui
701 1440 850 1474 credunt
866 1440 973 1474 verbo
992 1440 1059 1475 Dei

70 1492 290 1535 incorrupto.

175 1549 351 1588 Secundo,
379 1547 551 1581 accusatio
567 1548 820 1582 consideranda
837 1556 896 1590 est,
922 1557 962 1584 ut
977 1561 1057 1593 aga-

71 1613 150 1635 mus
172 1599 439 1644 poenitentiam.
492 1598 571 1632 Non
596 1606 732 1632 tantum
751 1597 931 1634 Pharisaei
955 1613 1058 1634 accu-

70 1659 194 1686 santur
219 1650 255 1682 in
281 1647 346 1682 hoc
373 1656 480 1682 textu.
534 1648 603 1682 Sed
630 1649 689 1681 alii
715 1649 799 1682 boni
825 1657 859 1684 et
880 1651 1058 1685 auditores
1082 1671 1083 1688 ι

70 1701 222 1741 Christi,
250 1701 307 1745 qui
325 1707 441 1733 tamen
459 1706 558 1732 erant
577 1699 809 1742 negligentes,
837 1708 869 1734 et
889 1713 962 1734 non
977 1713 1057 1745 age-

71 1755 157 1786 bant
174 1750 426 1795 poenitentiam
439 1776 448 1791 ,
476 1756 508 1783 et
525 1750 600 1783 sine
619 1761 698 1783 vera
722 1750 788 1783 fide
805 1752 1006 1786 audiebant.

171 1810 277 1843 Tales
302 1809 402 1842 multi
430 1815 510 1841 sunt
536 1808 627 1841 inter
657 1820 741 1849 nos,
775 1816 806 1842 et
831 1809 867 1842 in
891 1808 956 1844 hoc
981 1812 1056 1855 ipso

70 1869 187 1900 coetu,
220 1860 280 1905 qni
303 1859 387 1892 dicit
413 1871 448 1892 se
475 1858 636 1902 amplecti
664 1858 909 1902 Evangelium.
962 1862 1056 1905 Aga—

69 1924 149 1946 mus
174 1912 281 1955 igitur
305 1909 577 1954 poenitentiam,
607 1917 640 1943 et
660 1921 775 1942 veram
802 1911 904 1944 fidem
929 1913 1056 1946 excite-

68 1975 165 2003 mus,
193 1969 226 1996 et
249 1972 468 1994 exerceamus
493 1971 566 1993 eam
597 1960 634 1992 in
660 1960 903 2001 invocatione,
934 1963 972 1996 in
997 1975 1055 2007 spe

68 2014 189 2047 auxilii
208 2012 340 2051 divini,
367 2011 403 2044 in
424 2010 601 2054 patientia.
641 2009 733 2044 Satis
751 2023 874 2054 magna
900 2014 1054 2057 pericula

67 2076 164 2097 nunc
188 2064 413 2106 impendent,
447 2061 601 2095 fortassis
634 2073 724 2094 nova
753 2062 842 2095 bella
871 2072 994 2104 erunt,
1023 2072 1055 2099 et

68 2115 228 2148 videmus
247 2113 384 2146 turbari
402 2110 577 2145 Ecclesias
599 2112 635 2144 in
654 2112 775 2146 multis
794 2112 891 2150 locis.

170 2171 301 2207 Contra
319 2168 404 2204 haec
421 2171 510 2203 mala
529 2182 723 2214 pugnemus
739 2172 899 2205 oratione
915 2180 947 2207 et
972 2186 1054 2217 poe-

67 2224 214 2258 nitentia
229 2250 236 2263 ‚
266 2234 308 2255 ne
325 2222 503 2255 auferatur
528 2233 546 2254 a
566 2221 668 2254 nobis
684 2220 937 2264 EvangeHnm,
964 2225 1053 2259 sient

65 2275 151 2310 alibi
168 2274 322 2307 minatur
337 2272 531 2313 Dominus,
558 2271 620 2305 ubi
638 2271 703 2306 ait:
733 2271 842 2306 Fiunt
862 2274 1051 2309 novissima

64 2326 183 2372 peiora
204 2324 395 2370 prioribus.

402 2455 540 2509 Caput
585 2455 707 2497 XIV.

173 2542 240 2576 De
267 2549 377 2575 nece
402 2537 638 2573 Iohannis
663 2539 939 2582 Baptistae.

166 2615 234 2650 Hic
251 2622 300 2650 est
316 2626 440 2659 magna
455 2615 624 2659 quaestio,
651 2614 695 2647 de
709 2625 777 2659 qua
793 2613 964 2658 sapientia
982 2611 1049 2648 hu-

65 2679 168 2703 mana
183 2678 256 2702 non
269 2673 383 2712 potest
399 2666 626 2711 respondere:
655 2664 775 2708 Quare
789 2663 947 2700 Ecclesia
963 2666 1047 2700 sub-

1117 189 1204 223 iecta
1221 198 1270 225 est
1285 194 1403 228 cruci?
1437 194 1555 238 Quare
1572 195 1759 240 Iohannes,
1778 199 1984 246 Prophetae,
2004 204 2102 246 Apo-

1116 240 1218 282 stoli,
1246 248 1278 275 et
1293 254 1426 278 summa
1444 246 1579 281 lumina
1597 247 1771 285 Ecclesiae
1795 252 2078 287 interficiuntur?

1219 290 1314 326 Haec
1338 295 1496 329 doctrina
1516 304 1566 331 est
1589 301 1740 334 revelata
1766 303 1803 335 in
1826 302 2040 346 Evangelio,
2068 312 2100 338 et

1116 341 1230 375 statim
1258 342 1358 378 initio
1383 345 1419 377 in
1436 345 1601 381 Paradiso
1619 352 1762 387 tradita:
1791 353 1925 387 Ponam
1946 355 2098 388 inimici-

1089 422 1093 448 l
1115 392 1181 425 tias
1211 392 1304 426 inter
1333 403 1528 439 serpentem
1558 405 1591 432 et
1616 411 1734 434 semen
1760 404 1936 446 mulieris,
1973 412 2005 439 et
2027 417 2099 439 ser-

1088 455 1092 461 ·
1114 454 1201 486 pens
1219 442 1447 479 insidiabitur
1465 447 1626 482 calcaneo
1645 451 1730 486 eius.

1215 491 1326 528 Causa
1351 497 1538 542 praecipua
1555 506 1588 532 et
1612 502 1722 544 prima
1745 505 1868 538 mortis
1886 513 1918 540 et
1940 506 2099 540 omnium

1090 556 1091 595 ᾗ
1114 543 1350 578 calamitatum
1377 548 1483 581 totius
1508 551 1644 592 generis
1670 549 1816 586 humani
1843 562 1908 596 est,
1935 557 2015 601 quia
2037 569 2098 589 na-

1089 601 1091 613 ι

1090 600 1192 627 ¹tura
1226 594 1411 630 hominum
1450 601 1687 636 contaminata
1724 612 1774 638 est
1811 613 1970 649 peccato,
2004 609 2098 652 quod

1088 649 1091 671 ¹
1115 645 1270 679 ostendit
1287 658 1322 679 se
1337 645 1434 682 Deus
1452 646 1672 685 horribiliter
1690 655 1814 689 odisse.
1872 655 1954 689 {deo
1977 664 2098 690 onerat

1086 693 1208 739 ¹'banc
1234 703 1396 731 naturam
1430 700 1631 734 universam
1666 705 1772 739 tantis
1805 706 1973 749 miseriis,
2011 708 2099 741 sicut

1087 757 1089 767 ⁴
1114 746 1284 790 scriptum
1304 755 1372 782 est:
1393 748 1617 794 Stipendium
1634 756 1765 797 peccati
1781 768 1887 791 mors.

1086 771 1090 851 i
1203 795 1281 831 Hoc
1298 799 1454 843 primum
1470 801 1559 835 scire
1575 811 1713 847 oportet
1729 807 1772 840 de
1788 819 1901 851 poena
1919 809 2098 842 communi

1087 879 1089 891 s
1112 846 1220 880 totius
1237 850 1375 891 generis
1394 847 1552 887 humani.

1085 907 1089 944 ι
1215 897 1283 932 Sed
1303 912 1411 945 quare
1429 900 1587 937 Ecclesia
1606 905 1717 948 magis
1735 915 1878 942 onerata
1897 916 1964 947 est,
1993 921 2097 955 quam

1086 971 1087 980 ,
1113 947 1174 980 alii
1192 945 1378 983 homines?
1430 950 1564 987 Causae
1581 957 1786 1001 praecipuae
1808 960 1926 1003 plures
1943 967 2034 993 sunt.

1215 999 1351 1042 Prima,
1379 1003 1461 1047 quia
1479 1002 1574 1037 Deus
1597 1005 1632 1038 in
1648 1005 1804 1042 Ecclesia
1822 1021 1882 1043 sua
1899 1011 2007 1054 magis
2024 1011 2099 1044 vult

1084 1056 1088 1088 ζ
1112 1050 1266 1093 conspici
1291 1051 1378 1085 iram
1397 1064 1517 1096 suam,
1543 1062 1576 1089 et
1601 1057 1650 1090 sic
1668 1057 1795 1094 invitat
1819 1072 1883 1095 nos
1905 1062 1949 1095 ad
1973 1062 2097 1106 poeni-

1084 1090 1087 1116 Ι
1112 1100 1270 1137 tentiam.

1212 1150 1393 1194 Secunda,
1428 1154 1509 1199 quia
1538 1154 1711 1192 Diabolus
1742 1161 1895 1195 atrocius
1925 1170 2098 1205 grassatur

1112 1207 1233 1234 contra
1252 1201 1464 1245 Ecclesiam,
1493 1218 1596 1250 quam
1617 1217 1736 1243 contra
1754 1222 1814 1244 sua
1833 1225 1975 1255 organa.

1213 1251 1352 1294 Tertia,
1388 1255 1469 1299 quia
1499 1257 1602 1290 etiam
1640 1262 1751 1294 sancti
1780 1263 1880 1296 multi
1917 1265 2097 1303 labuntur,

1083 1317 1087 1347 Ι
1113 1300 1193 1333 ideo
1214 1303 1360 1337 veniunt
1377 1316 1522 1347 magnae
1539 1319 1690 1350 poenae,
1717 1319 1755 1345 ut
1770 1311 1904 1354 David,
1932 1314 2096 1348 Manasse

1113 1358 1146 1384 et
1174 1351 1233 1384 alii
1261 1354 1362 1387 multi
1392 1352 1522 1389 habent
1550 1355 1739 1394 horribiles
1773 1363 1910 1407 lapsus,
1954 1373 2096 1409 propter

1111 1413 1197 1447 quos
1217 1410 1248 1435 et
1266 1403 1331 1447 ipsi
1349 1411 1381 1438 et
1398 1406 1503 1438 simul
1519 1408 1579 1440 alii
1598 1411 1702 1444 multi
1719 1413 1927 1455 puniuntur.

1213 1452 1360 1495 Quarta,
1388 1457 1444 1489 sed
1462 1455 1671 1502 Prophetae,
1693 1469 1731 1496 ut
1750 1461 1912 1498 Ieremias
1928 1474 1959 1500 et
1973 1465 2095 1510 Bapti-

1110 1509 1159 1536 sta
1180 1509 1211 1536 et
1229 1504 1392 1548 Apostoli
1417 1513 1449 1540 et
1474 1509 1577 1542 multi
1597 1511 1656 1544 alii
1678 1512 1715 1545 in
1741 1515 1960 1550 confessione
1986 1518 2094 1550 inter-

1109 1554 1293 1593 ficiuntur,
1322 1568 1393 1589 non
1420 1566 1563 1602 propter
1585 1562 1702 1607 aliqua
1727 1571 1818 1598 certa
1844 1567 1980 1601 delicta.
2018 1567 2095 1601 Hoc

1110 1604 1149 1637 fit
1177 1613 1319 1649 propter
1349 1605 1410 1640 has
1437 1620 1575 1649 causaS‚
1603 1619 1642 1646 ut
1666 1613 1726 1646 illa
1747 1627 1840 1649 mors
1863 1617 1907 1649 sit
1935 1619 2094 1651 testimo-

1109 1654 1208 1687 nium
1228 1657 1427 1698 doctrinae,
1455 1666 1494 1692 ut
1518 1669 1651 1696 constet
1675 1676 1747 1696 non
1767 1665 1871 1699 fuisse
1898 1668 2095 1701 simulatio—

1108 1716 1208 1745 nem,
1233 1707 1314 1750 qnia
1332 1709 1585 1744 confessionem
1600 1715 1799 1748 anteferunt
1816 1717 1906 1750 vitae
1923 1730 2015 1754 suae.

1214 1754 1299 1789 Item
1323 1758 1387 1791 ista
1417 1766 1529 1793 morte
1553 1769 1743 1805 testantur,
1777 1769 1870 1810 qnod
1896 1776 2000 1802 restet
2025 1771 2093 1804 alia

1080 1804 1083 1810 '
1108 1806 1196 1844 vita,
1224 1814 1257 1840 et
1279 1810 1372 1852 quod
1390 1818 1588 1854 exspectent
1612 1815 1716 1847 aliam
1734 1816 1860 1858 vitam,
1888 1819 1969 1852 item
1989 1829 2094 1864 capnt

1079 1867 1083 1901 J
1107 1864 1265 1890 nostrum
1283 1856 1445 1893 Christus
1463 1861 1538 1896 vult
1554 1865 1760 1908 praecipuos
1777 1868 1936 1903 doctores
1953 1871 2026 1904 fieri
2046 1872 2092 1904 si—

1106 1908 1207 1940 miles
1225 1908 1304 1948 sibi,
1330 1917 1361 1942 et
1379 1907 1444 1943 hoc
1460 1911 1540 1945 ideo
1558 1915 1644 1953 vult,
1670 1923 1707 1949 ut
1724 1914 1759 1949 hi
1779 1919 1943 1961 cogitent,
1962 1930 2092 1966 quanta

1106 1957 1151 1991 sit
1176 1958 1225 1990 ira
1251 1957 1316 1992 Dei
1339 1961 1507 1995 adversus
1533 1975 1719 2000 commune
1749 1977 1927 2012 peccatum
1956 1974 2092 2015 generis

1105 2006 1265 2043 humani.

1210 2059 1304 2093 Haec
1328 2061 1447 2095 omnia
1472 2062 1656 2107 cogitanda
1682 2075 1780 2110 sunt,
1806 2074 2092 2121 quandocunque

1105 2110 1291 2144 recitamus
1317 2109 1480 2146 historias
1505 2116 1547 2148 de
1572 2118 1754 2161 suppliciis
1779 2120 2034 2165 Prophetarum
2058 2133 2091 2160 et

1104 2161 1377 2207 Apostolorum,
1413 2170 1446 2197 et
1479 2162 1604 2199 horum
1637 2171 1803 2214 exemplis
1830 2172 1997 2208 dehemus
2026 2188 2090 2210 nos

1105 2212 1322 2246 confirmare.
1384 2214 1484 2248 Deus
1512 2217 1621 2260 parcit
1655 2219 1822 2260 infirmis,
1859 2230 1891 2259 ct
1918 2236 1989 2258 non
2015 2227 2090 2261 vult

1104 2274 1226 2295 omnes
1246 2263 1311 2297 isto
1330 2265 1436 2298 modo
1463 2266 1629 2306 interfici,
1656 2271 1714 2302 sed
1740 2278 1855 2305 tamen
1883 2286 2004 2309 omnes
2023 2277 2089 2310 ali-

1104 2325 1208 2357 quam
1228 2315 1504 2358 persecutionem
1524 2318 1716 2360 patiuntur.
1759 2320 1805 2355 Et
1824 2324 1955 2359 interea
1974 2335 2089 2362 servat

1103 2361 1197 2397 Deus
1221 2365 1373 2410 aliquem
1395 2373 1531 2400 coetum
1557 2368 1593 2400 in
1612 2369 1700 2410 vita,
1728 2372 1809 2416 quia
1834 2376 2001 2420 scriptum
2021 2385 2086 2411 est:

1101 2412 1183 2448 Non
1210 2416 1338 2449 mnrtui
1363 2417 1557 2450 laudabunt
1582 2424 1613 2451 te
1628 2417 1791 2457 Domine.
1847 2422 1999 2469 Oportet
2023 2429 2088 2461 ali-

1102 2477 1190 2510 quos
1208 2466 1345 2505 vivere,
1369 2473 1407 2500 ut
1423 2467 1466 2500 sit
1485 2467 1519 2500 in
1547 2466 1611 2502 hac
1628 2471 1697 2505 vita
1715 2471 1868 2508 Ecclesia
1892 2477 2027 2522 aliqua,
2055 2487 2088 2513 et

1101 2515 1144 2549 sit
1164 2517 1359 2560 procreatio
1379 2523 1411 2550 et
1436 2517 1631 2561 institutio,
1659 2531 1797 2565 oportet
1818 2537 2004 2570 puerperas
2024 2527 2088 2562 ha.-

1100 2566 1182 2599 bere
1201 2567 1352 2602 nidulos,
1406 2566 1501 2602 Haec
1518 2571 1636 2604 omnia
1663 2572 1852 2611 Deocurae
1870 2586 1970 2617 sunt,
1998 2580 2088 2615 sicut.

1099 2616 1231 2651 dictum
1251 2625 1319 2651 est:
1347 2617 1397 2651 Ne
1413 2619 1488 2652 sitis
1505 2620 1653 2663 soliciti,
1676 2624 1740 2658 scit
1756 2624 1861 2661 Pater
1878 2636 1991 2663 vester
2008 2643 2086 2664 coe-

1098 2667 1214 2710 lestis,
1241 2669 1335 2714 quod
1354 2666 1407 2702 his
1424 2670 1528 2704 rebus
1542 2671 1740 2716 indigeatis.

1077 2196 1080 2226 δ
