2409 2915
266 112 339 149 667

272 196 408 230 dabunt
431 199 464 227 te
488 190 658 230 Domine,
692 190 728 224 id
751 196 819 230 est,
853 189 915 235 qui
939 189 1009 224 iam
1033 190 1254 225 decesserunt

273 254 438 289 tanquam
463 243 506 275 de
531 241 704 286 praesidio
730 247 764 274 et
778 241 927 274 statione
945 240 1054 284 vitae,
1082 253 1154 275 non
1172 241 1253 275 fun-

272 301 396 338 gentur
427 293 578 336 amplius
603 291 797 324 ministerio
822 290 963 334 publico
987 291 1155 333 docendi,
1190 303 1253 324 nec

271 347 314 378 ad
341 343 576 387 gubernacula
601 341 813 386 reipublicae
837 341 1026 382 sedebunt,
1059 354 1122 375 nec
1146 353 1252 375 onera

271 393 491 436 communia,
518 393 723 438 laboresque
746 391 957 424 necessarios
980 391 1017 424 in
1031 392 1126 425 civili
1144 391 1253 425 socie-

271 451 340 479 tate
357 455 419 478 sen
433 443 573 477 mortali
590 443 659 476 vita
677 441 910 475 sustinebunt.

378 509 464 544 Vult
485 517 599 544 autem
619 509 712 543 Deus
729 508 765 540 in
784 505 848 540 hac
865 508 989 542 misera
1009 520 1117 542 massa
1136 509 1172 541 in
1191 506 1255 541 hac

274 562 344 596 vita
371 558 533 594 inchoari
552 559 617 593 hoc
634 570 809 592 summum
829 559 1055 597 beneficium,
1083 559 1254 595 videlicet,

273 611 532 645 restitutionem
564 609 716 642 iustitiae
740 615 772 642 et
796 609 887 642 vitae
912 616 1090 648 aeternae,
1126 609 1161 641 in
1187 619 1255 653 qua

274 662 438 704 deinceps
465 671 609 704 prorsus
634 659 766 692 abolito
789 666 927 703 peccato
951 666 983 692 et
1007 659 1118 692 deleta
1142 665 1255 692 morte

275 713 349 756 ipse
369 711 435 744 erit
453 711 572 744 omnia
592 711 628 742 in
647 709 828 750 omnibus,
857 717 1039 753 propterea
1058 709 1174 743 multis
1191 707 1256 742 bo-

274 761 430 795 minibus
452 761 577 795 tribuit
599 761 689 794 vitae
713 759 821 803 spatia
850 760 1026 802 longiora,
1053 761 1111 792 dat
1128 761 1254 792 bonam

274 813 535 853 valetudinem,
576 811 726 849 victum,
765 810 880 853 fruges
912 817 1038 849 terrae,
1070 816 1108 842 ut
1141 810 1256 854 plures

275 863 392 896 vivere
403 889 413 903 ‚
439 874 477 896 ac
492 860 657 895 Ecclesiis
674 862 729 905 pie
744 861 874 893 servire
887 887 895 900 ,
922 867 982 893 aut
997 867 1087 893 certe
1102 872 1165 893 suo
1182 860 1256 892 loco

276 913 446 947 sustinere
472 913 609 946 labores
633 912 735 946 utiles
761 911 906 954 possint.
973 911 1020 943 At
1046 910 1145 943 multi
1172 911 1258 943 adeo

276 964 436 997 tristibus
463 961 640 997 aerumnis
673 961 825 1001 onerati,
860 968 1000 1005 tamque
1030 961 1140 992 saevis
1171 960 1258 993 casi-

277 1015 344 1047 bus
367 1013 521 1058 oppressi
542 1019 644 1052 sunt,
670 1019 707 1044 ut
733 1023 795 1043 nec
812 1022 891 1043 suae
910 1011 1103 1044 vocationis
1122 1011 1258 1043 labores

276 1065 407 1103 facere,
440 1076 502 1097 nec
532 1062 666 1096 utiliter
688 1062 818 1094 servire
843 1061 993 1104 possint,
1028 1061 1125 1094 verbi
1149 1072 1260 1101 causa,

278 1114 336 1159 qni
355 1115 519 1158 gravibus
534 1120 567 1146 et
581 1111 759 1145 diuturnis
774 1111 905 1144 morbis
921 1111 1175 1150 excruciantur,
1202 1119 1259 1145 aut

277 1163 338 1210 qui
355 1164 615 1210 tyrannicarum
630 1162 911 1205 persecutionum
924 1162 1163 1195 crudelitatem
1177 1162 1259 1193 sub-

277 1222 379 1255 eunt,
405 1212 640 1247 nibilominus
658 1219 772 1247 tamen
790 1223 910 1244 omnes
926 1224 989 1245 nos
1006 1212 1137 1255 precari
1156 1223 1260 1253 opor-

276 1273 344 1303 tet,
378 1265 448 1298 sive
473 1275 617 1307 magnos
641 1271 674 1296 et
697 1264 857 1302 acerbos,
884 1262 956 1295 sive
983 1261 1134 1295 leniores
1160 1262 1260 1294 dolo-

278 1327 332 1349 res
363 1316 596 1360 perferamuS,
630 1320 668 1347 ut
694 1313 792 1346 Deus
824 1313 994 1345 immensa
1022 1311 1260 1344 misericordia

278 1378 343 1399 nos
359 1367 497 1399 tandem
516 1363 630 1398 velita
647 1363 738 1396 malo
755 1363 917 1396 liberare.

383 1431 487 1466 Scitis
509 1442 581 1464 esse
603 1429 861 1463 severissimum
885 1427 950 1461 Dei
974 1429 1198 1466 mandatum,
1225 1434 1261 1460 ut

283 1482 480 1516 firmissime
503 1482 702 1518 credamus,
731 1491 794 1511 nos
813 1486 954 1522 propter
972 1479 1082 1510 fitium
1103 1478 1171 1511 Dei
1188 1476 1261 1511 Do-

281 1534 417 1566 minum
449 1538 606 1565 nostrum
639 1529 750 1562 lesum
777 1527 955 1561 Christum
991 1541 1068 1560 vere
1099 1529 1263 1560 liberatos

281 1595 352 1616 esse
369 1595 386 1615 a
406 1589 542 1625 peccato
560 1588 590 1613 et
609 1581 651 1612 ab
671 1579 818 1612 aeternis
835 1579 965 1621 poenis.
1021 1577 1184 1611 Attamen
1203 1579 1261 1609 de·

282 1636 403 1667 bemus
435 1639 550 1676 petere
583 1630 846 1666 liberationem,
883 1635 915 1661 et
947 1629 982 1660 iu
1009 1625 1072 1660 ltac
1096 1629 1262 1671 petitione

283 1686 385 1717 tidem
405 1682 611 1715 exsuscitare
630 1692 667 1712 ac
686 1680 900 1714 confirmare„
923 1686 1084 1722 certoque
1105 1686 1264 1716 statuere,

282 1734 395 1768 Deum
426 1733 529 1765 nobis
561 1738 702 1775 propter
726 1730 835 1762 filium
861 1729 1087 1760 mediatorem
1113 1729 1263 1761 clemen-

282 1794 334 1819 ter
357 1791 389 1817 et
416 1781 644 1816 inenarrabili
672 1781 825 1814 bonitate
843 1787 976 1822 peccata
994 1779 1186 1818 remittere,
1214 1786 1265 1811 at-

284 1847 351 1880 que
384 1833 603 1867 verissimum
634 1843 723 1869 esse,
757 1830 850 1874 quod
879 1829 912 1861 in
939 1829 1036 1861 omni
1062 1830 1264 1862 aeternitate

283 1886 367 1918 velit
395 1884 497 1917 nobis
520 1894 618 1915 suam
643 1881 867 1924 sapientiam,
903 1879 1089 1918 iustitiam,
1126 1879 1265 1911 bouita-

283 1944 372 1974 tem,
407 1946 444 1967 ac
468 1933 634 1966 laetitiam
658 1929 934 1968 communicare,
962 1940 1024 1961 nec
1049 1928 1263 1961 abiecturum

283 1997 349 2019 nos
375 1995 446 2017 esse
471 1985 506 2016 in
531 1982 782 2024 sempiternum
803 1978 945 2011 exitium
965 1979 1169 2011 cruciandos
1187 1991 1264 2012 cum
1290 1994 1291 1999 =

283 2035 433 2069 diabolis
450 2040 481 2067 et
497 2033 662 2065 omnibus
679 2030 803 2075 impiis.

385 2100 459 2134 llas
480 2111 535 2133 res
558 2105 714 2131 aeternas
741 2097 892 2140 primum
911 2095 1016 2128 debes
1034 2095 1068 2127 in
1087 2095 1266 2138 petitionis

286 2154 392 2188 buius
424 2150 627 2184 recitatione
654 2148 770 2181 animo
797 2146 1025 2189 contemplari
1049 2153 1080 2179 et
1106 2146 1264 2178 couside-

286 2216 378 2238 rare:
429 2208 545 2245 postea
586 2200 714 2241 cogites
748 2204 781 2231 et
813 2196 980 2229 intucaris
1012 2197 1114 2230 etiam
1146 2207 1266 2228 (mines

288 2259 486 2300 praesentes
509 2259 611 2295 atque
636 2248 833 2292 corporales
852 2247 1005 2278 miserias
1023 2254 1051 2279 ct
1073 2258 1265 2285 aerumnas¹

289 2319 326 2339 ac
345 2312 462 2351 petens
478 2301 720 2334 liberationem
733 2311 809 2331 rum
825 2298 979 2340 teipsum
995 2304 1065 2329 tum
1080 2298 1164 2329 alios
1177 2309 1264 2341 quo-
1290 2326 1293 2336 ,

288 2368 354 2401 que
371 2352 610 2396 complectaris
623 2379 629 2387 ,
653 2357 815 2393 certoque
829 2355 954 2381 statuas
970 2344 1058 2379 lianc
1076 2355 1169 2379 tuam
1188 2359 1264 2392 pre-

288 2407 478 2439 cationem,
508 2415 577 2435 non
604 2413 674 2434 esse
700 2402 852 2434 irritam.
878 2398 935 2430 sed
962 2409 978 2430 a
997 2396 1070 2430 Deo
1085 2397 1206 2440 recipi,
1234 2405 1265 2430 et
1291 2400 1292 2404 ’

289 2459 474 2500 impetrare
511 2465 587 2484 rum
620 2452 682 2485 tibi
715 2463 793 2483 cum
827 2448 970 2481 caeteris
1001 2447 1267 2487 mitigationem.

292 2511 339 2541 ‚Nc
371 2504 503 2537 etiamsi
528 2504 649 2535 durius
674 2513 887 2537 exercemur,
920 2510 980 2531 nec
1005 2510 1145 2542 prorsus
1173 2499 1266 2530 ause-

293 2565 417 2590 ruutur
434 2567 579 2598 poenae,
607 2554 685 2597 quia
700 2551 848 2586 lisele-sia
868 2549 1021 2582 subit-cta
1038 2555 1083 2581 ost
1104 2561 1266 2592 praesen—

291 2610 383 2639 tibus
416 2606 561 2639 miseriis
587 2615 793 2646 corporum,
826 2609 939 2633 tamen
964 2599 1056 2632 Deus
1081 2599 1269 2632 clementer

292 2660 374 2690 lenit
391 2669 427 2688 ac
446 2656 578 2697 mitigat
597 2665 741 2698 poenas,
769 2659 804 2685 ut
823 2649 1015 2690 Ecclesiae,
1042 2649 1203 2694 politiaev
1231 2662 1268 2682 ac

854 104 981 143 PHIL.
1008 103 1124 141 MEL.
1148 105 1356 142 SCRIPTA
1381 106 1682 146 ExEGEthA.

2210 112 2283 148 668

1305 190 1462 227 civitates
1485 193 1623 238 aliquae
1644 201 1809 230 maneant
1829 201 1863 230 et
1886 203 2152 239 conserventur,
2176 205 2283 243 utque

1305 248 1343 275 tu
1366 244 1532 287 parvulos
1552 245 1681 279 liberos
1701 252 1781 280 tuos
1804 245 1955 280 retinere
1979 253 2110 288 tecum,
2135 259 2174 282 ac
2197 249 2284 282 edu-

1305 303 1383 325 care
1413 294 1534 336 possis.
1601 294 1788 339 Propterea
1810 309 2030 342 nequaquam
2053 297 2180 340 cogites
2203 298 2283 332 ideo

1305 342 1434 376 frustra
1449 343 1523 376 fieri
1539 341 1629 378 hanc
1644 347 1866 390 petitionem,
1894 354 1953 381 aut
1968 347 2102 381 irritam
2119 358 2190 380 esse
2205 359 2283 391 pre-

1306 392 1477 426 cationem
1490 417 1500 432 ,
1526 393 1557 428 si
1578 406 1650 428 uon
1672 397 1843 431 tollantur
1865 409 1903 431 ac
1918 397 2078 431 desinant
2096 408 2217 430 omnes
2233 398 2285 430 af-

1306 442 1479 476 flictiones
1504 450 1537 477 et
1559 445 1736 488 miseriae,
1762 448 1820 480 sed
1839 446 1934 481 Deus
1958 447 2097 481 exaudit
2107 453 2230 490 ,tamen
2247 459 2286 481 ac

1307 493 1431 537 recipit
1445 493 1655 528 afflictorum
1672 496 1819 539 gemitus
1833 504 1867 531 et
1882 498 2063 538 clamores,
2087 503 2191 542 atque
2207 497 2287 542 plu-

1307 543 1413 576 rimas
1431 555 1559 587 poenas
1574 544 1660 579 lenit
1676 557 1714 578 ac
1728 546 1874 590 mitigat.

1411 600 1486 635 Nisi
1509 601 1606 636 Deus
1629 603 1790 637 misertus
1813 605 1922 639 nostri
1947 605 2135 649 mitigasset
2159 615 2288 648 poenas

1309 657 1412 691 tunc,
1451 663 1530 685 cum
1568 653 1758 697 imperator
1785 652 1932 688 Carolus
1965 662 2194 700 occupaverat
2221 653 2288 688 hoc

1309 701 1517 745 oppidulum
1529 730 1538 742 ‚
1566 703 1672 748 idque
1695 710 1785 737 totos
1803 705 2066 749 quatuordecim
2083 705 2157 738 dies
2174 705 2289 749 impo-

1309 751 1375 785 sito
1411 753 1584 795 praesidio
1616 755 1756 788 tenebat
1785 761 1956 798 armatus,
1995 755 2140 789 fuissent
2167 765 2289 788 omnes

1311 802 1502 843 interfecti,
1530 811 1562 837 et
1584 804 1767 848 periissent
1785 804 1957 841 funditus.
2009 804 2092 839 Ideo
2111 805 2139 838 si
2155 803 2289 838 Diabo-

1311 852 1365 886 lus
1392 852 1577 887 insidiator
1608 861 1722 898 posset
1756 856 1807 887 vel
1835 856 1940 888 unius
1964 851 2071 888 horae
2094 855 2204 899 spatio
2229 865 2291 888 vos

1310 903 1494 936 universos
1511 915 1589 937 cum
1608 905 1733 938 sanctis
1752 905 1945 939 infantibus
1963 911 1996 938 et
2011 905 2152 939 familiis
2167 905 2290 938 vestris

1312 954 1497 995 devorare,
1530 966 1751 1000 nequaquam
1784 955 2090 999 praetermissurus
2115 966 2179 988 nec
2200 955 2290 988 dila-

1312 1011 1411 1037 turus
1435 1011 1532 1040 esset.
1585 1004 1823 1047 Quamobrem
1845 1006 1936 1039 serio
1960 1006 2119 1050 verisque
2137 1005 2291 1038 motibus

1312 1054 1511 1087 animorum
1537 1061 1713 1098 petamus,
1738 1062 1774 1089 ut
1793 1054 1887 1089 Deus
1912 1067 1976 1089 nos
1998 1056 2187 1089 clementer
2204 1055 2294 1088 tibe-

1314 1116 1390 1137 rare
1415 1105 1499 1138 velit
1524 1117 1541 1137 a
1569 1105 1679 1144 malo,
1704 1117 1782 1138 cum
1809 1107 1999 1149 praesenti,
2027 1106 2120 1150 quod
2145 1106 2213 1138 iam
2231 1106 2292 1137 de-

1314 1154 1528 1197 gustavimus
1553 1167 1591 1188 ac
1615 1155 1744 1188 sentire
1767 1156 1962 1200 coepimus,
1995 1162 2070 1189 tum
2094 1156 2210 1189 futuro
2232 1166 2293 1188 seu

1314 1204 1530 1245 imminenti,
1564 1206 1657 1249 quod
1688 1206 1750 1238 etsi
1781 1207 1939 1239 nondum
1965 1206 2195 1243 sustinemus,
2230 1216 2293 1237 nee

1314 1255 1501 1294 sentimus,
1544 1263 1603 1289 aut
1636 1267 1678 1288 ne
1711 1256 1854 1301 quidem
1888 1256 2137 1300 prospicimus,
2179 1262 2292 1288 tamen

1315 1304 1428 1338 fuerat
1447 1317 1696 1348 oppressurum
1719 1307 1869 1339 cervices
1884 1314 2038 1345 nostras,
2064 1306 2129 1338 nisi
2145 1304 2239 1339 Deus
2258 1304 2294 1338 id

1315 1354 1483 1387 immensa
1501 1355 1658 1389 bonitate
1673 1363 1803 1390 arceret
1820 1368 1858 1389 ac
1875 1356 2074 1399 depelleret.

1419 1411 1546 1445 Libera
1579 1424 1642 1445 nos
1676 1424 1693 1445 a
1726 1413 1818 1445 malo
1850 1420 2011 1452 aeterno,
2042 1419 2075 1446 et
2101 1412 2295 1457 temporali.

1316 1463 1488 1505 praesenti
1513 1469 1544 1495 et
1566 1463 1800 1506 impendenti,
1829 1463 2030 1506 particulari
2047 1470 2079 1496 et
2095 1463 2296 1503 universali,

1317 1513 1410 1557 quod
1428 1520 1540 1556 posset
1558 1513 1711 1545 accidere
1723 1537 1731 1550 ‚
1759 1513 1823 1545 nisi
1845 1513 1937 1547 Deus
1952 1519 2132 1546 averteret.

1419 1570 1476 1603 Sic
1493 1571 1642 1603 clamant
1661 1569 1874 1614 Prophetae,
1905 1571 2024 1604 lerem.
2049 1571 2122 1604 10.:
2149 1569 2296 1615 Corripe

1318 1632 1372 1654 me
1394 1621 1565 1659 Domine,
1594 1629 1820 1654 veruntamen
1849 1621 1883 1653 in
1911 1621 2059 1661 iudicio,
2086 1633 2157 1654 non
2182 1621 2216 1653 in
2242 1621 2297 1654 su·

1318 1682 1414 1708 rore,
1443 1683 1486 1702 ne
1500 1671 1586 1704 forte
1604 1672 1644 1703 ad
1666 1669 1815 1703 nihilum
1835 1671 1969 1713 redigas
1983 1683 2050 1704 me.
2101 1671 2185 1704 item
2203 1670 2298 1704 Aba-

1318 1733 1378 1754 cuc
1397 1722 1446 1756 3:
1475 1721 1629 1753 Domine
1650 1734 1726 1753 cum
1750 1721 1856 1754 iratus
1875 1722 1999 1761 fueris,
2026 1721 2213 1755 immensae
2231 1722 2298 1754 mi-

1319 1772 1525 1804 sericordiae
1549 1771 1750 1804 recorderis.
1824 1770 1871 1803 lta
1894 1783 1958 1804 nos
1983 1783 2122 1816 quoque
2149 1772 2299 1815 petimus

1321 1819 1374 1854 bis
1400 1821 1528 1854 verbis:
1558 1819 1614 1854 At·
1640 1821 1788 1854 Domine
1812 1820 1906 1854 Deus
1929 1821 2115 1854 clementer
2140 1822 2297 1865 mitigato

1320 1871 1421 1904 nobis
1448 1872 1603 1915 publicas
1628 1878 1657 1903 et
1685 1871 1835 1915 privatas
1859 1871 2088 1910 calamitates,
2114 1882 2151 1904 ac
2175 1882 2297 1904 omnes

1320 1919 1425 1955 liuius
1449 1922 1538 1953 vitae
1565 1921 1720 1953 miserias
1743 1929 1772 1954 et
1799 1932 2000 1960 aerumnas,
2027 1933 2097 1953 non
2115 1921 2207 1954 sinas
2224 1922 2295 1954 fieri

1320 1969 1488 2004 Etlmicas
1519 1973 1713 2009 vastitates,
1749 1983 1818 2003 non
1851 1971 2050 2013 spurcitiem
2075 1971 2298 2011 diabolicam,

1320 2034 1390 2053 non
1423 2020 1592 2054 'l'urciros
1630 2023 1763 2054 furores
1799 2021 1945 2063 grassari
1985 2022 2077 2054 sinas
2108 2021 2144 2054 iu
2172 2033 2297 2065 genere

1320 2069 1484 2104 humano.

1736 2165 1766 2198 A
1777 2176 1808 2198 m
1818 2175 1837 2198 e
1847 2176 1880 2198 η,

1424 2236 1459 2269 ld
1487 2244 1553 2272 est,
1582 2234 1663 2269 llaec
1691 2236 1735 2268 ita
1755 2237 1932 2270 verissime
1950 2236 2051 2270 liant.
2076 2244 2107 2270 et
2127 2245 2198 2270 rata
2216 2237 2296 2271 siut.

1422 2295 1521 2328 llam-
1547 2295 1774 2338 appendicem
1797 2307 1856 2328 seu
1881 2295 2070 2327 clausulam
2094 2307 2228 2329 necesse
2250 2305 2299 2331 est

1320 2347 1398 2379 addi
1426 2347 1460 2378 iu
1484 2346 1579 2378 οιιιιιί
1609 2357 1686 2377 vera
1715 2345 1943 2378 invocatione.
2006 2345 2098 2386 Qui-t
2125 2345 2300 2381 inuit-atio

1321 2397 1392 2429 siue
1428 2398 1510 2433 side,
1545 2405 1574 2428 et
1604 2407 1766 2438 oppressa
1798 2395 2038 2431 dubitatione,
2073 2403 2121 2429 est
2148 2394 2298 2431 Ethnica

1321 2448 1487 2489 impietas.
1545 2446 1588 2479 Ut
1607 2458 1684 2479 cum
1701 2445 1782 2478 dicit
1802 2445 1942 2488 aliquis:
1975 2443 2030 2478 Ab
2045 2445 2300 2481 nominent-m

1320 2498 1493 2540 opitulare
1518 2494 1622 2533 milii,
1649 2495 1708 2539 qui
1730 2502 1844 2527 tamen
1865 2496 1994 2528 interea
2013 2507 2126 2529 secum
2142 2497 2189 2530 sic
2205 2498 2298 2541 cogi-

1321 2556 1383 2581 tat:
1420 2547 1540 2580 Nescio
1571 2559 1613 2578 nn
1646 2545 1710 2578 siun
1736 2545 1808 2579 Deo
1838 2558 1958 2581 rurae.
1995 2547 2109 2579 nescio
2135 2559 2177 2579 an
2206 2546 2299 2582 Deus

1322 2599 1391 2631 vult
1428 2598 1578 2639 resipere
1610 2608 1700 2628 ineas
1734 2607 1867 2638 pret-es,
1908 2597 2022 2630 nescio
2053 2608 2114 2630 cur
2145 2598 2298 2642 recipiat.

1321 2649 1421 2681 (Zet-te
1446 2648 1504 2692 qui
1532 2659 1602 2679 non
1626 2647 1796 2679 eluctatur
1819 2659 1855 2679 ex
1880 2644 1932 2680 liis
1948 2647 2246 2687 dubitationibus.
2273 2650 2300 2682 is
