2409 2915
27 2603 29 2620 i

25 2670 29 2741 g

25 2773 27 2788 i

60 1052 72 1067 z
114 1045 193 1068 mae
217 1033 416 1066 decidentes
439 1033 482 1065 ab
506 1033 628 1066 oculis.

123 91 196 129 449
671 87 749 124 ΧΠ.

119 176 226 217 fides,
261 175 342 221 qnia
365 174 497 209 Paulus
522 174 737 218 baptizatur,
769 179 802 207 et
828 173 1023 207 absolvitur
1048 186 1109 217 per

121 226 311 262 Ananiam.
379 226 584 271 Sequuntur
620 231 653 258 et
686 224 822 257 fructus
860 224 1106 268 poenitentiae,

122 277 295 311 consessio
313 283 346 310 et
360 276 578 310 afflictiones,

225 326 290 360 111.
342 325 382 359 ln
415 324 480 359 hac
511 324 724 368 poenitentia
752 323 893 365 didicit,
931 324 1106 359 iusticiam

120 378 206 421 legis
228 389 301 411 non
325 387 395 409 esse
417 375 590 409 iusticiam
612 386 728 408 coram
748 374 844 413 Deo,
871 376 1013 418 agnovit
1028 387 1106 410 suns

119 429 300 468 tenebras,
326 438 362 459 se
386 427 482 470 prius
506 437 578 458 non
603 432 693 458 recte
717 425 863 458 sensisse
887 427 928 458 de
945 426 1035 469 lege,
1062 427 1105 460 de

120 478 269 516 Messia,
295 478 338 510 de
355 474 614 521 Prophetarum
633 475 929 520 promissionibus
947 484 1009 512 etc.

219 526 266 561 Et
284 525 352 560 huc
369 527 545 572 pertinent
563 527 668 560 verba
686 527 728 559 ad
746 525 851 560 Rom.
870 527 918 560 7.:
945 525 1021 570 Ego
1038 528 1103 561 ali-

119 578 261 625 quando
294 578 369 611 sine
394 578 468 621 lege
495 577 585 618 vixi,
615 577 747 610 scilicet
772 588 931 618 securus,
965 585 1104 612 tumens

117 629 344 674 persuasione
370 628 546 667 iustitiae,
580 627 704 661 Postea
730 639 786 661 me
809 628 863 660 lex
885 628 1030 667 occidit,
1066 630 1103 662 id

117 687 185 721 est,
212 680 455 724 perterrefacto
472 679 680 712 monstravit
696 679 856 711 tenebras
875 690 978 720 meas,
1006 691 1102 713 erro-

115 742 190 772 res,
216 730 425 774 multiplicia
445 735 592 774 peccata,
620 736 652 763 et
669 729 928 762 immunditiem
946 738 1104 772 naturae,

65 782 77 795 ⁵
115 781 336 826 superbiam,
370 787 584 815 contemtum
606 777 692 819 Dei,
726 779 979 821 diffidentiam,
1012 781 1102 814 fidu-

117 831 207 865 ciam
231 838 433 864 nostrorum
456 831 684 864 consiliorum
703 837 766 864 etc.
819 830 858 864 ln
884 828 938 863 his
963 831 1101 875 pavori-

115 882 183 916 bus
214 881 356 925 agnovit
386 881 469 926 quid
503 881 556 914 lex
588 881 689 920 velit,
725 880 807 926 quid
841 881 884 914 sit
911 888 1100 924 peccatum,

116 932 200 978 quid
220 943 332 972 mors,
359 938 392 965 et
409 932 579 965 intellexit
596 930 760 964 Messinm
780 942 844 963 nos
863 932 906 963 ab
926 932 995 964 illis
1011 932 1101 965 veris

116 989 150 1018 et
171 982 321 1016 aeternis
345 982 447 1015 malis
469 982 632 1016 liberare.
686 980 762 1014 Hoc
784 980 981 1023 significant
997 994 1102 1026 squa-

680 1029 725 1064 Et
752 1031 837 1065 tales
859 1044 1004 1076 pavores
1021 1040 1102 1065 sunt

115 1095 197 1117 vera
222 1083 408 1124 contritio,
436 1083 478 1116 de
502 1094 569 1127 qua
594 1083 630 1114 in
650 1081 809 1114 doctrina
829 1082 870 1114 de
887 1083 1100 1126 poenitentia

114 1134 304 1168 dicendum
329 1140 390 1168 est.
443 1133 543 1167 Sicut
565 1133 602 1165 in
621 1131 758 1165 Psalmo
774 1144 875 1175 saepe
891 1133 1101 1167 describitur

115 1184 299 1219 contritio:
326 1182 359 1218 A
382 1183 469 1216 facie
486 1190 707 1228 peccatorum
725 1194 797 1215 non
816 1189 865 1216 est
884 1195 948 1227 pax
965 1183 1101 1217 ossibus

114 1348 150 1370 se
188 1339 386 1373 convertat,
428 1333 515 1366 sicut
543 1331 705 1365 Ieremias
734 1332 866 1377 inquit:
911 1332 1099 1376 Postquam

113 1384 299 1420 ostendisti
325 1381 432 1423 mihi,
458 1382 611 1427 percussi
636 1382 751 1415 femur
776 1394 905 1417 meum.
956 1381 1045 1415 Nam
1064 1383 1100 1414 in

113 1436 244 1470 securis
268 1441 301 1468 et
322 1434 448 1467 ociosis
467 1440 602 1466 nonest
621 1433 853 1476 poenitentia,
881 1433 974 1466 iuxta
992 1433 1100 1466 illud:

53 1501 72 1528 ς’
114 1487 187 1522 L'bi
210 1484 383 1519 habitabit
405 1482 606 1517 Dominus?
632 1483 699 1516 nisi
724 1484 762 1516 in
786 1484 913 1528 spiritu
936 1483 1101 1525 contrito,

67 1554 69 1557 ·
111 1545 147 1572 et
165 1542 335 1572 tremente
354 1546 532 1568 sermones
551 1545 647 1567 meos
666 1541 730 1569 etc.

217 1585 299 1623 llll,-
351 1585 483 1619 Cursus
501 1584 604 1617 Pauli
628 1591 660 1617 et
678 1585 827 1617 aliorum
848 1582 1100 1628 Apostolorum

113 1645 279 1676 testatur,
316 1633 508 1669 Ecclesiam
537 1634 708 1668 divinitus
736 1634 877 1667 defendi
905 1641 936 1668 et
961 1645 1102 1667 conser-

114 1689 201 1724 vari.
261 1687 450 1729 Tantisper
481 1685 658 1729 praedicat
690 1684 838 1721 Paulus,
874 1691 906 1718 et
937 1684 1102 1727 impediri

113 1741 189 1774 eius
213 1748 335 1771 cursus
357 1748 430 1770 non
454 1742 585 1780 potest,
612 1736 723 1768 donec
746 1734 859 1768 voluit
881 1746 959 1767 eum
978 1734 1101 1768 Domi-

113 1801 182 1824 nus
199 1790 236 1822 in
254 1789 318 1822 isto
336 1787 449 1820 stadio
468 1786 617 1826 versari,
644 1785 807 1819 videlicet
825 1797 938 1818 annos
954 1785 1024 1817 fere
1041 1786 1100 1819 36.

114 1841 166 1876 Ita
182 1836 378 1884 Prophetae
403 1838 496 1870 inter
512 1836 662 1869 maxima
682 1836 860 1879 pericula,
886 1842 1002 1869 tamen
1022 1847 1101 1868 suos

113 1902 236 1926 cursus
252 1888 498 1934 perficiebant,
527 1893 565 1920 ut
576 1884 696 1920 Esaias
711 1897 823 1918 annos
838 1887 908 1919 sere
925 1885 991 1925 80,
1025 1885 1099 1919 Eli-

113 1953 215 1977 saeus
245 1939 384 1973 circiter
405 1937 474 1978 70,
511 1936 676 1970 Ieremias
697 1936 763 1978 40,
800 1933 977 1970 Iohannes
1002 1935 1099 1981 Apo-

113 1993 224 2029 stolus
241 1991 379 2025 circiter
396 1995 535 2023 centum
552 1999 674 2024 annos.

299 2104 382 2145 Die
407 2102 706 2156 purificationis
736 2102 915 2144 Mariae.

115 1235 201 1269 meis
218 1240 280 1269 etc.

217 1282 372 1318 Oremus
390 1283 496 1326 igitur
511 1282 624 1315 Deum
635 1309 644 1322 ,
669 1289 708 1316 ut
725 1294 788 1315 nos
804 1294 944 1327 quoque
961 1294 1041 1315 vere
1057 1283 1100 1315 ad

1111 1713 1123 1725 Ο

389 2175 624 2220 Evangelium
650 2176 766 2210 Lucae
784 2177 819 2212 Ξ.
1125 1824 1131 2210 i

1126 2280 1129 2297 Ι

166 2245 367 2294 Postquam
384 2242 525 2289 impleti
536 2247 622 2277 sunt
636 2241 711 2277 dies
720 2242 955 2290 purgationis
969 2253 1102 2283 eorum,
1126 2265 1129 2271 .

217 2294 413 2333 secundum
438 2293 550 2340 legem
575 2290 721 2335 Moisi,
749 2297 909 2327 tulerunt
932 2291 1039 2326 illum
1063 2292 1101 2325 in
1126 2314 1129 2345 Ι

214 2345 441 2390 Ierusalem,
468 2349 505 2378 ut
521 2344 686 2379 sisterent
702 2355 779 2377 eum
799 2342 983 2382 Domino,
1010 2342 1102 2376 sicut
1126 2351 1129 2384 ι

217 2398 390 2446 scriptum
423 2400 473 2431 est
502 2395 539 2429 in
568 2394 643 2441 lege
665 2393 842 2432 Domini,
877 2391 977 2441 quod
1001 2405 1102 2427 omne
1125 2392 1128 2434 J

216 2447 463 2485 masculinum
490 2443 709 2494 adaperiens
735 2445 900 2485 sulcam,
934 2449 1101 2478 sanctum
1126 2445 1128 2473 ἓ

217 2499 386 2536 Domino
404 2496 600 2532 vocabitur.
654 2495 706 2530 Et
724 2500 761 2530 ut
783 2494 911 2530 darent
929 2492 1101 2534 hostium,
1125 2514 1127 2517 ·

215 2548 410 2588 secundum
434 2545 534 2596 quod
554 2545 687 2582 dictum
709 2551 759 2581 est
783 2547 821 2581 in
842 2546 917 2592 lege
932 2544 1102 2588 Domini,
1125 2543 1127 2571 ἶ

217 2615 289 2651 par
328 2605 531 2643 turturum,
573 2603 639 2633 aut
681 2596 771 2633 duos
808 2597 932 2645 pullos
965 2595 1101 2631 colum·
1125 2624 1127 2626 .

221 2654 362 2688 batum.

127 2708 301 2741 manna.
331 2706 434 2737 Ortn.
463 2702 660 2735 vm..X1V.

800 85 1193 124 ANNOTATIONES
1222 87 1272 123 IN
1297 87 1599 131 EVANGELIA.

2069 107 2145 144 450

1211 171 1265 206 Et
1288 186 1374 214 ecce,
1403 174 1510 212 homo
1532 183 1608 212 erat
1632 179 1669 214 in
1692 179 1911 228 Ierusalem,
1940 189 2000 224 cui
2015 203 2144 228 nomen

1262 223 1422 262 Simeon.
1476 227 1530 261 Et
1551 228 1660 263 homo
1681 232 1745 267 iste
1767 235 1885 271 iustus
1905 243 1934 272 et
1949 241 2051 286 pius,
2079 256 2143 278 ex-

1255 280 1404 321 pectans
1435 278 1715 315 consolationem
1746 283 1888 329 Israel,
1924 295 1954 323 el
1979 291 2141 339 Spiritus

1260 331 1412 359 sanctus
1434 333 1511 361 erat
1535 328 1573 362 in
1599 342 1647 364 eo.
1699 331 1752 366 Et
1776 348 1984 383 responsum
2003 355 2142 391 accepe-

1262 381 1320 409 rat
1343 390 1366 410 a
1384 376 1527 423 Spiritu
1550 385 1693 420 sancto,
1721 395 1757 416 se
1775 398 1845 419 non
1865 389 2024 425 visurum
2043 408 2141 429 mor-

1260 430 1346 468 tem,
1379 429 1453 462 nisi
1472 429 1577 475 prius
1603 429 1733 466 videret
1756 432 1946 473 Christum
1967 441 2138 484 I)omini.

1259 475 1312 510 Et
1332 479 1425 512 venit
1442 480 1575 526 spiritu
1595 481 1631 514 in
1653 483 1835 530 templum,

1207 523 1262 560 Et
1293 540 1370 562 cum
1403 528 1609 564 inducerent
1638 545 1788 579 puerum
1811 534 1936 572 Iesum
1962 551 2129 588 parentes

1259 583 1297 612 ut
1323 579 1487 626 facerent
1516 581 1710 617 secundum
1735 591 2024 626 consuetudinem
2048 577 2140 642 legi}

1255 642 1323 676 pro
1348 642 1403 670 eo,
1432 636 1462 664 et
1487 631 1560 679 ipse
1584 635 1716 682 accepit
1738 648 1815 671 eum
1842 639 1880 673 in
1905 641 2018 678 ulnas
2037 658 2127 681 suas

1257 685 1287 712 et
1304 679 1488 715 benedixit
1505 681 1646 726 Deum,
1674 691 1705 718 et
1722 685 1836 721 davit:
2130 676 2141 691 ⁹

1204 727 1316 765 Nunc
1333 728 1489 766 dimittis
1504 745 1644 767 servum
1660 740 1780 779 tuum,
1808 737 1987 785 Domine,
2014 759 2139 782 secun-

1258 779 1343 814 dum
1369 782 1510 816 verbum
1531 789 1631 818 tuum
1649 785 1687 819 in
1703 799 1802 833 pace.
1854 789 1954 837 Quia
1975 795 2139 833 viderunt

1258 831 1356 865 oculi
1369 833 1441 866 mei
1454 836 1621 869 salutare
1636 839 1754 878 tuum,
1782 840 1884 886 quod
1893 847 2043 888 parasti
2055 855 2140 883 ante

1249 882 1389 930 faciem
1406 885 1564 918 omnium
1580 886 1812 934 populorum,
1859 889 2003 928 Lumen
2019 897 2074 930 ad
2087 912 2140 933 re-

1259 932 1470 967 velationem
1488 937 1651 981 gentium
1663 965 1672 980 ‚
1700 943 1730 972 et
1746 938 1910 986 gloriam
1923 944 2041 991 plebis
2058 953 2140 984 tuae

1256 983 1392 1018 Isrue'l.

1204 1031 1258 1066 Et
1284 1039 1388 1067 erant
1411 1040 1517 1081 pater
1540 1041 1571 1070 et
1594 1043 1710 1072 mater
1737 1039 1812 1075 eius
1835 1043 2012 1081 mirantes
2034 1061 2141 1097 super

1257 1081 1335 1123 lais,
1363 1097 1455 1132 quae
1481 1084 1695 1123 dicebantur
1719 1088 1760 1123 de
1785 1091 1865 1129 illo.
1920 1095 1974 1130 Et
1995 1098 2140 1134 benedi-

1257 1135 1314 1169 „vit
1340 1135 1420 1169 illis
1440 1135 1604 1180 Simeon,
1634 1144 1664 1172 et
1687 1138 1785 1175 discit
1803 1142 1858 1177 ad
1868 1143 2045 1182 ‚asariam
2059 1163 2140 1185 ma-

1256 1190 1344 1219 trem
1370 1186 1463 1221 eius:
1493 1186 1586 1222 Ecce
1606 1190 1746 1236 positus
1773 1199 1822 1227 est
1846 1193 1905 1230 hic
1931 1197 1969 1230 in
1990 1200 2139 1235 ruinam

1257 1241 1287 1291 et
1320 1238 1610 1272 resurrectionem
1644 1241 1841 1278 multorum
1867 1247 1904 1280 in
1928 1246 2075 1289 Israel,
2108 1258 2139 1286 et

1258 1298 1296 1343 in
1312 1287 1459 1332 signum
1478 1289 1536 1321 cui
1553 1289 1828 1331 contradicetur.
1872 1297 1972 1343 Quin
1989 1309 2019 1334 ec
2036 1306 2140 1336 tuam

1257 1337 1374 1382 ipsius
1391 1338 1557 1371 animam
1578 1343 1818 1385 pertransibit
1829 1338 2002 1390 glutitus,
2029 1357 2067 1385 ut
2087 1366 2140 1387 re—

1259 1385 1417 1420 velentur
1437 1400 1482 1422 ea:
1498 1389 1625 1423 multis
1643 1390 1812 1428 cordibus
1829 1398 2080 1443 cogitationes.

1205 1452 1282 1488 Sex
1298 1463 1379 1490 sunt
1394 1457 1572 1501 praecipui
1589 1458 1670 1496 loci.

1307 1524 1333 1559 Ι,
1388 1522 1484 1566 Quid
1508 1525 1561 1558 lex
1586 1527 1629 1560 de
1653 1527 1846 1565 immundis
1867 1541 1899 1568 et
1918 1536 1960 1569 de
1978 1539 2143 1582 purifica-

1363 1574 1460 1607 tione
1477 1574 1625 1610 Levitici
1642 1577 1701 1613 14.
1717 1580 1897 1623 significet.

1408 1623 1481 1658 Cur
1499 1625 1631 1664 Maria,
1660 1640 1738 1661 cum
1755 1643 1828 1664 non
1843 1641 2020 1672 teneretur
2036 1652 2073 1674 ea
2092 1643 2142 1677 le-

1362 1685 1420 1716 ge,
1448 1681 1566 1708 tamen
1584 1677 1614 1709 ei
1632 1678 1938 1724 obtemperaverit.

1308 1722 1373 1757 Ill.
1429 1724 1523 1766 Quid
1543 1726 1595 1759 lex
1612 1728 1654 1760 dc
1674 1729 1916 1774 primogenitis
1931 1737 2114 1780 significet.

1309 1773 1390 1809 llll.
1429 1774 1647 1811 Testimonia
1673 1780 1716 1812 de
1741 1789 1824 1815 nato
1849 1783 1978 1821 Messia
2004 1789 2142 1827 Simeo-

1360 1825 1415 1857 nis
1433 1832 1466 1858 et
1483 1823 1620 1861 Annae.

1308 1873 1575 1959 V.C}Doctrina
1602 1878 1639 1911 in
1661 1879 1763 1915 dictis
1780 1880 1956 1920 Simeonis
1976 1889 2017 1922 de
2035 1902 2140 1936 regno

1405 1934 1504 1961 ll'lSll.

1307 1974 1370 2010 w.
1422 1976 1594 2012 Doctrina
1611 1979 1653 2013 de
1671 1992 1780 2017 cruce,

1310 1623 1355 1657 Il.

1547 2085 1592 2110 De
1623 2086 1742 2116 primo.

1258 2142 1349 2177 Tota
1373 2141 1456 2178 haec
1480 2145 1534 2177 lex
1551 2145 1645 2179 Most
1662 2155 1710 2182 est
1729 2152 1937 2196 paedagogia
1957 2167 2014 2189 sen
2034 2158 2140 2192 ‹lisci-

1156 2193 1267 2237 plina,
1294 2206 1365 2227 non
1382 2195 1523 2239 quidem
1544 2197 1669 2230 tollens
1687 2208 1883 2243 peccatum,
1910 2208 1967 2238 scd
1987 2208 2030 2240 ‹le
2047 2211 2140 2242 mul-

1155 2244 1198 2278 tis
1224 2245 1358 2288 magnis
1381 2247 1484 2279 rebus
1508 2248 1701 2281 admonens
1725 2252 1915 2295 populum,
1943 2258 2072 2293 scilicet
2098 2262 2140 2293 de

1154 2302 1311 2339 peccato,
1339 2302 1371 2329 et
1395 2297 1438 2329 de
1456 2298 1572 2330 sutura
1592 2298 1810 2334 liberatione.
1851 2304 1903 2338 Ita
1925 2303 2007 2340 haec
2027 2309 2080 2342 lex
2096 2312 2140 2343 de

1153 2346 1365 2386 immundis,
1400 2359 1489 2390 quae
1522 2354 1636 2380 tamen
1666 2359 1871 2395 conceptum
1901 2367 1940 2388 ex
1965 2358 2058 2391 virili
2085 2371 2139 2393 se-

1154 2397 1248 2430 ntine
1275 2405 1498 2441 pepererant,
1527 2398 1742 2440 significabat
1767 2407 1951 2448 propagari
1977 2419 2054 2440 cum
2077 2408 2139 2444 itae

1153 2449 1416 2490 regeneratione
1449 2456 1647 2492 peccatum,
1691 2457 1724 2484 et
1754 2460 1912 2487 naturam
1945 2455 2138 2493 humanam

1152 2510 1244 2531 ream
1263 2510 1345 2534 esse.
1398 2497 1621 2533 Admonebat
1640 2500 1746 2542 igitur
1766 2506 1961 2539 ceremonia
1979 2509 2073 2550 pios,
2102 2519 2140 2545 ut

1152 2550 1344 2590 cogitarent
1367 2550 1411 2582 de
1434 2557 1571 2592 peccato
1597 2558 1803 2594 propagato,
1829 2556 1922 2588 etde
1940 2559 2052 2592 causis
2071 2558 2139 2594 liu-

1153 2612 1335 2633 manarum
1359 2600 1614 2641 calamitatum,
1639 2608 1671 2634 et
1696 2602 1740 2634 de
1763 2602 1812 2636 ira
1833 2602 1917 2638 Dei:
1947 2609 2076 2643 deinde
2103 2619 2140 2646 ut

1151 2652 1193 2683 ad
1217 2648 1307 2684 lianc
1331 2651 1463 2686 tristem
1488 2651 1748 2685 meditationem
1771 2655 1971 2692 conferrent
1988 2663 2141 2704 promis-

1396 2702 1445 2735 29
