2409 2915
101 101 175 140 577
637 96 719 132 XII.

201 186 240 220 in
265 182 410 220 domum
432 189 544 219 luam.
605 179 658 215 Et
678 179 860 222 surrexit,
885 184 915 213 et
932 178 1078 213 obiitin

203 234 348 270 domum
364 247 480 270 suam.
537 230 710 267 Videnles
731 235 850 264 autem
868 229 994 263 {urbae
1009 227 1080 262 ad-

771 90 1165 130 ANNOTATIONES
1192 91 1243 127 IN
1269 90 1568 128 EVANGELIA‚

2036 82 2110 119 378

1491 176 1515 201 D
1525 183 1539 200 e
1565 182 1578 199 s
1590 181 1605 200 e
1614 181 1628 199 c
1639 181 1655 198 u
1666 179 1681 197 n
1693 173 1708 197 d
1721 178 1744 198 ο.

1229 226 1269 260 In
1287 225 1479 269 Evangelio
1506 227 1705 259 institutum
1723 230 1771 258 est
1796 220 2028 256 ministerium
2053 231 2112 253 ex-

200 287 356 320 miratae
372 289 476 325 sunt,
498 287 528 316 et
542 279 837 327 glorificaverunt
854 279 995 321 Deum,
1018 279 1083 327 qui
1129 288 1243 321 pressa
1261 288 1344 309 voce
1365 276 1632 309 annunciandae
1656 274 1870 307 remissionis
1895 278 2111 316 peccatorum

204 335 301 370 dedit
313 339 525 382 potestatem
541 332 651 366 talem
665 329 888 365 hominibus.

151 391 243 428 Tres
258 399 339 428 sunt
357 391 536 439 praecipui
552 391 632 426 loci.

250 451 279 486 Ι.
305 450 511 484 Differentia
528 449 654 483 veteris
670 455 701 483 et
718 448 801 481 novi
817 446 1046 481 Testamenti.

250 509 293 544 ΙΙ,
322 509 375 543 De
389 508 610 542 absolutione
625 507 772 552 privata.

247 566 311 602 III.
338 565 562 601 Calamitates
578 564 752 600 humanae
766 571 846 598 sunt
858 575 990 608 poenae
1000 574 1080 608 pec-

297 624 474 657 catorum,
509 617 570 650 sed
593 617 682 650 fiunt
708 615 807 650 iustis
836 615 1016 656 exercitia,
1048 619 1081 646 et

294 667 510 711 mitigantur.

481 766 530 791 De
559 765 690 797 primo.

194 820 266 854 Lex
279 818 390 853 Moisi
413 829 476 851 nec
498 817 644 851 remittit
666 824 823 861 peccata,
850 828 916 850 nec
937 816 1080 849 mandat

94 872 163 906 dici
175 898 184 915 ‚
211 870 457 906 Remittuntur
471 868 537 902 tibi
554 874 703 911 peccata.
758 866 970 911 Quanquam
987 866 1079 899 enim

92 921 245 956 habebat
271 920 456 960 sacrificia,
493 930 581 963 quae
611 918 828 950 vocabantur
856 917 1080 960 placationeS,

92 980 209 1008 tamen
228 970 444 1004 ceremoniae
464 969 545 1002 illae
569 974 704 1001 tantum
729 968 952 1001 merebantur
976 968 1079 1000 talem

94 1021 358 1060 remissionem,
387 1031 431 1052 ne
448 1020 476 1052 is
497 1031 560 1062 pro
579 1029 650 1064 quo
668 1018 945 1056 sacrificabatur,
962 1017 1079 1049 exclu-

95 1074 235 1106 deretur
250 1083 288 1103 ex
304 1071 367 1102 illo
386 1069 535 1117 populo:
564 1075 597 1101 et
612 1067 767 1110 Epistola
785 1068 827 1099 ad
839 1065 994 1100 Ebraeos
1012 1066 1077 1100 ait':

93 1121 316 1166 Impossibile
335 1126 406 1152 erat
432 1119 600 1161 sanguine
623 1124 804 1151 taurorum
830 1118 905 1150 tolli
931 1123 1078 1160 peccata.

93 1172 275 1205 Praeterea
292 1171 346 1203 lex
365 1169 500 1203 etiamsi
516 1168 600 1213 quid
619 1167 702 1200 dicit
719 1168 761 1199 de
779 1167 1000 1206 remissione,
1026 1172 1079 1199 ta-

92 1234 174 1255 men
206 1233 280 1254 non
304 1222 363 1253 dat
384 1219 570 1262 gratuitam
594 1217 834 1250 remissionem
849 1243 858 1257 ,
892 1217 950 1250 sed
974 1217 1079 1249 simul
1102 1221 1105 1246 4

91 1271 241 1317 requirit
276 1271 445 1312 integram
477 1268 729 1301 obedientiam.
790 1265 901 1299 Porro
934 1267 1000 1297 nisi
1025 1278 1079 1299 re-

91 1322 210 1355 missio
226 1321 270 1354 sit
286 1320 454 1362 gratuita,
481 1318 545 1350 erit
560 1317 675 1356 irrita,
704 1327 805 1348 nemo
824 1316 916 1348 enim
933 1316 998 1358 legi
1024 1327 1079 1348 sa-

91 1371 228 1406 tisfacit.
281 1369 364 1402 Ideo
388 1367 519 1400 Paulus
540 1367 684 1400 dimicat
711 1367 754 1398 de
787 1366 958 1408 particula
987 1364 1079 1398 Gra-

91 1423 155 1460 tis,
182 1427 215 1454 et
234 1418 326 1453 hanc
344 1417 523 1467 coustituit
549 1416 783 1450 differentiam
808 1416 900 1448 inter
915 1414 1078 1458 Evange-

87 1473 176 1507 lium'
200 1477 233 1504 et
258 1470 386 1513 legem,
417 1466 649 1510 Evangelium
666 1466 771 1509 gratis
787 1472 930 1513 propter
945 1465 1077 1498 Filium

87 1522 154 1558 Dei
171 1520 317 1555 remittit
333 1525 471 1566 peccata
486 1518 733 1558 credentibus,
761 1523 793 1549 et
810 1516 1010 1549 institutum
1028 1523 1078 1549 est

87 1571 342 1610 ministerium,
368 1569 406 1602 in
425 1580 490 1613 qua
515 1579 672 1611 expresse
695 1566 932 1600 annunciatur
955 1566 1078 1599 remis-

89 1624 158 1665 sio,
183 1628 244 1656 aut
263 1619 403 1658 multis,
430 1625 490 1652 aut
507 1618 666 1661 singulis.

189 1688 257 1722 Sed
276 1691 422 1731 quaerat
440 1684 590 1728 aliquis:
618 1682 810 1725 Quomodo
836 1683 944 1725 igitur
968 1683 1078 1716 sancti

88 1741 126 1773 in
163 1737 273 1771 veteri
300 1735 527 1770 Testamento
561 1733 866 1777 consequebantur
901 1733 1077 1765 remissio-

87 1802 167 1824 nem
181 1791 196 1821 ?
221 1787 454 1830 Respondeo:
483 1783 625 1816 Praeter
640 1783 874 1816 ministerium
886 1781 970 1825 legis
979 1789 1077 1816 erant

89 1840 259 1874 revelatae
278 1835 527 1881 promissiones
544 1835 587 1866 de
603 1830 758 1867 Christo.
810 1832 883 1865 Has
901 1833 1077 1866 debebant

89 1890 281 1925 sacerdotes
298 1887 401 1920 etiam
417 1895 613 1928 proponere
632 1883 783 1929 populo,
810 1889 849 1916 ut
867 1883 995 1916 scirent
1020 1895 1075 1915 re-

88 1940 290 1974 missionem
323 1935 442 1970 offerri
476 1941 618 1978 propter
642 1934 738 1966 illam
765 1939 949 1966 venturam
974 1933 1075 1967 victi-

88 2003 197 2028 mam,
225 1995 258 2022 et
274 1988 429 2021 crederet
447 1985 594 2029 quisque
611 1995 646 2017 se
661 1981 724 2016 hac
743 1983 809 2015 fide
830 1983 995 2027 consequi
1020 1995 1074 2015 re-

88 2040 309 2078 missionem,
346 2037 433 2069 sicut
456 2035 570 2069 David
595 2035 660 2068 ait:
692 2033 822 2067 Beatus
844 2033 905 2078 qui
929 2033 1074 2066 confidit

89 2093 127 2124 in
144 2102 195 2124 eo.
247 2087 292 2121 Et
309 2084 446 2120 Esaias:
476 2084 568 2128 Quia
585 2091 691 2128 ponet
706 2084 860 2117 animam
887 2095 983 2116 suam
1010 2082 1074 2116 ho-

89 2142 189 2175 stiam
207 2149 270 2183 pro
289 2142 427 2180 peccato
443 2142 524 2174 etc.,
541 2141 573 2167 et
589 2132 711 2168 Zach.:
726 2133 768 2166 In
785 2134 954 2176 sanguine
969 2140 1074 2166 testa·
1099 2161 1100 2167 ,

813 2183 881 2217 Sed
910 2183 990 2227 quia
1017 2181 1074 2216 hic

87 2240 284 2275 intellectus
301 2235 574 2280 promissionum
594 2245 694 2277 saepe
711 2233 978 2274 oblsterabatur,
996 2234 1072 2266 ideo
1098 2231 1100 2261 ῑ

86 2189 196 2225 menti
215 2187 266 2222 tui
285 2186 420 2220 emittes
437 2184 574 2218 vinctos
597 2185 641 2217 de
655 2184 753 2229 lacu.

85 2291 181 2327 Deus
199 2301 259 2333 per
274 2283 468 2334 Prophetas
485 2296 564 2317 eum
575 2284 723 2317 subinde
734 2283 948 2318 restituebat.
982 2282 1071 2316 Cum

86 2341 141 2377 his
159 2339 373 2374 dimicabant
396 2335 608 2374 sacerdotes,
634 2333 695 2378 qui
721 2333 851 2366 interea
878 2344 957 2365 suas
979 2345 1073 2366 cere-

87 2392 222 2427 monias
245 2386 511 2432 superstitione,
539 2391 572 2418 et
596 2383 746 2417 avaricia
765 2383 1012 2423 cumulabant,
1039 2390 1073 2417 et

88 2440 345 2477 contendebant
361 2449 417 2470 eas
443 2434 571 2469 mereri
593 2433 847 2467 remissionem.
900 2432 972 2465 Has
995 2433 1072 2477 opi-

89 2494 212 2527 niones
233 2501 332 2533 saepe
354 2484 620 2531 reprehendunt
635 2481 849 2528 Prophetae,
875 2490 930 2516 ut:
958 2482 1071 2517 Holo-

89 2543 212 2578 caustis
235 2552 308 2573 non
333 2536 572 2571 delectaberis.
639 2533 827 2567 Habebant
846 2545 926 2575 ergo
952 2533 1071 2567 Patres

89 2592 329 2627 remissionem
371 2587 566 2622 involutam
609 2585 645 2619 in
689 2584 983 2629 promissionibus
1027 2585 1070 2618 de

88 2641 241 2681 Christo.

1129 328 1294 360 omnibus
1316 326 1536 359 credentibus
1563 326 1599 356 in
1621 322 1812 359 Christum.
1872 321 1917 356 Et
1940 320 2025 354 haec
2049 332 2113 353 an-

1128 377 1308 410 nunciatio
1343 388 1416 409 non
1451 375 1564 408 solum
1600 375 1637 406 in
1665 385 1788 416 genere
1816 373 1934 405 multis
1964 369 2112 414 proponi

1129 434 1261 471 potest,
1289 433 1327 460 ut
1351 426 1528 466 doctriua,
1554 425 1614 457 sed
1638 424 1740 457 etiam
1764 422 1931 466 applicari
1957 420 2113 463 singulis,

1129 477 1217 510 sicut
1235 477 1320 510 dicit
1336 474 1513 509 Christus:
1542 475 1580 509 Si
1596 481 1703 519 petet,
1729 473 1865 506 remitte
1884 472 1926 506 ei.
1980 470 2025 504 [t
2048 470 2113 512 igi-

1129 534 1186 561 tur
1203 533 1293 560 recte
1311 527 1396 560 dicit
1409 527 1569 559 minister
1584 526 1626 558 ad
1646 524 1821 566 singulos,
1835 530 1873 555 ut
1887 519 2114 565 quisquecre-

1129 578 1188 611 dat
1204 578 1242 609 in
1257 574 1458 614 Christum,
1483 576 1578 609 iuxta
1598 575 1704 608 illud:
1741 573 1808 606 Hic
1823 579 1872 605 est
1889 571 2000 604 Filius
2016 580 2113 601 meus

1129 628 1295 667 dilectus,
1329 626 1434 659 Hunc
1457 626 1586 660 audite.
1646 625 1697 657 lta
1721 631 1812 657 recte
1838 622 1922 655 dicit
1958 620 2114 653 minister

1129 677 1291 711 cuilibet:
1318 676 1510 710 Annuncio
1529 675 1593 709 tibi
1612 675 1678 720 ipsi
1696 685 1775 706 vere
1791 674 1955 706 donatam
1972 681 2043 703 esse
2062 680 2115 701 re-

1129 728 1331 760 missionem
1356 726 1512 760 credenti
1535 726 1573 758 in
1595 723 1786 758 Christum.
1845 721 1939 754 Haec
1961 720 2115 764 applica-

1129 778 1178 811 tio
1201 777 1335 821 privata
1354 777 1480 821 Lreddit
1502 775 1771 823 promissionem
1802 772 2047 808 illustriorem,
2083 776 2116 801 et

1130 828 1280 862 ostendit
1297 827 1506 861 beneficium
1522 825 1707 868 Evangelii
1721 825 1764 858 ad
1778 831 1810 858 te
1826 822 2014 870 pertinere.

1531 917 1577 941 De
1596 915 1718 941 tertio.

1229 969 1452 1005 Calamitates
1484 975 1566 1002 sunt
1596 978 1675 1011 pars
1702 966 1804 1009 legis,
1840 965 1875 998 id
1898 971 1967 1003 est,
2003 972 2117 995 carcer

1129 1020 1306 1055 humanae
1323 1027 1486 1060 naturae,
1513 1020 1550 1051 in
1568 1029 1672 1062 quem
1689 1023 1831 1061 propter
1856 1020 2037 1059 peccatum
2063 1012 2117 1044 in-

1129 1072 1217 1105 clusi
1235 1082 1373 1111 sumus,
1400 1070 1489 1103 sicut
1508 1068 1596 1102 Psal.
1621 1067 1753 1112 inquit:
1781 1065 1930 1109 Propter
1947 1063 2117 1107 iniquita-

1129 1129 1198 1155 tem
1223 1121 1370 1164 corripis
1394 1120 1484 1152 filios
1510 1117 1713 1158 hominum,
1747 1123 1780 1149 et
1801 1116 1945 1148 Paulus:
1980 1113 2117 1155 Corpus

1129 1172 1358 1205 mortificatur
1380 1176 1522 1213 propter
1546 1174 1744 1213 peccatum,
1782 1166 1929 1203 scilicet,
1972 1162 2118 1196 haerens

1128 1224 1167 1255 in
1184 1233 1297 1255 carne.
1350 1219 1433 1252 Ideo
1450 1217 1611 1252 Christus
1628 1217 1779 1261 primum
1798 1214 1854 1248 hic
1872 1215 2017 1248 remittit
2039 1225 2117 1256 pec-

1129 1278 1222 1308 cata,
1250 1276 1366 1313 postea
1385 1269 1478 1302 tollit
1492 1269 1673 1307 morbum,
1690 1274 1728 1300 ut
1744 1268 1926 1299 admoneat
1945 1275 2007 1297 nos
2027 1261 2118 1295 hanc

1129 1328 1290 1353 naturam
1323 1319 1510 1352 obnoxiam
1543 1330 1615 1350 esse
1631 1317 1763 1360 morti,
1798 1324 1830 1349 et
1853 1315 2117 1350 calamitatibus,

1129 1371 1210 1415 quia
1228 1377 1277 1403 est
1292 1370 1454 1402 immersa
1474 1375 1631 1412 peccato,
1659 1374 1690 1399 et
1707 1373 1851 1400 testetur
1874 1377 1909 1398 se
1934 1376 2004 1397 esse
2030 1364 2118 1395 lille-

1130 1427 1301 1460 ratorenx,
1340 1420 1402 1464 qui
1426 1419 1511 1452 velit
1532 1426 1711 1462 utrunque
1738 1417 1877 1454 tollere,
1920 1426 2057 1448 causam
2085 1420 2118 1445 et

1130 1471 1311 1508 effectum,
1338 1476 1518 1516 peccatum
1537 1476 1569 1502 et
1586 1475 1753 1509 mortem,
1780 1474 1813 1501 et
1828 1466 1974 1499 reddere
1995 1475 2118 1508 perpe-

1129 1528 1224 1555 tuam
1242 1520 1416 1554 iusticiam
1432 1527 1465 1554 et
1481 1520 1600 1554 vitam.

1229 1586 1303 1621 Cur
1319 1598 1400 1630 ergo
1417 1586 1528 1620 sancti
1546 1585 1722 1619 consecuti
1738 1583 1979 1617 remissionem
1997 1592 2117 1625 pecca-

1130 1644 1266 1675 torum,
1293 1643 1410 1670 tamen
1427 1636 1653 1678 affliguntur?
1680 1634 1909 1678 Respondeo,
1928 1632 2014 1665 sicut
2026 1631 2118 1663 Pau-

1130 1689 1184 1720 lus
1199 1687 1330 1732 inquit:
1357 1685 1494 1730 Corpus
1511 1686 1740 1718 mortificatur
1763 1690 1903 1727 propter
1926 1688 2117 1726 peccatum,

1129 1738 1277 1775 scilicet,
1305 1735 1451 1769 haerens
1470 1736 1506 1768 in
1530 1747 1644 1771 carne.
1705 1734 1799 1776 Quia
1824 1734 1915 1766 euim
1938 1738 2118 1776 peccatum

1129 1799 1223 1820 nunc
1247 1787 1478 1831 imputatione
1501 1787 1677 1819 sublatum
1702 1791 1770 1824 est,
1805 1791 1837 1817 et
1861 1784 1974 1826 reipsa
1999 1788 2118 1815 manet

1129 1838 1314 1871 infirmitas
1337 1837 1469 1877 carnis,
1502 1837 1577 1869 vult
1598 1848 1673 1868 eam
1699 1835 1793 1868 Deus
1822 1832 2045 1872 mortificari,
2079 1838 2119 1865 ut

1129 1888 1252 1920 inillis
1267 1886 1439 1920 exercitiis
1455 1893 1653 1919 exerceatur
1676 1892 1709 1918 et
1732 1885 1844 1918 luceat
1867 1884 1962 1918 fides.
2018 1882 2118 1920 Item,

1128 1944 1167 1971 ut
1182 1937 1276 1970 Deus
1294 1938 1455 1970 ostendat
1471 1947 1567 1970 suam
1591 1936 1737 1979 gloriam
1762 1935 1799 1967 in
1823 1941 1940 1968 nostra
1966 1933 2118 1965 infirmi-

1129 1995 1195 2022 tate
1212 1989 1379 2021 adversus
1395 1987 1595 2027 diabolum,
1623 1998 1726 2031 quem
1745 1985 1852 2018 vincit
1869 1997 1930 2027 per
1949 1984 2118 2022 infirmos,

1128 2039 1223 2072 iuxta
1249 2038 1354 2070 illud:
1388 2036 1518 2070 Scitote
1540 2039 1635 2081 quod
1661 2036 1821 2069 mirificat
1840 2035 1935 2069 Deus
1958 2041 2116 2066 sanctuni

1127 2101 1256 2128 suum,
1277 2088 1311 2120 id
1329 2093 1396 2127 est,
1423 2087 1631 2120 mirabiliter
1656 2087 1802 2126 liberat,
1829 2085 2016 2119 ostendens
2041 2086 2116 2125 glo-

1126 2139 1215 2171 riam
1250 2150 1348 2171 suam
1380 2137 1417 2169 in
1442 2144 1561 2171 nostra
1588 2138 1811 2177 infirmitate,
1847 2148 1924 2168 cum
1950 2135 2114 2173 desertos,

1126 2189 1297 2229 abiectos,
1322 2194 1460 2232 praeter
1476 2188 1595 2221 omnia
1614 2186 1768 2221 humana
1789 2186 1950 2226 consilia,
1979 2191 2115 2229 praeter

1128 2239 1287 2272 omnium
1304 2238 1507 2282 opinionem
1524 2245 1646 2272 servat.

1268 2339 1488 2379 Dominica
1506 2339 1604 2379 XX.
1622 2342 1717 2392 post
1735 2337 1970 2378 Trinitatis.

1390 2410 1622 2455 Evangelium
1642 2410 1768 2446 Matth.
1787 2412 1849 2447 22.

1174 2477 1228 2512 Et
1247 2476 1464 2524 respondens
1483 2476 1606 2519 Iesus,
1634 2476 1732 2512 dixit
1749 2477 1874 2511 iterum
1892 2475 1929 2509 in
1949 2475 2113 2521 parabo-

1226 2527 1274 2562 lis
1290 2528 1356 2569 eis,
1384 2527 1519 2562 dicens:
1548 2528 1677 2562 St'n11'le
1696 2533 1744 2562 est
1763 2539 1908 2572 regnum
1935 2524 2112 2559 coelorum

1223 2576 1368 2612 homini
1382 2579 1476 2625 regi,
1510 2579 1673 2626 quisecil
1691 2578 1839 2624 nuptias
1853 2575 1942 2622 filio
1967 2589 2050 2615 Suo,
2080 2582 2110 2610 cl

1222 2629 1320 2664 misit
1340 2642 1459 2664 servos
1474 2641 1578 2673 Suos,
1607 2633 1644 2677 u(
1668 2633 1831 2664 vocarent
1864 2630 2036 2668 invitatos
2061 2625 2115 2661 ad
