2409 2915
0 122 8 169 l?
44 131 117 168 521

42 219 186 260 niones,
214 219 368 263 cogitant
385 215 450 252 hos
466 218 554 251 ritus
573 216 753 251 institutos
771 228 863 257 esse,
892 223 1028 251 tantum
1052 228 1053 266 ᾗ

3 278 7 282 ”
42 276 82 304 ut
105 282 222 303 coram
245 267 450 302 hominibus
473 268 674 301 discernant
697 279 756 300 eos
779 268 840 312 qui
860 275 1030 302 vocantur
1051 268 1054 284 “

41 318 236 354 Christiani
256 332 273 353 a
285 319 423 353 Iudaeis
439 325 472 352 et
490 318 568 351 aliis
586 318 767 362 gentibus,
795 319 885 352 sicut
900 318 1029 352 cuculli

44 371 249 405 discernunt
266 367 465 404 Monachus
487 380 506 402 a
531 369 692 409 caeteris,
718 376 779 403 aut
804 376 928 412 putant
950 381 1028 402 coe-
1051 388 1053 396 ‹

43 433 126 454 nam
149 421 296 455 Domini
324 431 396 452 esse
418 419 556 462 signum
584 426 727 453 mutuae
752 420 1029 460 benevolentiae,

43 472 125 517 quia
151 471 311 506 convivia
335 471 428 513 apud
451 481 573 503 omnes
592 477 710 513 gentes
727 478 809 504 sunt
827 471 924 513 signa
941 470 1028 503 ami-

0 563 1 566 *
42 522 160 557 ciciae.
219 520 295 554 Hae
326 527 409 554 sunt
442 517 619 554 humanae
650 521 897 565 cogitationes,
941 533 1028 566 quae

42 585 115 607 non
130 578 220 606 recte
237 573 279 605 de
297 572 525 605 sacramentis
543 572 712 607 iudicant.

513 663 558 697 ll.

140 722 302 768 Papistae
321 723 427 756 aliam
448 721 579 757 habent
596 723 904 766 imaginationem,
933 723 1026 768 quod

38 774 110 808 sint
133 785 237 818 opera
262 785 323 817 per
342 786 430 819 quae
446 785 624 808 meremur
642 774 743 807 nobis
762 781 794 807 et
811 775 888 807 aliis
906 775 1026 807 remis-

38 825 172 858 sionem
201 831 431 868 peccatorum.
486 824 581 858 Haec
603 825 726 868 opinio
752 825 855 858 etiam
882 831 932 858 est
950 822 1026 858 eth-

39 875 138 916 nica,
165 875 213 908 sic
231 876 274 909 de
290 876 499 910 ceremoniis
517 875 589 909 suis
607 875 805 910 sentiebant
822 873 978 909 Ethnici.

503 967 568 1003 111.

139 1026 229 1069 Quis
244 1035 293 1061 est
311 1028 418 1070 igitur
435 1039 537 1061 verus
554 1028 663 1061 usus?
716 1026 838 1062 Dicam
856 1028 1025 1061 brevitet:

36 1075 262 1111 Sacramenta
289 1085 372 1112 sunt
394 1078 512 1120 signa,
540 1090 614 1110 non
638 1084 773 1111 tantum
791 1079 1024 1112 discernentia
1049 1093 1051 1119 2

35 1125 259 1161 Christianos
289 1141 406 1162 coram
439 1126 660 1167 hominibus,
696 1130 755 1162 sed
779 1130 893 1163 multo
917 1129 1025 1172 magis

36 1178 134 1220 signa
159 1179 350 1213 voluntatis
365 1178 429 1213 Dei
453 1189 533 1221 erga
556 1191 640 1220 nos,
668 1180 848 1220 videlicet,
876 1180 1024 1224 promis-

37 1240 92 1261 sae
113 1229 256 1272 gratiae.

137 1278 234 1312 Deus
271 1280 315 1313 ab
348 1279 470 1320 initio,
513 1291 591 1313 cum
626 1280 722 1313 dedit
752 1280 1049 1324 promissionem*

35 1327 218 1369 Abrahae,
252 1330 390 1362 addidit
417 1330 567 1371 signum.
634 1329 692 1361 Sic
720 1343 798 1361 cum
825 1331 921 1362 dedit
944 1343 1024 1364 ver-

33 1381 118 1412 bum
152 1378 267 1417 Musi,
311 1379 450 1412 addidit
489 1378 586 1421 signa
625 1378 819 1424 quaedam,
858 1378 907 1411 sic
944 1385 1049 1421 cum}

529 163 532 167 .
581 130 666 166 XII.
719 127 1108 166 ANNOTATIONES
1146 128 1196 164 IN

32 1428 265 1473 Evangelium
297 1429 424 1473 sparsit
455 1429 548 1462 inter
579 1435 714 1472 gentes,
748 1429 886 1462 addidit
911 1429 1022 1472 signa,

33 1479 254 1523 Baptismum
291 1488 324 1514 et
359 1478 514 1513 Coenam
547 1478 710 1512 Domini:
746 1480 827 1524 quia
859 1481 1048 1517 voluntasr

30 1529 99 1563 Dei
117 1530 319 1574 recipientis
337 1541 420 1570 nos,
447 1542 520 1563 non
538 1537 649 1574 potest
668 1531 846 1573 cognosci,
873 1531 941 1564 nisi
962 1544 1023 1575 per
1046 1544 1047 1566 1

31 1592 133 1614 suum
164 1581 335 1621 verbum,
371 1587 404 1614 et
431 1582 529 1623 signa
553 1582 596 1614 ab
623 1581 699 1625 ipso
725 1582 863 1616 tradita.
934 1581 1022 1615 Vult
1045 1601 1047 1631 ἱ

31 1631 125 1664 enim
160 1632 289 1665 addere
317 1632 416 1674 signa
448 1632 575 1672 verbo,
609 1638 649 1665 ut
681 1632 825 1665 verbum
862 1633 906 1666 sit
938 1633 1047 1675 illu-i

32 1682 150 1716 strius.

131 1730 179 1765 Et
203 1743 276 1764 rem
301 1732 446 1765 eandem
470 1732 669 1774 significant
693 1732 838 1764 verbum
859 1740 889 1766 et
908 1746 1021 1767 sacra·
1044 1697 1047 1741 ν

29 1789 210 1823 mentum,
239 1783 329 1815 sicut
347 1783 567 1825 Augustinus
590 1782 724 1827 inquit:
753 1783 1019 1818 Sacramentum
1044 1797 1046 1832 5

33 1841 82 1868 est
99 1835 246 1867 verbum
263 1832 422 1874 visibile,
450 1834 485 1866 id
505 1841 572 1874 est,
599 1845 652 1866 res
668 1834 787 1866 eadem
805 1834 1022 1877 significatur

30 1896 132 1925 voce,
159 1891 191 1918 et
215 1891 322 1927 gestu.
379 1883 456 1917 Vox
480 1885 641 1923 auribus,
669 1891 783 1927 gestus
805 1887 916 1919 oculis
942 1899 1019 1929 per-

31 1936 171 1980 cipitur.
227 1933 274 1968 Ut
299 1934 336 1966 in
359 1933 558 1978 Baptismo,
593 1935 708 1967 verbis
732 1936 836 1969 datur
861 1938 1018 1971 remissio

30 1992 270 2030 peccatorum,
298 1992 396 2029 gestu
415 1986 450 2018 fit
466 1986 614 2019 ablutio.

130 2035 189 2070 Sic
220 2037 262 2068 de
293 2047 400 2069 coena
433 2035 600 2077 Domini,
639 2036 756 2069 verbis
779 2037 1019 2070 admonemur

27 2085 208 2120 Christum
237 2098 300 2129 pro
324 2086 428 2119 nobis
454 2099 525 2120 esse
553 2099 714 2131 passum,
744 2087 852 2130 ipsius
877 2087 1018 2129 sangui-

28 2149 108 2170 nem
142 2149 205 2181 pro
238 2137 341 2169 nobis
367 2138 494 2170 fusum.
564 2137 692 2172 Gestus
722 2138 813 2170 idern
839 2139 1017 2175 admonet,

29 2200 92 2222 nos
114 2188 188 2221 fieri
216 2187 373 2220 membra
398 2189 555 2235 corporis
572 2186 727 2227 Christi,
756 2195 789 2221 et
813 2188 915 2222 nobis
942 2188 1017 2221 dari

25 2239 250 2282 sanguinem,
279 2250 349 2283 quo
366 2237 477 2271 abluti
496 2251 627 2274 sumus.

483 2330 566 2364 llll.

130 2391 321 2434 Quomodo
346 2391 453 2435 igitur
478 2392 644 2424 utendem
672 2392 745 2425 est?
797 2390 894 2425 Sicut
919 2392 1017 2424 docet

26 2440 206 2476 Christus:
248 2440 426 2486 Accipite,
472 2443 698 2483 manducate,
743 2442 871 2482 bibite,
914 2442 1016 2475 facite

27 2495 69 2526 ad
110 2493 179 2526 mei
217 2493 510 2526 recordationem.
586 2491 657 2526 Nec
697 2500 746 2526 est
779 2493 1016 2536 cogitandum,

27 2545 121 2589 quod
146 2543 190 2577 sit
213 2550 349 2576 tantum
367 2543 470 2577 civile
491 2543 748 2587 spectaculum,
775 2556 840 2577 nec
857 2544 1016 2587 cogitan-

27 2595 111 2627 dum
138 2602 206 2635 est,
235 2595 329 2639 quod
356 2591 423 2627 hoc
449 2605 553 2637 opere
578 2595 744 2628 merearis
771 2595 1014 2628 remissionem

24 2652 264 2688 peccatorum,
293 2645 350 2677 sed
378 2644 466 2677 scire
489 2645 610 2686 debes,
639 2647 731 2690 quod
751 2646 794 2679 sit
812 2657 865 2678 res
883 2657 1013 2690 propo-

28 2695 111 2733 sita,
139 2708 226 2740 quae
250 2697 436 2729 admoneat
460 2702 492 2729 te
507 2696 550 2729 de
565 2696 798 2740 promissione
817 2695 1013 2740 Evangelii,
1036 2715 1038 2723 ι

1046 1524 1047 1533 ’
1078 1514 1196 1549 Facite
1225 1516 1268 1548 ad
1301 1515 1369 1547 mei
1399 1515 1693 1551 recordationem.

1237 127 1535 165 EVANGELIA.
1996 129 2069 167 522

1082 222 1114 250 et
1131 216 1291 260 passione
1306 214 1456 257 Christi,
1484 223 1517 250 et
1533 217 1626 263 quod
1646 217 1713 251 fide
1730 223 1872 262 propter
1883 214 2064 251 Christum

1081 267 1230 310 accipias
1268 267 1527 308 remissionem,
1572 279 1642 301 non
1676 275 1819 312 propter
1849 264 1940 301 hanc
1968 274 2065 301 tuam

1082 318 1314 357 sumtionem,
1360 318 1417 350 sed
1458 315 1542 350 haec
1573 319 1700 352 sumtio
1734 325 1783 352 est
1814 318 2066 358 testimonium,

1083 369 1175 414 quod
1193 366 1356 402 Christus
1378 367 1465 401 velit
1481 367 1546 401 tibi
1564 374 1597 401 et
1614 369 1760 411 singulis
1777 369 1947 413 applicari
1964 380 2065 402 suum

1082 419 1298 453 beneficium.
1359 417 1448 452 Cum
1484 418 1612 458 sumis,
1646 419 1726 451 ideo
1755 430 1887 460 sumes,
1922 419 2066 462 cogites:

1081 468 1171 503 Ecce
1194 471 1234 502 ad
1261 477 1293 502 te
1316 470 1467 512 pertinet
1483 469 1689 502 beneficium
1708 467 1851 503 Christi.
1907 468 1945 502 Id
1963 476 2066 503 testa-

1083 528 1140 554 tur
1155 517 1218 553 hac
1238 520 1454 560 ceremonia,
1483 520 1518 552 in
1537 532 1603 564 qua
1624 531 1656 553 se
1676 519 1739 553 tibi
1763 520 1923 564 applicat.

1554 620 1595 656 V,

1186 680 1242 714 llli
1267 681 1373 725 igitur
1396 688 1477 715 sunt
1501 681 1621 714 idonei
1645 682 1688 714 ad
1708 678 1774 714 hoc
1793 680 2069 721 Sacramentum,

1083 731 1142 777 qui
1166 739 1274 775 agunt
1297 731 1550 776 poenitentiam
1575 732 1680 772 (sicut
1701 730 1757 764 hic
1777 731 1922 764 dicitur:
1951 730 1987 764 Si
2005 743 2069 764 nos

1082 783 1328 822 indicaremus,
1354 794 1425 816 non
1443 783 1681 816 iudicaremur
1698 779 1899 826 aDomino)
1916 789 1947 815 et
1964 793 2069 824 agen-

1083 841 1132 867 tes
1166 833 1439 876 poenitentiam,
1482 834 1629 866 credunt
1663 833 1728 866 sibi
1762 832 1893 875 ignosci
1927 839 2069 875 propter

1081 881 1274 918 Christum.
1325 882 1420 917 Haec
1438 884 1522 917 fides
1538 884 1766 922 exuscitatur,
1794 895 1870 916 cum
1890 880 1954 915 hoc
1972 882 2070 915 testi-

1082 935 1242 967 monium
1266 934 1474 977 cogitamus,
1509 935 1601 978 quod
1627 935 1710 967 velit
1736 932 1899 967 Christus
1923 932 2070 975 singulis

1081 985 1251 1030 applicari
1270 996 1371 1018 suum
1390 984 1612 1017 beneficium.

1183 1043 1314 1087 Magna
1337 1043 1445 1086 igitur
1466 1044 1660 1077 consolatio
1677 1051 1726 1077 est
1744 1043 1781 1076 in
1799 1041 1864 1076 hac
1882 1043 2070 1078 sumtione.

1081 1094 1178 1128 Scias
1201 1095 1414 1128 sumtionem
1439 1094 1634 1128 institutam
1662 1106 1753 1135 esse,
1781 1101 1819 1128 ut
1842 1094 1925 1127 fides
1943 1093 2069 1127 excite-

1049 1166 1050 1189 }
1081 1152 1156 1185 tur,
1190 1153 1222 1179 et
1253 1146 1383 1189 singuli
1414 1146 1594 1179 credamus
1618 1146 1661 1178 ad
1686 1157 1751 1179 nos
1775 1145 1868 1190 ipsos
1895 1144 2069 1188 pertinere

1081 1196 1287 1229 beneficium
1306 1194 1450 1230 Christi.

1182 1254 1250 1287 Hic
1276 1262 1325 1288 est
1349 1255 1456 1298 igitur
1479 1267 1581 1288 verus
1598 1266 1702 1294 usuS,
1730 1266 1808 1288 cum
1826 1260 1966 1297 agentes
1984 1265 2068 1297 poe-

1047 1313 1049 1333 ⁴1
1079 1306 1265 1339 nitentiam
1291 1303 1355 1338 hac
1380 1306 1448 1338 fide
1473 1306 1664 1345 sumimus,
1691 1311 1723 1338 et
1747 1317 1811 1338 nos
1831 1305 2068 1344 consolamur,

1079 1369 1118 1387 ac
1149 1368 1270 1389 rursus
1300 1356 1428 1399 gratias
1458 1357 1592 1399 agimus
1616 1357 1694 1389 Deo
1719 1367 1783 1399 pro
1807 1356 1938 1388 donato
1964 1354 2069 1394 Filio,

1079 1417 1142 1449 pro
1160 1405 1240 1438 data
1257 1405 1378 1441 salute.

1180 1463 1275 1497 Haec
1300 1471 1351 1498 est
1375 1464 1593 1505 recordatio,
1620 1465 1662 1498 de
1687 1477 1753 1510 qua
1780 1462 1942 1498 Christus
1966 1464 2066 1497 dicit:

1761 1515 1941 1559 Significat
1973 1515 2066 1547 enim

1046 1571 1047 1575 ’
1078 1566 1294 1607 recordatio,
1328 1578 1400 1599 non
1433 1563 1601 1599 historiae
1632 1573 1771 1600 tantum
1805 1565 2065 1607 cogitationem,

1077 1618 1136 1650 sed
1170 1617 1273 1649 fidem
1306 1623 1339 1650 et
1369 1615 1558 1659 gratiarum
1586 1617 1779 1656 actionem,
1814 1615 1919 1649 Fides
1943 1616 2066 1659 accipit

1045 1682 1047 1692 ι
1077 1667 1305 1705 beneficium,
1342 1665 1548 1699 Gratiarum
1581 1667 1670 1699 actio
1701 1666 1854 1699 vicissim
1889 1666 2067 1709 praedicat

1079 1717 1203 1752 Deum.
1265 1715 1311 1751 Et
1342 1727 1478 1760 semper
1503 1728 1581 1749 cum
1607 1714 1671 1749 hac
1691 1716 1887 1749 ceremonia
1914 1717 2066 1750 debebat

1077 1768 1152 1801 fieri
1174 1767 1399 1812 praedicatio,
1459 1766 1516 1800 Sic
1541 1767 1644 1800 etiam
1667 1774 1765 1801 vetus
1791 1766 1946 1800 Ecclesia
1969 1764 2064 1801 hunc

1077 1830 1209 1852 morem
1250 1818 1428 1859 servabat,
1469 1829 1557 1862 quae
1595 1818 1710 1852 nullas
1749 1816 1874 1851 habuit
1912 1818 2064 1861 privatas

1076 1869 1212 1902 Missas.

1176 1926 1332 1972 Exposui
1359 1939 1480 1960 verum
1510 1939 1632 1965 usum,
1666 1927 1816 1967 scilicet,
1850 1927 2062 1959 sumtionem

1074 1979 1208 2021 agentis
1239 1977 1513 2021 poenitentiam,
1562 1984 1594 2010 et
1625 1977 1798 2010 credentis
1832 1977 1898 2009 sibi
1933 1977 2063 2011 remitti

1074 2035 1213 2073 peccata
1234 2035 1377 2072 propter
1393 2025 1593 2067 Christum,
1623 2035 1654 2061 et
1673 2026 1736 2060 hac
1755 2028 1930 2061 sumtione
1948 2040 1983 2060 se
2000 2029 2063 2060 ad-

1073 2079 1269 2117 monentis,
1305 2079 1399 2123 quod
1427 2077 1664 2122 Evangelium
1697 2079 1739 2110 ad
1772 2077 1929 2121 singulos
1954 2079 2063 2121 perti-

1074 2136 1165 2165 neat.
1220 2128 1260 2162 ln
1289 2127 1354 2163 hoc
1377 2141 1459 2163 vero
1482 2141 1547 2163 usu
1571 2130 1699 2163 scimus
1717 2136 1972 2162 sacramentum
1991 2140 2062 2161 esse

1073 2187 1349 2221 sacramentum,
1377 2187 1410 2214 et
1433 2181 1509 2213 dari
1535 2181 1637 2214 nobis
1661 2190 1786 2223 corpus
1804 2186 1834 2212 et
1853 2179 2059 2221 sanguinem

1071 2229 1215 2267 Christi.

1174 2289 1227 2324 De
1251 2290 1320 2323 alio
1344 2302 1409 2323 usu
1433 2290 1506 2323 sine
1539 2290 1733 2329 sumtione,
1771 2289 1902 2322 scilicet
1930 2290 1972 2322 de
1991 2289 2059 2322 cir-

1072 2341 1361 2385 cumgestatione‚
1389 2339 1481 2373 nihil
1504 2341 1588 2373 dicit
1609 2340 1797 2384 scriptura:
1825 2341 1929 2374 debet
1943 2346 2058 2373 autem

1073 2393 1108 2425 in
1141 2392 1367 2426 sacramentis
1402 2403 1473 2423 esse
1508 2391 1693 2424 certitudo.
1769 2390 1852 2424 Ideo
1884 2391 2057 2423 discamus

1070 2450 1161 2477 recte
1191 2443 1243 2476 uti
1277 2448 1514 2479 sacramento,
1551 2449 1582 2475 et
1616 2442 1652 2474 in
1686 2454 1768 2475 vero
1800 2452 1866 2474 usu
1899 2451 2057 2474 exercere

1070 2494 1189 2534 fidem,
1223 2500 1256 2527 et
1289 2493 1376 2526 alios
1405 2492 1535 2526 abusus
1565 2499 1659 2525 extra
1690 2493 1836 2525 verbum
1865 2491 2054 2535 fugiamus:

1069 2557 1133 2578 nec
1158 2544 1378 2583 dubitemus,
1405 2541 1499 2576 Deus
1523 2543 1644 2587 puniet
1671 2541 1735 2575 hos
1751 2543 1907 2585 ingentes
1925 2543 2056 2576 abusus

1069 2593 1174 2629 huius
1199 2593 1418 2629 sacramenti.
1473 2591 1519 2627 Et
1543 2594 1648 2626 timeo
1668 2592 1821 2626 Turcam
1846 2604 1917 2627 esse
1934 2593 2055 2636 flagel-

1069 2647 1141 2680 lum
1158 2647 1345 2693 praecipue
1361 2644 1404 2678 ad
1420 2641 1485 2677 hos
1499 2644 1627 2677 abusus
1642 2644 1851 2688 puniendos.
1904 2643 1972 2678 Sed
1992 2655 2056 2677 nos

1069 2709 1208 2731 oremus
1233 2697 1366 2734 Deum,
1399 2701 1436 2728 ut
1465 2695 1599 2737 mitiget
1631 2706 1758 2738 poenas
1790 2701 1933 2739 propter
1957 2706 2054 2728 snam
