2409 2915
299 120 371 156 247

304 213 354 240 est
371 216 442 238 esse
460 204 534 236 sine
552 199 788 245 poenitentia,
816 199 892 232 sine
915 198 1096 243 agnitione
1121 199 1191 233 irae
1208 198 1286 233 Dei.

307 256 410 295 ltem,
444 253 594 286 retinere
619 251 807 294 opiniones
833 247 1007 283 humanas
1031 250 1074 283 de
1089 248 1186 291 Deo,
1214 262 1287 283 non

305 306 490 339 emendare
517 314 652 335 errores
677 313 718 334 ex
744 302 851 334 verbo
867 299 953 342 Dei,
988 300 1079 333 sicut
1102 301 1202 335 multi
1228 301 1285 333 in-

303 357 448 389 flectunt
471 353 668 389 doctrinam
694 350 932 386 Christianam
954 351 998 384 ad
1023 348 1285 397 philosophiam

304 404 507 439 humanam.

406 454 450 489 Et
475 465 583 500 panes
609 454 679 487 sint
704 454 827 499 azymi.
883 452 921 485 ld
945 452 1128 486 manifeste
1152 452 1286 495 signifi-

304 514 359 541 cat
374 507 560 552 puritatem
579 504 771 538 doctrinae.
821 501 899 536 Non
918 503 1090 547 fingamus
1107 503 1191 536 alias
1210 503 1287 547 opi-

304 559 430 592 niones
446 558 488 590 de
504 556 589 596 Deo,
605 562 643 588 ut
659 552 791 588 ethnici
810 554 1028 595 idololatrae,
1047 567 1111 588 nec
1128 552 1286 587 detjhri-

304 616 377 650 sto,
401 615 440 641 ut
457 604 728 640 Mahometistae
744 611 777 638 et
798 602 984 649 haeretici,
1018 617 1082 638 nee
1105 605 1192 638 alios
1213 604 1289 637 cul-

306 666 373 701 tus,
391 657 608 701 utPapistae‚
626 657 684 688 sed
701 662 928 689 conservetur
943 656 1078 700 puritas
1096 655 1288 689 doctrinae.

405 708 511 750 Quod
529 719 611 740 vero
624 707 795 748 additur,
824 718 904 740 cum
929 707 1074 740 lactucis
1096 706 1289 749 agrestibus

305 766 418 793 textus
432 758 640 802 generaliter
666 769 759 790 escas
780 758 920 791 acerbas
945 758 1128 795 nominat,
1155 757 1290 799 signifi-

306 817 360 844 cat
376 816 491 843 autem
511 808 709 842 doctrinam
727 808 972 852 poenitentiae,
986 814 1046 841 aut
1059 808 1174 851 ipsum
1184 806 1288 840 etiam

306 872 446 894 sensnm
476 859 713 904 praesentium
749 858 1014 899 adflictionum,
1054 858 1115 903 qui
1139 869 1204 890 nos
1227 858 1290 890 ad-

305 918 444 950 monet,
474 922 582 953 genus
611 907 805 943 humanum
832 915 975 953 propter
1000 915 1178 952 peccatum
1205 909 1289 941 sub-

307 963 432 995 iectum
451 972 522 994 esse
542 962 613 993 irae
631 959 717 1003 Dei,
745 972 809 992 nec
827 970 927 1003 posse
943 959 1106 997 liberari,
1137 959 1290 1002 nisi'per

306 1025 454 1056 agnum,
486 1024 591 1056 quem
618 1010 713 1043 Deus
736 1010 991 1053 significaverat
1014 1021 1075 1053 per
1100 1006 1164 1042 hos
1191 1009 1290 1050 ritus,

307 1065 340 1097 id
359 1070 428 1103 est,
454 1075 515 1106 per
532 1061 663 1094 Filium
676 1088 685 1101 ‚
713 1073 816 1106 quem
833 1061 936 1094 nobis
957 1058 1126 1093 exhibuit.

407 1112 490 1146 llll.
517 1112 598 1145 Non
616 1112 775 1146 crudum.
828 1110 880 1144 De
898 1117 1017 1144 nostra
1036 1111 1208 1144 cruditate
1235 1111 1290 1143 in-

306 1171 489 1208 terpretor.
532 1162 692 1196 Crudum
706 1163 800 1195 enim
826 1163 955 1202 edunt,
993 1162 1054 1207 qui
1078 1162 1143 1205 ipsi
1167 1173 1290 1194 carna-

305 1216 373 1248 lem
391 1215 597 1249 cruditatem
616 1213 789 1251 retinent,
824 1219 863 1246 ut
886 1220 965 1246 ante
992 1213 1124 1246 dictum
1151 1219 1220 1251 est,
1254 1212 1288 1244 id
1317 1239 1319 1257 ι

867 88 1017 147 'puin
1045 113 1161 151 MEL.
1187 113 1395 150 semem
1424 112 1720 150 ExEGETmA.

1317 1006 1318 1011 ¹
1345 1015 1418 1041 erat
1448 1020 1675 1052 conspersum
1702 1010 1881 1052 sanguine.

1317 1120 1319 1123 ’
1345 1109 1429 1143 Filii
1447 1109 1523 1143 Dei.

2250 117 2324 154 248

1340 199 1435 244 quod
1453 199 1521 232 alia
1537 200 1650 233 maior
1665 200 1829 233 liberatio
1849 197 1966 233 adhuc
1983 207 2240 244 expectaretur,
2266 203 2323 236 in-

1339 249 1441 282 terim
1457 261 1516 283 eos
1531 250 1669 284 futuros
1685 250 1853 292 viatores,
1878 249 2064 285 habituros
2079 263 2204 295 magna
2230 253 2323 297 peri-

1340 300 1438 340 cula,
1482 300 1601 342 exilia,
1644 301 1856 335 mutationes
1884 302 1985 345 regni
2017 303 2088 335 sui:
2127 309 2211 336 tunc
2242 315 2323 337 vero

1341 349 1523 384 babituros
1555 351 1726 395 quietem,
1758 349 1824 385 hae
1855 352 2136 397 peregrinatione
2164 353 2324 396 perfecta,

1340 413 1418 434 cnm
1436 401 1572 434 veniret
1588 401 1697 434 altera
1715 401 1893 444 liberatio,
1921 415 2009 448 quae
2032 404 2135 437 ducet
2158 403 2194 436 in
2219 404 2323 437 vitam

1341 459 1374 485 et
1391 452 1539 495 gloriam
1558 451 1817 495 sempiternam.

1442 501 1539 535 Ylll.
1575 501 1715 535 Dicitur
1738 499 1863 536 Phase
1887 502 2056 543 Domini,
2102 506 2198 550 quod
2226 505 2325 539 Deus

1343 553 1538 594 transierit,
1582 554 1792 597 percusserit
1816 552 2025 599 Aegyptios,
2068 561 2102 589 et
2133 556 2328 600 pepercerit

1341 603 1503 644 familiis,
1546 604 1610 637 ubi
1639 604 1747 636 limen
1776 604 1844 638 fuit
1877 617 2103 649 conspersum
2140 607 2327 649 sanguine:

1342 652 1427 687 haec
1451 661 1501 687 est
1523 655 1728 699 principalis
1754 655 1973 698 significatio.
2028 655 2140 689 Misso
2156 656 2248 690 Filio
2273 658 2328 690 iu-

1342 705 1475 738 dicabit
1491 703 1585 738 Deus
1609 706 1802 744 mundum,
1830 706 1993 739 transibit
2015 718 2077 750 per
2097 718 2220 740 omnes
2241 718 2327 751 gen—

1344 763 1412 795 tes,
1440 762 1474 788 et
1490 756 1629 789 abiiciet
1648 768 1703 789 eas
1720 756 1755 788 in
1773 763 1931 790 aeternos
1949 757 2142 798 cruciatus,
2169 759 2227 790 sed
2249 769 2328 801 par-

1344 812 1397 839 cet
1416 803 1592 839 Ecclesiae
1608 818 1689 840 suae
1709 819 1916 851 conspersae
1937 808 2107 851 sanguine
2123 807 2207 841 Filii
2223 808 2302 841 Dei.

1442 855 1538 890 Haec
1569 869 1649 901 pars
1680 858 1862 892 manifeste
1897 865 2061 897 testatur,
2097 859 2135 891 in
2165 856 2228 892 hac
2257 865 2328 892 tota

1344 907 1496 949 imagine
1518 907 1661 951 depingi
1676 906 1878 949 Christum,
1911 916 1942 942 et
1968 909 2164 953 passionem
2183 907 2329 948 Christi,

1344 958 1426 1002 quia
1456 956 1514 990 hic
1546 958 1638 991 clare
1664 958 1810 997 dicitur,
1845 960 1939 1003 parci
1966 960 2108 993 familiis
2134 960 2195 993 ubi
2218 961 2329 993 limen

1942 1008 2088 1044 Constat
2113 1018 2227 1044 autem
2255 1022 2328 1043 non

1344 1059 1488 1092 liberari
1506 1070 1570 1092 nos
1586 1059 1686 1093 aliter
1705 1071 1724 1091 a
1748 1066 1861 1093 morte
1883 1067 2042 1101 aeterna,
2070 1061 2137 1093 nisi
2159 1061 2329 1105 sanguine

1577 1108 1632 1143 Ad
1648 1107 1738 1143 hanc
1755 1111 2045 1153 significationem
2071 1112 2185 1155 imago
2211 1119 2329 1157 aperte

1317 1172 1318 1175 ¹
1345 1161 1519 1205 congruit.

305 1273 374 1306 est,
409 1278 488 1299 cum
515 1265 702 1309 opiniones
725 1264 882 1297 carnales
913 1265 956 1297 de
975 1263 1051 1298 Deo
1080 1270 1113 1297 et
1141 1265 1184 1297 de
1208 1263 1292 1296 reli-
1317 1274 1319 1299 i

306 1318 426 1359 gione,
451 1323 524 1349 tum
541 1316 760 1349 securitatem
781 1322 812 1348 et
835 1321 1050 1349 contemtum
1078 1315 1199 1347 iudicii
1215 1314 1291 1354 Dei,
1317 1335 1319 1339 .

307 1368 420 1412 qualis
447 1374 497 1400 est
522 1367 558 1400 in
582 1367 624 1399 iis
649 1367 708 1411 qni
734 1373 816 1399 sunt
839 1366 914 1399 sine
943 1366 1179 1410 poenitentia,
1215 1365 1290 1397 sine

306 1418 484 1461 agnitione
501 1418 571 1450 irae
589 1416 675 1457 Dei,
706 1417 780 1449 sine
795 1417 917 1449 dolore
936 1423 968 1450 et
984 1423 1079 1450 metu
1097 1428 1288 1459 poenarum

306 1469 448 1512 peccati.
504 1467 576 1500 lam
594 1468 802 1510 cogitemus,
831 1480 934 1512 quam
953 1467 1055 1501 multi
1072 1465 1233 1500 homines
1253 1467 1289 1499 in

307 1519 462 1552 Ecclesia
480 1519 591 1557 crudi,
608 1517 787 1552 Christum
807 1517 1081 1562 etEvangelium
1099 1518 1290 1551 fastidiant.

411 1569 452 1602 V.
482 1568 609 1602 Assum
631 1570 715 1613 igni.
759 1568 839 1602 Non
858 1570 983 1603 dubito
1003 1569 1190 1612 significari
1212 1581 1290 1613 pas-

306 1622 440 1653 sionem
460 1617 615 1659 Christi,
643 1620 702 1665 qui
722 1632 802 1653 vere
825 1620 932 1653 sensit
956 1620 1072 1664 ignem
1099 1621 1213 1653 divini
1236 1621 1290 1653 in-

307 1672 406 1711 dicii,
442 1677 475 1704 et
497 1671 568 1704 irae
592 1669 658 1704 Dei
684 1672 850 1704 adversus
871 1678 1022 1714 peccata.
1083 1669 1129 1704 Et
1155 1672 1214 1716 qui
1236 1683 1291 1705 as-

306 1735 380 1755 sum
399 1723 526 1762 edunt,
554 1729 742 1765 agnoscant
759 1722 987 1764 assationem,
1012 1722 1047 1755 id
1074 1729 1143 1763 est,
1182 1734 1291 1765 agno—

306 1780 402 1806 scant
421 1781 453 1807 et
471 1773 535 1816 ipsi
553 1773 723 1806 iudicium
740 1771 804 1806 Dei
825 1774 991 1806 adversus
1008 1780 1167 1820 peccata,
1195 1775 1289 1819 quod

306 1824 470 1858 videlicet
499 1824 585 1857 adeo
614 1824 783 1857 irascatur
806 1823 900 1857 Dens
931 1831 1088 1868 peccato,
1120 1832 1160 1858 nt
1192 1825 1289 1858 nulla

307 1875 447 1907 victima
480 1874 631 1918 potnerit
660 1875 811 1917 placari,
847 1875 915 1907 nisi
940 1882 1053 1909 morte
1080 1874 1183 1916 Filii,
1219 1875 1289 1908 Nec

306 1925 484 1957 diluamus
511 1922 606 1957 hunc
632 1925 750 1957 cibum
777 1925 1012 1957 maceratione
1045 1926 1081 1957 in
1108 1938 1217 1970 aqua,
1254 1927 1286 1959 id

306 1982 372 2014 est,
398 1975 581 2008 securitate
602 1982 633 2008 et
650 1975 881 2018 opinionibus
897 1975 1109 2010 carnalibus

407 2025 467 2059 vl.
496 2025 627 2058 Totum
646 2026 845 2060 comedetis,
899 2025 1067 2059 Doctrina
1087 2027 1130 2059 de
1147 2024 1288 2060 Christo

306 2084 465 2110 teneatur
499 2077 643 2118 integra.
691 2076 865 2111 lisitatum
898 2084 947 2110 est
973 2077 1067 2109 enim
1094 2075 1290 2118 haereticis,

306 2135 438 2172 partem
465 2127 616 2160 retinere
641 2128 823 2161 doctrinae
852 2127 894 2159 de
918 2125 1080 2168 Clu-isto,
1114 2128 1200 2163 sicut
1225 2128 1288 2162 Sa—

305 2186 505 2211 mosatenus
522 2179 694 2212 retinebat
713 2176 803 2211 hanc
825 2186 975 2223 partem,
1009 2176 1191 2213 Christum
1218 2191 1289 2212 esse

306 2228 503 2268 luuuinein,
532 2230 674 2263 retinuit
694 2237 723 2262 et
745 2228 970 2263 Maluunetus
995 2231 1157 2263 eandem:
1188 2231 1289 2263 ‹leni—

306 2293 372 2324 (μιν
401 2281 459 2312 alii
487 2281 590 2312 aliam
620 2281 825 2324 particulam
855 2281 1088 2315 retitulerunt.
1150 2279 1288 2314 Adver-

306 2330 384 2362 sarii
402 2331 510 2363 nostri
537 2332 686 2365 retinent
715 2332 882 2365 articulos
907 2333 950 2364 de
976 2333 1113 2365 duabus
1140 2333 1289 2373 naturis,

305 2382 360 2413 sed
379 2395 449 2414 non
470 2385 512 2414 «le
530 2382 663 2421 officio,
684 2383 808 2416 nolunt
829 2381 891 2416 hae
909 2384 975 2415 sule
995 2383 1149 2415 invocari
1162 2382 1287 2423 Deum,

306 2440 339 2464 ut
364 2433 546 2465 credamus
572 2445 634 2464 nos
658 2445 737 2465 vere
763 2435 868 2477 reeipi
894 2441 1038 2478 propter
1057 2434 1186 2467 Filium
1213 2447 1287 2466 iue-

304 2484 472 2516 ‹liatorein
490 2483 607 2524 gratis.
661 2482 814 2517 Ecclesia
832 2498 914 2518 xero
932 2483 1062 2519 (fliristi
1083 2485 1209 2519 retinet
1233 2485 1287 2517 iu-

305 2542 432 2574 tegi-:un
450 2535 658 2567 ‹tucn-inam.

405 2585 485 2618 Vll.
515 2584 630 2618 lienes
647 2586 844 2627 accingetis,
864 2594 893 2619 et
915 2587 1010 2619 eritis
1026 2588 1177 2622 ealreati.
1207 2586 1285 2620 Nun

302 2636 448 2668 dubium
474 2643 540 2675 est,
569 2638 738 2680 populum
766 2638 848 2678 togis
872 2638 918 2670 sir
945 2645 1138 2672 vescentem
1167 2639 1201 2671 in
1226 2651 1286 2681 ap-

303 2694 426 2730 paratu
457 2687 619 2725 viatoris,
654 2689 875 2721 admonitum
911 2701 981 2721 esse
1017 2686 1081 2721 hoe
1105 2689 1179 2733 ipso
1206 2690 1286 2727 ritu,

1447 1210 1631 1246 Caeterum
1648 1219 1834 1256 apparatus
1851 1212 1995 1246 viatoris
2012 1224 2075 1246 nos
2102 1224 2242 1258 quoque
2268 1215 2330 1246 ad-

1345 1269 1465 1296 monet
1488 1263 1531 1296 de
1556 1263 1828 1301 certaminibus,
1871 1263 2002 1304 exiliis,
2035 1271 2068 1297 et
2092 1263 2269 1297 aerumnis
2293 1264 2331 1296 in

1345 1311 1409 1346 bac
1426 1313 1496 1347 vita
1515 1314 1759 1358 suscipiendis.
1808 1312 1884 1347 Etsi
1902 1315 1995 1347 enim
2014 1315 2151 1348 ineoata
2167 1321 2215 1348 est
2243 1315 2332 1348 libe-

1317 1378 1319 1384 ’
1344 1364 1451 1404 ratio,
1474 1371 1592 1397 tamen
1609 1365 1769 1397 nondum
1784 1371 1833 1398 est
1853 1365 2021 1408 perfecta,
2044 1366 2103 1399 sed
2123 1365 2332 1410 perficietur,

1345 1426 1424 1448 cum
1442 1427 1503 1458 per
1519 1422 1667 1449 mortem
1685 1415 1801 1448 educti
1822 1416 1994 1449 fuerimus
2017 1416 2054 1449 in
2078 1423 2252 1450 aeternam
2279 1417 2330 1449 vi-

1344 1472 1427 1501 tam.
1458 1465 1502 1499 Ut
1519 1473 1634 1499 autem
1653 1478 1750 1498 mare
1766 1478 1839 1498 non
1856 1466 2028 1499 obruebat
2047 1465 2224 1500 Israelitas
2242 1479 2331 1501 eun-

1345 1523 1396 1549 tes
1425 1527 1489 1560 per
1511 1518 1643 1557 undas,
1680 1516 1727 1549 ita
1751 1527 1846 1549 mors
1871 1528 1944 1549 non
1969 1517 2135 1551 absorbet
2157 1529 2232 1558 eos,
2269 1518 2330 1562 qui

1345 1579 1436 1611 agno
1452 1565 1596 1601 Christo
1614 1568 1774 1601 credunt.

1446 1617 1524 1651 Hoc
1541 1619 1648 1652 modo
1665 1630 1729 1651 nos
1747 1619 1914 1651 admonet
1931 1625 2034 1663 typus
2053 1619 2096 1651 de
2117 1619 2330 1662 perficienda

1345 1669 1574 1709 liberatione,
1600 1676 1640 1703 ut
1658 1668 1834 1702 Israelitas
1849 1669 2060 1703 admonebat
2079 1675 2208 1702 restare
2228 1669 2331 1703 aliam

1345 1720 1602 1754 liberationem.
1664 1719 1736 1754 Nec
1764 1720 1914 1753 dubium
1939 1727 2007 1760 est,
2039 1719 2214 1764 sapientes
2237 1721 2331 1754 viros

1346 1772 1382 1804 in
1410 1771 1543 1815 populo
1563 1769 1690 1811 lsrael,
1725 1783 1803 1803 cum
1826 1777 1997 1804 steterunt
2024 1770 2059 1803 in
2085 1771 2247 1803 convivio
2274 1783 2330 1804 ac-

1345 1822 1468 1863 cincti,
1502 1822 1631 1855 talibus
1662 1821 1780 1854 verbis
1805 1821 2030 1855 admonuisse
2061 1833 2157 1854 suos:
2195 1820 2331 1855 videtis

1345 1874 1429 1918 qnid
1450 1870 1508 1906 hic
1524 1879 1642 1905 noster
1660 1879 1847 1916 apparatus
1864 1872 2033 1915 significet
2045 1899 2053 1910 ,
2082 1871 2177 1905 Deus
2195 1884 2259 1906 nos
2276 1873 2331 1906 iu·

1344 1925 1403 1957 bet
1433 1935 1506 1956 esse
1530 1923 1704 1956 accinctos
1729 1923 1771 1955 ad
1796 1922 1918 1959 exilia,
1953 1923 1994 1955 ad
2017 1923 2262 1956 dimicationes
2287 1924 2330 1956 ad

1345 1974 1510 2018 pericula.
1564 1974 1659 2007 llaec
1678 1973 1785 2015 igitur
1802 1974 1857 2017 pia
1881 1980 1997 2006 mente
2023 1973 2272 2016 suscipiamus,
2298 1982 2331 2008 et

1345 2031 1563 2069 expectemus
1581 2025 1726 2057 alteram
1747 2024 2012 2063 liberationem,
2040 2035 2129 2068 quae
2146 2025 2248 2058 ducet
2268 2037 2332 2058 nos

1345 2076 1380 2108 in
1399 2083 1575 2109 aeternam
1595 2075 1768 2120 quietem,
1785 2075 2012 2118 significatam
2031 2072 2094 2107 liac
2111 2075 2331 2109 liberatione.

1446 2125 1508 2159 lx.
1536 2126 1737 2164 Postremo,
1766 2137 1887 2159 rursus
1905 2126 2117 2169 praecipitur
2138 2126 2180 2159 dc
2201 2127 2330 2172 azymis

1344 2178 1514 2223 panibus,
1543 2185 1575 2211 et
1594 2177 1637 2210 de
1655 2177 1875 2211 sermentato.
1928 2175 1998 2209 Nec
2017 2177 2166 2210 dubium
2187 2185 2233 2211 est
2250 2190 2331 2223 azy-

1343 2242 1426 2262 mon
1444 2228 1638 2271 significare
1655 2228 1841 2272 puritatem
1860 2227 2058 2266 doctrinae,
2087 2227 2331 2268 invocationis,

1344 2281 1445 2319 sulci,
1487 2279 1666 2319 cultuum,
1701 2285 1737 2312 ut
1766 2279 1881 2312 cultus
1904 2279 1973 2312 sint
1999 2278 2126 2323 azymi,
2161 2290 2232 2310 non
2261 2279 2329 2311 ser-

1343 2331 1486 2364 mentati
1513 2328 1678 2363 humanis
1701 2330 1931 2374 opinionibus
1956 2336 2049 2361 extra
2080 2329 2226 2363 verbum
2254 2329 2330 2370 Dei,

1344 2382 1430 2416 sieut
1449 2389 1585 2423 gentes,
1614 2379 1816 2421 Maliomet,
1842 2377 2006 2412 monachi
2021 2406 2028 2416 ,
2065 2386 2094 2412 et
2114 2392 2206 2412 nune
2226 2380 2328 2414 multi

1343 2434 1435 2467 «loeti
1455 2433 1599 2465 miscent
1620 2433 1808 2470 fermenta,
1838 2431 1870 2462 id
1891 2437 1959 2466 est.
1996 2442 2073 2463 siffis
2101 2431 2207 2463 bell-‘ts
2233 2431 2328 2473 rogi-

1342 2485 1490 2518 tationes
1514 2492 1545 2518 et
1568 2483 1772 2527 plausibiles
1795 2481 1999 2525 opiniones,
2035 2482 2167 2514 alienas
2184 2494 2201 2515 a
2220 2483 2327 2515 verbo

1343 2535 1405 2569 Dei
1427 2543 1459 2569 et
1477 2535 1637 2569 doctriua
1659 2533 1750 2567 fidei.

1443 2586 1543 2619 llane.
1569 2585 1793 2618 collationem
1819 2584 1897 2626 agni
1924 2581 2100 2617 Paschalis
2128 2596 2206 2616 rum
2237 2595 2326 2626 agno

1341 2635 1481 2670 Christo
1502 2637 1690 2679 diligenter
1705 2635 2003 2679 contemplemur,
2023 2635 2174 2667 incurrat
2197 2635 2326 2668 inorn-

1343 2689 1391 2721 los
1426 2688 1609 2727 mactatio,
1654 2694 1684 2721 et
1718 2687 1871 2731 aspersio
1905 2685 2096 2729 sanguinis.
2157 2685 2326 2719 Mactatio

2388 940 2409 1273 ‘amomi-⁴
2384 891 2399 919 ἴ*
