2409 2915
76 116 177 153 1029
330 115 413 153 ΧΠ.
467 114 858 153 ANNOTATIONES
886 117 950 152 ET
977 116 1255 156 CONCIONES
1284 119 1335 155 ΙΝ
1363 121 1543 158 EVANG.
1573 122 1850 165 MATTHAEI.
2004 131 2101 165 1030

283 199 440 226 Tertium
459 200 586 225 dictum
605 200 647 224 ad
666 201 852 226 latronem.
1454 208 1596 232 sextum
1621 208 1757 236 dictum.

229 258 351 294 Hodie
374 259 445 294 eris
468 271 602 293 mecum
630 259 669 292 in
694 257 893 295 Paradiso.
1407 262 1711 303 Consummalum
1741 275 1802 304 est.

171 328 225 363 De
240 327 307 363 boc
324 335 425 363 antea
444 328 536 366 dixi,
567 328 662 372 quod
683 329 789 362 fuerit
814 330 989 364 absolutio
1007 330 1058 365 la-
1213 328 1290 363 Hoc
1314 331 1446 364 dictum
1470 334 1559 366 hone
1582 336 1818 377 considerate,
1851 341 2007 383 oportuit
2032 353 2096 375 nos

71 380 203 420 tronis,
226 386 259 412 et
273 379 413 419 concio,
439 378 562 422 inqua
583 378 656 422 ipse
671 377 833 413 Christus
852 381 955 415 etiam
974 387 1059 414 tunc
1082 382 1084 396 ³
1110 378 1236 412 redimi
1254 392 1315 424 per
1334 381 1445 415 filium
1458 380 1534 423 Dci,
1561 385 1620 428 qui
1638 385 1743 419 simul
1760 394 1846 421 esset
1862 387 1977 431 homo,
2004 392 2094 426 sicut

71 431 108 462 in
134 442 235 463 cruce
257 430 431 473 pendenS,
473 435 618 462 testatur
642 440 677 461 se
705 442 778 464 esse
803 430 990 473 Messiam,
1023 438 1058 466 et
1109 429 1276 473 scriptum
1303 438 1369 465 est:
1411 431 1538 466 Semen
1564 435 1721 468 mulieris
1747 440 1964 473 conculcabit
1990 449 2093 485 caput

71 478 275 514 habiturum
292 491 373 512 mox
391 485 571 512 aeternum
589 490 749 523 regnum,
1107 481 1290 523 serpentis.
1348 480 1395 515 Et
1425 483 1506 527 quia
1538 481 1644 517 homo
1676 496 1891 529 peccaverat,
1936 493 2093 534 oportuit

1107 530 1259 575 aliquem
1280 531 1318 564 in
1335 543 1458 574 genere
1476 531 1631 567 humano
1650 547 1796 578 poenam
1814 539 1960 574 solvere.

389 578 563 607 Quartum
591 578 730 603 dictum.
1210 580 1297 614 Item
1317 593 1453 626 semper
1468 584 1553 617 dicit
1576 585 1766 629 scriptura,
1792 590 1885 632 quod
1904 591 2090 632 redemtor,

256 636 346 680 Eli,
372 636 464 679 Eli,
488 635 616 672 Lama
639 635 858 674 asabllmni·
1107 630 1151 663 sit
1181 632 1396 675 propiciator
1421 645 1481 676 per
1503 635 1709 677 sanguinem
1734 648 1845 672 suum.
1896 638 1945 673 Et
1969 653 2091 675 omnes

1107 681 1266 714 victimae
1285 682 1321 716 iu
1339 683 1411 725 lege
1427 684 1668 726 significarunt
1688 685 1775 720 hanc
1794 697 1958 731 mortem,
1989 699 2019 725 et
2039 694 2088 725 es-

1107 732 1281 765 fusionem
1299 734 1491 776 sanguinis.

1206 782 1417 828 Quanquam
1435 784 1542 827 igitur
1559 793 1627 819 tota
1646 787 1715 819 vita
1738 786 1869 823 Christi
1894 798 1943 824 est
1963 804 2087 836 perpe-

1104 839 1162 866 tua
1180 833 1313 876 passio,
1341 840 1373 866 et
1390 835 1595 868 continuum
1618 837 1843 879 sacrificium,
1869 847 1985 874 tamen
2004 841 2089 877 haec

1103 889 1276 926 postrema
1294 884 1406 927 passio
1424 892 1456 918 et
1474 898 1567 918 mors
1583 893 1633 920 est
1653 888 1846 931 principale
1866 892 2087 934 sacrificium,

1104 939 1136 966 et
1154 934 1408 968 consummatio
1426 936 1532 969 totius
1548 943 1580 970 et
1595 937 1754 970 continui
1775 940 1932 973 sacrificii
1944 939 2087 976 Christi.

1205 983 1288 1017 Ideo
1309 985 1410 1018 dicit:
1445 985 1736 1021 Consummatum
1763 997 1823 1024 est.
1875 989 1923 1025 Et
1945 999 1995 1027 est
2019 1006 2086 1027 vox

1101 1034 1287 1073 victoriae,
1325 1047 1392 1080 qua
1416 1036 1486 1079 agit
1509 1036 1582 1070 Deo
1607 1038 1754 1079 gratias,
1788 1046 1820 1073 et
1844 1043 1998 1076 ostendit
2015 1041 2086 1077 Ec-

1101 1084 1243 1125 clesiae,
1271 1086 1448 1129 quodiam
1468 1088 1649 1129 perfecerit
1673 1089 1900 1132 sacrificium,
1928 1094 2020 1137 quod
2047 1094 2085 1127 in

1101 1145 1228 1167 arcano
1246 1136 1392 1169 consilio
1413 1137 1608 1171 divinitatis
1623 1139 1690 1171 fuit
1705 1140 1881 1173 decretum
1894 1168 1903 1181 ,
1930 1143 2085 1177 mirabili

1102 1185 1290 1227 sapientia,
1328 1193 1359 1219 et
1383 1193 1499 1230 postea
1522 1188 1753 1230 significatum
1778 1202 1840 1233 per
1866 1192 2025 1226 victimas
2047 1195 2084 1227 in

164 1217 315 1261 Propter
352 1225 489 1262 {mecam
531 1223 649 1250 ⁰0⁵⁰*
690 1228 870 1259 Pesc¹¹⁵⁵¹¹⁵
903 1223 972 1257 ²⁵²³
1009 1224 1048 1252 ¹¹²
1071 1233 1074 1286 j
1101 1234 1193 1277 lege,
1220 1242 1253 1269 et
1269 1237 1484 1278 praedictum
1503 1250 1564 1281 per
1578 1236 1771 1282 Prophetas
1787 1241 1874 1282 suit,
1901 1249 1932 1276 et
1951 1244 2084 1287 signifi-

61 1267 230 1311 ς(ΓῙΡῙΠΠῚ
249 1275 298 1302 ‘St
315 1269 350 1300 3¹¹
370 1266 562 1312 P‘OPheffli
592 1266 646 1300 1¹⁸³
666 1267 728 1300 Dei
748 1268 912 1300 ‘'d‘'efffls
929 1274 1048 1301 ”ostra
1069 1291 1075 1372 ἢ
1100 1293 1214 1318 catum
1245 1298 1308 1329 per
1330 1294 1478 1320 mortem
1502 1288 1612 1329 Abel,
1644 1301 1705 1332 per
1733 1291 1947 1326 oblationem
1974 1293 2068 1328 lsaac

2074 1322 2083 1335 ‚

63 1326 200 1360 peccata
220 1318 414 1352 effunditur
431 1319 467 1351 in
487 1319 620 1361 ipsum,
647 1317 743 1350 etsie
759 1317 881 1350 satisfit
895 1317 1048 1372 iustitiae
1100 1346 1162 1377 per
1184 1343 1332 1370 mortem
1351 1334 1520 1370 Iohannis
1537 1336 1713 1383 Baptistae
1764 1348 1798 1374 et
1823 1342 1973 1376 aliorum
1992 1344 2084 1378 San-

62 1368 142 1401 Dei.
196 1367 333 1402 Rursus
359 1369 461 1401 etiam
486 1368 588 1400 Pater
613 1373 791 1406 aeternus,
824 1367 906 1411 quia
931 1367 1047 1409 diligit
1070 1386 1073 1406 ,¹
1099 1390 1247 1419 dorum,
1722 1367 1731 1380 '

61 1419 192 1457 filium,
225 1430 298 1451 non
323 1419 406 1450 sinit
432 1430 510 1450 eum
534 1417 760 1449 succumbere
783 1417 820 1448 in
847 1414 914 1449 hoc
935 1423 1046 1450 certa·
1070 1412 1072 1453 !

100 1470 107 1475 ·
508 1468 515 1474 ⁶
801 1466 809 1473 ,
946 1467 953 1473 ‚
1070 1462 1072 1468 ,
1199 1435 1314 1468 Credo
1345 1437 1449 1469 etiam
1474 1435 1565 1470 hanc
1591 1450 1710 1471 vocem
1737 1441 1842 1473 fuisse
1870 1444 2082 1477 consolatio-

59 1480 174 1509 mlne,
201 1470 259 1502 sed
286 1476 401 1512 Ρῡδῑθὸ
428 1466 598 1511 glomficat
621 1477 721 1507 eum,
748 1472 781 1500 et
800 1472 847 1500 ¹²³
865 1467 1046 1510 glomficat’
1069 1477 1071 1514 1¹
1098 1496 1178 1518 nem
1190 1484 1338 1526 Blariae,
1354 1499 1442 1531 quae
1457 1487 1626 1521 intellexit
1643 1486 1732 1522 hanc
1751 1492 1960 1533 passionem.
1987 1493 2082 1528 Haec

60 1525 98 1553 ut
114 1531 179 1552 ¹10⁵
198 1527 340 1566 P1'0P1e1'
356 1531 434 1551 eum
451 1524 609 1583 ¹⁹⁰¹P¹³tj
633 1576 641 1583 ι
1097 1536 1244 1569 audiens
1274 1537 1339 1570 scit
1362 1545 1642 1572 consummatum
1666 1551 1739 1573 esse
1766 1541 1832 1574 iam
1857 1540 1923 1576 boc
1942 1545 2083 1578 ‘sacrifi-

158 1576 211 1611 De
230 1575 294 1611 bac
310 1589 434 1620 magna
457 1577 549 1610 lucta
573 1577 659 1609 dicit
682 1581 794 1609 textus
824 1576 865 1609 ad
888 1574 974 1633 lssbr·
991 1575 1043 1612 5·:
1097 1585 1209 1627 cium,
1237 1599 1306 1631 quo
1324 1587 1374 1620 ira
1390 1586 1454 1620 Dei
1472 1589 1604 1631 placata
1629 1597 1696 1627 est,
1724 1597 1756 1623 et
1772 1589 1928 1626 Ecclesia
1946 1602 2083 1638 recepta

60 1627 150 1662 Cum
175 1629 326 1661 clamore
349 1634 380 1661 et
402 1627 564 1672 lucrymis
582 1627 753 1666 offerens,
789 1628 971 1661 exaudltus
995 1635 1044 1662 est
1068 1640 1069 1645 ¹
1096 1642 1156 1670 est.
1209 1634 1255 1670 Et
1281 1637 1354 1680 ipsa
1378 1637 1571 1678 intellexit,
1606 1650 1678 1671 sese
1703 1648 1846 1684 propter
1869 1640 1935 1675 hoc
1951 1646 2082 1678 sacrifi-

59 1687 203 1723 propter
221 1691 317 1712 suam
336 1677 584 1711 obedientiam.
1066 1656 1070 1739 1
1096 1686 1188 1718 cium
1217 1695 1516 1729 consummatum,
1549 1700 1621 1722 esse
1644 1686 1828 1723 haeredem
1855 1692 1945 1726 vitae
1967 1701 2080 1728 aeter-

162 1736 257 1770 Haec
289 1743 488 1769 reverenter
519 1735 800 1774 consideremus,
842 1742 875 1769 et
901 1746 1043 1778 agamus
1065 1753 1069 1802 1
1095 1748 1179 1773 nae,
1207 1737 1296 1770 sicut
1318 1737 1486 1781 scriptum
1512 1745 1576 1773 est:
1608 1738 1686 1773 Una
1713 1741 1893 1775 oblatione
1916 1755 2080 1779 consum-

57 1795 199 1822 aeterno
221 1787 317 1821 Patri
343 1794 375 1820 et
392 1785 484 1819 Filio
515 1786 662 1830 gratias,
695 1792 729 1819 et
747 1786 813 1818 fide
834 1786 1041 1819 beneficium
1093 1786 1202 1820 mavit
1223 1785 1383 1821 Sancto&

56 1839 161 1873 nohis
177 1838 402 1883 applicemus.
1064 1811 1069 1893 Ι
1198 1836 1274 1881 Ipsa
1303 1850 1443 1884 quoque
1465 1837 1533 1870 iam
1556 1840 1701 1873 audiens
1728 1845 2080 1887 consummationem,

1064 1895 1067 1923 1
1093 1887 1161 1931 agit
1181 1886 1257 1921 Deo
1281 1889 1408 1931 gratias
1437 1901 1500 1932 pro
1530 1887 1584 1922 his
1609 1892 1754 1925 summis
1777 1900 1810 1927 et
1831 1895 2002 1928 mirandis
2018 1897 2080 1929 be-

388 1934 547 1965 Quintum
572 1934 711 1960 dictum.
1064 1926 1067 1966 l
1093 1938 1236 1971 nefici{5‚

490 1984 600 2021 Silio,
1063 1969 1068 2053 ἰ
1193 1986 1240 2022 Et
1265 1989 1307 2022 de
1332 1986 1397 2022 hac
1428 1990 1728 2024 consummatione
1759 1994 1917 2036 quotidie
1947 1997 2079 2039 cogite-

1094 2049 1191 2077 mus,
1226 2045 1258 2072 et
1281 2050 1422 2081 agamus
1443 2052 1507 2073 nos
1531 2053 1670 2085 quoque
1692 2043 1839 2085 gratias,
1874 2048 1969 2089 quod
1994 2054 2078 2082 tunc

1093 2096 1335 2135 consummata
1353 2097 1402 2123 est
1420 2097 1538 2124 nostra
1554 2092 1658 2125 salus.

167 704 263 740 Haec
281 713 332 740 est
354 706 553 740 tristissima
577 719 666 744 vox,
702 718 870 750 superans
893 707 1052 740 omnium
1077 729 1080 744 2

66 762 304 790 creaturarum
331 757 548 801 sapientiam.
608 756 675 790 Hic
700 758 852 791 ostendit
869 757 1053 798 Dominus,

66 818 102 840 se
130 806 255 840 luctari
278 819 357 841 cum
383 808 518 850 magnis
541 813 574 841 et
598 807 896 841 inenarrabilibus
917 808 1052 841 dolori-

65 857 150 898 bus,
174 857 211 890 in
229 858 358 903 quibus
374 858 422 890 sic
439 858 552 898 dolet,
590 858 687 902 quasi
710 859 867 892 desertus
891 858 969 891 sita
990 869 1052 902 pa-

64 913 138 951 tre,
169 908 229 941 sed
252 914 372 952 postea
398 908 571 941 eluctatur
593 920 633 940 ex
665 906 730 940 hoc
762 920 888 952 magno
918 909 1051 947 dolore,

64 969 143 991 cum
166 958 232 991 ait:
268 957 392 998 Pater,
419 958 456 991 in
473 969 598 992 manus
614 965 690 992 tuas
714 960 923 993 commendo
945 959 1051 1003 spiri—

62 1013 138 1042 tum
163 1020 291 1044 meum.

165 1058 237 1092 Nos
259 1071 333 1093 non
360 1059 592 1102 intelligimus
616 1059 896 1101 magnitudinem
922 1056 1049 1092 horum

64 1109 248 1150 dolorum,
287 1111 346 1143 sed
379 1116 496 1142 tamen
523 1121 661 1143 causam
696 1110 783 1143 scire
818 1121 882 1142 nos
911 1116 1050 1153 oportet

63 1160 234 1203 passionis
251 1166 283 1193 et
299 1160 475 1195 victoriae.

159 2055 381 2091 Conveniens
417 2054 556 2098 signum
592 2060 642 2087 est
679 2052 824 2087 clamori
863 2053 1040 2097 proximo:

57 2109 137 2150 Eli,
162 2105 242 2147 Eli,
266 2106 348 2151 quia
372 2105 544 2148 significat
567 2104 726 2148 ingentes
748 2105 888 2138 dolores
913 2104 1040 2145 cordis,

59 2159 121 2206 qui
141 2159 187 2192 ita
206 2163 315 2191 urunt
331 2167 391 2189 cor
406 2162 438 2189 et
455 2155 679 2199 pulmonem,
706 2162 739 2189 et
753 2154 906 2198 optimos
922 2166 1041 2188 succos

55 2211 96 2245 in
111 2216 185 2244 toto
203 2218 367 2251 corpore,
392 2212 425 2240 et
441 2205 632 2239 medullam
649 2205 686 2238 in
701 2205 838 2238 ossibus
853 2205 1042 2246 desiccant,

56 2268 96 2296 ut
112 2269 237 2303 magna
250 2257 326 2291 sitis
341 2255 568 2294 accendatur,
600 2255 690 2290 sicut
715 2255 873 2289 videmus
895 2255 932 2288 in
958 2255 1042 2297 illis,
1092 2246 1214 2291 Pater,
1237 2248 1276 2282 in
1291 2261 1424 2283 manus
1439 2254 1522 2283 tuas
1539 2248 1745 2282 commendo
1761 2248 1931 2295 spiritum
1949 2265 2077 2293 meum.

56 2311 118 2359 qni
134 2310 178 2345 ad
194 2307 364 2353 ⁵¹¹PPliC3³
381 2308 569 2340 ducuntur·
1194 2315 1309 2350 Verba
1333 2324 1415 2351 sunt
1440 2317 1475 2349 in
1500 2316 1638 2349 Psalmo
1661 2316 1739 2350 30.:
1782 2316 1823 2350 ln
1847 2330 1971 2354 manus
2002 2330 2077 2357 tuas

156 2366 463 2403 Considerandum
484 2370 600 2398 autem
624 2371 675 2398 est
697 2366 912 2409 exemplum,
953 2365 1042 2400 sicut
1093 2369 1300 2402 commendo
1315 2368 1477 2411 spiritum
1495 2378 1610 2400 meum
1624 2391 1633 2405 ‚
1659 2367 1837 2401 redemisti
1852 2381 1907 2403 me
1923 2370 2075 2408 Domine

59 2418 221 2457 Christus
252 2417 289 2450 in
321 2427 458 2450 summo
481 2415 603 2448 dolore
634 2421 755 2458 petens
782 2416 1043 2458 recreationem,
1093 2417 1188 2454 Deus
1208 2419 1377 2453 veritatis.

59 2470 171 2515 magis
196 2468 301 2502 etiam
324 2466 499 2500 cruciatur
522 2466 814 2507 subsannatione,
847 2473 881 2500 et
902 2473 1043 2511 potatur
1195 2467 1290 2503 Dicit
1310 2475 1424 2502 autern
1448 2473 1581 2500 textus:
1621 2465 1793 2502 Clamavit
1824 2481 1907 2502 voce
1937 2483 2074 2516 magna,

61 2528 169 2557 aceto.
210 2517 269 2553 Sic
287 2518 493 2562 plerumque
507 2514 700 2549 Ecclesiam
723 2516 887 2551 afflictam
903 2518 963 2550 alii
977 2516 1043 2551 ho·
1093 2518 1162 2553 Hic
1199 2520 1327 2553 iterum
1366 2517 1581 2561 significatur
1610 2517 1788 2556 victoria,.
1825 2519 1908 2563 quia
1943 2522 2076 2558 clamor

62 2571 174 2606 mines
188 2568 407 2608 excruciant,
433 2567 495 2612 qui
514 2566 688 2600 debebant
701 2567 943 2601 misericordia
962 2579 1042 2611 erga
1094 2570 1263 2614 significat
1275 2597 1284 2611 ,
1311 2570 1379 2602 iam
1398 2568 1488 2601 vires
1503 2579 1574 2600 esse
1594 2567 1814 2603 confortatas.

63 2634 138 2656 eam
157 2619 265 2660 affici,
291 2625 324 2652 et
342 2624 468 2661 augent
483 2617 514 2649 ei
531 2617 689 2651 dolorem
714 2629 775 2662 per
797 2618 1044 2653 subsannatio·
1195 2618 1243 2654 Et
1262 2631 1340 2654 cum
1357 2618 1577 2652 commendat
1601 2617 1761 2661 spiritum
1778 2617 1891 2659 Patri,
1919 2621 1986 2655 iam
2004 2624 2077 2658 lae-

61 2683 141 2714 πει,
163 2677 195 2704 et
213 2675 335 2715 potant
350 2679 426 2702 eam
447 2673 554 2702 &ceto-
1095 2677 1151 2706 tus
1175 2671 1240 2705 scit
1263 2682 1298 2704 se
1322 2669 1481 2704 accedere
1507 2669 1550 2701 ad
1579 2666 1728 2701 Patrem.
1787 2667 1871 2704 Ideo
1897 2671 2001 2706 etiam
2017 2675 2076 2709 in-

1481 2715 1566 2752 65*

1410 2190 1599 2221 Septimum
1624 2190 1761 2215 dietum.
