2409 2915
82 125 156 165 825
318 126 400 163 XII.

81 213 156 247 eius
171 213 337 254 destruit,
363 219 403 247 ut
419 212 550 246 dicitur
569 212 600 245 1.
617 207 765 244 Iohann.
781 210 830 246 3.z
859 209 899 244 ln
917 211 983 245 hoc
1001 223 1063 254 ap-

81 263 199 308 paruit
222 264 315 297 filius
336 262 423 304 Dei,
448 268 488 296 ut
513 263 667 295 destruat
690 273 795 305 opera
820 262 966 298 diaboli.
1017 260 1063 296 Et

82 311 232 348 Genesis
243 315 291 350 3.:
319 313 445 349 Semen
460 311 618 345 mulieris
635 311 855 345 conculcabit
869 319 972 357 caput
989 325 1060 346 ser-

81 365 207 408 pentis.
246 364 325 408 Qua
341 365 384 397 de
400 375 437 397 re
452 362 538 396 alibi
555 362 685 395 dicitur
700 362 886 407 copiosius.
923 362 1060 396 Deinde

81 427 194 459 poena
218 414 428 462 proponitur
444 412 723 456 ingratitudinis.
780 412 883 447 Videt
899 411 1060 447 Christus

81 473 220 509 gentem
242 465 412 508 ingratam
436 474 508 497 esse
526 474 590 506 pro
607 474 744 496 summo
762 463 951 507 beneficio,
981 464 1059 497 ideo

80 513 143 549 hac
159 526 269 560 poena
285 526 342 548 eos
357 513 480 555 afficit,
504 514 597 559 quod
607 513 779 548 Diabolus
794 513 834 548 in
850 526 975 562 porcos
992 515 1059 547 im-

80 566 206 607 mittit,
239 572 279 599 ut
300 571 394 598 totus
414 576 495 608 grex
519 575 682 608 praeceps
703 564 740 597 in
763 576 860 597 mare
881 571 999 599 rueret
1020 577 1058 598 ac

77 621 281 650 moreretur.
308 613 481 649 Existimo
497 615 600 648 etiam
616 615 746 649 multos
757 613 903 649 Iudaeos
918 622 1056 663 aposta-

77 674 129 700 tas
152 677 190 699 ac
214 667 407 699 desertores
431 666 563 699 rituum
582 665 694 708 gentis
711 664 921 700 Israeliticae
938 667 974 700 in
994 663 1057 699 hac

77 714 208 749 Gerasa
231 716 428 760 delituisse,
464 716 525 761 qui
548 722 670 749 contra
696 716 809 759 gentis
830 717 1056 751 consuetudi-

74 777 154 799 nem
184 777 224 799 ac
246 764 312 799 Dei
337 767 540 800 mandatum
565 778 704 799 carnem
731 766 870 800 suillam
896 768 1056 801 comede-

74 815 157 850 rint.
210 815 285 850 Hos
301 829 441 862 quoque
459 816 586 861 punire
603 814 765 850 Christus
780 817 903 852 voluit.

173 883 241 918 Sed
268 884 304 917 in
329 882 394 917 hac
419 885 492 929 ipsa
517 895 628 928 poena
650 881 716 917 hoc
733 884 948 918 observetur.
1000 883 1055 918 Ia-

72 941 169 969 ctura
193 946 380 978 porcorum
404 947 466 978 per
492 946 528 968 se
549 947 620 967 non
645 942 694 968 est
714 946 856 978 magna,
883 935 939 968 sed
959 936 1053 980 quod

71 985 304 1028 significatur,
339 983 405 1018 hoc
428 986 525 1019 triste
549 997 586 1019 ac
610 985 867 1028 deplorandum
889 991 954 1019 est:
990 984 1054 1018 ho-

71 1035 183 1069 mines
206 1036 337 1070 scilicet
363 1036 517 1079 ingratos
533 1034 726 1078 Evangelio
752 1036 787 1068 in
806 1047 931 1081 porcos
950 1036 1053 1069 terri-

71 1086 135 1118 bili
161 1083 435 1129 metamorphosi
458 1086 633 1125 converti,
668 1092 701 1119 et
727 1086 905 1119 domicilia
929 1086 1054 1119 diabo-

70 1136 186 1170 lorum
211 1137 302 1177 fieri,
335 1135 401 1169 hoc
425 1137 587 1180 inquam,
614 1136 712 1170 triste
735 1148 773 1169 ac
797 1137 1051 1181 deplorandum

71 1193 139 1226 est,
167 1187 272 1231 idque
299 1187 335 1219 in
361 1185 425 1219 hac
449 1187 601 1229 imagine
624 1186 850 1227 significatur.
904 1185 949 1220 Et
965 1186 1053 1220 vidit

69 1243 162 1270 aetas
192 1245 308 1270 nostra
338 1237 492 1279 exempla
518 1235 703 1270 horribilia
729 1235 1053 1280 Anabaptistarum,

70 1287 131 1331 qui
164 1299 268 1332 quam
299 1287 397 1321 tetris
426 1288 622 1326 furoribus,
657 1294 690 1320 et
713 1287 902 1320 sceleribus
927 1288 1048 1320 diabo-

70 1337 146 1369 licis
170 1348 242 1370 sese
266 1337 475 1379 polluerint,
511 1344 543 1371 et
567 1348 661 1369 nunc
687 1347 758 1369 sese
781 1337 962 1380 polluant,
996 1347 1051 1369 res

67 1386 163 1430 ipsae
187 1393 219 1420 et
237 1385 401 1421 historiae
420 1387 531 1421 nostri
550 1386 718 1431 temporis
734 1386 915 1420 evidenter
931 1393 1049 1421 osten-

66 1438 173 1478 dunt,
200 1443 262 1472 etc.

429 1553 566 1606 Caput
614 1554 691 1595 lx.

287 1624 381 1656 Veni!
406 1625 442 1656 in
462 1624 634 1665 propriam
657 1624 833 1656 civitatem.

229 1703 329 1747 Quae
346 1704 412 1737 fuit
433 1703 573 1747 propria
594 1703 715 1737 civitas
733 1701 889 1738 Christi?

439 1760 673 1805 Capernaum.

163 1827 308 1871 Quare?
368 1828 461 1871 Quia
487 1828 554 1861 fuit
575 1829 808 1873 municipium
834 1828 1049 1870 Romanum,

62 1878 128 1912 fuit
147 1890 226 1922 ergo
244 1879 293 1911 ibi
315 1878 419 1919 civis,
447 1885 486 1912 ut
504 1886 591 1912 esset
610 1879 728 1913 tutior.

164 1937 238 1970 lam
264 1937 394 1980 cogita,
421 1949 526 1982 quam
550 1937 670 1981 pulcer
686 1944 796 1972 status
811 1939 913 1972 suerit
929 1939 965 1971 in
984 1939 1045 1971 illo

62 1988 213 2032 oppido,
246 1989 308 2021 ubi
331 1988 492 2027 suerunt,
521 1995 638 2032 pastor
664 1987 793 2028 lairus,
821 1996 854 2023 et
877 1987 1046 2023 Centurio

61 2039 279 2082 capitaneus,
306 2045 338 2072 et
364 2036 399 2071 hi
421 2039 564 2072 suerunt
580 2039 683 2072 amici
698 2037 859 2078 Christo,
887 2046 920 2073 et
936 2041 1045 2074 multa

31 2123 34 2127 ⁴
59 2089 218 2122 feceruut
240 2090 283 2122 de
305 2090 380 2122 eius
402 2089 562 2124 consilio.
617 2089 667 2122 Ita
694 2102 773 2123 vere
796 2090 863 2124 fuit
878 2091 962 2123 urbs
977 2089 1045 2124 Ca-

62 2151 252 2182 pernaum,
299 2139 334 2171 id
376 2146 445 2172 est.
492 2138 712 2183 (ἕὼὅηῠοτῆ,
763 2152 910 2174 amoena
952 2141 1045 2173 villa.

62 2187 229 2232 Optimus
251 2196 359 2223 status
378 2196 446 2229 est,
480 2192 622 2235 quando
648 2198 766 2235 pastor
789 2198 821 2225 et
845 2191 1045 2235 capitaneus

60 2247 142 2274 sunt
160 2240 263 2274 amici
282 2237 432 2278 Christi,
459 2247 522 2276 etc.

358 2341 425 2374 De
451 2341 740 2386 paralytico.

159 2406 264 2440 Fides
289 2407 400 2440 aliena
429 2408 567 2451 prodest
596 2409 638 2440 ad
664 2409 772 2441 multa
800 2408 893 2441 bona
917 2420 1041 2452 corpo-

59 2457 143 2490 ralia
167 2457 245 2490 aliis
269 2458 501 2501 impetranda.
564 2458 630 2492 Sed
657 2459 895 2492 remissionem
923 2471 1043 2502 pecca—

59 2514 173 2541 torum
191 2515 329 2552 oportet
347 2509 540 2553 quemlibet
559 2509 713 2553 accipere
731 2509 872 2553 propria
889 2509 965 2545 fide.

158 2572 226 2606 Hic
261 2573 473 2618 paralyticus
506 2580 538 2607 et
568 2573 680 2606 aliena
714 2574 780 2606 fide
809 2575 966 2608 adfertur
997 2575 1039 2607 ad

58 2620 255 2663 Christum,
283 2631 315 2658 et
332 2624 404 2667 ipse
423 2621 526 2658 habet
544 2625 721 2668 propriam
739 2625 862 2667 fldem,
886 2637 967 2658 cum
983 2626 1039 2658 di-

60 2672 148 2706 citur
163 2674 210 2707 ei:
238 2674 485 2710 Remittuntur
500 2675 563 2709 tibi
582 2683 720 2720 peccata
739 2682 810 2711 tua.

454 122 847 162 ANNOTATIONES
878 123 945 161 ET
978 120 1260 162 CONCIONES
1294 124 1344 160 IN
1378 124 1562 165 EvANG.
1595 127 1876 170 ΜΑΤΤΗΑΕΙ.

2031 134 2104 169 826

1407 210 1576 241 Sequitur
1609 211 1809 244 disputatio

1324 261 1371 296 de
1393 266 1611 300 remissione
1631 272 1884 310 peccatorum.

1216 326 1394 363 Pharisaei
1420 331 1551 367 indocti
1577 331 1668 367 nihil
1692 336 1870 372 sciverunt
1887 339 1930 371 de
1946 339 2096 382 promis-

1113 379 1223 412 sionis
1247 379 1442 421 intellectu,
1470 394 1540 415 uon
1559 384 1756 425 cogitarunt
1774 388 1876 421 etiam
1894 389 2021 423 Davidi
2040 390 2094 422 ‹li-

1115 436 1209 462 ctum
1234 442 1323 464 esse:
1351 432 1530 465 Dominus
1551 434 1696 468 abstulit
1719 444 1897 478 peccatum
1914 447 2033 479 tuum,
2062 448 2095 473 et

1112 479 1299 513 Danielem
1325 481 1441 516 dicere
1464 484 1507 515 ad
1532 495 1664 527 regem:
1692 483 1771 519 Erit
1793 490 1928 522 sanatio
1945 490 2093 523 delicto»

1111 541 1188 563 rum
1207 537 1369 573 tuorum,
1396 539 1459 567 etc.

1211 580 1357 626 Semper
1380 582 1523 617 Levitae
1553 585 1658 619 simul
1691 587 1890 622 debuerunt
1919 589 2094 623 declarare

1110 631 1380 675 promissionem
1411 634 1454 667 de
1477 633 1625 677 Messia,
1658 638 1717 669 sed
1747 650 1818 671 non
1845 639 2094 673 intellexeruut

1109 681 1261 725 amplius
1285 683 1440 717 officium
1464 696 1577 719 suum.
1629 685 1730 721 Hanc
1747 688 1983 731 ignorantiam
2001 696 2094 723 taxat

1109 729 1289 773 Christus,
1317 741 1350 767 et
1367 735 1544 776 adfirmat,
1571 738 1666 781 quod
1687 738 1770 772 velit
1789 739 1967 774 instituere
1986 740 2093 772 mini-

1109 782 1252 816 sterium
1279 784 1481 818 remittendi
1510 794 1668 830 peccata,
1694 789 1782 822 sicut
1800 790 1900 824 dicit:
1931 791 2092 833 Quorum

1108 833 1312 868 remiseritis
1330 842 1479 878 peccata.

1208 884 1320 919 Addit
1335 883 1497 920 Christus
1519 886 1750 930 miraculum,
1777 896 1816 924 ut
1841 890 1884 925 sit
1906 889 2010 924 huius
2029 891 2092 923 do-

1107 934 1239 968 ctrinae
1257 935 1508 972 testimonium.

1213 984 1313 1019 Iubet
1329 984 1513 1028 Christus,
1540 993 1579 1021 ut
1603 988 1704 1022 tollat
1720 990 1949 1031 grabbatum,
1975 990 2009 1022 id
2029 998 2091 1027 est,

1106 1042 1243 1078 accepta
1267 1036 1472 1070 remissione
1492 1038 1697 1081 mitigantur
1721 1051 1874 1084 poenae,
1906 1052 2091 1086 possumus

1106 1091 1239 1128 gestare
1254 1087 1475 1130 grabbatum.

1286 1170 1353 1204 De
1379 1173 1625 1206 vocatione
1651 1172 1907 1209 Matthaei.

1156 1231 1208 1266 Et
1233 1244 1309 1266 cum
1335 1235 1508 1268 transiret
1536 1233 1619 1269 inde
1642 1235 1765 1277 Iesus,
1793 1237 1881 1272 cidit
1906 1237 2087 1273 hominem

1204 1281 1382 1317 sedenlem
1418 1285 1457 1318 in
1495 1285 1649 1329 telonio,
1699 1287 1939 1323 stlattlzaeum
1972 1292 2089 1324 nomi-

1207 1344 1249 1365 ne
1270 1338 1328 1368 ele.

1178 1382 1219 1417 In
1247 1386 1404 1429 exemplo
1438 1384 1610 1420 Matthaei
1637 1386 1798 1423 Christus
1832 1389 1903 1433 ipse
1934 1392 2088 1424 ostendit

1104 1434 1394 1477 applicationem,
1428 1438 1522 1480 quod
1553 1438 1596 1471 sit
1628 1440 1867 1472 testimonium
1891 1443 2088 1474 communis

1103 1484 1281 1518 doctrinae
1297 1484 1493 1529 Evangelii,
1519 1489 1613 1533 quod
1632 1490 1797 1523 omnibus
1812 1491 1985 1534 praedicat
2004 1504 2088 1535 poe-

1103 1535 1307 1575 niteutiam,
1334 1537 1449 1579 arguit
1471 1546 1606 1581 peccata
1632 1539 1669 1572 in
1687 1541 1870 1581 omnihus,
1899 1549 1930 1575 et
1947 1554 2089 1575 aunun—

1102 1585 1164 1618 tiat
1196 1586 1438 1619 remissionem
1468 1596 1689 1632 peccatorum
1717 1592 1882 1624 omnibus
1904 1593 2087 1633 agentibus

1104 1635 1375 1678 poeniteutiam,
1403 1644 1436 1670 et
1460 1639 1685 1672 credentibus
1709 1641 1854 1674 remittit
1879 1643 1983 1684 gratis
2003 1654 2086 1686 pro-

1102 1692 1179 1728 pter
1206 1683 1408 1727 Christum,
1451 1687 1544 1722 iuxta
1575 1689 1725 1722 dictum:
1765 1690 1855 1723 Vivo
1887 1703 1966 1735 ego,
2001 1693 2086 1725 dicit

1102 1734 1294 1775 Dominus,
1330 1738 1412 1770 nolo
1435 1746 1582 1772 mortem
1609 1741 1816 1783 peccatoris,
1853 1743 1912 1775 sed
1938 1749 1977 1776 ut
2001 1755 2086 1775 con-

1102 1792 1259 1819 vertatur
1276 1793 1309 1820 et
1327 1787 1431 1822 vivat.

1204 1835 1257 1870 Sit
1280 1837 1387 1880 igitur
1406 1835 1605 1872 Matthaeus
1629 1841 1845 1884 exemplum,
1873 1843 1966 1887 quod
1993 1843 2085 1876 filius

1100 1885 1164 1920 Dei
1189 1898 1268 1919 vere
1292 1888 1437 1931 recipiat
1461 1900 1582 1921 omnes
1600 1898 1738 1932 agentes
1756 1892 2026 1935 poenitentiam,
2051 1901 2085 1928 et

1099 1937 1206 1979 gratis
1222 1937 1376 1982 recipIat.

1409 1986 1456 2022 Et
1473 1989 1590 2032 regula
1610 1991 1655 2024 sit
1672 1997 1770 2025 nota:

1200 2037 1280 2070 Non
1310 2038 1390 2070 veui
1416 2051 1542 2072 vocare
1574 2040 1700 2082 iustos,
1734 2043 1793 2075 sed
1819 2051 2014 2087 peccatores
2038 2047 2082 2078 ad

1099 2087 1363 2131 poenitentiam.
1411 2087 1458 2123 Et
1473 2090 1601 2124 diserte
1615 2091 1715 2126 dicit:
1745 2091 1800 2126 Ad
1818 2095 2082 2138 poenitentiam,

1100 2138 1172 2171 vult
1197 2150 1260 2170 nos
1282 2137 1375 2172 Deus
1396 2141 1438 2172 ad
1462 2152 1498 2174 se
1522 2142 1699 2183 converti,
1726 2154 1800 2175 non
1826 2146 1899 2178 vult
1921 2156 1984 2178 nos
2007 2158 2080 2179 ma-

1098 2200 1179 2221 nere
1198 2189 1234 2220 iu
1250 2189 1385 2223 delictis
1403 2198 1523 2224 contra
1541 2193 1803 2228 conscientiam.

1199 2237 1293 2273 Haec
1318 2248 1367 2274 est
1392 2252 1527 2276 summa
1552 2243 1715 2287 exempli.
1770 2242 1872 2277 Nunc
1901 2245 2079 2280 videamus

1097 2295 1222 2331 partes.

1466 2372 1585 2398 Prima
1609 2375 1709 2402 Pars.

1197 2422 1224 2458 I.
1278 2423 1396 2458 Status
1425 2425 1546 2469 populi
1575 2424 1785 2461 ludaeorum
1809 2429 1873 2462 suit
1896 2430 2079 2465 miserabi-

1095 2474 1156 2514 lis,
1190 2475 1291 2507 multi
1320 2474 1464 2509 Levitae
1494 2475 1573 2509 sacti
1601 2486 1681 2512 sunt
1708 2479 1841 2512 scribac
1868 2487 1899 2513 et
1927 2481 2078 2515 ministri

1095 2525 1385 2568 publicanorum,
1436 2532 1468 2559 et
1514 2527 1694 2570 publicani
1739 2529 1896 2574 plerique
1936 2531 2079 2566 fuerunt

1094 2572 1261 2616 Ethnici,
1294 2583 1327 2609 et
1352 2576 1452 2609 valde
1477 2585 1670 2612 onerarunt
1698 2576 1857 2613 homines
1884 2582 2018 2621 usuris,
2047 2591 2080 2617 et

1095 2637 1215 2659 eorum
1246 2626 1378 2659 scribae
1410 2626 1571 2660 vixerunt
1597 2625 1751 2662 Ethnico
1783 2643 1880 2664 more
1903 2634 1997 2675 apud
2022 2646 2079 2668 eos

1094 2682 1158 2711 etc.
1212 2675 1288 2710 Hoc
1308 2688 1472 2721 magnum
1488 2677 1645 2712 dolorem
1663 2680 1781 2715 attulit
1797 2682 1942 2718 sanctis.
