2409 2915
276 103 348 143 895

280 250 389 275 novas
405 238 508 280 leges,

383 287 517 322 Contra
557 280 643 316 baec
677 276 861 325 tyrannica
900 276 1064 320 figmenta
1094 280 1274 306 teneamus

282 352 401 376 veram
433 334 714 371 distinctionem,
753 328 840 373 quid
871 327 915 361 sit
945 332 1095 370 potestas
1120 322 1275 368 politica,
1326 336 1441 371 cunda
1458 348 1538 382 pars
1556 337 1599 369 de
1615 348 1731 370 cruce·

285 401 317 428 et
336 391 422 437 quid
442 389 486 422 sit
515 391 634 431 pastor
657 379 850 421 Ecclesiae,
885 389 946 411 seu
968 376 1131 410 minister
1156 371 1277 407 Evan-

309 444 379 478 elii.

286 457 307 488 g
391 490 547 524 Potestas
573 485 716 531 politica
743 489 794 517 est
816 485 967 525 potestas
989 490 1008 511 a
1024 477 1099 512 Deo
1116 474 1281 530 ordinata

290 546 334 579 ad
355 540 596 575 defensionem
632 534 842 579 disciplinae
864 537 898 565 et
920 530 1036 575 pacis,
1069 526 1221 572 puniens
1245 535 1281 556 w

289 591 476 639 corporali.

395 647 560 692 {Betttitbc
577 647 696 693 gemuit
716 643 753 687 ist
766 643 815 678 ein
834 639 1013 685 &fitttidyet
1030 636 1144 681 befebI,
1171 633 1283 691 entier:

293 705 367 749 Urbe
388 700 621 749 getedfiigfeit,
656 696 744 743 guebt
770 696 834 730 tmb
862 693 942 737 ftieb
966 701 1002 736 31¹
1026 689 1186 733 erbalten,
1223 685 1284 742 [cib

294 759 358 793 »nb
373 758 432 801 gut
450 763 488 798 51¹
507 751 656 796 Ῐάῃῑξεη,
683 749 747 783 υηῠ
773 755 869 791 gegen
893 746 950 779 ben
975 738 1186 786 »amberiam
1210 737 1286 771 leth:

295 808 369 853 tid>e
387 803 479 850 βταῆ
492 813 528 849 gu
544 804 635 838 oben.

399 863 445 899 Et
463 861 580 909 qualia
596 857 722 893 habeat
736 855 871 897 officia,
897 859 929 886 et
949 862 1035 896 quas
1060 855 1186 889 metas,
1220 843 1288 879 hoc

297 923 410 964 potest
433 927 473 948 ex
499 911 565 946 hoc
590 911 682 944 dicto
715 905 884 948 intelligi:
921 902 1076 935 Potestas
1099 905 1150 932 est
1174 904 1289 932 custos

297 969 402 1013 legis,
427 964 559 998 scilicet
583 961 715 1005 primae
743 963 774 989 et
802 954 975 989 secundae
995 951 1135 986 tabulae
1165 950 1202 982 in
1230 961 1289 981 ex-

299 1029 397 1055 terna
420 1014 619 1058 disciplina.
671 1007 804 1043 Contra
831 1004 922 1039 hanc
943 1003 1119 1047 regulam,
1160 1000 1292 1033 scilicet

301 1076 421 1105 contra
446 1064 686 1105 Decalogum,
728 1070 801 1091 non
826 1056 957 1090 debent
986 1052 1119 1098 aliquid
1154 1051 1292 1096 praeci-

302 1132 384 1167 pere
400 1117 456 1151 vel
475 1122 624 1150 statuere
642 1111 697 1144 vel
714 1120 828 1153 agere.
870 1106 952 1140 Non
970 1104 1162 1138 defendant
1186 1100 1293 1141 idola,

303 1183 376 1206 non
406 1167 561 1203 condant
587 1162 755 1202 Interim,
789 1171 863 1192 non
891 1155 1107 1191 interficiant
1131 1150 1293 1186 homines

303 1223 450 1258 iniuste,
483 1229 556 1250 non
587 1213 726 1258 rapiant
750 1223 790 1244 ex
812 1207 1038 1242 facultatibus
1060 1204 1295 1242 subditorum,

304 1280 477 1320 qnantum
497 1267 564 1315 ipsi
581 1265 717 1299 volunt.
769 1260 851 1295 Non
867 1264 1031 1292 moveant
1055 1256 1184 1289 iniusta
1202 1253 1292 1287 bella

305 1333 368 1360 etc.
421 1321 489 1355 Sed
507 1317 624 1361 regula
641 1311 908 1359 gubernationis
925 1310 970 1343 sit
986 1307 1194 1349 Decalogus.

409 1380 478 1415 Sed
502 1383 621 1420 pastor
644 1372 820 1407 Ecclesiae
850 1369 905 1402 vel
929 1367 1090 1401 minister
1111 1361 1296 1406 Evangelii

308 1441 359 1468 est
381 1431 542 1465 minister
564 1425 748 1459 ordinatus
766 1435 783 1455 a
801 1421 875 1455 Deo
899 1419 942 1452 ad
960 1417 1158 1450 docendum
1178 1412 1298 1447 Evan-

310 1485 461 1530 gelium,
489 1480 530 1512 ad
554 1473 894 1510 administrationem
919 1473 1234 1521 sacramentorum,
1255 1463 1299 1495 ad

311 1531 591 1571 annuntiandam
619 1525 861 1559 remissionem
882 1525 1122 1565 peccatorum,
1150 1524 1300 1560 puniens

311 1598 385 1621 non
417 1583 450 1615 vi
484 1577 676 1623 corporali,
712 1575 768 1608 sed
804 1573 929 1611 verbo,
962 1581 1025 1602 nec
1050 1578 1160 1600 novos
1187 1566 1300 1599 cultus

312 1635 519 1672 instituens,
545 1640 609 1662 nec
633 1637 742 1660 novas
760 1626 850 1668 leges
875 1621 1047 1658 condens,
1074 1630 1136 1651 nec
1162 1626 1302 1650 sumens
1327 1645 1328 1652 ,

313 1688 379 1722 sibi
398 1689 602 1729 potestatem
618 1677 727 1711 dandi
749 1683 808 1710 ant
833 1671 1013 1707 adimendi
1037 1681 1142 1712 regna
1166 1665 1301 1721 mundi:

314 1738 359 1774 Et
390 1735 572 1770 sciendum
605 1736 674 1767 est,
711 1729 805 1773 quod
825 1725 918 1759 Dens
944 1721 1032 1755 adsit
1051 1719 1303 1764 praedicationi

314 1786 520 1831 Evangelii,
547 1789 579 1816 et
604 1792 664 1826 per
687 1791 761 1813 eam
779 1777 822 1811 sit
846 1775 978 1809 eslicax.
1033 1771 1115 1804 ldeo
1142 1767 1304 1802 (Itu-istus
1330 1788 1331 1793 =
2014 1811 2022 1817 ²

1330 1828 1332 1836 ¹
1361 1817 1474 1849 titiam
1493 1820 1591 1859 putat
1607 1825 1678 1846 esse
1694 1823 1856 1854 magnam
1874 1811 2092 1856 sapientiam.
2128 1809 2251 1844 Monet
2269 1810 2348 1844 Do-

319 1839 453 1885 iuqnss,
488 1835 603 1869 Lucae
624 1831 699 1866 22:
731 1828 846 1872 Reges
869 1824 1026 1869 gentium
1060 1821 1304 1862 dominantur,

315 1903 379 1925 vos
396 1895 512 1923 antem
529 1896 601 1918 non
619 1883 678 1917 sic.

423 1939 508 1972 ltem
521 1933 669 1969 lohann.
688 1930 764 1965 18.:
792 1926 956 1969 Regnum
975 1936 1089 1957 meum
1108 1935 1178 1955 non
1197 1928 1246 1954 est
1264 1922 1306 1953 de
1332 1939 1333 1943 =

615 1985 721 2022 Item,
757 1977 830 2012 loli.
857 1978 933 2012 20.;
963 1976 1062 2009 Sicut
1088 1974 1190 2007 Pater
1215 1972 1306 2004 misit

817 2027 922 2068 ltem,
952 2026 1066 2059 Lucae
1083 2025 1222 2057 ultimo:
1259 2023 1307 2056 lte

321 1993 388 2027 linc
414 1987 560 2022 mundo.

320 2057 394 2081 ine,
422 2041 469 2073 sic
491 2049 554 2080 ego
570 2035 670 2068 mitto
688 2043 761 2066 vos.

322 2092 520 2139 praedicate
546 2083 797 2131 poenitentiam
821 2087 852 2113 et
883 2077 1123 2112 remissionem
1152 2081 1308 2119 peccato·
1333 2078 1335 2088 ¹

323 2157 401 2179 rum
420 2143 456 2175 111
476 2140 620 2173 nomine
639 2147 726 2168 meo.

428 2201 522 2235 llaec
539 2194 743 2231 discrimina
762 2197 851 2224 recte
870 2188 1002 2227 discite,
1027 2193 1056 2219 et
1071 2185 1191 2218 discite
1209 2195 1310 2217 sunm

328 2256 498 2289 lionorem
523 2248 664 2292 utrique
681 2244 796 2277 officio
814 2241 968 2274 tribus-r·-
982 2265 990 2278 ,
1020 2237 1136 2278 gladio
1155 2235 1312 2269 010111γί-

326 2309 403 2340 hus.
432 2302 475 2336 Et
497 2302 531 2333 111
549 2297 670 2344 primis
687 2294 751 2328 lioc
770 2297 993 2327 mementote,
1011 2289 1103 2332 quod
1123 2299 1182 2329 per
1195 2285 1312 2319 Evan-

326 2357 456 2401 gelium
471 2354 565 2386 Deus
585 2356 678 2382 certo
696 2347 739 2380 sit
756 2345 873 2378 eslicax
902 2342 937 2373 in
957 2338 1180 2372 credentibus
1203 2345 1235 2371 et
1258 2338 1313 2369 in—

328 2405 535 2441 vocantibus
552 2402 677 2445 ipsum.

382 2471 487 2507 Tunc
508 2465 686 2517 praecepi!
705 2462 837 2501 ea‘s‚·ut
863 2457 1002 2491 nemini
1023 2453 1197 2492 ditm-m,
1220 2450 1319 2500 qnod

435 2524 508 2570 ipsc
541 2522 626 2553 essct
654 2515 754 2549 Iesus
781 2508 965 2547 Christus.
1022 2505 1072 2539 E!
1094 2517 1139 2538 es
1164 2509 1317 2550 [cuipare

434 2570 543 2619 turpi!
565 2568 665 2603 Iesus
695 2563 858 2599 indicare
888 2556 1192 2605 discipulissm's.
1221 2551 1322 2602 11111111

435 2625 606 2669 oporlrrc!
631 2631 708 2651 cum
741 2617 790 2648 irc
824 2609 1108 2656 lerosolymam.
1142 2612 1171 2640 el
1200 2605 1318 2638 'trulla

438 2679 513 2716 (mh
542 2686 564 2705 11
590 2667 791 2704 senioribus
815 2670 844 2698 el
876 2659 1118 2710 principibus.
1181 2656 1232 2691 Et
1259 2670 1319 2689 as-

870 87 997 124 PIllL.
1024 84 1140 122 MEL.
1167 79 1376 121 SCRIPTA
1402 76 1702 118 EXEGETICA.

380 187 467 221 item
491 182 596 223 dicit,
632 178 745 214 claves
768 186 841 211 esse
863 180 1068 220 potestatem
1092 169 1270 206 condendi
1293 170 1302 201 l

1342 2686 1346 2696 ,
1371 2657 1493 2693 deant,
1522 2661 1551 2686 et
1572 2653 1714 2684 dorsum
1732 2661 1853 2683 eorum
1872 2659 2009 2692 semper
2026 2648 2182 2683 incurva.
2233 2648 2357 2683 Petrus

2231 75 2312 112 896
2347 42 2355 45 -

1424 177 1570 203 sumens
1608 177 1687 200 eum
1730 159 1861 198 Petrus
1903 160 2016 211 coepit
2053 161 2239 208 increpare
2269 160 2318 196 il-

1425 217 1522 259 lum,
1546 221 1606 253 etc.

1426 285 1532 320 Prior
1560 296 1640 330 pars
1663 291 1713 319 est
1736 285 1780 318 de
1800 282 2004 317 infirmitate
2026 280 2220 324 Ecclesiae3
2263 293 2319 316 se-

1428 395 1483 429 De
1508 395 1632 440 prima.
1684 393 1804 438 Quare
1828 391 1992 428 Christus
2016 389 2182 437 prohibet
2204 392 2320 437 spargi

1327 447 1475 488 famam,
1508 446 1603 491 quod
1627 444 1672 478 sit
1696 444 1868 478 Messias?
1902 442 2127 488 Respondeo.
2189 442 2322 477 Textus

1330 496 1538 542 simpliciter
1565 493 1633 529 hoc
1663 495 1759 536 vult,
1798 495 1894 540 quod
1920 491 2146 540 prohibuerit
2169 493 2322 528 iudicari

1331 559 1431 582 suam
1455 558 1661 592 personam,
1697 545 1863 579 videlicet
1881 557 1926 579 ne
1953 551 2147 590 caperetur.
2200 543 2270 579 Sed
2293 544 2324 578 si

1332 598 1445 633 voluit
1463 595 1530 632 hoc
1548 608 1689 643 quoque
1701 623 1710 637 ,
1736 608 1782 630 ne
1806 603 2027 640 spargeretur
2045 595 2136 629 fama
2155 596 2251 641 quod
2268 607 2323 630 es-

1333 655 1385 683 set
1401 648 1566 689 Messias,
1593 648 1676 682 fecit
1693 644 1761 681 hoc
1777 647 1876 688 ideo,
1902 646 1984 691 quia
2001 646 2129 681 tolerat
2145 647 2183 680 in
2200 645 2324 681 Eccle-

1334 700 1384 734 sia
1411 700 1455 733 ad
1479 707 1615 744 tempus
1636 698 1765 732 multas
1786 697 2017 741 ignorantias.
2076 696 2155 731 Hoc
2186 708 2325 731 necesse

1336 751 1403 785 suit
1423 750 1525 791 sciri,
1551 750 1647 795 quod
1675 755 1820 793 propter
1837 747 2005 782 Messiam
2032 745 2188 782 habeant
2209 745 2327 781 borni-

1337 813 1398 834 nes
1415 801 1751 835 reconciliationem.
1803 798 1873 833 Sed
1901 800 1944 832 de
1970 810 2031 832 sua
2049 809 2197 842 persona
2213 795 2330 832 adhuc

1338 852 1462 886 tolerat
1482 851 1716 895 ignorantiam
1733 851 1771 882 in
1789 849 1926 889 multis,
1953 849 2015 894 qni
2032 849 2164 894 alioqui
2182 849 2331 883 fuissent

1339 903 1463 937 offensi
1491 901 1554 935 hac
1577 901 1690 946 specie
1712 898 1852 935 humili.
1905 899 1975 934 Sed
2001 906 2078 944 post
2102 899 2331 934 resurrectio-

1341 966 1420 986 nem
1440 953 1552 987 voluit
1575 963 1732 996 expresse
1756 951 1922 984 omnibus
1944 950 2140 995 praedicari
2166 950 2271 985 etiam
2287 950 2332 984 de

1343 1017 1403 1038 sua
1423 1016 1592 1048 persona,
1620 1015 1656 1037 se
1674 1001 1840 1036 Messiam
1866 1013 1958 1040 esse,
1986 1009 2048 1035 etc.

1648 1111 1672 1135 D
1687 1117 1701 1134 e
1726 1110 1886 1134 secunda
1911 1112 2028 1141 parte.

1725 1161 1786 1196 De
1813 1174 1952 1196 cruce.

1447 1228 1623 1264 Dominus
1658 1228 1730 1272 ipse
1763 1228 1936 1274 praedicit
1967 1228 2163 1273 passionem
2193 1233 2337 1273 propter

1346 1280 1409 1316 has
1424 1288 1493 1315 tres
1513 1292 1641 1314 causas.
2178 1281 2181 1284 '

1449 1339 1476 1373 l.
1506 1338 1551 1374 L‘t
1568 1338 1732 1382 discipuli
1750 1337 1962 1382 praemoniti
1980 1349 2051 1371 non
2070 1337 2244 1379 deficiant,
2259 1349 2339 1371 cum

1348 1391 1521 1425 videbunt
1545 1402 1624 1422 euin
1646 1389 1730 1433 pati.

1452 1449 1502 1484 ll.

1350 1511 1419 1538 tem
1443 1501 1526 1546 pati.

1457 1559 1520 1595 lll.
1558 1557 1604 1593 Ut
1623 1558 1733 1592 sciant
1751 1569 1897 1600 regnum
1908 1554 2042 1591 Christi
2057 1568 2129 1589 non
2145 1557 2221 1590 sore
2237 1567 2343 1589 mun-

1354 1613 1486 1646 danum
1509 1609 1708 1653 imperium.
1761 1607 1838 1641 lmo
1862 1608 2018 1649 discant,
2053 1614 2215 1652 oportere
2239 1606 2343 1641 etiam

1355 1663 1512 1697 membra
1533 1660 1613 1705 pati.
2103 1652 2110 1654 “

1459 1711 1527 1746 llic
1560 1711 1802 1744 consideretur
1834 1709 2021 1743 infirmitas
2052 1706 2241 1744 Ecclesiae.
2302 1706 2344 1741 111

1358 1765 1461 1798 Petro
1480 1770 1528 1796 est
1551 1761 1770 1805 ignorantia,
1797 1767 1830 1794 et
1853 1758 1942 1793 hanc
1966 1772 2062 1794 suam
2078 1771 2241 1803 magnam
2258 1759 2345 1793 stul-

1554 1449 1602 1483 Ut
1631 1448 1742 1482 sciant
1766 1459 1846 1482 eum
1879 1446 2130 1492 praescientem
2160 1453 2194 1481 et
2217 1446 2341 1480 volen-

1360 1867 1515 1906 minum,
1543 1876 1586 1896 ne
1611 1863 1774 1907 patiatur.

1465 1916 1504 1948 111
1523 1913 1587 1947 linc
1605 1914 1763 1957 exemplo
1783 1913 1898 1953 vides,
1924 1923 1997 1945 esse
2017 1912 2052 1944 in
2070 1909 2226 1945 Ecclesia
2242 1911 2347 1945 etiam

1362 1969 1397 2001 in
1412 1967 1539 2001 sanctis
1556 1977 1690 1998 errores
1708 1972 1739 1997 et
1757 1963 2005 2006 ignorantiam,
2033 1963 2090 1995 sed
2111 1969 2246 2006 peccata
2263 1975 2350 1996 con-

1361 2022 1541 2053 donantur
1560 2015 1802 2055 credentibus,
1828 2014 1887 2059 qui
1907 2021 1987 2047 sunt
2009 2013 2152 2048 dociles.

1463 2077 1553 2111 Sunt
1573 2082 1687 2108 antem
1707 2074 1908 2117 ignorantes
1925 2072 2094 2116 duplices-

1465 2135 1536 2168 Atii
1555 2135 1703 2171 dociles,
1732 2131 1768 2165 111
1786 2139 1958 2166 vocantur
1980 2131 2129 2171 infirmi,
2155 2139 2282 2165 etcum
2304 2132 2352 2166 si-

1364 2194 1453 2221 nunt
1473 2199 1507 2220 se
1525 2186 1642 2218 doceri
1660 2192 1693 2217 et
1710 2184 1897 2228 proliciunt
1910 2211 1918 2222 ,
1943 2190 2026 2216 tunc
2044 2182 2180 2227 placent
2198 2181 2272 2217 Deo
2284 2210 2292 2223 ,
2319 2191 2366 2218 et-

1364 2239 1493 2281 tegitur
1511 2249 1631 2269 eorum
1651 2235 1838 2269 infirmitas
1857 2247 1874 2267 a
1894 2232 2049 2277 Clu-isto,
2077 2236 2220 2277 proptor
2238 2235 2353 2271 tidem.

1365 2292 1449 2323 sirnt
1473 2288 1566 2321 l‘etri
1593 2295 1624 2321 et
1647 2287 1797 2321 alioruin
1816 2285 2068 2333 Apostolorum
2095 2284 2280 2318 infirmitas
2303 2292 2353 2318 tc—

1366 2342 1522 2384 gebatur.

1469 2398 1541 2433 Alii
1560 2404 1638 2431 sunt
1658 2394 1908 2440 pertinaciores
1926 2400 1956 2426 et
1978 2392 2162 2433 indociles,
2185 2394 2244 2440 qui
2267 2395 2355 2429 fiunt

1368 2451 1559 2485 deteriores
1579 2446 1763 2480 admoniti.
1807 2444 1853 2478 lli
1871 2456 1941 2477 non
1959 2451 2038 2477 sunt
2059 2444 2189 2478 infirmi
2205 2452 2355 2483 tantum.

1368 2504 1427 2537 sed
1454 2509 1534 2534 sunt
1559 2499 1633 2532 sine
1659 2498 1742 2537 fide,
1778 2503 1811 2529 et
1837 2496 1924 2529 finnt
1952 2492 2066 2528 liostes
2082 2493 2285 2539 Evangelii,
2321 2503 2356 2530 et

1369 2566 1447 2587 cum
1465 2552 1513 2584 eis
1534 2552 1768 2588 damnantur,
1795 2554 1832 2581 nt
1859 2545 1989 2579 Paulus
2009 2544 2111 2580 Rom.
2132 2547 2189 2581 tt.
2212 2547 2256 2579 de
2275 2558 2356 2592 per·

1370 2604 1544 2637 tinacilins
1563 2600 1663 2634 dicit:
1692 2597 1942 2633 Obscurentnr
1957 2597 2049 2629 oculi
2073 2608 2213 2639 eorum,
2242 2610 2285 2631 ne
2302 2598 2355 2631 γί-
