2409 2915
84 128 161 164 75⁷
339 127 421 164 ΧΠ.

477 125 871 163 ANNOTATIONES
898 126 964 161 ET
992 125 1272 164 CONCIONES
1301 128 1352 164 lN
1379 129 1562 167 EVANG.
1590 131 1870 175 MATTHAEI.

2043 141 2115 175 738

79 215 146 253 sti,
173 226 241 260 qua
266 221 440 249 asseverat
458 221 493 249 et
508 213 701 259 promittit,
735 212 874 247 Patrem
891 220 1071 247 aeternum
1124 221 1318 257 mergatur:
1346 217 1403 249 sed
1421 223 1513 251 certa
1532 219 1658 253 fiducia
1677 223 1817 257 statuite
1839 236 1900 257 vos
1917 225 1995 259 Deo
2010 238 2112 260 curae

80 266 206 300 eodem
226 277 346 300 amore
367 277 432 300 nos
455 264 718 309 complexurum
745 275 837 305 esse,
865 276 934 310 qno
958 265 1070 298 filium

81 323 307 351 coaeternum
338 316 593 360 complectitur.
658 313 748 349 Cum
784 315 902 360 itaque
933 322 1070 349 tantum

81 367 287 402 incendium
309 368 354 401 sit
376 367 505 401 amoris
529 366 567 399 in
582 365 677 404 Deo,
705 378 855 411 cumque
879 366 1072 410 praeceptis

80 425 114 453 et
138 418 433 463 promissionibus
455 417 605 458 divinis,
632 417 730 451 velut
753 417 1019 451 exstimulemur
1037 423 1071 450 et

81 469 263 514 adigamur
278 469 320 502 ad
337 469 571 513 precandum:
598 474 690 501 certe
712 469 925 502 debebamus
942 469 1071 501 arden-

81 528 134 553 ter
163 527 197 554 et
216 519 313 553 *serio
337 520 375 552 in
399 519 566 553 omnibus
596 519 782 563 periculis,
813 519 1014 553 animorum
1038 525 1071 552 et

82 581 288 615 corporum,
321 581 382 603 seu
405 570 444 603 in
477 570 644 603 omnibus
670 570 956 611 necessitatibus,
991 582 1069 603 cum

81 620 324 666 spiritualibus
339 628 414 656 tum
432 621 695 665 corporalibus,
723 621 889 665 gratiam,
916 632 975 654 sen
991 632 1069 663 gra-

79 671 204 706 tuitam
221 672 466 706 remissionem
494 679 735 717 peccatorum,
765 672 1069 705 confirmationem

77 721 178 763 fidei,
222 723 523 765 consolationem,
572 723 765 761 auxilium,
814 723 1070 766 mitigationem

78 784 293 817 poenarum,
320 781 354 808 et
376 775 626 818 sempiternam
652 774 818 812 salutem,
846 786 928 807 vero
957 773 1070 807 cordis

78 823 229 867 gemitu,
255 825 419 869 precibus
440 838 479 859 ac
495 825 652 859 lacrimis
668 825 875 869 suppliciter
893 826 936 858 ad
954 824 1069 857 Deum

78 875 341 919 confugienteS‚
369 889 556 922 quaerere,
584 883 702 920 petere
728 887 767 909 ac
792 882 1009 920 exspectare,
1038 881 1072 908 et

77 925 294 971 quotidianis
311 927 530 973 assiduisque
549 927 762 961 clamoribus
781 927 980 971 impetrare.

169 991 274 1027 ‘Haec
291 994 440 1038 paucula
456 994 632 1028 sufficiant
648 995 690 1027 ad
706 994 974 1037 explicationem
991 992 1073 1026 dul-

77 1043 236 1077 cissimae
251 1045 439 1089 parabolae
457 1057 517 1078 seu
533 1045 790 1078 similitudinis.
830 1043 1071 1078 Veruntamen
1098 1053 1100 1082 ζ
1128 1047 1337 1080 monefaciat
1365 1054 1397 1080 te
1431 1047 1467 1080 in
1498 1049 1596 1081 omni
1626 1050 1852 1086 invocatione
1883 1057 2115 1091 necessariam

77 1094 160 1128 volo
185 1095 329 1129 brevem
355 1096 728 1129 commonefactionem
753 1096 883 1128 addere
907 1096 950 1128 de
977 1095 1072 1127 clau-
1098 1120 1100 1125 ,

78 1145 155 1180 sula
171 1156 231 1180 seu
248 1147 442 1191 appendice
459 1147 689 1191 precationis,
717 1147 900 1186 videlicet,
929 1147 972 1179 de
994 1157 1073 1189 par-

78 1196 186 1230 ticula
207 1197 334 1231 Amen.

483 1286 668 1317 Quaestio.

183 1340 299 1384 Quam
329 1341 375 1374 ob
399 1352 537 1374 causam
560 1341 768 1384 plerumque
795 1340 834 1372 in
857 1339 925 1371 fine
952 1350 1073 1383 preca-

79 1392 187 1425 tionis
209 1391 381 1435 particula
408 1389 543 1432 Amen,
579 1390 757 1424 clausulae
780 1401 841 1422 seu
868 1389 1073 1433 appendicis

79 1442 157 1476 loco
174 1442 262 1476 solet
279 1441 452 1485 adiungi?

463 1531 683 1561 Respondeo.

180 1585 358 1620 Particula
377 1584 493 1618 Amen
518 1584 788 1618 commonefacit
810 1591 1012 1628 precantem
1032 1584 1075 1617 de

79 1637 311 1677 certitudine,
338 1647 399 1669 seu
417 1633 645 1680 plerophoria
666 1635 763 1676 fidei,
791 1643 824 1669 et
840 1635 1005 1669 firmitate
1021 1647 1076 1668 as-

81 1688 268 1723 sensionis.
327 1685 391 1720 Est
411 1686 506 1719 enim
531 1686 756 1719 asseveratio:
793 1686 940 1729 perinde
973 1698 1012 1718 ac
1045 1685 1074 1718 si

82 1741 196 1774 dicas:
231 1737 326 1772 Haec
356 1738 429 1782 ipsa
463 1737 592 1769 veritas
618 1737 843 1781 comprobet,
872 1737 963 1776 sive,
991 1734 1075 1769 haec

82 1790 264 1825 verissime
284 1801 324 1822 ac
348 1795 443 1822 certo
468 1788 562 1822 fient.
616 1788 669 1821 Ac
693 1788 830 1833 quoties
856 1787 973 1820 dixisti
996 1799 1075 1831 pre-

84 1842 258 1876 cationem
269 1867 278 1881 ,
305 1840 406 1873 toties
421 1839 568 1882 cogitata
585 1838 774 1882 diligenter
790 1850 828 1871 ac
843 1846 973 1872 attente
989 1850 1075 1870 con—

82 1893 231 1926 siderata
257 1891 427 1936 particula
446 1891 580 1930 Amen,
607 1896 639 1922 te
662 1891 776 1934 ipsum
795 1889 894 1934 quasi
911 1889 1076 1923 scruteris
1099 1890 1102 1914 ἶ

83 1951 116 1977 et
133 1944 344 1986 interroges,
371 1948 490 1975 utrum
511 1948 548 1975 tu
566 1941 638 1984 ipse
654 1942 773 1974 credas
791 1947 823 1974 et
841 1940 988 1974 firmiter
1004 1947 1074 1973 sta-

84 2003 161 2029 tuas
182 1992 298 2028 Deum
324 1992 480 2037 recipere
504 1999 538 2026 et
562 1992 726 2025 exaudire
749 1999 825 2025 tuas
850 2003 987 2035 preces,
1014 2003 1077 2023 nec

85 2058 142 2079 eas
159 2046 265 2078 inane
282 2056 443 2078 murmur
457 2050 541 2078 esse.
596 2042 686 2077 Nam
712 2043 933 2076 invocantem
960 2053 1076 2086 perse-

87 2108 208 2130 verare
226 2096 263 2128 in
279 2093 344 2128 hac
361 2095 603 2134 dubitatione,
628 2106 691 2127 nec
709 2105 884 2136 emergere
901 2105 961 2127 seu
988 2093 1075 2135 erigi

87 2149 154 2181 fide
178 2159 218 2180 ex
242 2143 298 2179 his
319 2146 485 2179 fluctibns
508 2145 618 2178 animi
646 2145 874 2189 trepidantis,
903 2152 1006 2189 atque
1029 2144 1077 2176 sic

86 2197 348 2233 ratiocinantis:
379 2195 504 2229 lrritus
522 2197 624 2229 labor
641 2203 690 2230 est
717 2196 833 2229 dicere
857 2195 1077 2239 precationes

88 2251 188 2290 Deo,
214 2247 309 2282 Deus
333 2259 407 2280 non
433 2254 530 2281 curat
557 2259 620 2280 nec
643 2247 784 2291 respicit
805 2253 849 2279 te.
904 2245 999 2279 Haec
1024 2246 1079 2278 in-

89 2300 296 2340 credulitas,
322 2299 480 2344 inquam,
500 2310 561 2331 seu
577 2297 771 2330 diffidentia
792 2297 914 2340 ingens
931 2304 963 2329 et
980 2297 1079 2329 triste

89 2358 275 2397 peccatum
286 2357 355 2390 est,
383 2350 476 2395 quod
497 2349 690 2392 corrumpit
707 2348 984 2381 invocationem.
1022 2348 1080 2381 Sic

91 2403 184 2437 enim
195 2401 371 2436 Dominus
389 2400 507 2444 inquit
519 2397 732 2434 Matth.21.:
761 2398 895 2432 Omnia
915 2410 1003 2443 quae
1021 2411 1081 2442 pe-

91 2455 164 2489 titis
180 2453 217 2487 in
235 2453 395 2486 oratione
413 2446 607 2485 Credentes
622 2450 807 2495 accipietis,
843 2448 928 2483 Item
951 2450 982 2483 1.
1012 2449 1081 2482 Ti-

91 2502 204 2540 moth.
219 2507 255 2540 2.
282 2501 393 2537 Orate
415 2503 490 2537 sine
520 2503 570 2536 ira
598 2509 631 2536 ct
654 2500 903 2540 haesitatione,
931 2498 998 2533 hoc
1024 2507 1084 2540 est,

94 2557 132 2590 in
154 2555 427 2595 afflictionibus,
460 2566 524 2587 nec
547 2553 766 2598 impatientia
791 2553 919 2585 fractus
945 2551 1084 2584 animus

95 2607 264 2640 irascatur
292 2605 384 2645 Deo,
420 2611 452 2638 et
476 2605 602 2638 fremat
625 2605 790 2637 adversus
817 2603 988 2637 iudicium
1008 2602 1085 2643 Dei,

97 2669 161 2691 nec
175 2657 313 2701 fugiens
333 2655 446 2690 Deum
465 2667 503 2690 ac
520 2656 700 2700 trepidans
717 2654 930 2694 diffidentia,
954 2660 1032 2687 ruat
1049 2654 1085 2687 in

99 2708 396 2752 desperationem,
439 2715 497 2741 aut
538 2707 763 2750 pe'rseverans
797 2707 834 2739 in
866 2705 1088 2740 dubitatione

152 2760 326 2792 Munna.
358 2761 460 2792 Orza.
491 2760 571 2791 Vox..
594 2760 688 2792 XIV.

1125 275 1216 302 esse,
1243 277 1304 298 vos
1322 267 1468 309 respici,
1493 266 1556 302 hac
1581 270 1650 303 fide
1675 275 1875 308 accedentes
1899 283 2004 321 atque
2029 289 2113 310 con-

1123 315 1296 359 fugientes
1322 318 1363 349 ad
1381 316 1494 350 Deum
1519 328 1711 364 exspectate
1734 325 1903 359 auxilinm
1929 334 1960 360 et
1982 328 2112 362 libcra-

1123 366 1255 399 tionem
1281 367 1456 409 divinam,
1482 367 1635 406 Roman.
1654 372 1727 405 10.:
1755 374 1945 417 Quomodo
1967 379 2111 412 invoca-

1123 418 1232 457 bunt,
1259 417 1287 450 si
1312 430 1384 451 non
1411 419 1578 453 credent?
1626 422 1736 464 Quasi
1762 426 1869 460 dicat:
1897 427 1977 461 Non
2001 437 2112 473 potest

1124 468 1270 501 existere
1297 481 1378 502 vera
1403 470 1580 505 invocatio
1609 473 1685 506 sine
1711 474 1797 515 fide,
1843 490 1910 522 qna
1936 492 2014 512 cnm
2041 493 2112 513 non

1124 519 1310 562 eriguntur
1339 527 1372 553 et
1402 528 1643 556 sustentantur
1672 526 1796 566 corda,
1831 528 1970 571 fugiunt
1996 529 2111 565 Deum

1123 567 1364 610 horribiliter,
1393 578 1528 606 tantum
1548 575 1643 608 abest
1661 581 1699 609 ut
1716 576 1893 614 invocent.

1226 637 1341 672 Iacobi
1363 641 1410 673 1.:
1440 640 1477 675 Si
1507 642 1585 686 quis
1609 643 1743 688 indiget
1765 646 1958 690 sapientia,
1986 657 2079 693 petat
2095 663 2113 684 a

1122 688 1219 730 Deo,
1260 689 1321 734 qui
1345 691 1405 724 dat
1434 693 1600 726 omnibus
1630 695 1799 738 benigne,
1841 709 1879 731 ac
1910 698 2115 743 impetrabit

1124 752 1218 781 eam,
1245 747 1339 784 petat
1362 748 1477 775 autem
1506 744 1542 776 in
1569 743 1637 778 fide
1662 744 1752 779 nihil
1778 745 1963 785 haesitans.
2024 751 2113 785 Nam

1124 791 1292 825 dubitans
1326 792 1451 825 similis
1476 801 1525 827 est
1549 795 1714 830 fluctibus
1738 799 1902 841 marinis,
1942 802 2002 846 qni
2028 816 2114 836 ven-

1125 849 1243 876 torum
1274 843 1407 887 impetu
1438 844 1612 879 iactantur
1641 854 1673 880 et
1701 847 2015 893 circumferuntur3
2051 867 2114 887 nec

1097 906 1099 915 ¹
1127 894 1226 926 enim·
1255 893 1442 937 indulgens
1476 896 1695 931 diffidentiae
1727 902 1934 943 persuadeat
1957 904 2045 944 sibi,
2081 917 2116 937 se

1125 944 1314 989 quicquam
1348 953 1573 989 accepturum
1605 961 1622 981 a
1652 947 1818 986 Domino.
1889 951 1967 986 Hoc
1999 956 2114 998 ipsum

1128 994 1245 1028 lacobi
1263 995 1394 1028 dictum
1415 996 1519 1040 infige
1536 1010 1575 1030 ac
1592 999 1778 1033 circumfer
1793 1002 1912 1036 animo
1925 1029 1934 1042 ,
1962 1012 2001 1039 nt
2019 1019 2115 1039 com-

1127 1109 1198 1130 esse
1214 1096 1339 1135 fidem
1367 1110 1434 1142 qua
1450 1111 1509 1132 cor
1526 1106 1625 1133 tuum
1643 1103 1846 1145 confugiens
1861 1106 1903 1138 ad
1914 1103 2028 1140 Deum
2047 1115 2118 1141 sta-

1127 1155 1201 1181 tuat
1226 1148 1339 1191 ipsum
1364 1149 1428 1182 tibi
1453 1150 1627 1193 placatum
1652 1159 1683 1185 et
1705 1154 1898 1197 propitium
1917 1168 2006 1196 esse,
2034 1171 2117 1202 pro—

1127 1207 1203 1242 pter
1220 1199 1331 1232 filium
1351 1211 1452 1232 suum
1472 1201 1560 1234 velle
1579 1204 1747 1237 exaudire
1765 1212 1842 1238 tuos
1859 1208 2025 1250 gemitus,
2053 1221 2117 1242 nec

1128 1250 1263 1283 irritam
1282 1250 1356 1282 fore
1376 1257 1471 1283 tuam
1488 1253 1736 1295 precationem.

1233 1314 1319 1348 Item
1337 1317 1379 1348 ad
1396 1315 1576 1351 Hebraeos
1594 1320 1644 1355 4.:
1675 1319 1853 1357 Habentes
1871 1325 1974 1359 talem
1993 1326 2118 1361 Ponti-

1128 1365 1247 1405 ficem,
1280 1374 1460 1409 expertum
1492 1369 1632 1403 dolores
1658 1379 1690 1405 et
1711 1373 1936 1416 fragilitatem
1961 1385 2118 1411 nostram

1128 1417 1334 1450 accedamus
1365 1430 1444 1451 cum
1473 1419 1601 1453 fiducia
1634 1422 1675 1454 ad
1707 1420 1875 1458 thronum
1899 1428 2046 1469 gratiae,
2080 1436 2119 1463 nt

1126 1467 1404 1501 misericordiam
1423 1476 1455 1503 et
1471 1471 1617 1511 gratiam
1634 1479 1666 1506 et
1683 1474 1855 1508 auxilium
1876 1486 2118 1521 opportunum

1128 1518 1362 1552 inveniamus.
1414 1517 1546 1565 EpheS.
1564 1522 1615 1557 3.:
1645 1522 1686 1556 In
1705 1522 1849 1560 Christo
1867 1526 1946 1561 Iesu
1963 1529 2118 1564 Domino

1128 1576 1249 1602 nostro
1273 1566 1444 1603 habemus
1465 1573 1763 1616 consolationem,
1790 1589 1857 1621 qua
1875 1581 2046 1613 audemus
2063 1594 2120 1615 ac-

1128 1621 1250 1653 cedere
1280 1621 1512 1663 confidentes,
1546 1635 1605 1657 seu
1633 1625 1670 1658 in
1692 1626 1838 1668 fiducia,
1865 1641 1926 1673 per
1951 1630 2055 1664 fidem
2081 1632 2119 1665 in

1129 1683 1254 1714 lPSUYl'l·

1231 1737 1304 1771 Has
1328 1745 1360 1772 et
1385 1740 1516 1774 similes
1541 1745 1729 1778 sententias
1747 1755 1978 1790 mementote,
2006 1757 2042 1783 ut
2062 1752 2120 1784 di·

1129 1789 1232 1823 scatis
1262 1790 1299 1822 in
1334 1791 1535 1834 precatione
1562 1795 1712 1828 excitare
1735 1805 1767 1830 et
1791 1800 1979 1833 accendere
2006 1802 2120 1838 fldem.

1130 1839 1239 1874 Multi
1269 1843 1527 1876 consuetudine
1553 1846 1704 1889 quadam
1730 1859 1848 1891 preces
1873 1852 2039 1893 recitant,
2075 1865 2120 1886 ne

1129 1891 1271 1936 quidem
1290 1892 1482 1935 cogitantes
1502 1895 1586 1939 quid
1606 1897 1772 1939 recitent,
1799 1901 1910 1934 multo
1929 1903 2046 1936 minus
2065 1916 2121 1937 so—

1130 1942 1217 1975 liciti
1243 1943 1286 1993 de
1309 1944 1551 1985 exauditione,
1577 1948 1634 1979 sed
1656 1948 1692 1981 in
1711 1961 1818 1992 parvo
1837 1952 2042 1987 discrimine
2058 1968 2120 1998 po—

1129 1999 1238 2033 nunt,
1270 1999 1452 2038 utcunque
1483 2007 1537 2028 res
1567 1999 1686 2037 cadat,
1723 1999 1796 2033 sive
1826 2003 2026 2046 recipiatnr'
2048 2007 2121 2039 sive

1128 2044 1235 2077 fuerit
1266 2043 1363 2076 irrita
1396 2047 1561 2088 precatio.
1616 2048 1715 2083 Talis
1745 2051 1870 2094 frigida
1903 2062 1934 2088 et
1958 2056 2120 2091 simulata

1130 2095 1320 2137 battologia
1346 2107 1384 2128 ac
1407 2096 1633 2140 incogitantia
1661 2113 1733 2134 non
1752 2110 1803 2136 est
1821 2105 1934 2138 oratio
1952 2119 2014 2139 nec
2033 2109 2121 2151 peti—

1132 2146 1190 2179 tio.
1244 2143 1291 2179 Et
1311 2146 1519 2193 plerumque
1535 2149 1587 2182 illi
1607 2151 1673 2194 ipsi
1692 2152 1809 2195 ignavi
1828 2161 1859 2187 et
1879 2156 2121 2200 incogitantes,

1132 2202 1213 2229 sunt
1237 2193 1400 2230 homines
1424 2200 1632 2243 temulenti,
1668 2215 1726 2236 sen
1755 2205 1842 2237 ebrii
1869 2207 2122 2251 voluptatibus,

1132 2254 1164 2281 et
1186 2247 1318 2289 securi,
1346 2249 1406 2294 qui
1426 2251 1542 2284 nullas
1557 2254 1787 2296 experiuntur
1801 2258 2030 2301 tentationes,
2058 2264 2120 2293 ad-

1133 2299 1363 2340 versationes,
1390 2301 1584 2342 molestias,
1611 2311 1643 2337 et
1659 2316 1855 2341 aerumnas.
1892 2307 1971 2342 ldco
1990 2322 2121 2353 vagan-

1133 2357 1190 2383 tur
1212 2350 1333 2383 otiosis
1356 2352 1502 2392 animiS,
1530 2361 1562 2386 et
1584 2356 1742 2397 preculas
1759 2357 2026 2393 demurmurant
2045 2363 2120 2395 sine

1134 2402 1338 2434 attentione.
1378 2401 1510 2436 Verum
1526 2406 1667 2449 quando
1686 2414 1735 2440 est
1752 2409 1878 2441 ardens
1896 2412 2060 2453 precatio,
2089 2420 2121 2447 et

1135 2452 1306 2510 retine-tur
1337 2454 1482 2486 attentio
1508 2454 1543 2487 in
1570 2456 1659 2489 veris
1688 2458 1869 2492 doloribus
1893 2468 1996 2505 atqui·
2018 2474 2121 2497 sensu

1136 2515 1355 2536 miseriarum
1369 2531 1377 2543 ,
1406 2510 1488 2537 tnnc
1509 2518 1646 2539 necesse
1665 2515 1733 2549 est,
1762 2509 1796 2541 in
1816 2523 1894 2543 vera
1912 2513 2122 2554 cogitatione.

1137 2555 1409 2598 patefactionum
1428 2562 1459 2588 ct
1478 2557 1750 2599 promissionum
1768 2561 1988 2601 divinarum,
2017 2572 2050 2598 et
2065 2567 2122 2609 pio

1138 2612 1235 2638 motu
1267 2606 1404 2646 cordiS,
1435 2608 1577 2640 accendi
1608 2616 1712 2654 atque
1738 2611 1878 2645 excitari
1905 2611 1994 2648 hanc
2017 2616 2121 2649 {idem

1139 2667 1198 2689 seu
1222 2657 1385 2690 fiduciam
1410 2659 1684 2700 acquiescentem
1710 2662 1744 2694 in
1766 2663 1862 2700 Deo,
1890 2672 1922 2697 et
1947 2674 2040 2699 certo
2065 2682 2124 2701 ex-

1139 2714 1349 2752 spectantem
1366 2708 1534 2743 auxilinm
1551 2711 1725 2751 divinum,
1743 2713 1836 2748 iuxta
1849 2714 1974 2752 Psalm.
1987 2717 2046 2753 25.
2068 2720 2120 2752 di-

1381 2757 1429 2793 47
