2409 2915
280 82 353 118 555

391 167 460 202 Sed
483 164 733 199 confirmemus
757 171 822 193 nos
845 158 1022 202 exemplo,
1050 157 1140 191 sicut
1161 157 1279 190 minor

290 227 408 254 coetus
430 224 586 259 tempore
609 210 799 246 Zachariae
820 210 888 243 fuit
909 207 1084 248 Ecclesia,
1110 207 1160 241 sic
1183 219 1278 240 nunc

292 279 322 304 ct
347 280 446 312 saepe
469 267 554 300 alias
580 265 698 297 minor
724 267 843 295 coetus
867 267 916 294 est
933 258 1089 293 Ecclesia
1107 259 1182 294 Dei.
1234 257 1280 291 Et

293 320 359 354 hoc
376 318 573 361 exemplum
591 317 682 349 bene
699 318 922 346 mementote.

399 377 576 416 Secundo,
603 374 788 408 confirmet
803 383 867 405 nos
881 370 984 404 etiam
1001 367 1069 403 hoc
1082 368 1279 412 exemplum

294 432 330 463 in
352 429 429 464 aliis
452 426 717 462 tentationibus.
771 422 988 466 Quanquam
1012 431 1136 464 magna
1156 419 1279 452 crude-

293 482 373 515 litas
397 486 472 514 erat
494 477 649 512 Herodis
671 481 703 508 et
728 471 1017 509 Pharisaeorum,
1045 478 1162 504 tamen
1187 469 1281 503 Deus

293 536 445 566 servavit
467 529 648 574 publicum
673 523 908 558 ministerium
925 519 1113 556 Zachariae
1137 527 1170 553 et
1193 520 1280 552 alio-

293 595 393 623 rum,
419 587 451 614 et
474 577 633 613 defendit
655 576 794 609 multos.
849 573 942 616 Quia
961 574 1038 606 vult
1058 583 1193 615 semper
1210 582 1281 604 esse

294 633 437 678 aliquod
465 630 646 675 publicum
669 625 918 660 ministerium.
977 626 1027 657 Ita
1050 635 1146 657 nunc
1168 633 1282 667 quan-

294 695 399 730 quam
413 681 507 725 Papa
531 687 564 713 et
587 678 662 712 eius
685 674 914 710 adhaerentes
937 675 1062 708 volunt
1083 674 1199 706 delere
1217 685 1282 705 no-

295 742 382 768 stras
405 730 599 770 Ecclesias‚
634 735 753 763 tamen
775 727 869 761 Deus
897 738 961 759 nos
985 733 1018 758 et
1042 725 1128 758 alios
1153 724 1282 757 multos

295 784 466 822 servabit,
516 788 548 816 et
586 791 658 813 non
698 779 789 812 sinet
826 777 1007 821 publicum
1047 775 1281 808 ministerium

295 834 443 870 omnino
468 831 595 872 deleri,
631 830 719 863 sicut
742 835 844 865 tunc,
880 826 1016 860 etiamsi
1040 825 1227 859 Pontifices
1251 831 1283 857 et

296 886 502 920 Sacerdotes
523 881 627 915 multi
650 886 750 914 erant
773 878 873 922 impii
898 884 929 910 et
953 875 1139 920 Epicurei,
1167 882 1282 909 tamen

295 936 451 982 oportuit
476 935 613 978 aliquos
636 944 708 965 esse
730 930 826 974 pios,
856 928 917 972 qui
942 925 1121 960 habebant
1143 925 1283 959 audito-

295 1000 350 1022 res
375 987 530 1032 aliquos‚
557 983 642 1017 tales
664 987 763 1015 erant
782 979 948 1019 Simeon,
979 975 1183 1018 Zacharias,
1207 975 1283 1010 Eli-

297 1036 438 1076 zabeth,
465 1034 592 1069 Maria.

399 1095 536 1129 Horum
560 1091 799 1135 exemplorum
824 1088 988 1132 cogitatio
1013 1099 1137 1131 magna
1161 1099 1284 1121 conso-

297 1149 381 1182 latio
399 1153 459 1181 est.

399 1206 590 1250 Postquam
605 1202 713 1246 igitur
726 1199 924 1243 exemplum
937 1197 1194 1238 considerastis,
1217 1198 1286 1230 iam

298 1259 380 1292 inde
406 1257 546 1293 discite,
576 1260 737 1298 oportere
756 1250 873 1284 audiri
892 1256 925 1283 et
942 1249 1028 1282 disci
1045 1248 1191 1281 verbum
1209 1246 1288 1288 Dei,

297 1317 330 1343 et
356 1310 398 1341 de
417 1307 518 1341 vobis
536 1306 621 1350 ipsis
636 1315 717 1337 vere
734 1302 896 1340 statuite,
923 1301 1016 1345 quod
1037 1299 1112 1332 sitis
1130 1300 1287 1332 membra

297 1359 494 1397 Ecclesiae,
518 1363 550 1389 et
576 1354 730 1399 populus
743 1352 828 1391 Dei,
856 1352 998 1396 quando
1023 1350 1090 1382 fide
1107 1350 1288 1393 amplecti-

298 1410 388 1445 mini
418 1407 672 1450 Evangelium,
717 1410 750 1436 et
789 1414 862 1436 non
897 1408 1032 1441 curate,
1075 1401 1170 1445 quod
1203 1412 1289 1434 con-

300 1463 468 1495 demnant
486 1469 547 1492 vos
564 1454 767 1490 adversarii.

402 1518 567 1553 Secundo
583 1516 672 1557 agite
687 1514 790 1547 etiam
801 1511 876 1546 Deo
892 1512 1018 1555 gratias
1029 1539 1037 1550 ,
1065 1511 1158 1556 quod
1177 1517 1290 1544 servat

300 1570 492 1605 Ecclesiam
505 1595 513 1608 ‚
542 1575 574 1601 et
588 1578 669 1604 vos,
697 1571 729 1598 et
748 1570 863 1603 orate,
891 1569 928 1596 ut
945 1562 1079 1595 diutius
1096 1570 1220 1597 servet.

774 1680 818 1715 11.

394 1761 447 1793 De
471 1758 624 1790 missione
648 1753 889 1794 Prophetarum
915 1754 944 1782 e!
968 1751 1108 1782 aliorum
1130 1760 1206 1781 rora

695 1795 887 1827 docentium.

408 1865 478 1899 lam
496 1861 733 1899 considerate,
761 1857 941 1902 quomodo
959 1855 1051 1889 Deus
1068 1856 1218 1889 subinde
1235 1856 1291 1888 in-
1320 1865 1321 1873 ¹

305 1924 435 1952 staurct
457 1912 658 1946 Ecclesiam.

409 1973 453 2008 Et
484 1973 519 2005 in
550 1969 614 2003 hac
646 1966 926 2001 consideratione
951 1965 1040 2007 agite
1065 1965 1192 2007 gratias
1218 1964 1291 1997 Deo

307 2041 369 2073 pro
393 2027 560 2059 immensa
587 2020 762 2064 bonitate,
789 2018 881 2061 quod
909 2029 979 2049 non
999 2015 1165 2060 relinquit
1183 2027 1293 2059 genus

305 2079 501 2113 humanum
520 2079 687 2118 perpetuo
705 2070 740 2101 in
759 2068 921 2101 tenebris.

408 2132 686 2178 QnandoAdam
703 2126 843 2161 etllexa
860 2133 959 2159 erant
976 2125 1081 2168 lapsi,
1112 2125 1178 2157 iam
1196 2125 1293 2158 nulla

308 2196 377 2223 erat
404 2184 557 2220 Ecclesia
583 2181 720 2225 generis
746 2176 910 2214 hnmani,
942 2185 973 2209 ct
1000 2176 1209 2219 oportuisset
1237 2188 1295 2209 005

307 2240 453 2275 omnino
475 2235 606 2280 perire,
634 2232 661 2264 si
681 2231 778 2265 Deus
804 2241 875 2261 non
902 2229 1070 2259 immensa
1096 2227 1292 2261 misericor-

309 2293 366 2325 dia
401 2289 492 2322 ultro
525 2284 728 2330 prodiisset.
768 2288 798 2313 et
831 2279 978 2312 dedisset
1014 2278 1294 2322 promissionem.

310 2341 415 2377 Edita
440 2345 554 2372 autem
577 2333 829 2379 promissione,
859 2342 978 2363 rursus
1003 2330 1153 2362 incoavit
1174 2328 1296 2362 Eccle-
1326 2347 1327 2374 3

309 2406 405 2426 siam.

402 2440 469 2484 'Sic
501 2454 617 2493 postea
651 2456 750 2487 saepe
785 2443 926 2487 quando
959 2441 1112 2473 mundus
1139 2441 1208 2472 sere
1232 2441 1295 2474 suit

311 2504 441 2537 oblitus
458 2499 725 2544 promissionem
742 2503 770 2527 et
790 2493 987 2526 doctrinam
1001 2491 1190 2532 lix-angelii,
1215 2499 1296 2523 tune

313 2555 445 2587 vocaxit
474 2562 583 2584 nosos
607 2550 784 2582 doctores,
814 2551 848 2576 nt
874 2551 946 2587 post
970 2540 1068 2575 Nohe
1088 2550 1116 2574 et
1139 2543 1217 2574 Sem
1238 2556 1295 2573 xo-

312 2607 399 2638 caxit
435 2600 632 2636 Abraham,
668 2598 796 2630 ‹lt-inde
829 2592 971 2637 loseph,
1007 2601 1121 2638 postea
1150 2592 1300 2631 Moisen,

312 2665 428 2701 postea
449 2654 645 2686 &anuph-u·
660 2678 666 2686 ,
696 2647 808 2681 Etiam
827 2654 856 2679 et
878 2646 975 2679 alios.

877 72 1002 108 PHlL.
1029 69 1146 106 MEL.
1170 69 1380 107 SCRIPTA
1406 68 1705 106 EXEGETICA.

2238 71 2316 109 556

1306 160 1310 240 Ι
1434 155 1492 191 Sic
1507 158 1648 202 quando
1665 157 1733 190 iam
1749 167 1894 200 magnae
1911 156 2075 190 tenebrae
2089 163 2199 197 erant,
2220 155 2315 192 Deus

1332 207 1471 240 vocavit
1489 205 1694 247 Iohannem.

1433 257 1479 291 Et
1495 269 1629 302 semper
1643 258 1740 292 addit
1748 256 1843 291 Deus
1859 257 2041 297 miracula,
2066 263 2103 290 ut
2120 263 2214 290 certo
2229 257 2316 290 scia-

1332 320 1410 342 mus
1439 319 1511 342 esse
1542 321 1561 341 a
1581 307 1655 342 Deo
1683 309 1816 342 missos.
1878 307 1961 341 Ideo
1989 305 2166 341 lohannes
2190 317 2317 350 magno

1333 359 1504 392 miraculo
1545 360 1701 393 nascitur
1739 372 1778 392 ex
1803 366 1914 393 matre
1943 359 2052 392 sterili
2077 365 2109 392 et
2133 369 2214 392 anu,
2272 354 2321 396 Et

1333 421 1535 454 quanquam
1559 407 1703 443 Ethnici
1729 407 1862 444 hahent
1893 409 2080 448 miracula,
2114 419 2205 455 quae
2237 407 2327 441 facin

1333 460 1519 501 diabolus,
1546 467 1664 494 tamen
1688 458 1757 493 hoc
1779 460 1988 494 miraculum
2008 459 2171 493 diabolus
2189 457 2322 492 imitari

1333 523 1407 545 non
1426 518 1551 559 potest.

1436 561 1595 596 Sciamus
1613 573 1694 604 ergo
1712 560 1906 596 Iohannem
1926 573 1998 595 esse
2015 562 2194 595 doctorem
2211 572 2228 593 a
2246 557 2348 596 Deo„
2363 573 2366 581 ¹

2356 239 2407 359 ,ἢ

1335 613 1500 653 missum,
1528 620 1561 646 et
1586 614 1659 646 eius
1676 613 1880 646 testimonio
1898 613 2097 646 credamus:
2125 618 2158 645 et
2175 613 2330 656 quaera-'
2364 627 2366 629 ·

1335 675 1412 697 mus
1423 690 1433 705 ‚
1460 663 1546 708 quid
1565 664 1736 698 docuerit.

1799 771 1864 808 111.

1623 837 1676 868 De
1699 837 1849 869 doctrina
1868 837 2039 869 Iohannis.

1441 896 1737 943 Quandocunque
1759 898 1911 932 dicimus
1934 899 1977 932 de
1995 898 2152 939 Sanctis,
2180 908 2327 943 quaera-

1338 959 1416 981 mus
1439 948 1612 992 primum,
1647 950 1730 993 quid
1758 950 1956 984 docuerint.
2020 949 2180 993 Papistae
2204 949 2329 982 dicunt

1339 999 1382 1032 de
1407 998 1546 1032 Sanctis
1568 999 1633 1039 ita,
1667 1006 1704 1032 ut
1731 1001 1875 1034 iubeant
1900 1013 1957 1034 eos
1982 1000 2160 1041 invocari,
2187 1006 2220 1034 et
2242 1011 2328 1033 con-

1339 1050 1483 1083 tumelia
1502 1050 1660 1083 afficiunt
1675 1050 1788 1084 Deum
1808 1058 1841 1083 et
1858 1050 2015 1085 Sanctos.

1442 1100 1537 1134 Haec
1572 1101 1734 1134 idolatria
1769 1103 1970 1135 damnanda
2003 1109 2036 1135 et
2067 1101 2233 1145 fugienda
2266 1107 2328 1134 est.

1341 1151 1413 1185 Nos
1436 1152 1484 1184 sic
1507 1151 1692 1185 audiamus
1711 1152 1920 1186 Sanctorum
1947 1150 2129 1191 historias,
2155 1158 2193 1185 ut
2215 1163 2255 1184 ex
2280 1151 2330 1184 eis
2374 1167 2378 1171 ·

1341 1203 1535 1242 discamus,
1564 1204 1657 1247 quod
1682 1201 1776 1236 Deus
1802 1210 1915 1236 servet
1943 1202 2158 1242 Ecclesiam,
2185 1209 2217 1235 et
2240 1213 2330 1247 quo·
2376 1238 2379 1242 ³

1343 1254 1450 1287 modo
1470 1261 1602 1294 servet,
1629 1261 1662 1287 et
1679 1265 1822 1296 agamus
1838 1253 1912 1288 Deo
1931 1255 2076 1297 gratias,
2103 1253 2197 1298 quod
2216 1264 2251 1286 se
2269 1264 2332 1297 pa-

1342 1305 1460 1338 tefacit
1477 1304 1579 1338 toties
1597 1304 1710 1337 missis
1729 1302 1916 1349 Prophetis
1933 1311 1966 1338 et
1984 1305 2207 1338 Doctoribus.

1444 1354 1629 1388 Discamns
1655 1355 1776 1395 etiam,
1805 1356 1889 1400 qnid
1917 1355 2046 1397 singuli
2070 1354 2273 1395 docuerint,
2298 1360 2331 1388 et

1318 1432 1319 1445 i
1343 1418 1389 1440 an
1405 1406 1564 1439 doctrina
1581 1418 1701 1438 eornm
1719 1407 1926 1439 consentiat·

1447 1456 1543 1490 Scias
1573 1457 1679 1499 igitur
1704 1454 1899 1489 iohannem
1931 1456 2173 1500 propriissime
2196 1462 2229 1490 et
2256 1456 2331 1500 pla-

1345 1508 1488 1540 nissime
1521 1508 1735 1550 praedicasse
1767 1507 2012 1550 Evangelinm.
2084 1505 2157 1539 lmo
2190 1517 2334 1551 prorsus

1346 1660 1494 1694 minum.
1548 1659 1620 1693 Nos
1638 1666 1875 1693 monstramus
1891 1666 2094 1703 regnantem
2113 1659 2148 1691 in
2167 1658 2277 1692 coelo.

1448 1709 1593 1754 Reliqui
1613 1710 1751 1744 articuli
1772 1711 1878 1743 iidem
1897 1717 1978 1744 sunt
1993 1710 2101 1744 totius
2118 1709 2310 1744 doctrinae.

1654 1810 1861 1844 Articuli
1888 1807 2027 1854 fidei.

1320 1878 1322 1901 ¹
1449 1877 1605 1921 Agnovit
1625 1876 1836 1911 Trinitatem
1849 1905 1857 1918 ,
1886 1878 1973 1910 vidit
1993 1877 2028 1909 in
2047 1874 2334 1921 baptismoChri-

1347 1930 1389 1963 sti
1409 1936 1478 1962 tres
1496 1939 1672 1971 personas¹

1322 1995 1325 2041 ἱ
1452 1978 1619 2021 Agnoscit
1640 1981 1674 2011 in
1693 1977 1820 2011 Messia
1839 1980 1926 2012 duas
1944 1985 2104 2017 naturas,
2132 1978 2212 2021 quia
2233 1978 2335 2011 dicit:

1322 2049 1325 2097 ἱ
1349 2030 1452 2064 Prior
1479 2042 1533 2062 me
1560 2037 1619 2062 est.
1676 2029 1776 2062 ltem:
1810 2029 1857 2062 lix
1881 2030 2102 2074 plenitudine
2121 2029 2196 2061 eins
2213 2041 2337 2062 omnes

1322 2101 1325 2148 Ι
1348 2081 1554 2125 accepimus.

1452 2132 1577 2165 Tradit
1600 2132 1815 2171 doctrinam,
1842 2131 1934 2175 quod
1961 2131 2027 2164 fide
2054 2131 2265 2175 accipiamus
2280 2142 2336 2164 re-

1323 2149 1326 2217 i
1349 2184 1552 2217 missionem
1577 2190 1818 2226 peccatorum,
1846 2189 1877 2215 et
1901 2182 2008 2215 simus
2032 2183 2113 2216 iusti
2138 2183 2225 2219 fide.
2251 2182 2336 2217 dicit

1324 2229 1327 2284 i
1349 2235 1467 2268 etiam:
1498 2232 1628 2267 Omnis
1654 2234 1712 2279 qui
1735 2233 1845 2267 credit
1870 2233 1904 2265 in
1924 2232 2073 2274 Filium,
2101 2231 2204 2267 habet
2231 2234 2337 2267 vitam

1325 2305 1327 2311 ι
1350 2295 1537 2320 aeternam.

1454 2336 1634 2369 Praedicat
1661 2336 1912 2379 ptwnitentiam
1939 2343 1969 2369 et
1992 2336 2279 2376 c‹uu·ersionem,
2304 2343 2336 2370 et

1326 2376 1327 2391 ἵ
1351 2390 1450 2421 docet
1477 2387 1716 2420 remissionem
1744 2394 1962 2429 peccatorum
1982 2387 2056 2420 dari
2075 2395 2218 2435 propter
2231 2384 2336 2420 Chri-

1326 2453 1328 2468 ι
1352 2447 1461 2473 stum:
1495 2438 1579 2471 Ecce
1596 2450 1704 2481 agnus
1722 2437 1806 2473 Dei,
1832 2438 1891 2482 qni
1911 2438 2001 2471 tollit
2023 2445 2158 2482 peccata
2175 2436 2309 2471 mundi.

1454 2489 1561 2523 Docet
1581 2490 1622 2522 de
1641 2489 1742 2521 honis
1760 2489 1944 2532 operibus.
1975 2497 2073 2522 vocat
2093 2497 2222 2531 gentes.

1458 2540 1548 2573 llaec
1574 2540 1826 2572 consideranda
1853 2548 1931 2573 sunt
1959 2540 2198 2585 principaliter
2222 2538 2256 2570 iu
2281 2535 2337 2571 hi-

1353 2593 1458 2627 storia
1484 2593 1526 2624 de
1548 2588 1717 2625 Iohanne.
1773 2593 1961 2633 Quomodo
1989 2591 2131 2625 vestitus
2153 2589 2278 2628 suerit,
2305 2596 2338 2623 et

1353 2644 1436 2688 quid
1465 2642 1673 2676 comederit.
1703 2640 1767 2675 hoc
1797 2641 1884 2675 nihil
1911 2643 1952 2675 ad
1982 2653 2044 2675 nos
2068 2641 2236 2685 pertinet,
2264 2639 2337 2674 Do-

1318 1581 1321 1626 l
1346 1559 1464 1591 cadem
1491 1566 1539 1591 est
1563 1558 1723 1591 doctrina
1744 1556 1912 1590 Iohannis
1938 1566 1969 1591 et
1989 1565 2125 1595 nostra,
2153 1557 2220 1589 nisi
2238 1557 2334 1602 quod
2380 1569 2384 1574 “

1346 1606 1522 1642 lohannes
1548 1608 1755 1643 monstravit
1779 1616 1994 1652 praesentem
2018 1615 2050 1642 et
2067 1607 2240 1641 visibilem
2260 1605 2335 1641 Do-
2373 1641 2384 1650 ,
