2409 2915
88 121 161 156 833
339 121 421 155 XII.

190 205 236 241 11.
294 205 500 242 Consolatio
528 207 623 252 quod
655 206 765 240 multa
788 205 910 239 messis
940 205 1002 245 sit,
1036 205 1072 238 id

87 265 160 299 est,
187 259 291 293 multi
308 259 429 300 electi,
454 257 610 306 profecto
629 253 694 290 hac
710 256 952 290 consolatione
970 255 1073 289 nohis

86 321 175 353 opus
190 316 258 351 est,
285 309 369 355 quia
384 310 422 342 in
439 306 503 342 hac
518 314 614 341 tanta
633 307 767 341 malitia
785 305 958 347 humana,
986 318 1073 351 pau-

88 360 218 394 cissimi
243 360 408 394 videntur
430 370 502 392 esse
528 358 647 398 electi,
675 359 763 392 sicut
783 358 878 391 Elias
902 358 1074 403 queritur,

88 418 121 444 et
144 409 265 445 Esaias
290 411 424 456 inquit:
450 408 526 442 Nisi
550 407 726 442 Dominus
750 409 948 454 reliquisset
971 408 1074 442 nobis

87 473 225 505 semen,
251 461 340 495 sicut
355 460 508 495 Sodoma
528 466 559 492 et
578 458 754 493 Gomorra
773 471 938 493 essemuS.

189 519 258 554 Sed
283 518 377 553 Deus
407 518 611 552 consolatur
636 516 773 558 Eliam,
808 525 842 552 et
864 517 996 551 Paulus
1018 517 1075 549 in-

87 571 182 615 quit:
214 569 334 603 Labor
361 576 475 603 vester
502 581 575 602 non
607 569 674 603 erit
704 569 820 602 inanis
847 569 885 602 in
908 567 1074 602 Domino.

87 619 336 704 EthDomin5us
366 620 499 666 inquit:
536 619 729 664 copiosum
758 620 912 654 fructum
945 619 1076 657 feretis,

88 670 126 705 lo
156 671 273 704 ann.1
305 696 313 703 .

184 727 232 763 Et
247 730 382 765 fructus
400 736 512 764 vester
527 730 682 764 manebit
698 736 762 765 etc.

186 787 289 823 Hanc
336 789 615 823 consolationem
656 789 845 832 diligenter
885 788 1076 832 cogitemus

86 850 227 881 omneS‚
269 841 306 874 in
337 838 403 874 hac
434 840 526 874 tristi
558 840 767 874 confusione
798 840 924 873 mundi
952 847 988 874 et
1020 850 1077 872 re-

85 900 249 934 gnorum.

187 948 252 985 Ill.
306 948 485 991 Precatio,
518 949 646 983 videtis
676 950 883 983 mandatum
915 948 1075 983 divinum

86 1011 175 1041 esse,
201 1007 241 1034 ut
257 1006 416 1045 petamus
429 1027 438 1041 ,
465 999 610 1034 utDeus
627 999 768 1043 colligat
778 999 993 1041 Ecclesiam,
1018 1000 1078 1034 det

85 1051 236 1085 idoneos
259 1051 460 1091 ministros,
488 1058 520 1084 et
543 1058 656 1084 servet
674 1049 888 1090 Ecclesiam,
914 1051 962 1084 sic
984 1050 1078 1084 filius

85 1100 153 1135 Dei
178 1102 253 1146 ipse
283 1102 370 1145 petit
399 1101 549 1135 assidue.
603 1100 799 1146 Repetatur
830 1102 984 1147 precatio
1014 1101 1077 1134 filii

86 1151 154 1187 Dei
171 1159 253 1188 ante
269 1163 417 1196 agonem
435 1153 528 1186 dicta
545 1149 697 1188 Iohann.
717 1152 777 1186 17.

477 1270 613 1324 Caput
645 1272 698 1312 X.

195 1343 239 1381 Et
262 1352 379 1375 vocans
401 1342 569 1374 duodecim
589 1342 763 1382 discipulos
784 1351 872 1383 suos,
902 1344 963 1373 etc.

188 1418 257 1452 Hic
272 1426 305 1453 et
322 1427 400 1464 post
415 1419 709 1453 resurrectionem
737 1419 950 1453 describitur
973 1431 1078 1452 voca-

88 1469 139 1504 tio
155 1468 432 1514 Apostolorum,
468 1470 548 1515 quia
558 1468 662 1504 Deus
683 1470 761 1504 vult
784 1482 849 1503 nos
872 1477 984 1504 certos
1007 1482 1079 1503 esse

88 1521 132 1554 de
149 1521 331 1560 doctrina,
359 1521 436 1555 vult
452 1533 517 1554 nos
534 1521 621 1554 scire
639 1533 701 1565 per
727 1533 815 1566 quos
842 1527 874 1554 et
898 1522 1078 1566 quomodo

87 1579 277 1616 propagata
303 1572 365 1610 sit,
391 1572 482 1606 sicut
507 1572 590 1605 inde
612 1583 724 1617 usque
746 1572 791 1605 ab
814 1571 917 1605 initio
941 1572 1079 1605 vocavit

86 1619 300 1665 Prophetas,
327 1629 360 1656 et
378 1622 532 1655 diximus
549 1634 650 1665 saepe
666 1623 750 1655 alias
763 1649 772 1663 ‚
799 1622 885 1667 quid
903 1623 973 1656 sint
991 1622 1079 1656 Pro-

87 1671 232 1717 phetae,
260 1672 446 1716 Apostoli,
475 1672 636 1707 Pastores
653 1680 684 1706 et
701 1671 884 1708 Doctores.

190 1729 236 1764 Et
260 1731 413 1774 primum
440 1731 530 1763 bene
554 1732 750 1764 notandum
775 1738 845 1769 est,
873 1732 969 1776 quod
994 1732 1080 1764 scri-

91 1788 194 1824 ptum
219 1788 292 1824 est,
320 1781 436 1815 Lucae
454 1782 488 1816 6.
517 1783 611 1826 quod
641 1786 714 1815 tota
744 1788 847 1815 nocte
879 1789 960 1815 ante
990 1781 1080 1815 hanc

88 1832 295 1866 electionem
335 1831 590 1876 Apostolorum
627 1830 793 1866 Christus
833 1833 1001 1867 manserit
1042 1834 1078 1866 in

86 1889 228 1925 monte,
256 1883 294 1915 in
312 1883 524 1926 precatione.

191 1941 265 1974 lam
285 1941 496 1984 cogitemus,
524 1948 696 1986 quantum
714 1954 802 1986 opus
820 1954 892 1975 esse
912 1943 985 1986 ipse
1004 1943 1080 1976 Do—

88 1992 208 2026 minus
223 1992 452 2033 iudicaverit,
480 1993 620 2026 mittere
645 1999 758 2025 certos
783 1994 962 2033 doctores,
991 1993 1079 2037 peti-

89 2043 141 2077 vit
157 2044 200 2076 ab
223 2049 365 2077 aeterno
383 2043 505 2084 Patre,
533 2050 571 2077 ut
598 2043 671 2087 ipse
694 2055 752 2076 eos
777 2044 966 2085 gubernet,
991 2045 1080 2078 sicut

91 2094 195 2127 etiam
214 2094 251 2126 in
269 2105 379 2136 agone
395 2106 458 2127 suo
480 2101 659 2137 precatur:
689 2093 874 2128 sanctifica
893 2107 951 2128 eos
967 2096 1004 2127 in
1021 2107 1078 2128 ve-

92 2145 213 2188 ritate,
240 2155 354 2177 sermo
381 2151 463 2177 tuus
481 2152 529 2178 est
553 2145 679 2179 veritas
699 2151 761 2179 etc.
817 2145 876 2179 Sic
898 2157 963 2179 nos
985 2153 1081 2189 peta-

90 2207 168 2229 mus
186 2195 261 2228 dari
280 2195 425 2228 idoneos
443 2195 634 2231 ministros,
674 2199 676 2201 ’

195 2256 238 2292 II.
278 2255 551 2291 Consideremus
575 2263 691 2290 autem
724 2257 878 2301 ingentia
914 2256 1081 2290 beneficia

90 2307 176 2348 Dei,
204 2314 237 2341 et
253 2320 394 2351 agamus
411 2308 485 2342 Deo
504 2307 643 2351 gratias.

193 2366 288 2402 Deus
307 2367 498 2412 dupliciter
518 2373 619 2401 vocat
638 2366 842 2405 Ministros‚
871 2367 1082 2408 immediate,

92 2427 124 2453 et
140 2419 300 2453 mediate.

474 117 869 156 ANNOTATIONES
895 118 960 154 ET
986 113 1270 153 CONCIONES
1299 114 1348 150 IN
1370 113 1554 153 EVANG.
1581 116 1861 158 ΜΑΤΤΗΛΕΙ.

2036 127 2110 162 834

1229 199 1270 234 In
1292 207 1442 247 utraque
1465 203 1649 237 vocatione
1674 204 1787 240 Filius
1811 207 1875 241 Dei
1907 216 1957 243 est
1981 211 2111 252 efficax,

1126 258 1164 286 ut
1181 252 1225 285 ad
1234 249 1406 296 Ephesios
1416 253 1448 287 4.
1466 254 1613 296 dicitur,
1640 262 1674 290 et
1689 255 1854 292 Rom.1.:
1877 257 2110 305 Evangelium

1125 309 1175 337 est
1190 303 1344 348 potentia
1360 302 1427 337 Dei
1445 305 1488 336 ad
1505 304 1651 339 salutem
1670 309 1767 341 omni
1784 311 1952 345 credenti.

1231 360 1295 397 111.
1323 361 1512 407 Postquam
1532 375 1590 396 eos
1609 367 1746 400 vocavit
1764 373 1797 401 et
1807 369 1944 403 addidit
1960 378 2112 414 potesta-

1127 419 1195 447 tem
1219 412 1374 446 faciendi
1399 413 1591 452 miracula,
1617 422 1655 449 ut
1680 417 1838 451 doctrina
1865 417 1990 455 habeat
2016 424 2111 457 testi-

1126 463 1267 501 monia,
1294 463 1441 497 tradidit
1458 464 1563 497 etiarn
1581 467 1765 506 mandata,
1792 470 1854 503 ubi
1879 478 1911 504 et
1937 473 2021 517 quid
2051 476 2112 507 de-

1126 515 1233 548 beant
1247 515 1382 549 docere.

1227 563 1309 598 Non
1339 565 1433 599 inter
1463 572 1603 609 gentes,
1644 567 1726 611 quia
1750 568 1844 603 Deus
1874 571 1972 615 prius
2002 575 2115 608 voluit

1128 615 1292 659 colligere
1308 613 1500 649 Ecclesiam
1519 617 1556 650 in
1574 616 1697 652 Israe'l.
1749 619 1871 654 Postea
1890 630 2005 656 tamen
2024 624 2116 658 inter

1128 673 1247 710 gentes
1263 673 1341 710 post
1357 667 1552 701 triennium
1564 693 1573 706 ,
1604 669 1736 703 interea
1752 678 1868 705 tamen
1891 674 1994 707 etiam
2013 675 2116 709 multi

1129 729 1168 751 ex
1185 718 1349 761 gentibus
1366 719 1527 752 conversi
1544 726 1639 754 sunt.

1232 775 1328 820 Quid
1363 777 1541 812 debebant
1572 779 1723 812 docere?
1764 780 1863 815 Sicut
1898 783 1984 817 alibi
2017 785 2118 819 dicit:

1129 827 1234 872 Agite
1257 827 1512 872 poenitentiam
1540 835 1573 863 et
1598 830 1729 864 credite
1756 829 1970 876 Evangelio,
2004 843 2037 869 et
2062 834 2120 870 hic

1129 879 1262 924 inquit:
1293 877 1399 912 Venit
1417 890 1564 923 regnum
1589 881 1781 917 coelorum.
1836 882 1932 926 Quid
1959 887 2120 920 nominat

1130 941 1278 973 regnum
1302 930 1505 963 coelorum?
1537 929 1701 974 Regnum
1731 934 1943 977 promissum
1979 945 2122 981 propter

1129 980 1261 1014 Filium
1281 978 1365 1020 Dei,
1392 981 1431 1013 in
1459 993 1529 1025 quo
1557 982 1732 1017 delebitur
1753 992 1932 1028 peccatum
1958 994 1992 1020 et
2016 1001 2122 1027 mors,

1131 1039 1164 1065 et
1180 1030 1384 1065 restituetur
1400 1031 1535 1065 iustitia
1552 1039 1585 1066 et
1601 1033 1672 1066 vita
1690 1041 1839 1068 aeterna.
1877 1035 1954 1070 Hoc
1972 1049 2120 1081 regnum

1130 1083 1167 1115 in
1187 1080 1251 1115 hac
1263 1082 1332 1115 vita
1345 1079 1534 1116 inchoatur
1545 1084 2012 1130 praedicationeEvangelii,
2036 1102 2122 1133 poe-

1132 1132 1282 1167 nitentia
1299 1140 1330 1166 et
1349 1133 1434 1171 fide,
1464 1141 1542 1177 post
1558 1136 1850 1169 resurrectionem
1872 1138 1938 1171 erit
1956 1151 2122 1174 consum-

1132 1191 1223 1217 mata
1253 1183 1387 1217 iustitia
1420 1190 1453 1216 et
1482 1184 1553 1217 vita
1585 1192 1742 1225 aeterna,
1783 1187 1818 1220 in
1843 1201 1909 1232 qua
1935 1188 2030 1224 Deus
2058 1193 2125 1226 crit

1134 1234 1254 1268 omnia
1288 1234 1326 1267 in
1358 1234 1544 1276 omnibus,
1594 1242 1626 1269 et
1656 1237 1787 1271 erimus
1815 1238 1890 1272 sine
1921 1249 2061 1284 peccato
2091 1249 2125 1276 et

1131 1292 1255 1319 morte.

1236 1335 1295 1369 Sic
1313 1335 1398 1368 alibi
1416 1336 1517 1370 dicit:
1541 1336 1592 1370 Ite
1610 1339 1850 1381 praedicantes
1869 1343 2125 1385 poenitentiam

1133 1392 1167 1420 et
1183 1386 1424 1419 remissionem
1442 1387 1478 1420 in
1495 1389 1644 1421 nomine
1661 1402 1750 1424 meo,

1236 1444 1298 1480 IV.
1338 1444 1392 1478 De
1418 1446 1635 1481 defensione.
1683 1447 1838 1490 Quando
1871 1450 2005 1496 aliquid
2041 1453 2125 1485 novi

1133 1496 1354 1535 instituitur,
1382 1497 1525 1541 quando
1550 1497 1654 1541 legati
1674 1500 1884 1541 mittuntur,
1912 1514 2050 1536 necesse
2077 1511 2127 1537 est

1133 1559 1191 1580 eos
1210 1545 1343 1581 habere
1360 1547 1526 1580 viaticum
1555 1555 1587 1581 et
1612 1550 1865 1584 defensionem.
1919 1551 1965 1586 Et
1990 1553 2027 1586 in
2053 1561 2127 1589 toto

1134 1599 1220 1631 orbe
1244 1597 1334 1630 velle
1358 1599 1589 1631 mutationem
1614 1600 1728 1633 facere
1759 1613 1821 1643 per
1846 1601 2059 1646 ApostoIOS‚
2093 1612 2126 1639 et

1134 1649 1276 1693 quidem
1293 1648 1440 1681 florente
1457 1649 1605 1692 imperio
1620 1649 1804 1692 Romano,
1831 1653 1973 1687 videtur
1991 1666 2045 1687 res
2061 1655 2129 1688 im—

1133 1699 1312 1743 possibilis
1329 1709 1411 1731 esse.
1467 1698 1550 1732 Ideo
1569 1701 1665 1743 prius
1689 1699 1746 1735 hic
1772 1703 1956 1737 confirmat
1974 1705 2128 1749 Aposto-

1134 1750 1186 1782 los
1198 1747 1370 1789 Christus‚
1391 1750 1566 1792 promittit
1584 1751 1632 1783 eis
1647 1752 1888 1786 defensionem
1906 1763 1937 1789 et
1950 1756 2128 1797 viaticum,

1135 1801 1226 1833 sicut
1257 1800 1339 1832 alibi
1375 1800 1507 1844 inquit:
1542 1799 1617 1843 Ego
1643 1814 1702 1835 ero
1732 1804 1914 1838 vobiscum
1947 1818 2057 1851 usque
2083 1810 2126 1840 ad

1134 1851 1473 1884 consummationem
1489 1853 1609 1886 seculi.
1665 1852 1770 1893 Item,
1796 1853 2032 1891 Iohann.15.:
2051 1856 2126 1901 Ego

1134 1901 1221 1944 elegi
1249 1912 1326 1940 vos,
1355 1908 1391 1934 ut
1417 1901 1503 1934 eatis
1530 1909 1564 1935 et
1592 1904 1745 1936 fructum
1771 1905 1908 1945 feratis,
1937 1915 1968 1940 et
1993 1909 2128 1942 fructus

1134 1959 1247 1985 vester
1278 1958 1426 1985 maneat.
1480 1950 1526 1985 Et
1552 1950 1608 1986 hic
1635 1954 1768 2000 inquit:
1812 1955 1919 1991 Mitto
1952 1971 2013 1991 vos
2040 1960 2129 1994 sicut

1136 2014 1218 2036 oves
1235 2002 1271 2034 in
1289 2002 1405 2035 medio
1421 2002 1605 2046 luporum,
1638 2007 1697 2038 sed
1716 2019 1837 2041 omnes
1863 2009 1980 2053 capilli
2006 2012 2129 2054 capitis

1135 2053 1241 2087 vestri
1263 2053 1439 2086 numerati
1458 2060 1552 2089 sunt.

1238 2110 1290 2144 Ac
1314 2112 1468 2155 primum
1493 2114 1536 2146 de
1561 2112 1687 2147 viatico
1713 2114 1815 2150 dicit:
1844 2117 1923 2151 Non
1950 2121 2126 2163 possidete

1135 2174 1259 2197 aurum
1277 2162 1314 2195 in
1336 2164 1452 2204 zonis,
1480 2176 1595 2209 neque
1613 2166 1743 2199 calceos
1760 2174 1822 2201 etc.

1236 2220 1304 2255 Hic
1331 2223 1441 2267 aliqui
1478 2223 1621 2256 fanatici
1654 2222 1815 2258 homines
1846 2227 2129 2270 disputaverunt,

1137 2271 1299 2306 Pastores
1317 2280 1349 2307 et
1366 2274 1454 2306 alios
1470 2274 1736 2308 concionatores
1748 2275 1837 2309 nihil
1852 2279 1979 2312 debere
1999 2278 2126 2314 habere

1106 2318 1110 2378 υ
1136 2324 1340 2367 proprium,
1374 2331 1406 2357 et
1430 2325 1563 2357 faciunt
1593 2325 1806 2367 singularem
1837 2329 1969 2363 cultum
1995 2330 2059 2365 Dei
2088 2345 2127 2365 ex

1136 2386 1207 2407 non
1224 2374 1388 2408 habendo
1405 2375 1600 2419 proprium.

1240 2431 1403 2468 Christus
1422 2445 1493 2465 non
1514 2430 1580 2465 boc
1597 2433 1700 2474 dicit,
1727 2436 1820 2479 quod
1849 2448 1918 2469 non
1946 2438 2046 2473 liceat
2065 2438 2128 2473 ha-

196 2475 402 2509 lmfflediale
421 2472 618 2520 Prophetas
643 2482 675 2509 Εἴ
694 2473 902 2519 AP⁰⁵¹0¹0⁵³
931 2481 965 2509 θῑ
987 2475 1083 2509 addi!
1136 2484 1236 2524 bere,
1273 2485 1331 2517 sed
1358 2484 1516 2528 loquitur
1541 2485 1584 2515 de
1610 2485 1718 2525 facto,
1754 2488 1846 2531 quod
1876 2487 1920 2519 ita
1946 2489 1993 2523 fit.
2046 2489 2127 2524 Non

93 2527 141 2560 eis
159 2527 375 2569 testimonia,
404 2532 443 2559 ut
461 2527 569 2559 simus
589 2525 686 2560 certi.

194 2585 352 2619 Mediate
391 2597 453 2629 per
489 2583 682 2618 Ecclesiam
735 2583 822 2617 alios
854 2582 1014 2616 Pastores
1052 2590 1084 2616 et
1138 2587 1235 2619 addit
1277 2586 1573 2625 consolationem,

1138 2533 1271 2568 habent
1294 2535 1344 2579 pii
1370 2536 1530 2567 doctores
1554 2535 1694 2568 divitias
1720 2543 1752 2569 et
1777 2537 2029 2573 defensionem.
2084 2541 2129 2575 Et

1632 2597 1676 2618 ne
1717 2587 1920 2632 relinquant
1960 2591 2127 2631 osticium,

95 2637 282 2675 Doctores,
305 2636 364 2681 qui
383 2636 512 2669 debent
529 2636 726 2669 doctrinam
746 2635 909 2668 traditam
927 2646 988 2677 per
999 2633 1086 2667 Pro—
1139 2645 1320 2681 propterea
1339 2637 1431 2680 quod
1449 2649 1519 2668 non
1540 2634 1669 2669 habent
1682 2638 1919 2672 defensionem
1937 2649 1966 2673 et
1979 2644 2130 2679 divitias,

97 2685 217 2732 phetas
236 2695 268 2721 et
287 2687 476 2731 Apostolos
494 2686 570 2719 sine
588 2687 659 2719 ulla
679 2686 875 2720 mutatione
892 2686 1042 2721 tradere.

150 2741 322 2771 Metina.
356 2740 457 2772 Orza.
489 2739 568 2769 Vot..
592 2739 686 2771 XIV.

1110 2694 1115 2728 l
1139 2696 1169 2722 et
1189 2688 1361 2732 promittit
1380 2699 1414 2719 sc
1433 2694 1654 2728 curaturum,
1689 2696 1725 2722 ut
1753 2696 1865 2723 tamen
1894 2689 2041 2727 habeant
2067 2693 2131 2727 lio-

1381 2737 1428 2770 53
