2409 2915
90 73 185 109 1141
364 72 447 109 ΧΠ.

87 159 147 192 sed
179 169 364 202 pergamus
395 169 496 192 orare
525 164 558 192 et
578 168 718 201 sperare
739 164 802 193 etc.
865 155 953 193 Vult
978 158 1073 192 enim

88 209 241 242 exerceri
259 216 291 243 et
309 209 533 242 corroborari
551 209 654 241 fidem
674 215 849 249 nostram,
877 210 952 243 vult
970 209 1075 243 intel-

86 259 170 303 ligi,
203 260 296 292 dona
323 271 384 293 sua
416 271 489 293 esse
518 270 607 305 quae
631 260 800 301 petimus,
834 259 910 293 vult
933 259 1073 304 agnosci

87 322 185 344 suam
211 310 500 345 misericordiam.
553 308 611 343 Sic
628 308 759 345 Habac.
779 308 838 344 IL:
867 308 996 344 Adhuc
1019 311 1074 343 vi-

87 371 145 394 sus
175 361 316 404 procul,
352 367 385 394 et
411 360 593 404 apparebit
615 362 756 393 tandem
779 360 815 393 in
840 361 966 402 finem,
999 373 1072 394 non

86 411 286 445 mentietur.
338 408 500 444 Christus
524 423 605 444 vero
628 412 729 445 etiam
755 411 873 445 differt
893 412 1072 456 tantisper,

85 462 171 495 dum
189 461 381 495 emoriatur
397 461 568 503 Lazarus,
595 469 633 496 ut
652 462 829 503 ostendat,
855 470 887 496 et
904 463 941 496 in
957 463 1070 495 media

83 518 197 546 morte
220 512 346 545 sanctis
366 523 462 556 spem
487 524 578 554 esse,
604 514 698 559 quod
725 513 760 546 in
785 512 877 546 Abel
899 512 989 549 Gen.
1010 512 1071 548 IV.

85 559 280 597 exhibitum
300 569 359 596 est.

214 643 350 680 Nonne
374 644 560 681 duodecim
585 651 671 680 sunl
694 644 808 681 horae
834 645 936 681 diei?

83 711 106 748 i.
131 724 161 747 e.
185 724 258 745 non
281 719 331 746 est
355 719 542 756 perpetuus
566 713 656 753 dies,
690 725 763 746 non
786 720 836 748 est
861 720 1068 759 perpetuum

83 770 221 808 tempus
239 763 425 796 ministerii
445 764 525 796 mei.

167 845 213 881 Si
235 845 318 894 quis
343 845 514 880 ambulat
538 846 576 880 in
605 844 680 888 die,
717 860 790 882 non
816 846 983 897 offendit,

82 915 106 949 i.
124 926 152 948 e.
178 915 262 947 dum
287 911 355 947 hoc
377 921 515 958 tempus
535 914 722 947 ministerii
746 916 813 948 mei
838 917 959 957 durat,
995 927 1068 949 non

80 966 162 999 licet
184 962 275 998 mihi
298 977 439 1006 vacare,
465 971 498 997 et
517 965 671 998 serviens
690 978 785 999 meae
802 967 977 1000 vocationi
995 979 1067 1000 non

80 1016 280 1058 offendam,
305 1027 378 1049 non
402 1015 615 1059 impingam,
643 1016 678 1049 id
698 1024 765 1057 est,
792 1017 960 1062 quicquid
978 1018 1068 1050 acci-

81 1067 191 1108 derit,
226 1067 318 1099 bona
344 1067 526 1100 voluntate
549 1065 614 1099 Dei
629 1066 658 1111 ⁴)
683 1068 835 1108 accidet,
863 1068 919 1101 cui
942 1068 1068 1103 servio.

80 1116 149 1151 Hic
171 1115 333 1151 Christus
358 1124 494 1157 monet,
530 1117 754 1151 serviendum
780 1130 852 1151 esse
877 1119 1068 1159 vocationi,

81 1168 165 1202 sicet
190 1176 223 1202 et
241 1166 346 1201 Rom.
363 1167 446 1203 XII.
471 1174 504 1201 et
531 1168 561 1201 1.
578 1165 739 1202 Corinth.
756 1168 838 1203 XII.
891 1169 1067 1210 Secundo,

79 1219 283 1253 consolatur
305 1230 363 1251 eos
389 1219 448 1263 qui
474 1219 659 1263 patiuntur
685 1220 962 1262 persecutionem
981 1221 1066 1253 dum

78 1269 255 1304 vocationi
277 1280 357 1302 suae
373 1270 550 1310 serviunt,
578 1276 615 1302 ut
634 1270 665 1304 1.
684 1269 776 1303 Petr.
799 1272 845 1304 1.:
875 1269 1068 1313 Paulisper,

79 1321 107 1354 si
131 1331 219 1364 opus
246 1326 313 1360 est,
341 1320 548 1354 contristati.
600 1319 810 1363 Exemplum
835 1318 943 1353 habes
968 1321 1067 1353 infir-

78 1371 210 1404 mitatis
237 1371 466 1413 apostolicae,
494 1371 610 1415 qualia
636 1377 718 1403 sunt
744 1371 851 1404 multa
876 1371 1003 1414 passim
1030 1370 1066 1403 in

77 1421 294 1465 Evangelio,
321 1421 449 1466 quibus
471 1421 576 1454 corda
602 1427 721 1454 nostra
746 1421 944 1454 confirmari
961 1433 1067 1465 opor-

78 1480 148 1513 tet,
176 1479 213 1505 ut
237 1472 439 1515 credamus,
468 1484 548 1505 eum
575 1472 727 1504 tolerare
747 1479 943 1515 peccatores
960 1478 992 1504 et
1011 1472 1067 1504 in-

79 1523 257 1567 sipienteS.

78 1574 254 1607 discamus
277 1578 309 1605 et
333 1583 397 1605 nos
421 1584 518 1605 suam
542 1572 780 1605 infirmitatem
802 1573 838 1605 in
856 1573 923 1605 fide
940 1579 973 1606 et
991 1585 1066 1605 mo-

78 1625 176 1658 ribus
199 1623 366 1663 tolerare,
392 1623 484 1656 iuxta
510 1623 597 1655 illud
615 1621 720 1656 Rom.
739 1622 837 1657 XV:
866 1621 1067 1668 Unusquis-

78 1687 147 1720 que
170 1681 330 1707 nostrum
359 1673 489 1717 placeat
517 1673 676 1717 proximo
701 1673 737 1706 in
756 1674 891 1707 bonum
909 1675 953 1708 ad
971 1674 1067 1707 aedi—

78 1725 275 1759 ficationem
296 1732 357 1758 etc.

447 1808 500 1844 Ut
529 1806 699 1849 credatis,

77 1886 116 1913 ut
142 1878 368 1912 confirmetur
390 1877 473 1910 fides
490 1877 649 1911 omnium
668 1877 885 1910 credentium
898 1903 906 1917 ,
933 1883 973 1911 ut
992 1888 1066 1910 cer-

500 68 896 108 ANNOTATIONES
923 68 989 106 ET
1016 68 1300 107 CONCIONES
1327 69 1377 107 IN
1403 69 1587 109 EVANG.
1615 71 1830 110 IOANNIS.

320 1521 425 1562 Item,
458 1529 498 1555 ut
530 1521 618 1554 sicut
648 1522 720 1565 ipse
751 1521 944 1566 Apostolus
972 1523 1092 1563 tulin*

2018 79 2112 115 1142

1125 163 1202 190 tans
1237 168 1382 200 operum
1419 157 1526 192 vitam
1550 158 1600 204 5),
1649 159 1745 193 venit
1784 161 1935 197 obviam.
1996 161 2110 199 Maria

1125 208 1221 240 domi
1251 209 1365 249 sedet,
1404 220 1467 242 nec
1496 209 1564 243 exit
1594 210 1734 244 obviam
1759 212 1965 257 priusquam
1988 225 2111 248 evoca-

1124 265 1232 292 retur.

1183 330 1368 375 Domine,
1397 333 1433 367 si
1447 333 1590 382 fuisses
1615 333 1692 378 laic,
1718 337 1846 384 sraler
1867 349 1966 373 meus
1991 343 2052 376 etc.

1226 399 1330 442 Quod
1356 401 1398 434 ad
1417 400 1522 437 Rom.
1539 401 1582 436 X.
1600 402 1648 437 ait
1666 402 1811 438 Paulus:
1840 405 2029 448 Quomodo
2054 409 2109 442 in-

1123 451 1299 485 vocabunt
1330 452 1366 484 in
1403 464 1506 497 quem
1536 464 1609 485 non
1636 455 1879 497 crediderunt,
1921 465 1953 491 et
1980 457 2107 493 Matth.

1122 500 1239 536 XXI.:
1274 499 1428 543 Omnia,
1462 514 1691 549 quaecunque
1713 506 1903 553 petieritis,
1930 510 2109 544 credentes

1123 552 1317 596 accipietis;
1346 553 1407 598 qui
1425 554 1491 586 loci
1509 555 1655 603 docent,
1685 562 1719 589 et
1744 557 1827 601 quid
1852 559 1964 592 oratio
1988 560 2049 598 sit,
2076 568 2108 595 et

1123 603 1301 648 quomodo
1333 604 1376 637 sit
1403 605 1588 637 orandum.
1650 605 1809 641 Primum
1841 608 1945 648 fides,
1986 610 2021 643 id
2048 619 2109 650 est,

1124 654 1360 698 praesumptio
1385 655 1646 689 misericordiae
1674 658 1783 700 patris
1810 656 1951 693 inchoat
1978 662 2108 695 oratio-

1122 717 1222 745 nem,
1245 717 1311 749 qua
1326 705 1394 738 fide
1408 703 1465 745 fit,
1492 712 1528 739 ut
1549 707 1685 748 credas,
1717 714 1750 741 te
1772 710 1928 742 exaudiri
1952 717 1983 744 et
1999 711 2107 757 impe-

1122 761 1295 788 traturum
1315 756 1481 801 quicquid
1499 768 1559 799 per
1583 757 1679 791 illius
1703 759 1850 801 gloriam
1876 762 2020 795 concedi
2045 775 2108 807 po-

1121 812 1195 839 test.
1250 805 1333 839 Ideo
1354 804 1512 847 Martha,
1537 815 1628 840 certa
1653 810 1746 853 quod
1765 807 1925 844 Christus
1948 812 2109 847 dilexerit

1122 855 1289 889 Lazarum
1303 881 1311 894 ‚
1337 857 1463 890 fiducia
1481 857 1554 890 eius
1568 860 1698 891 amoris
1715 860 1848 904 inquit:
1878 862 2049 902 Domine,
2080 865 2108 897 si

1121 907 1244 940 fuisses
1262 905 1338 948 hic,
1367 908 1475 941 frater
1491 920 1590 941 meus
1608 920 1681 942 non
1699 910 1819 944 fuisset
1841 920 2017 954 mortuus3
2047 927 2108 947 ne-

1121 969 1188 1002 que
1205 970 1285 991 vero
1303 958 1337 990 in
1358 956 1423 991 hoc
1441 958 1618 999 subsistit,
1644 961 1703 992 sed
1721 962 1880 996 subiicit:
1909 962 1990 997 Scio
2009 965 2108 1009 quic-

1121 1008 1206 1052 quid
1230 1009 1385 1053 petieris:
1423 1009 1521 1054 quasi
1537 1009 1585 1042 sic
1601 1010 1748 1044 diceret:
1782 1011 1995 1058 Quanquam
2015 1028 2110 1049 mor-

1121 1067 1200 1092 tuus
1221 1060 1283 1098 sit,
1320 1066 1435 1092 tamen
1460 1072 1532 1093 non
1559 1061 1682 1094 dubito
1705 1062 1790 1106 quin
1817 1064 1965 1097 excitare
1989 1067 2111 1109 possis,

1120 1122 1234 1155 neque
1248 1110 1330 1144 item
1349 1111 1474 1144 dubito
1492 1110 1579 1155 quin
1598 1112 1703 1153 velis,
1730 1112 1848 1156 diligis
1865 1114 1972 1150 enim.

1169 1190 1350 1238 Resurget
1380 1192 1508 1240 frater
1542 1197 1635 1229 tuus.

1707 1192 1791 1228 Scio
1825 1196 1915 1243 quia
1951 1204 2110 1244 resurget

1222 1243 1419 1278 novissimo
1454 1242 1522 1279 die.

1222 1310 1391 1344 Nondum
1416 1311 1521 1344 sentit
1539 1309 1700 1351 Martha,
1736 1324 1770 1346 se
1799 1316 1998 1350 exauditam
2024 1329 2110 1360 esse,

1119 1362 1279 1394 nondum
1296 1361 1411 1405 coepit
1428 1362 1574 1394 verbum
1587 1360 1670 1395 hoc:
1698 1362 1872 1409 Resurget
1887 1367 1995 1401 frater
2012 1375 2109 1410 tuus3

1120 1412 1179 1445 sed
1204 1412 1360 1449 laborat,
1402 1412 1470 1443 iam
1503 1409 1594 1444 nihil
1625 1419 1702 1445 utra
1735 1426 1958 1449 communem
1981 1425 2110 1452 sortem

1122 1463 1273 1496 aliorum
1295 1469 1495 1506 expectans,
1523 1462 1611 1496 sicut
1628 1463 1715 1497 solet
1733 1464 1934 1500 infidelitas.
1989 1467 2108 1502 Achas

1119 1512 1242 1546 Esaiae
1259 1511 1358 1553 VII„
1393 1525 1471 1546 cum
1498 1513 1670 1556 promittit
1687 1514 1717 1547 ei
1736 1516 1903 1550 dominus
1927 1520 2112 1561 auxilium,

1120 1575 1192 1596 non
1217 1563 1334 1603 audit,
1369 1574 1499 1606 negans
1522 1574 1556 1596 se
1581 1570 1795 1598 tentaturum
1817 1567 2023 1610 dominum,
2051 1571 2110 1603 sed

1120 1614 1171 1647 uti
1197 1614 1308 1658 pergit
1332 1611 1488 1647 humano
1512 1614 1660 1656 auxilio,
1693 1616 1774 1661 quia
1802 1615 1893 1650 nihil
1913 1630 2016 1662 supra
2035 1633 2112 1654 sor-

1121 1673 1190 1699 tem
1209 1676 1430 1698 communem
1455 1666 1665 1707 expectabat.
1719 1664 1872 1701 Econtra
1889 1667 2002 1703 David
2024 1683 2111 1704 con-

1090 1744 1093 1756 ,
1121 1726 1302 1759 gressurus
1324 1727 1401 1748 cum
1426 1714 1575 1756 Goliad‚
1614 1719 1874 1760 commeminit,
1908 1721 1993 1765 quid
2019 1723 2111 1756 acci-

1091 1767 1093 1801 i
1122 1768 1212 1801 derit
1239 1767 1269 1799 ei
1294 1773 1395 1800 antea
1419 1772 1556 1809 praeter
1581 1779 1802 1802 communem
1826 1777 1973 1812 sortem,
2003 1785 2110 1817 quare

1091 1831 1093 1863 :¹
1121 1830 1216 1852 nunc
1234 1818 1338 1852 etiam
1356 1817 1528 1858 confidat,
1558 1829 1660 1862 supra
1677 1818 1707 1860 6)
1732 1826 1892 1854 naturam
1917 1823 2025 1857 affore
2046 1825 2111 1857 do-

1091 1882 1092 1889 *
1120 1881 1269 1902 minum.

78 1936 175 1968 nent,
204 1929 307 1962 etiam
324 1929 360 1961 in
379 1928 494 1962 media
511 1935 622 1961 morte
638 1928 823 1962 dominum
836 1934 972 1972 praesto
986 1939 1068 1961 esse.
1311 1940 1398 1988 Ego
1425 1954 1505 1976 sum
1536 1945 1746 1978 resurrectio
1776 1951 1805 1980 et
1830 1947 1916 1983 Vim.

255 2011 403 2045 Eamus
430 2016 461 2045 et
489 2024 574 2053 nos,
611 2017 648 2046 ut
674 2012 890 2047 moriamur,
1091 2048 1093 2072 ἶ
1225 2008 1263 2042 Id
1284 2016 1351 2049 est,
1379 2009 1600 2055 ubicunque,
1629 2013 1913 2059 quandocunque
1931 2027 1992 2059 ego
2010 2028 2110 2060 prae..

1092 2073 1093 2098 ι
1120 2067 1172 2094 sto
1190 2061 1286 2100 sum,
1313 2060 1383 2094 vita
1404 2067 1435 2094 et
1451 2063 1659 2095 resurrectio
1677 2071 1809 2107 regnat.
1859 2065 2045 2110 Propterea
2066 2080 2110 2101 ne

166 2080 265 2115 Sicut
281 2079 376 2114 Petri
394 2079 537 2112 audacia
556 2086 587 2112 et
604 2080 739 2123 lapsus,
768 2081 815 2113 ita
833 2087 866 2113 et
882 2078 989 2113 huius
1005 2092 1067 2114 au-
1185 2112 1191 2118 ,
1692 2114 1700 2120 ,
1726 2115 1734 2121 ,
1977 2117 1984 2124 ,

79 2133 177 2168 dacia
204 2130 269 2165 hoc
294 2130 369 2163 loco
388 2137 422 2163 et
438 2130 667 2163 incredulitas
685 2131 775 2163 infra
797 2127 1000 2174 exhibetur,
1029 2139 1067 2165 ut
1090 2126 1094 2136 ³
1121 2113 1162 2144 ad
1183 2112 1271 2144 'und
1290 2117 1426 2145 tantum
1447 2119 1584 2156 tempus
1610 2125 1791 2157 respmms‘
1820 2113 1888 2149 huc
1913 2124 2028 2160 P⁰t¹¹¹⁵
2052 2130 2107 2151 ΓΟ·

1092 2172 1093 2198 3
1120 2163 1172 2195 fer
1201 2162 1341 2203 oculos,
1382 2164 1424 2195 ad
1452 2175 1525 2203 me,
1570 2165 1685 2207 quoad
1718 2172 1862 2199 eventus
1893 2179 2108 2209 communes,

79 2185 272 2221 discamus,
316 2193 388 2214 non
421 2192 491 2214 esse
519 2188 719 2214 nostrarum
754 2180 882 2214 virium
916 2183 1094 2226 crederes,

78 2234 137 2269 Sic
159 2241 191 2267 et
214 2235 249 2267 2.
268 2231 349 2265 Cor.
367 2230 445 2266 1v.:
474 2230 520 2265 Ut
543 2232 587 2264 sit
612 2231 809 2265 sublimitas
833 2231 973 2266 virtutis
989 2232 1066 2273 Dei,
1091 2231 1094 2255 ¹
1121 2215 1235 2258 quoad
1254 2224 1352 2246 “³⁵⁰⁵
1367 2220 1604 2246 creaturarum
1623 2216 1834 2251 confidem&
1888 2217 1967 2251 N⁰¹¹
1989 2220 2108 2252 Vide-5?

79 2298 150 2319 non
177 2297 216 2318 ex
243 2283 359 2316 nobis·
415 2281 523 2316 Mum
541 2294 579 2315 ex
597 2281 734 2316 Iudaeis
779 2282 802 2316 i·
822 2295 849 2317 e·
868 2283 928 2328 qui
945 2295 1067 2317 omnes
1091 2256 1094 2300 l
1122 2263 1181 2297 Me
1199 2265 1296 2304 vide,
1326 2264 1386 2309 qui
1411 2265 1618 2298 resurrectio
1642 2276 1736 2304 sum,
1766 2266 1859 2301 iuxta
1886 2268 1974 2302 illud
1994 2268 2107 2303 Oseae

746 2309 754 2323 '
1119 2313 1231 2349 VIIL:
1260 2313 1333 2348 Ero
1352 2326 1446 2347 mors
1463 2321 1540 2355 tua,
1568 2328 1588 2347 o
1606 2327 1700 2348 mors
1716 2323 1778 2350 etc.

78 2336 309 2371 testificantur
326 2335 369 2367 de
386 2333 490 2368 facto.

263 2416 427 2454 fissuram
451 2430 552 2464 ergo,
591 2421 628 2451 ul
650 2414 793 2451 audin-l
819 2422 880 2452 etc.
1231 2396 1308 2445 Qui
1334 2395 1444 2431 credit
1473 2398 1511 2431 in
1540 2410 1610 2439 me,
1646 2399 1795 2434 etiamsi
1820 2407 1995 2439 mortuus.

1221 2465 1411 2509 Quomodo
1436 2472 1550 2499 autem
1575 2468 1783 2501 resurrectio
1807 2475 1839 2502 et
1863 2471 1932 2503 vita
1949 2471 2022 2515 ipse
2041 2485 2104 2506 no-

182 2487 280 2523 Smm
303 2500 339 2520 m
359 2485 554 2530 Evangeho
580 2485 695 2519 Lucae
719 2486 951 2520 conseruntur
967 2486 1065 2520 Mar*
1118 2518 1173 2551 bis
1189 2518 1264 2558 fiat,
1291 2517 1334 2549 iis
1359 2516 1475 2549 verbis
1500 2517 1647 2550 indicat:
1683 2517 1753 2561 Qui
1784 2521 1893 2555 credit
1913 2522 1949 2554 in
1967 2535 2039 2563 me;
2069 2524 2105 2558 id

79 2538 139 2575 tha
164 2547 196 2573 et
221 2537 355 2578 Maria,
383 2538 428 2571 ita
454 2536 510 2571 hic
533 2549 673 2583 quoque
697 2534 839 2571 Martha
863 2550 1066 2582 repraesen-

1152 2651 1184 2680 ὃ)
1204 2651 1270 2675 Tub.
1290 2651 1384 2676 vitam
1401 2651 1428 2674 et
1447 2656 1571 2681 operam.

1414 2684 1493 2720 72*

114 2657 144 2684 4)
164 2657 217 2682 Dei
235 2654 410 2680 desideratur
429 2653 455 2678 in
475 2653 540 2678 edit.
559 2655 651 2679 secer.
1633 2671 1636 2675 -
1675 2651 1707 2680 6)
1724 2652 1789 2678 Tub.
1809 2656 1920 2679 contra.
