2409 2915
121 126 194 164 649
370 126 452 164 XII.

123 213 292 259 hospitia,
331 226 413 258 pace
443 225 503 247 seu
532 212 787 257 tranquillitate
813 212 976 256 publica,
1021 224 1106 246 con-

122 266 291 299 tractibus
303 273 376 306 etc.‚
402 264 696 309 quemadmodum
714 263 873 296 videmus
887 261 977 297 hanc
994 271 1105 298 exter-

122 328 204 349 nam
232 323 264 350 et
297 315 510 359 corporalem
535 313 642 346 vitam
677 313 833 357 indigere
868 314 1104 357 plurimorum

123 364 308 400 hominum
328 378 407 409 ope,
435 364 574 404 officiis,
601 364 733 407 operis,
760 371 792 398 et
810 365 1004 408 praesidiis.

223 433 293 467 Nec
319 439 366 465 est
390 431 460 464 ulla
485 429 637 463 humana
663 432 833 475 sapientia
864 439 895 466 et
924 433 1105 476 diligentia

124 491 236 524 tanta,
260 495 346 528 quae
363 482 444 515 satis
461 482 656 524 intelligere
672 494 710 515 ac
727 483 925 530 prospicere
938 511 946 524 ‚
974 484 1104 517 nedum

124 533 238 579 eloqui
255 533 380 577 possit,
406 539 489 577 quot
508 539 538 565 et
558 544 661 577 quam
680 533 828 566 diversis
853 534 957 567 rebus
980 535 1024 567 ad
1051 546 1106 567 re-

124 584 301 619 tinendam
326 589 359 616 et
389 584 554 617 tuendam
587 584 694 616 vitam
728 596 915 627 corporum
942 596 1029 628 opus
1052 585 1106 618 sit.

123 634 200 668 Non
219 633 311 666 enim
334 634 401 666 iam
429 633 614 666 declamito
640 634 682 666 de
707 635 810 667 rebus
836 635 925 667 vitae
951 647 1021 667 non
1044 647 1105 667 ne-

122 684 294 721 cessariis,
317 691 354 717 ut
374 685 416 716 de
433 696 504 717 non
524 685 726 717 necessariis
743 686 984 729 apparatibus,
1005 698 1105 729 pom-

121 735 176 779 pis
196 741 226 767 et
249 734 532 778 profusionibus,
561 736 603 767 de
629 735 756 779 quibus
785 733 876 768 hanc
901 737 1104 779 petitionem

121 785 266 818 minime
285 786 450 818 convenit
475 786 645 827 intelligi,
677 797 765 830 quae
789 793 923 819 tantum
949 787 1106 831 loquitur

121 836 164 869 de
181 836 346 869 omnibus
364 837 466 869 bonis
485 835 726 880 corporalibus
753 837 954 870 necessariis
982 838 1016 869 in
1042 835 1104 869 hac

120 887 202 921 vita.

220 944 315 979 Haec
333 947 438 989 igitur
458 946 662 991 quotidiana
679 954 711 980 et
728 948 917 980 necessaria
929 946 1106 987 beneficia,

119 998 233 1042 quoad
254 998 327 1029 eius
351 997 423 1029 fieri
444 1004 565 1040 potest,
591 998 708 1029 omnia
728 998 871 1031 veniant
889 998 924 1030 in
944 1005 1106 1036 mentem,

120 1060 159 1081 ac
182 1048 219 1080 in
242 1055 431 1095 conspectu
449 1048 518 1081 sint
533 1048 761 1081 recitantibus
777 1046 867 1081 hanc
885 1049 1104 1092 petitionem:

119 1097 224 1132 Pater
256 1104 374 1130 noster
405 1098 463 1142 qui
498 1110 532 1130 es
565 1098 601 1130 in
636 1099 759 1137 coelis,
795 1111 920 1142 panem
946 1105 1104 1131 nostrum

119 1149 366 1193 quotidianum
392 1150 434 1180 da
460 1149 562 1181 nobis
587 1146 710 1187 hodie,
744 1146 809 1181 hoe
834 1156 904 1189 est,
938 1150 980 1181 da
1003 1149 1105 1181 nobis

119 1199 239 1232 omnia
258 1199 414 1242 corporis
431 1199 631 1238 commoda,
657 1206 810 1233 sustenta
827 1206 860 1232 et
878 1211 1025 1243 proroga
1042 1211 1107 1231 no-

120 1250 174 1282 bis
190 1249 316 1288 vitam,
341 1250 383 1281 da
403 1249 505 1281 nobis
522 1249 650 1281 bonam
669 1249 926 1290 valetudinem,
954 1257 990 1282 nt
1008 1250 1106 1282 labo-

118 1311 173 1332 res
190 1299 412 1332 vocationum
432 1299 583 1342 perferre
602 1299 791 1341 possimus,
818 1300 860 1331 da
879 1301 1009 1332 victum
1022 1323 1030 1337 ‚
1057 1300 1106 1332 ci-

119 1350 222 1389 bum,
257 1356 397 1392 potum,
430 1350 472 1381 da
497 1360 635 1391 pacem,
671 1349 882 1381 mediocrem
905 1349 1107 1394 tranquilli-

118 1406 242 1439 tatem,
277 1396 450 1445 hospitia,
474 1399 632 1441 polinas,
661 1399 845 1441 coniugia,
874 1401 1108 1438 oeconomias,

117 1457 156 1484 ut
180 1449 316 1482 soboles
344 1449 456 1481 foveri
473 1455 504 1482 et
521 1449 661 1481 educari
681 1449 810 1492 possit,
836 1457 977 1494 protege
994 1452 1107 1484 domi-

119 1500 218 1538 cilia,
247 1499 423 1542 tuguriola
442 1506 474 1532 et
491 1499 661 1542 oppidula
680 1507 797 1534 nostra
811 1527 821 1541 ,
846 1502 888 1535 da
907 1503 1109 1535 commodas

118 1557 355 1594 tempestates,
380 1550 653 1583 foecunditatem
676 1561 859 1593 agrorum,
884 1553 1019 1596 fruges,
1046 1564 1109 1585 an-

118 1613 269 1639 nonam,
298 1601 339 1633 da
365 1601 477 1633 bonos
499 1612 675 1634 successus
699 1602 735 1634 in
760 1603 884 1636 officiis
902 1603 1109 1642 vocationis,

117 1652 319 1685 felicitatem
346 1651 382 1683 in
407 1651 714 1684 administratione
738 1653 881 1696 politica
907 1660 938 1686 et
957 1665 1109 1686 oecono-

116 1703 226 1742 mica,
265 1712 442 1734 successus
475 1700 511 1733 in
544 1702 863 1735 communicatione
894 1715 1010 1736 rerum
1047 1715 1110 1750 per

118 1758 317 1787 contractus
342 1751 377 1783 in
399 1751 655 1793 negotiatione,
684 1753 719 1784 in
744 1753 883 1796 opificio
901 1765 996 1793 meo,
1025 1766 1109 1786 con-

119 1804 201 1837 cede
226 1801 344 1846 parvis
368 1801 454 1834 meis
479 1802 582 1844 longa
607 1809 639 1835 et
662 1803 775 1835 felicia
795 1803 885 1836 vitae
909 1804 1039 1847 spatia,
1066 1805 1108 1837 da

120 1854 212 1886 vires
238 1852 396 1896 corporis
422 1859 453 1885 et
479 1853 632 1895 vigorem
658 1853 900 1894 ingeniorum,
927 1866 998 1886 non
1016 1854 1110 1887 sinas

119 1904 158 1937 in
183 1901 238 1936 his
262 1903 466 1946 regionibus
494 1903 547 1935 vel
565 1902 745 1943 Turcicis,
773 1904 826 1936 vel
853 1904 1016 1938 civilibus
1034 1905 1109 1937 bel-

119 1955 181 1993 lis,
218 1954 272 1986 vel
299 1953 532 1986 seditionibus
559 1954 775 1986 barbaricam
802 1954 996 1988 vastitatem
1023 1955 1110 1995 fieri,

119 2005 268 2039 defende
286 2004 419 2037 casulas
437 2011 589 2044 nostras,
614 2016 657 2037 ne
676 2004 850 2037 incendiis
867 2011 927 2038 aut
943 2005 1021 2038 aliis
1038 2005 1108 2038 cla-

121 2055 226 2089 dibus
241 2061 398 2099 pereant.

222 2112 296 2145 llas
319 2121 351 2147 et
374 2113 505 2145 similes
529 2113 728 2156 corporales
748 2114 966 2148 necessitates
985 2114 1109 2147 memi-

122 2163 216 2197 neris
240 2163 304 2197 tibi
329 2175 409 2196 cum
428 2162 546 2196 animo
563 2170 624 2196 tuo
642 2164 915 2197 considerandas
931 2171 964 2198 et
981 2173 1108 2207 expen—

121 2215 255 2248 dendas
275 2225 346 2246 esse
366 2213 456 2245 veris
473 2214 677 2255 gemitibus,
704 2215 841 2258 quoties
857 2226 950 2247 oras:
977 2213 1108 2248 Panem

122 2272 282 2299 nostrum
316 2263 563 2308 quotidianum
593 2265 635 2295 da
669 2264 772 2297 nobis
795 2262 912 2297 bodie.
969 2264 1047 2307 Qua
1073 2265 1108 2298 in

123 2314 334 2359 cogitatione
377 2313 508 2346 multae
549 2313 796 2356 gravissimae,
846 2315 1109 2355 saluberrimae,

121 2365 334 2409 maximique
351 2364 519 2397 momenti
535 2363 716 2397 doctrinae
732 2364 793 2397 tibi
809 2365 1008 2406 discendae,
1036 2379 1108 2399 me-

122 2417 306 2457 ditandae,
333 2415 538 2459 intimisque
554 2415 713 2448 sensibus
729 2421 834 2448 erunt
850 2415 1055 2458 infigendae.

224 2482 312 2516 Nam
337 2482 454 2526 primo
478 2482 568 2516 dicat
594 2481 737 2526 aliquis:
767 2480 863 2524 Quid
884 2481 1009 2516 attinet
1025 2480 1109 2518 haec

121 2533 289 2569 beneficia
324 2539 458 2577 petere,
490 2545 568 2566 cum
593 2531 688 2565 Deus
722 2532 794 2576 ipse
818 2539 928 2573 taxet,
962 2542 1109 2575 accuset,

123 2591 157 2619 et
185 2581 370 2629 prohibeat
400 2583 660 2616 solicitudinem
694 2583 736 2615 de
771 2584 942 2623 crastino,
976 2595 1034 2617 seu
1066 2586 1108 2618 de

125 2636 296 2678 pascendo
327 2641 466 2674 ventre,
497 2635 540 2666 de
570 2634 683 2672 victu,
715 2634 813 2671 cibo,
848 2641 951 2677 potu,
986 2636 1106 2669 defen-

126 2685 240 2724 sione,
267 2692 300 2719 et
316 2684 394 2718 aliis
413 2684 502 2718 vitae
520 2684 739 2718 commodis?
793 2683 877 2719 ltem
895 2685 978 2729 quid
998 2687 1106 2730 prod-

504 121 892 163 ANNOTATIONES
917 123 984 161 ΕΤ
1009 120 1289 161 CONCIONES
1317 124 1366 161 IN
1393 123 1576 162 EVANG.
1603 126 1880 164 MATTHAEI.

2062 129 2136 165 650

1157 217 1208 245 est
1231 211 1378 255 petitio?
1414 223 1492 245 cum
1518 211 1613 246 Deus
1637 224 1700 246 nos
1727 213 1811 248 velit
1834 213 1963 257 affligi,
1999 222 2137 262 paratos

1158 273 1230 295 esse
1255 262 1298 294 ad
1322 262 1500 295 serendam
1517 269 1774 306 paupertatem,
1802 271 1835 298 et
1858 265 1984 298 offerre
2010 277 2074 298 nos
2095 266 2138 298 ad

1157 311 1392 346 obedientiam
1412 312 1449 344 in
1467 313 1656 345 tolerandis
1671 315 1849 347 adversis?
1885 314 1990 354 ltem,
2017 314 2139 349 Evan-

1158 363 1288 407 gelium
1307 363 1402 396 iubet
1421 375 1586 407 quaerere
1603 370 1779 397 aeternam
1796 366 1921 405 vitam,
1949 379 2020 399 non
2041 378 2139 410 prae-

1158 414 1268 447 sentia
1287 420 1316 446 et
1335 413 1528 458 corporalia
1548 415 1650 448 bona.
1711 415 1818 455 Item,
1852 417 1953 451 multi
1979 419 2141 451 doctores

1159 464 1371 511 scripserunt
1385 491 1392 503 ,
1419 463 1494 497 Deo
1514 462 1597 497 haec
1615 477 1686 497 non
1704 477 1775 498 csse
1792 477 1911 507 curae,
1937 480 1999 501 nec
2016 469 2051 500 in
2068 467 2140 500 usi-

1158 522 1226 548 tata
1251 515 1451 558 precatione
1478 515 1746 558 intelligendum
1769 527 1841 549 esse
1867 529 1991 560 panem
2015 530 2141 562 corpo-

1158 566 1264 599 ralem
1284 577 1342 598 seu
1362 565 1453 598 bona
1472 566 1649 608 corporis,
1677 567 1735 599 sed
1754 568 1970 600 contendunt
1994 580 2068 600 eam
2089 569 2141 601 lo—

1158 616 1218 661 qui
1246 617 1288 648 de
1311 616 1517 649 coelestibus
1539 623 1570 649 et
1597 617 1744 650 aeternis
1769 618 1881 652 bonis.
1943 618 1996 651 Ad
2025 618 2142 651 istius-

1159 666 1254 699 modi
1278 666 1564 699 ratiocinationes
1581 673 1611 699 et
1628 667 1859 707 obiectiones,
1888 680 1975 712 quae
1990 668 2142 701 cordatis

1159 717 1324 750 omnibus
1349 714 1441 749 haud
1469 717 1576 749 dubie
1601 718 1749 751 veniunt
1775 719 1810 750 in
1838 726 2009 759 mentem,
2053 716 2142 751 hanc

1158 767 1422 811 responsionem
1445 767 1633 809 diligenter
1659 768 1862 812 observare,
1898 776 1988 802 recte
2012 769 2142 801 intelli—

1159 830 1237 860 gere
1249 845 1258 858 ,
1277 825 1380 862 atque
1397 818 1485 850 bene
1503 818 1701 850 meminisse
1718 831 1842 861 operae
1858 820 2008 863 pretium
2023 819 2143 852 suerit:

1159 870 1201 901 de
1218 880 1284 913 qua
1301 868 1442 912 quidem
1468 868 1654 912 scriptores
1678 869 1899 903 ecclesiastici
1917 870 2016 903 valde
2035 880 2143 913 pauca

1160 920 1393 952 tradiderunt.

1545 1013 1754 1043 Responsio.

1261 1073 1435 1105 Aeternus
1455 1080 1488 1106 et
1506 1074 1729 1117 omnipotens
1745 1073 1841 1107 Deus
1856 1074 2035 1107 verissime
2060 1086 2145 1107 con-

1160 1122 1250 1156 didit
1269 1123 1372 1156 initio
1390 1135 1498 1166 genus
1516 1121 1710 1157 humanum
1723 1152 1732 1165 ,
1759 1125 1967 1157 admirando
1985 1125 2145 1164 consilio,

1161 1174 1389 1206 inenarrabili
1413 1175 1602 1218 sapientia,
1637 1182 1669 1208 et
1696 1175 1864 1208 immensa
1888 1176 2065 1214 bonitate,
2103 1176 2146 1208 ad

1161 1230 1336 1256 aeternam
1355 1224 1475 1265 vitam,
1502 1225 1683 1265 laetitiam,
1711 1232 1743 1258 et
1760 1226 2048 1259 consuetudinem
2068 1237 2147 1259 cum

1162 1274 1248 1316 ipso.
1299 1273 1395 1307 ldem
1421 1282 1497 1317 post
1522 1275 1656 1317 lapsum
1680 1273 1839 1308 homines
1864 1288 1927 1319 per
1950 1283 1983 1310 et
2007 1281 2149 1320 propter

1161 1324 1272 1356 filium
1299 1323 1495 1357 Dominum
1522 1332 1681 1358 nostrum
1709 1325 1823 1358 Iesum
1849 1324 2050 1367 Christum,
2092 1338 2149 1358 re-

1163 1377 1316 1414 demtos,
1358 1383 1389 1407 et
1415 1375 1449 1406 in
1476 1375 1622 1417 gratiam
1651 1382 1806 1418 receptos
1830 1388 1950 1409 rursus
1974 1376 2150 1409 revocavit

1163 1437 1203 1457 ex
1222 1432 1355 1467 morte,
1383 1437 1420 1457 ac
1437 1425 1587 1458 restituit
1611 1427 1653 1457 ad
1675 1426 1800 1465 vitam,
1828 1426 1996 1459 iustitiam
2020 1433 2051 1459 et
2075 1426 2150 1469 glo-

1163 1476 1251 1508 riam
1277 1483 1474 1516 aeternam,
1502 1477 1668 1520 deditque
1689 1477 1938 1520 promissiones
1962 1478 2004 1509 de
2028 1476 2151 1510 remis—

1163 1526 1261 1559 sione
1288 1533 1527 1569 peccatorum,
1562 1527 1784 1561 restitutione
1809 1528 1946 1567 salutis,
1987 1539 2151 1560 consum·-

1163 1576 1320 1609 matione
1344 1576 1516 1617 iustitiae,
1548 1588 1587 1610 ac
1605 1577 1811 1610 coelestibus
1830 1585 1861 1611 et
1877 1578 2027 1611 aeternis
2045 1578 2152 1611 bene-

1163 1627 1261 1661 ficiis.
1310 1625 1406 1660 Haec
1423 1639 1495 1660 esse
1511 1627 1689 1661 verissima
1702 1655 1710 1669 ,
1737 1628 1937 1661 assensione
1954 1627 2152 1660 firmissima

1163 1683 1367 1710 statuamus.

1268 1726 1413 1760 Necesse
1432 1734 1481 1760 est
1497 1734 1612 1761 autem
1627 1754 1636 1768 ,
1663 1728 1752 1761 utin
1772 1727 1835 1761 hac
1860 1728 1929 1761 vita
1952 1736 2031 1762 ante
2056 1740 2151 1762 mor-

1164 1784 1233 1810 tem
1258 1777 1475 1821 corporalem
1499 1778 1556 1811 fiat
1580 1778 1761 1812 conversio
1785 1780 1827 1811 ad
1849 1778 1982 1819 Deum,
2032 1786 2064 1812 ct
2095 1779 2152 1811 in-

1166 1825 1341 1861 choentur
1359 1840 1396 1860 ac
1416 1836 1569 1862 crescant
1586 1840 1664 1861 vera
1682 1829 1784 1869 fides,
1819 1841 1900 1862 vera
1924 1829 2057 1872 agnitio
2074 1828 2151 1867 Dei,

1164 1878 1372 1918 vivificatio,
1399 1879 1594 1911 consolatio
1619 1885 1651 1911 et
1674 1879 1887 1913 ohedientia.
1948 1879 2035 1913 Vult
2058 1880 2151 1912 enim

1163 1926 1278 1967 Deus,
1314 1935 1353 1961 ut
1378 1928 1414 1960 in
1439 1925 1504 1961 hac
1530 1929 1655 1961 misera
1681 1940 1809 1969 massa,
1843 1929 1885 1962 sit
1908 1935 1941 1962 et
1969 1930 2155 1973 colligatur

1163 1985 1303 2012 aeterna
1328 1976 1483 2011 Ecclesia
1513 1979 1549 2011 in
1583 1977 1649 2011 hoc
1679 1987 1826 2022 angusto
1856 1979 2033 2013 curriculo
2065 1981 2154 2014 vitae

1164 2029 1334 2062 mortalis,
1389 2028 1440 2061 Ac
1461 2029 1527 2062 nisi
1550 2030 1586 2061 in
1614 2031 1784 2072 praesenti
1812 2030 1882 2064 vita
1908 2027 1990 2063 baec
2012 2031 2154 2064 divinae

1165 2079 1270 2118 lucis,
1296 2079 1509 2122 sapit-ntiae,
1540 2081 1789 2113 consolationis
1813 2088 1846 2114 et
1869 2081 2035 2115 novitatis
2052 2081 2153 2114 initia

1164 2130 1235 2162 sint
1258 2129 1293 2161 in
1318 2130 1420 2161 nobis
1439 2142 1598 2169 accensa,
1627 2131 1756 2175 quibus
1781 2132 1822 2163 ad
1849 2138 2026 2164 aeternam
2052 2129 2154 2164 scho-

1165 2181 1231 2212 lam
1251 2191 1517 2223 praeparamur,
1544 2193 1616 2213 non
1633 2182 1697 2214 erit
1716 2189 1831 2228 postea
1850 2181 1952 2213 nobis
1969 2181 2085 2215 aditus
2109 2183 2151 2214 ad

1164 2230 1347 2263 coelestem
1372 2228 1583 2271 Ecclesiam,
1616 2244 1704 2276 quae
1728 2231 1791 2264 Dei
1824 2237 2034 2274 conspectu,
2069 2244 2153 2264 con-

1164 2281 1368 2321 suetudine,
1409 2282 1579 2325 sapientia
1602 2290 1633 2315 et
1661 2282 1816 2315 bonitate
1841 2283 1926 2314 laeta
1952 2283 2090 2315 fruetur
2117 2283 2152 2314 iu

1163 2331 1260 2363 omni
1278 2332 1491 2365 aeternitate.
1547 2332 1646 2373 Quae
1665 2339 1702 2364 ut
1723 2344 1819 2371 vera,
1847 2339 1938 2365 certa
1960 2339 1990 2365 et
2010 2333 2153 2366 immota

1163 2389 1264 2421 sunt,
1291 2382 1337 2415 ita
1357 2394 1500 2427 prorsus
1521 2390 1569 2415 est
1589 2383 1820 2415 necessarium
1839 2395 1875 2415 ea
1895 2383 2045 2422 discere,
2081 2395 2154 2415 me-

1163 2432 1322 2473 minisse,
1361 2445 1399 2465 ac
1424 2432 1621 2465 firmissima
1649 2433 1716 2465 fide
1741 2433 1913 2476 amplecti.
1981 2432 2047 2466 Hic
2072 2444 2151 2476 ergo

1162 2484 1307 2517 teneatis
1331 2483 1482 2522 dictum,
1520 2484 1615 2527 quod
1639 2484 1803 2516 omnibus
1832 2483 2054 2516 notissimum
2081 2496 2153 2517 esse

1162 2534 1337 2576 oportuit,
1365 2533 1462 2566 Beati
1481 2533 1612 2567 mortui
1628 2534 1687 2578 qui
1709 2535 1743 2566 iu
1764 2532 1918 2567 Domino
1937 2534 2152 2573 moriuntur,

1162 2581 1228 2617 hoc
1247 2592 1317 2623 est,
1345 2584 1404 2628 qui
1428 2591 1612 2628 antequam
1639 2582 1720 2617 lniuc
1743 2585 1970 2622 decederent,
1999 2596 2152 2628 agnove-

1161 2642 1243 2668 runt
1253 2635 1465 2675 Dominum,
1493 2635 1578 2667 etin
1598 2635 1663 2666 fide
1681 2648 1718 2667 ac
1736 2647 1813 2667 vera
1832 2634 2055 2668 invocatione
2073 2648 2151 2678 per-

1161 2692 1376 2725 severantes‚
1413 2685 1447 2717 in
1479 2682 1542 2717 liae
1569 2685 1637 2717 xita
1667 2697 1701 2717 se
1725 2686 1795 2717 filio
1818 2685 1879 2719 Dei
1901 2685 2054 2719 Domino
2074 2685 2150 2719 Iesu
