2409 2915
122 112 168 146 61
542 111 586 146 X.
637 108 938 145 EXPLICATIO
975 108 1384 147 PROVERBIORUM
1421 111 1721 151 SALOMONlS.
2095 121 2142 157 62

122 196 265 242 quidem
296 197 438 230 ordinat
468 207 556 231 eam.
615 194 776 229 Primum
802 195 900 230 iubet
922 194 998 229 Deo
1021 196 1104 230 obe-

120 247 217 287 dire,
251 254 284 281 et
308 248 436 281 deinde
459 247 552 289 regi,
578 246 660 291 quia
686 247 839 290 primum
864 247 1018 280 officium
1045 253 1104 288 est,

121 298 225 331 etiam
251 298 389 342 politici
406 297 672 340 gubernatoris,
699 304 740 331 ut
757 297 830 342 ipse
847 298 893 331 sit
907 310 974 331 vox
992 297 1104 331 Deca-

120 349 210 392 logi,
236 356 271 383 et
285 348 408 393 puniat
426 347 598 381 violantes
612 346 840 391 Decalogum.
894 348 944 382 Ac
963 356 1105 392 propter

120 397 212 434 hanc
240 409 377 432 causam
409 399 632 443 praecipuam
657 397 752 432 Deus
776 399 923 433 subiecit
942 400 1102 433 multitu—

120 451 240 484 dinem
260 449 543 492 magistratibus,
571 449 654 494 quia
677 450 755 483 vult
773 450 931 483 exaudiri
949 457 981 483 et
999 450 1102 484 intel-

118 501 179 545 ligi
195 511 294 533 suam
308 500 418 543 legem
430 527 440 540 ,
466 507 505 534 ut
520 500 594 544 ipse
610 508 830 544 agnoscatur.
885 501 1004 534 Altera
1021 513 1102 534 cau-

117 563 152 585 sa
174 550 303 584 deinde
325 558 393 592 est,
419 550 471 584 Ne
495 551 641 585 societas
660 552 798 595 generis
812 551 962 584 humani
981 552 1102 584 infmi-

114 601 161 635 tis
186 601 403 635 >tumultibus
435 601 636 646 dissipetur.
697 601 821 636 Sanxit
850 610 965 636 autem
997 601 1102 644 Deus,

115 659 155 687 ut
175 659 320 696 propter
342 653 456 696 ipsum
472 653 696 694 obediamus,
722 660 755 687 et
773 653 923 686 sciamus
939 666 1018 687 eum
1037 665 1101 697 pu—

114 704 192 736 nire
211 710 445 737 contumaces.
499 702 740 738 Circumdedit
759 704 861 737 etiam
880 712 986 738 metas
1003 712 1101 749 pote-

114 754 214 795 stati,
250 766 295 786 ne
328 754 519 798 praecipiat
550 755 725 788 contraria
755 755 929 788 mandatis
960 755 1100 789 divinis.

114 804 197 838 ldeo
222 805 320 849 prius
346 803 404 838 hic
429 806 576 840 dicitur:
611 805 715 839 Time
737 805 863 839 Deum.
925 805 1043 849 Quare
1068 813 1100 839 et

113 853 366 900 Apostolorum
390 856 508 900 regula
534 854 592 890 hic
616 854 943 900 comprehenditur:
981 854 1100 900 Opor-

111 914 160 941 tet
175 905 252 941 Deo
268 908 377 950 magis
394 907 540 940 obedire
557 919 662 953 quam
679 905 895 943 hominibus.

213 972 407 1017 Cogitanda
425 981 475 1008 est
490 980 605 1007 autem
623 972 689 1007 hoc
704 974 780 1007 loco
792 974 927 1017 integra
940 974 1099 1007 doctrina

112 1026 155 1059 de
185 1025 297 1058 causis
326 1025 462 1070 politici
493 1025 650 1065 ordinis,
686 1031 719 1058 et
749 1026 793 1058 de
829 1025 1101 1068 magistratibus,

111 1087 201 1122 quae
226 1074 380 1110 Roman.
408 1076 468 1109 13.
502 1083 534 1109 et
563 1076 649 1108 alibi
670 1075 845 1119 copiosius
869 1076 1013 1109 recitata
1039 1082 1099 1109 est.

111 1127 331 1161 Nominatim
364 1133 480 1160 autem
505 1123 563 1159 hic
587 1126 777 1170 praecipit,
813 1126 926 1159 citare
948 1124 1100 1159 seditio-

110 1189 190 1220 sos,
224 1178 288 1211 ubi
319 1188 457 1210 necesse
488 1183 538 1210 est
567 1177 605 1209 in
636 1177 916 1211 dissensionibus
940 1177 1101 1218 indicari,

111 1230 173 1274 qui
198 1229 269 1261 sint
295 1228 464 1261 seditiosi.
523 1226 569 1261 Et
589 1227 729 1260 facilior
753 1228 960 1261 diiudicatio
987 1235 1037 1262 est
1063 1228 1098 1260 in

111 1279 265 1323 politicis
292 1279 465 1322 negociis,
503 1278 584 1323 quia
615 1279 796 1311 ordinaria
822 1285 973 1322 potestas
996 1279 1099 1322 longe

110 1331 241 1364 eminet
258 1341 363 1373 supra
380 1329 668 1370 multitudinem,
695 1336 730 1362 et
745 1329 962 1374 conspicitur
978 1330 1098 1365 oculis.

210 1398 263 1431 Ac
285 1397 510 1430 manifestum
534 1403 601 1438 est,
629 1409 717 1442 quae
733 1397 804 1432 sint
822 1398 934 1431 officia
953 1398 1097 1431 ordina-

107 1450 180 1484 riae
204 1448 402 1493 potestatis,
437 1448 585 1482 scilicet:
615 1448 750 1482 Sonare
774 1461 895 1482 vocem
918 1447 1098 1492 Decalogi,

108 1508 142 1535 et
156 1500 284 1545 punire
302 1506 536 1534 contumaces.
591 1499 677 1533 Item
689 1526 698 1540 ‚
724 1501 885 1544 proprias
900 1500 991 1543 leges
1008 1500 1098 1533 ferre

108 1564 182 1586 non
210 1558 406 1595 pugnantes
431 1563 509 1583 cum
532 1548 731 1594 Decalogo,
767 1558 799 1585 et
823 1552 949 1595 punire
971 1558 1097 1584 contu-

107 1614 233 1637 maceS.
284 1602 391 1642 Item,
418 1613 576 1635 exercere
603 1601 753 1643 iudicia,
781 1609 814 1636 et
838 1603 930 1635 ferre
953 1609 1096 1635 senten-

107 1655 174 1688 tias
196 1653 292 1686 iuxta
317 1653 420 1695 leges.
474 1652 526 1685 Ac
547 1653 583 1685 in
610 1652 728 1685 dubiis
753 1653 857 1686 rebus
881 1654 999 1686 valent
1015 1665 1096 1686 sen-

106 1803 389 1848 magistratibus‚
417 1803 471 1835 cui
497 1803 573 1835 vult
589 1802 684 1836 Deus
707 1803 745 1835 in
763 1804 927 1836 civilibus
944 1804 1098 1845 negociis

107 1855 211 1889 etiam
242 1861 343 1888 antea
373 1853 492 1887 dubiis
515 1865 579 1886 nos
605 1853 762 1889 obedire.
822 1851 869 1887 Et
895 1854 975 1898 quia
1002 1853 1097 1886 Deus

105 1907 190 1940 alias
211 1906 269 1938 dat
288 1904 396 1948 magis
413 1904 550 1949 placida
567 1910 599 1937 et
617 1904 716 1938 mitia
735 1905 900 1948 imperia,
927 1905 1013 1937 alias
1030 1904 1096 1936 mi-

105 1969 191 1996 nus,
219 1955 295 1990 vult
312 1967 375 1989 nos
395 1956 497 1989 etiam
518 1956 688 2000 quaedam
708 1956 851 1988 duriora
871 1968 977 1988 onera
997 1956 1097 1996 serre,

105 2009 213 2042 modo
237 2007 308 2040 sint
334 2006 552 2047 tolerabilia,
579 2013 611 2040 et
633 2018 706 2039 non
729 2007 800 2040 sint
825 2014 958 2039 atroces
981 2013 1013 2039 et
1032 2019 1095 2039 no-

105 2059 216 2094 toriae
231 2058 400 2099 iniuriae,
428 2065 460 2091 et
476 2057 677 2091 obedientia
698 2069 769 2090 non
789 2057 832 2091 sit
851 2064 1044 2101 peccatum.

207 2124 262 2159 De
286 2122 342 2157 his
366 2123 485 2167 regula
499 2122 600 2156 Pauli
616 2124 769 2156 tenenda
788 2131 854 2157 est:
883 2122 1029 2156 Necesse
1047 2129 1096 2156 est

106 2176 269 2216 obedire,
295 2187 369 2208 non
385 2175 498 2207 solum
517 2181 660 2219 propter
679 2174 785 2215 iram,
814 2175 871 2208 sed
891 2174 994 2206 etiam
1016 2186 1096 2218 pro-

106 2235 184 2273 pter
214 2225 473 2259 conscientiam.
543 2224 692 2258 Peccant
717 2233 832 2259 autem
860 2232 1096 2264 contumaces,

106 2280 144 2312 id
173 2285 245 2321 cst,
280 2289 353 2310 non
385 2275 541 2309 volentes
568 2277 713 2308 obedire
738 2276 902 2319 legitimis
928 2275 1095 2319 imperiis,
1119 2275 1121 2307 ’ζ

106 2337 140 2364 et
161 2329 241 2374 plus
266 2335 411 2373 peccant
432 2326 610 2369 seditiosi,
636 2326 669 2358 id
696 2333 764 2367 est,
791 2327 852 2372 qui
881 2334 1002 2359 contra
1022 2339 1095 2358 ma-

106 2381 272 2424 gistratus
301 2377 549 2412 contumeliosi
581 2384 663 2410 sunt
696 2378 830 2418 verbis,
864 2384 924 2411 aut
956 2377 1015 2422 qui
1050 2377 1094 2417 vi,

105 2432 318 2466 factionibus
344 2436 377 2463 et
399 2429 506 2462 armis
530 2440 588 2461 eos
616 2435 774 2461 excutere
792 2435 977 2461 conantur.

107 2593 178 2626 est,
206 2584 266 2630 qui
293 2583 449 2626 gladium
477 2582 634 2624 stringit,
664 2594 736 2614 non
760 2583 881 2614 datum
907 2593 924 2612 a
950 2581 1095 2623 legibus,

107 2644 147 2670 ut
183 2635 364 2680 perierunt
405 2633 584 2673 Absalon,
624 2632 735 2673 Seba,
779 2631 956 2672 Adonim,
1000 2631 1095 2673 inab,

106 2686 265 2727 Cassius,
291 2684 442 2725 Brutus,
471 2690 506 2718 et
520 2683 582 2716 alii
601 2683 888 2717 innumerabiles.

107 1704 238 1738 tentiae
261 1715 333 1736 non
358 1703 471 1736 solum
497 1709 640 1747 propter
667 1704 886 1746 probabilem
911 1704 1096 1741 rationem,
1120 1710 1123 1728 ἒ
1150 1689 1263 1727 ἰ(ῙΟῙὸ’
1304 1688 1392 1718 sicut
1423 1686 1518 1718 Deus
1551 1688 1738 1730 Prflecepll·

107 1755 166 1788 sed
182 1754 288 1787 etiam
306 1761 450 1796 propter
463 1753 686 1786 autoritatem
703 1753 875 1786 divinitus
890 1754 1094 1786 attributam
1121 1766 1122 1771 ¹

1120 2014 1121 2019 ,
1150 1990 1249 2022 mitto
1274 2000 1345 2024 vos.

1031 2427 1095 2461 nis
1119 2413 1121 2459 ἶ

106 2495 255 2528 poenam
281 2479 348 2514 hoc
371 2481 448 2513 loco
476 2480 650 2518 minatur,
678 2480 765 2513 sicut
791 2487 821 2512 et
840 2478 1016 2512 Dominus
1041 2480 1094 2511 in-
1118 2499 1120 2501 ·

107 2535 200 2580 quit:
238 2532 309 2575 Qui
335 2531 491 2575 gladium
515 2531 704 2574 acceperit,
740 2531 856 2574 gladio
884 2530 1030 2573 peribit,
1060 2530 1092 2563 id
1118 2543 1121 2571 ρ

1119 2583 1120 2590 ’
1146 2593 1253 2613 nosor
1283 2581 1435 2614 instituit
1467 2580 1618 2618 cultum,
1652 2578 1830 2611 somnians
1855 2579 1898 2610 ad
1924 2580 2020 2622 regni
2047 2593 2132 2614 con-

1117 2681 1121 2720 ,ἶ
1147 2683 1296 2716 niarum.

1257 195 1327 230 Sed
1352 203 1474 231 contra
1499 199 1648 234 iniurias
1673 207 1804 234 atroces
1828 208 1861 235 et
1883 204 2040 237 notorias
2055 216 2139 238 con-

1155 258 1248 280 cessa
1275 254 1324 281 est
1348 248 1526 289 defensio,
1562 257 1601 283 ut
1626 251 1678 284 lex
1703 252 1828 296 scripta
1854 253 1891 286 in
1914 254 1950 288 ff.
1978 256 2139 289 concedit

1155 297 1304 331 interfici
1336 298 1528 332 Consulem
1558 299 1815 344 deprehensum
1846 304 1883 336 in
1914 305 2087 339 adulterio
2119 318 2138 339 a

1154 355 1252 392 patre
1266 349 1434 383 mulieris.
1488 348 1535 383 Et
1554 349 1690 384 Marius
1707 355 1853 387 absolvit
1872 356 2138 397 adolescentem,

1154 400 1216 444 qui
1233 399 1436 434 Tribunum
1461 401 1648 434 militarem
1669 403 1702 435 in
1725 405 1927 439 defensione
1945 407 2138 450 pudiciciae

1154 451 1341 486 interfecit.
1395 450 1600 485 Victorinus
1625 464 1759 496 praeses
1777 454 1989 490 Germaniae
2014 458 2050 490 in
2067 456 2139 491 Co—

1154 501 1250 534 lonia
1273 502 1471 546 Agrippina
1501 503 1703 537 interfectus
1737 513 1786 538 est
1819 517 1837 538 a
1872 507 2001 547 scriba,
2039 508 2137 541 cuius

1153 564 1298 585 uxorem
1320 561 1588 597 compresserat,
1617 567 1693 587 cum
1721 556 1853 600 alioqui
1873 557 1958 590 adeo
1974 557 2137 591 laudetur

1153 603 1228 636 eius
1247 603 1376 645 virtus,
1404 611 1442 637 ut
1459 605 1596 638 Nervae
1614 612 1646 638 et
1664 605 1819 639 Traiano
1838 607 2049 642 conseratur.

1253 661 1425 697 Concedit
1449 671 1563 697 autem
1583 663 1815 709 Evangelium
1841 667 1891 700 uti
1920 667 2056 709 legibus
2073 679 2138 711 po-

1153 713 1277 754 liticis,
1304 726 1381 747 cum
1407 715 1542 748 ratione
1568 717 1855 758 congruentibus,
1908 716 1981 750 Ιηιο
2007 718 2035 750 si
2058 718 2137 752 talis

1152 765 1309 797 defensio
1348 777 1421 798 non
1463 773 1548 799 esset
1586 779 1766 807 concessa,
1827 768 2138 802 transformaretur

1152 813 1384 857 Evangelium
1411 817 1448 848 in
1475 817 1670 850 doctrinam
1696 818 1890 860 politicam,
1918 827 1949 851 et
1967 819 2137 852 stabiliret

1153 866 1326 898 infinitam
1351 868 1587 910 tyrannidem.
1650 868 1717 902 Sed
1745 869 1786 902 de
1813 866 1875 901 hac
1900 869 2136 913 disputatione

1152 917 1236 949 alias
1253 916 1427 960 copiosius
1443 918 1582 950 dicitur.

1253 975 1322 1009 Sed
1353 976 1396 1008 de
1427 973 1702 1020 reprehensione
1737 989 1895 1010 errorum
1923 978 1958 1010 in
1983 977 2138 1011 Ecclesia

1152 1027 1333 1060 sciendum
1365 1033 1431 1066 est,
1466 1038 1687 1072 nequaquam
1712 1040 1853 1071 peccare
1879 1040 1954 1070 cos,
1991 1029 2051 1073 qui
2076 1030 2137 1061 ad-

1152 1084 1337 1110 versantur
1357 1076 1585 1125 Principibus
1610 1085 1641 1111 et
1659 1077 1841 1122 Episcopis
1865 1080 2137 1112 defendentibus

1152 1140 1298 1162 errores.
1359 1127 1505 1161 Necesse
1530 1135 1579 1162 est
1604 1130 1697 1161 enim
1721 1130 1863 1162 obedire
1888 1130 1962 1163 Deo
1988 1131 2024 1162 in
2052 1142 2136 1163 con—

1150 1179 1301 1212 fessione
1325 1179 1501 1219 veritatis,
1529 1180 1617 1213 sicut
1635 1178 1797 1223 Apostoli
1817 1181 1953 1214 dicunt:
1984 1180 2138 1225 Oportet

1151 1229 1226 1263 Deo
1252 1229 1360 1272 magis
1385 1230 1527 1262 obedire
1554 1243 1658 1274 quam
1684 1228 1901 1266 hominibus.
1964 1230 2068 1264 Item:
2099 1230 2137 1264 Si

1151 1282 1229 1326 quis
1254 1281 1393 1322 negabit
1417 1293 1472 1312 me
1490 1293 1606 1313 coram
1625 1279 1845 1322 hominibus,
1874 1283 2008 1325 negabo
2027 1288 2059 1314 et
2075 1293 2136 1324 ego

1150 1344 1230 1364 eum
1263 1344 1378 1364 coram
1414 1338 1510 1374 patre
1538 1344 1614 1364 meo
1640 1333 1791 1368 coelesti.
1855 1332 1959 1366 ltem:
1995 1332 2032 1366 Si
2059 1333 2137 1377 quis

1151 1383 1276 1415 dixerit
1312 1380 1565 1425 blasphemiam
1606 1390 1726 1415 contra
1759 1383 1931 1427 Spiritum
1966 1389 2136 1417 sanctum.

1151 1445 1223 1467 non
1244 1433 1443 1466 remittetur
1468 1433 1512 1467 ei.
1569 1433 1672 1466 Item:
1701 1433 1740 1467 Si
1762 1435 1840 1478 quis
1858 1434 1953 1468 aliud
1971 1433 2135 1476 Evange-

1149 1485 1236 1518 lium
1269 1485 1390 1524 docet,
1434 1481 1619 1517 anatliema
1651 1485 1705 1520 sit.
1765 1484 1830 1517 His
1863 1484 2039 1518 mandatis
2072 1483 2137 1517 Dei

1149 1535 1394 1569 confirmemus
1422 1547 1485 1568 nos
1513 1542 1633 1568 contra
1661 1536 1828 1569 clamores
1845 1535 1983 1579 Regum
2001 1542 2033 1568 et
2049 1534 2137 1579 Epi-

1149 1598 1357 1630 scoporum,
1392 1586 1453 1631 qui
1487 1587 1726 1621 vociferantur
1757 1599 1820 1621 nos
1850 1587 2032 1620 seditiosos
2055 1597 2139 1626 esse,

1149 1638 1231 1683 quia
1263 1638 1422 1670 docendo
1455 1644 1487 1670 et
1519 1639 1737 1670 confessione
1766 1646 1923 1672 taxamus
1947 1648 2081 1670 errores
2104 1643 2138 1669 et

1817 1687 1978 1720 Sciamus
2009 1694 2136 1727 antem,

1150 1737 1329 1769 ministros
1343 1734 1530 1778 Evangelii
1557 1749 1628 1768 non
1655 1748 1773 1778 gerere
1798 1738 1973 1778 gladium,
2002 1743 2033 1769 ct
2058 1749 2135 1769 cum

1148 1788 1198 1820 illi
1229 1787 1289 1831 qni
1323 1793 1444 1819 tenent
1472 1787 1689 1819 ordinariam
1718 1793 1942 1829 potestatem,
1977 1794 2136 1820 exercent

1148 1837 1348 1876 saevitiam,
1388 1837 1534 1869 iniurias
1568 1838 1767 1871 tolerandas
1798 1849 1888 1878 esse,
1923 1837 2016 1870 iuxta
2050 1835 2134 1870 haec

1148 1889 1254 1926 (licta,
1283 1888 1317 1921 2.
1328 1887 1407 1920 Cor.
1422 1887 1495 1922 10.;
1525 1887 1633 1920 Arma
1650 1888 1795 1920 militiae
1811 1895 1951 1921 nostrae
1968 1900 2038 1920 non
2054 1895 2136 1922 sunt

1386 1937 1488 1970 Item:
1524 1938 1620 1972 Sicut
1649 1946 1746 1983 pater
1773 1939 1866 1972 misit
1893 1951 1966 1979 me,
2001 1939 2049 1972 sic
2074 1951 2135 1982 ego

1399 1987 1460 2022 Et:
1497 1987 1661 2033 Regnum
1689 2001 1803 2022 meum
1829 2002 1901 2023 non
1926 1996 1974 2023 est
1999 1991 2042 2022 ‹le
2070 1989 2135 2023 lioc

1148 1939 1311 1972 carnalia.

1149 2042 1293 2074 mundo.

1476 2166 1613 2219 Caput
1663 2168 1792 2208 XXV
1797 2198 1805 2208 .

1196 2247 1332 2284 Gloria
1353 2247 1516 2284 Domini
1539 2253 1589 2282 est
1612 2248 1753 2282 verbum
1778 2248 1910 2289 celare,
1941 2248 1986 2283 21!
2006 2249 2131 2296 gloria

1250 2313 1373 2346 regum
1392 2305 1440 2334 est
1457 2300 1638 2347 inquirere
1656 2299 1765 2335 illud.

1248 2375 1376 2410 Differt
1391 2377 1550 2410 doctrina
1572 2378 1712 2420 propria
1734 2374 1908 2409 Ecclesiae
1922 2375 1987 2409 Dei
2006 2378 2049 2409 al)
2066 2376 2132 2411 hu-

1147 2439 1248 2460 mana
1274 2428 1465 2471 sapientia,
1495 2434 1526 2460 et
1550 2439 1650 2470 saepe
1677 2427 1712 2459 in
1737 2427 1989 2470 gubernatione
2015 2436 2133 2463 errant

1146 2479 1350 2522 praesertim
1378 2485 1591 2522 praestantes
1617 2475 1795 2517 homines,
1823 2477 2053 2512 anteferentes
2077 2491 2132 2513 sa-

1147 2530 1316 2573 pientiam
1345 2529 1521 2572 politicam
1551 2530 1656 2561 verbo
1676 2528 1758 2564 Dei,
1786 2528 1874 2560 sicut
1893 2526 2132 2564 Nabuchodo-

1147 2632 1302 2665 cordiam
1333 2632 1552 2676 profuturam
1586 2641 1657 2662 esse
1685 2629 1954 2662 similitudinem
1978 2643 2132 2666 ceremo-

1365 2681 1424 2715 Sic
1453 2679 1616 2713 haeretici
1650 2680 1795 2714 flectunt
1819 2679 2051 2724 Evangelium
2086 2685 2129 2717 ad
