2409 2915
114 107 186 145 441
666 106 746 142 xit.

114 191 215 234 Item,
240 190 364 228 Petrus
381 198 474 227 vetat
491 202 563 226 esse
589 188 978 236 ἀλλοτριοεπισκόπους
1000 193 1098 237 inge-

113 252 230 277 rentes
255 257 292 278 se
317 244 451 277 alienae
475 241 790 276 administrationi.
841 242 949 276 Acin
967 245 1096 286 guber-

113 295 258 328 natione
280 294 438 327 videmus
460 299 630 338 quantum
653 293 738 326 mali
761 294 822 334 sit,
849 306 928 327 cum
953 302 1096 328 contur-

113 345 244 379 bantur
267 344 398 381 officia‚
431 355 510 376 cum
533 344 692 376 doctores
714 342 948 378 Ecclesiarum
972 346 1096 379 volunt

113 407 234 438 regere
262 395 405 438 negocia
433 393 595 437 politica,
630 401 663 428 et
694 401 733 428 ut
765 393 1022 439 Aristophanes
1052 397 1096 429 de

115 446 246 479 (Jleone
264 445 364 486 dixit,
391 444 539 478 alterum
556 445 679 488 pedem
698 442 830 480 habent
847 446 882 478 in
903 447 1016 485 curia,
1043 447 1096 479 al-

113 503 226 530 terum
253 495 289 527 in
313 495 453 534 castris,
488 493 561 529 Aut
594 502 754 534 econtra,
789 503 948 540 potentes
971 498 1096 530 volunt

113 545 289 579 dominari
305 544 483 585 Ecclesiis,
502 552 535 579 et
553 546 740 589 religiones
756 548 800 580 ad
816 559 876 580 sua
895 547 1022 581 iudicia
1039 548 1094 581 in—

113 597 269 630 flectunt.
321 595 432 640 Saepe
457 593 540 630 haec
573 597 734 630 confusio
765 598 886 632 nocuit
908 596 1094 633 Ecclesiae.

111 645 179 679 Hic
193 647 333 692 utrique
349 653 561 680 moneantur
577 647 670 681 dicto
686 647 800 689 Petri,
826 661 870 681 ne
894 649 964 682 sint
989 647 1092 683 ἀλλο-

111 695 392 742 τριοεπίσκοποι.
444 697 543 736 Item,
568 695 729 732 Christus
747 699 861 732 noluit
881 700 1021 743 politica
1040 700 1094 733 iu·

110 748 203 781 dicia
224 760 400 789 exercere,
436 760 515 781 cum
541 749 689 783 diceret:
719 749 810 792 Quis
834 763 889 783 me
914 750 1095 784 constituit

111 798 261 832 iudicem
279 799 372 832 inter
386 799 471 832 vos'?

210 847 257 884 Et
280 861 480 894 quanquam
505 850 584 893 pios
613 850 704 884 dicta
733 851 923 894 apostolica
956 863 1096 884 movere

109 900 257 940 debent,
283 907 322 934 ut
342 907 485 944 propter
509 900 623 934 Deum
646 909 822 948 praestent
847 903 882 935 in
914 903 1096 935 vocatione

110 951 368 991 obedientiam,
394 958 509 984 tamen
535 952 636 984 etiam
660 965 792 995 poenae
815 960 847 986 et
871 953 1095 985 incommoda

109 1012 199 1045 quae
225 1009 420 1046 sequuntur
448 1000 815 1048 πολυπραχιιοσύνην
844 1011 1011 1036 moneant
1040 1015 1095 1035 sa-

110 1063 192 1090 nos,
217 1061 256 1085 ut
278 1064 352 1085 eam
377 1053 524 1095 fugiant.
577 1052 669 1095 Quia
694 1053 788 1086 Deus
811 1054 971 1097 promisit
995 1053 1094 1086 auxi-

110 1102 197 1135 lium
223 1103 265 1135 iis
289 1103 349 1147 qui
375 1103 410 1134 in
439 1103 622 1136 vocatione
644 1105 820 1144 serviunt,
848 1105 935 1137 sicut
960 1104 1093 1137 dictum

109 1160 176 1186 est:
203 1153 420 1187 Commenda
443 1153 597 1187 Domino
624 1155 715 1186 viam
741 1161 858 1193 tuam,
887 1163 919 1188 vt
947 1155 1018 1198 ipse
1041 1154 1094 1186 fa-

109 1203 186 1236 ciet.
239 1203 394 1237 Econtra
421 1211 460 1237 ut
482 1201 644 1247 prohibet
670 1205 804 1237 irruere
822 1205 858 1237 in
880 1205 1011 1237 alienas
1029 1217 1093 1237 vo-

109 1254 279 1294 cationes,
307 1251 469 1297 prohibet
496 1255 578 1287 item
608 1255 771 1288 fiduciam
798 1255 962 1302 propriae
987 1255 1094 1287 indu-

108 1304 213 1337 striae
230 1312 261 1337 et
279 1305 488 1348 sapientiae,
514 1305 560 1337 ita
581 1306 739 1338 destituit
764 1306 991 1348 suscipientes
1008 1305 1094 1337 alie-

110 1367 154 1387 na
174 1363 295 1388 contra
315 1357 518 1387 mandatum
535 1354 613 1389 Dei.
666 1354 855 1399 Nunquam
881 1363 931 1388 est
952 1355 1093 1395 sapien—

109 1406 156 1438 tia
184 1406 266 1438 felix
302 1406 376 1438 sine.
404 1404 491 1437 Deo.
554 1405 637 1438 Ideo
665 1406 797 1438 dicitur
825 1406 861 1438 in
887 1405 1091 1439 Salomone:

107 1455 218 1489 Penes
244 1469 296 1488 une
319 1463 369 1489 est
396 1456 582 1489 consilium
617 1463 647 1489 et
670 1468 858 1491 succussus.
915 1455 961 1490 Et
988 1467 1092 1500 supra

107 1508 239 1540 dictum
265 1516 332 1540 est:
362 1506 441 1539 Nun
467 1514 578 1550 potest
604 1505 710 1539 homo
734 1508 798 1539 sibi
823 1507 1010 1551 quicquam
1033 1519 1092 1539 su-

108 1570 220 1597 mere,
248 1559 314 1590 nisi
337 1558 379 1591 sit
410 1558 439 1590 ei
465 1559 584 1590 datum
609 1559 768 1601 desuper.
824 1558 950 1591 Docuit
976 1565 1091 1590 autem

109 1615 141 1641 et
158 1607 330 1641 Etlinicos
345 1609 574 1651 experientia,
602 1609 844 1641 confusionem
866 1609 1091 1641 vocationum

108 1659 339 1703 perniciosam
359 1666 389 1690 et
407 1659 585 1691 vitandam
611 1671 699 1691 esse:
738 1658 819 1691 ldeo
839 1660 882 1690 de
903 1670 983 1690 cura
1010 1670 1091 1700 pro-

110 1710 176 1753 prii
196 1709 495 1742 munerisdictum
511 1716 575 1741 est:
605 1708 768 1752 Spartam
788 1716 910 1741 nactus
928 1720 975 1749 es,
1001 1706 1092 1741 hanc

109 1773 208 1793 orna.
266 1759 368 1793 Item:
398 1758 515 1804 Eques
533 1760 690 1804 equitare
706 1759 842 1799 didicit,
869 1767 991 1793 cantor
1008 1771 1091 1791 can-

107 1821 191 1848 tare.
245 1810 348 1844 ltem:
384 1808 491 1843 Aliud
511 1816 559 1842 est
577 1817 766 1852 sceptrum,
794 1810 890 1842 aliud
909 1810 1092 1853 plectrum.

208 1861 304 1895 Haec
327 1862 445 1893 omnia
468 1861 712 1904 complectitur
736 1861 894 1893 doctrina
921 1862 964 1893 de
989 1872 1092 1893 voca-

107 1914 216 1954 tione,
243 1915 286 1946 (le
306 1924 372 1957 qua
391 1909 448 1943 hie
466 1911 611 1944 dicitnr:
640 1910 697 1944 Tu
717 1923 771 1943 mc
789 1923 944 1956 sequere.
985 1910 1092 1943 Prae-

107 1966 207 2008 cipue
218 1976 298 1996 vero
315 1963 464 1996 sciamus
481 1959 572 1995 hanc
588 1962 794 1995 concionem
806 1962 1003 2005 oppositam
1019 1973 1093 1994 esse

107 2015 272 2049 humanis
291 2013 440 2052 iudiciis.
461 2025 549 2057 quae
567 2019 710 2057 propter
727 2013 910 2045 dissimilia
927 2014 1032 2052 «lona,
1059 2019 1092 2045 et

108 2067 295 2100 dissimiles
312 2064 535 2103 afflictiones,
563 2064 618 2096 vel
633 2065 675 2096 de
693 2064 913 2107 providentia
929 2062 1008 2105 Dei,
1038 2063 1092 2095 vel

108 2119 150 2151 de
165 2116 273 2160 gratia
291 2115 464 2147 dubitant.
503 2113 662 2148 Sciamus
677 2127 749 2147 non
768 2115 848 2148 ideo
865 2126 927 2147 nos
947 2114 1092 2147 reiectos

110 2181 199 2207 csse,
230 2165 362 2199 etiamsi
389 2165 493 2197 donis
519 2176 638 2198 sumus
663 2165 848 2198 inferiores
870 2177 974 2210 quam
994 2165 1092 2207 Apo-

106 2219 187 2254 stoli
210 2225 244 2252 et
267 2215 482 2260 Prophetae,
509 2216 568 2248 sed
591 2215 697 2248 simili
722 2214 791 2249 fide
812 2215 926 2249 Deum
951 2215 1094 2247 invoce-

106 2282 203 2309 mus,
228 2275 261 2302 et
276 2279 350 2300 eam
373 2277 591 2299 exerceamus
608 2266 850 2311 unusquisque
874 2267 911 2298 in
937 2277 1001 2299 suo
1025 2265 1093 2298 mi·-

107 2321 273 2360 nisterio,
302 2325 335 2352 et
353 2317 535 2351 vocatione
551 2317 778 2362 quantumvis
799 2314 939 2350 humili.

179 2427 246 2468 De
278 2424 556 2466 conversione
588 2424 641 2464 D.
669 2423 795 2464 Pauli
826 2423 1032 2476 Apostoli.

399 2498 555 2533 Historia
580 2499 751 2533 Actorum
767 2500 802 2534 9.

160 2575 300 2612 Saulus
318 2578 437 2608 autem
456 2570 579 2606 adhuc
593 2572 744 2618 spirans
763 2572 886 2607 minas
903 2578 934 2606 et
953 2571 1094 2607 caedem

212 2628 251 2661 in
279 2624 478 2672 discipulos
502 2623 677 2661 Domini,
713 2625 860 2658 accessit
884 2622 938 2658 acl
956 2624 1094 2671 princi-

209 2691 285 2726 pem
311 2674 558 2717 sacerdotum,
587 2679 617 2708 et
638 2674 741 2721 petiit
770 2674 818 2709 ab
853 2687 890 2709 eo
920 2674 1094 2723 epistolas

799 102 1194 142 ANNOTATIONES
1221 104 1271 141 IN
1298 102 1600 143 EVANGELIA.

2064 99 2140 137 442

1250 188 1483 224 Damascum
1518 201 1639 223 versus
1675 186 1730 222 ad
1762 199 1996 234 synagogas,
2035 191 2072 220 ut
2103 187 2138 220 si

1251 254 1341 288 quos
1360 241 1550 274 invenisset
1568 237 1679 273 huius
1698 239 1796 280 viae,
1825 238 1919 272 viros
1941 250 1984 272 ac
2005 236 2136 271 mulie—

1252 304 1323 333 res,
1352 291 1486 324 vinctos
1504 288 1640 323 duceret
1657 290 1694 322 in
1710 288 1926 324 Ierusalem.

1198 338 1292 378 Cum
1319 346 1438 375 autem
1462 343 1529 374 iter
1547 340 1706 387 faceret,
1733 340 1881 386 sactum
1906 345 1975 381 est,
2004 344 2041 373 ut
2065 351 2133 384 ap-

1250 395 1512 440 propinquaret
1537 390 1746 431 Damasw,
1782 395 1812 422 et
1838 390 1959 423 subito
1982 391 2134 424 circum-

1242 442 1459 492 julguracit
1482 454 1559 476 eum
1585 440 1653 475 lux
1679 438 1720 474 de
1749 438 1863 478 coelo,
1891 445 1920 473 et
1947 439 2132 486 collapsus

1251 496 1290 527 in
1323 499 1475 535 terram,
1507 490 1650 526 audivit
1692 502 1805 524 vocem
1843 488 2012 523 dicentem
2042 490 2132 523 sibi.-

1251 543 1365 585 Saul,
1398 543 1515 585 Saul,
1549 541 1640 591 quid
1662 554 1715 575 me
1735 541 1983 588 persequeris?
2015 539 2132 573 Dia-it

1250 600 1385 629 autem:
1413 593 1509 640 Quis
1534 606 1568 627 es
1587 592 1773 626 Domine?
1799 590 1988 625 Dominus
2012 595 2133 626 autem

1251 645 1367 680 dixit:
1396 644 1482 690 Ego
1502 657 1582 678 sum
1607 643 1730 682 Iesus,
1758 655 1860 690 quem
1886 647 1924 675 tu
1947 653 2134 689 perseque-

1254 697 1326 738 ris,
1361 693 1492 730 durum
1518 699 1566 728 est
1591 694 1660 728 tibi
1683 698 1808 728 contra
1827 692 1997 726 stimulos
2022 691 2135 725 calci-

1250 752 1360 782 trare.
1388 745 1441 780 Et
1460 752 1612 780 tremens
1623 756 1666 778 ac
1682 743 1897 791 pavefactus
1908 741 2021 776 dia-it:
2049 740 2134 775 Do-

1251 798 1362 837 mine,
1387 795 1482 845 quid
1496 808 1549 830 me
1568 796 1620 830 vis
1629 793 1782 844 facere?
1808 793 1861 827 Et
1877 793 2065 827 Dominus
2082 791 2135 825 ad

1253 860 1350 881 eum:
1378 850 1514 894 Surge,
1543 852 1572 881 et
1601 843 1787 892 ingredere
1804 844 2003 886 civitatem,
2029 849 2058 877 ct
2077 841 2133 875 di-

1250 904 1346 932 cetur
1362 898 1447 938 tibi,
1475 896 1568 946 quid
1581 902 1611 931 te
1631 899 1793 943 oporteat
1803 895 1943 943 facere.

1203 948 1292 986 Viri
1309 954 1428 983 autem
1450 949 1516 997 qui
1538 947 1810 982 comitabantur
1834 959 1933 987 eum,
1959 947 2133 978 steterunt

1247 1000 1408 1039 attoniti,
1435 997 1623 1033 audientes
1640 995 1784 1045 quidem
1802 1009 1928 1040 vocem,
1956 995 2135 1029 neminem

1250 1056 1370 1084 aulem
1389 1049 1557 1084 videntes.
1609 1048 1780 1082 Surrexit
1796 1053 1914 1081 autem
1930 1045 2072 1080 Saulus
2091 1044 2133 1077 de

1248 1107 1365 1141 terra,
1393 1101 1599 1149 apertisque
1623 1098 1738 1134 oculis
1760 1099 1856 1137 suis,
1884 1097 2059 1131 neminem
2081 1096 2134 1127 ti-

1247 1150 1364 1185 debat.
1417 1151 1600 1185 Ducentes
1618 1155 1736 1184 autem
1761 1161 1838 1182 eum
1855 1161 1968 1182 manu
1982 1176 1991 1187 ,
2018 1147 2134 1180 intro-

1245 1200 1428 1237 duxerunt
1446 1202 1690 1237 Damascum.
1741 1198 1794 1233 Et
1820 1205 1896 1233 erat
1915 1198 2032 1232 tribus
2057 1195 2134 1229 (lie-

1248 1253 1315 1286 bus
1340 1265 1411 1287 non
1439 1252 1580 1295 uidens,
1607 1257 1636 1286 et
1665 1264 1737 1285 non
1759 1249 1996 1285 manducavit
2022 1258 2132 1294 neque

1249 1302 1269 1335 b
1274 1303 1353 1339 ibit.

1195 1352 1293 1386 Erat
1310 1359 1430 1388 autem
1447 1351 1599 1401 quidam
1617 1352 1820 1399 discipulus
1836 1349 2040 1387 Damasci,
2068 1361 2134 1380 no-

1246 1405 1342 1438 mine
1366 1404 1548 1440 Ananias.
1607 1404 1659 1437 Et
1684 1402 1781 1438 dixit
1804 1401 1857 1437 ad
1879 1401 1986 1435 illum
2014 1399 2051 1432 in
2079 1399 2133 1431 vi-

1244 1455 1346 1489 sione
1371 1454 1577 1489 Dominus:
1608 1454 1770 1491 Anania.
1824 1453 1899 1488 Ille
1917 1456 2035 1486 autem
2059 1449 2132 1482 ait:

1247 1505 1341 1539 Ecce
1356 1519 1420 1552 ego
1431 1506 1602 1541 Domine.
1628 1505 1818 1540 Dominus
1835 1509 1954 1539 autem
1969 1499 2022 1536 ad
2037 1512 2130 1534 eum:

1247 1556 1383 1602 Surge,
1413 1555 1502 1590 vade
1525 1558 1562 1590 in
1587 1556 1718 1597 vicum,
1744 1558 1808 1605 qui
1835 1559 1982 1589 vocatur
2003 1556 2132 1607 reclus,

1247 1612 1277 1640 et
1298 1620 1430 1655 quaere
1458 1607 1497 1640 in
1530 1606 1638 1656 domo
1661 1606 1782 1641 Iudae
1806 1605 1958 1640 Saulem
1985 1611 2132 1636 nomine

1244 1656 1483 1699 Tarsensem,
1510 1670 1580 1692 ecce
1603 1658 1697 1692 enim
1722 1662 1822 1697 orat,
1851 1661 1880 1689 et
1900 1652 1989 1688 vidit
2016 1653 2054 1685 in
2079 1652 2131 1684 vi-

1243 1708 1344 1742 sione
1375 1709 1490 1742 rirum
1517 1707 1705 1742 Ananiam
1734 1708 1877 1742 nomine
1907 1703 2072 1744 introire,
2100 1705 2132 1734 et

1246 1759 1425 1805 imponere
1440 1759 1515 1793 sibi
1531 1773 1700 1801 inanum,
1728 1764 1765 1793 ut
1785 1759 1899 1792 cisum
1918 1754 2078 1801 recipiat.

1194 1807 1400 1857 Respondit
1424 1815 1544 1844 autem
1572 1810 1762 1844 Ananias:
1790 1807 1970 1847 Domine,
2002 1802 2132 1838 audivi

1245 1873 1268 1893 a
1292 1861 1420 1894 multis
1443 1861 1484 1894 de
1501 1861 1577 1894 viro
1597 1859 1681 1903 hoc,
1713 1865 1855 1908 quanta
1880 1856 1983 1890 mala
2000 1854 2130 1904 fecerit

1242 1911 1382 1945 sanclis
1400 1912 1472 1945 tuis
1489 1912 1527 1945 in
1546 1911 1762 1946 Ierusalem.
1795 1909 1846 1943 Et
1866 1906 1925 1942 hic
1940 1905 2048 1940 habet
2066 1917 2132 1952 po-

1246 1966 1407 1996 testatem
1423 1975 1446 1995 a
1462 1962 1692 2011 principibus
1706 1959 1933 1996 sacerdotum
1951 1953 2134 1991 vinciendi

1247 2025 1386 2052 omnes,
1420 2014 1486 2061 qui
1506 2015 1674 2048 invocant
1696 2025 1824 2047 nomen
1848 2016 1963 2044 tuum.
2012 2006 2129 2041 I)i.1·il

1247 2068 1368 2097 autem
1392 2063 1447 2097 ad
1466 2077 1543 2098 eum
1568 2065 1773 2099 Dominus:
1803 2059 1927 2099 Vade,
1954 2058 2128 2107 quoniam

1246 2113 1391 2148 electum
1417 2127 1481 2148 vas
1506 2120 1555 2149 est
1579 2114 1676 2150 mihi
1692 2116 1774 2155 iste,
1801 2118 1838 2147 ul
1862 2115 1976 2159 portet
2002 2119 2130 2142 nomen

1246 2177 1362 2199 meum
1389 2179 1509 2200 coram
1529 2166 1700 2213 gentibus
1725 2171 1754 2200 et
1788 2162 1949 2209 regibus,
1985 2157 2132 2204 etsiliis

1246 2215 1382 2252 Israel.
1436 2217 1523 2263 Ego
1545 2218 1639 2252 enim
1667 2215 1853 2251 ostendam
1879 2211 1958 2252 illi,
1988 2213 2130 2257 quantit

1246 2273 1407 2314 oporteat
1420 2281 1498 2303 eum
1511 2282 1579 2317 pro
1593 2269 1736 2302 nomine
1754 2278 1829 2300 meo
1843 2262 1936 2311 pati.

1196 2317 1299 2352 Abiit
1318 2325 1438 2353 autem
1459 2320 1650 2360 Ananias,
1683 2323 1712 2352 et
1731 2316 1893 2351 introivit
1913 2312 1951 2346 in
1970 2309 2128 2345 domum,

1246 2375 1276 2403 et
1295 2372 1480 2416 imponens
1505 2372 1538 2404 ei
1562 2383 1713 2410 manus,
1736 2366 1851 2402 dixit:
1880 2363 1978 2398 Saul
1993 2363 2130 2417 frater,

1246 2420 1435 2456 Dominus
1459 2422 1559 2455 misit
1584 2434 1654 2463 me,
1689 2420 1754 2468 qui
1783 2414 1958 2471 apparuit
1991 2413 2059 2446 tibi
2090 2422 2128 2467 tn

1248 2473 1327 2514 cia,
1356 2487 1429 2521 qua
1456 2472 1641 2514 veniebas,
1675 2477 1712 2506 ut
1739 2468 1861 2503 videas
1885 2470 1914 2499 et
1939 2463 2129 2510 implearis

1247 2523 1286 2560 S.
1303 2528 1442 2560 sancto,
1481 2523 1533 2558 Et
1552 2523 1741 2572 confestim
1759 2516 1965 2574 deciderunt
1983 2514 2031 2549 ab
2048 2526 2130 2547 ocu-

1249 2575 1297 2609 lis
1321 2575 1416 2619 eius,
1445 2580 1623 2624 tanquam
1648 2582 1841 2621 squamae,
1870 2578 2053 2613 visumque
2078 2576 2131 2597 re-

1248 2629 1346 2674 cepit.
1403 2626 1456 2660 Et
1481 2625 1642 2660 surrevit
1673 2636 1715 2657 ac
1746 2621 1956 2669 baptizatus
1980 2626 2041 2658 est.
2076 2620 2129 2655 Et

1250 2690 1327 2711 cum
1343 2678 1532 2725 accepisset
1550 2675 1664 2711 cibum
1677 2703 1686 2719 ,
1713 2674 1942 2722 confortatus
1958 2677 2019 2710 est.
