2409 2915
97 128 171 166 655
344 126 426 165 XII.

98 215 253 256 morbos,
280 221 313 248 et
330 214 415 247 alias
430 212 627 257 corporales
643 217 703 245 aut
719 211 928 255 temporales
942 222 1082 255 poenas,

100 266 129 299 si
144 267 250 300 modo
268 266 371 298 fidem
391 262 686 298 reconciliationis
703 269 735 295 et
750 273 847 306 spem
865 263 955 295 vitae
972 269 1083 295 aeter-

100 328 165 350 nae
183 317 406 350 retineamus.

202 366 264 400 Est
279 367 385 410 igitur
400 363 483 397 haec
499 363 653 408 primum
670 375 807 397 summa
832 369 866 396 et
887 363 1082 397 efficacissi-

100 430 156 451 ma
174 416 384 454 consolatio,
411 426 450 448 ac
468 415 652 458 praecipua
678 414 840 448 doctrina
864 415 907 447 de
931 414 1082 458 promis-

100 469 201 502 sione
215 475 350 501 aeterna
364 492 374 506 ‚
401 477 505 510 quam
523 465 799 498 consolationem
817 477 954 509 semper
977 477 1083 508 opor-

102 525 152 553 tet
174 529 246 552 esse
261 516 500 561 praecipuam,
534 516 607 549 sive
630 516 791 549 fruamur
816 516 1084 560 tranquillitate,

101 570 174 602 sive
190 578 412 601 exerceamur
426 573 459 600 et
475 566 716 610 opprimamur
730 567 906 600 aerumnis
928 565 1083 599 humano

102 618 247 652 consilio
275 617 597 657 inextricabilibus,
631 617 668 650 in
693 615 758 650 hac
781 617 871 659 vita,
904 624 940 650 ut
969 615 1081 650 David

100 679 260 702 excussus
278 680 318 701 ex
339 680 468 711 regno,
495 675 527 701 et
545 675 668 701 exutus
691 668 856 701 universa
876 668 985 711 gloria
1009 679 1082 707 sua,

99 726 214 752 tamen
230 719 402 752 retinebat
420 725 598 752 aeternam
617 718 892 752 consolationem
904 743 913 757 ,
947 725 1084 751 susten—

98 776 176 803 tans
192 781 227 802 se
243 769 476 813 promissione
491 769 638 812 gratiae,
668 769 802 802 etiamsi
821 781 893 801 non
912 770 1084 802 reducen-

97 821 164 854 dus
178 820 298 853 fuisset
315 820 352 852 in
368 820 534 853 amissum
553 820 734 867 corporale
750 831 909 862 regnum.
964 817 1009 852 Et
1020 817 1083 851 Iob

98 871 230 915 inquit:
258 868 407 903 Etiamsi
424 871 558 904 occidet
575 882 641 908 me,
663 871 809 913 sperabo
827 871 864 902 in
880 882 972 903 eum.
1009 868 1083 902 Imo

97 933 236 955 necesse
263 928 313 954 est
335 921 372 953 in
395 927 428 954 te
449 922 525 964 ipso
547 918 638 953 hanc
655 921 756 954 fidem
770 948 779 961 ,
807 932 921 964 spem,
951 920 1084 963 patien-

99 972 203 1011 tiam,
229 972 332 1011 item,
358 971 657 1010 consolationem,
685 971 819 1011 lucem,
855 971 1026 1004 iustitiam
1052 977 1085 1003 et

97 1023 204 1056 vitam
221 1029 397 1055 aeternam
414 1020 592 1062 inchoari,
620 1022 763 1054 accendi
780 1028 812 1054 et
830 1021 1030 1054 confirmari
1047 1021 1084 1053 in

97 1073 274 1117 praesenti
305 1084 533 1113 aerumnosa,
569 1072 737 1105 imbecilli
769 1079 801 1105 et
831 1072 974 1105 mortali
1003 1071 1111 1112 vita.¹

97 1122 166 1157 Hic
182 1124 275 1156 enim
293 1124 381 1156 ordo
398 1124 551 1156 sancitus
567 1129 617 1155 est
634 1118 843 1156 admirando
861 1123 1028 1165 consilio,
1053 1128 1086 1155 et

97 1174 354 1218 sapientissima
379 1174 449 1207 Dei
475 1174 667 1207 voluntate.
734 1172 805 1206 Nec
835 1174 1085 1206 conturbemus

97 1225 164 1268 ipsi
182 1236 246 1257 nos
267 1224 462 1268 praestigiis
487 1224 786 1267 disputationum,
817 1224 898 1267 quia
925 1221 1009 1255 baec
1036 1230 1086 1256 est

98 1275 226 1308 veritas
245 1275 417 1308 divinitus
433 1274 600 1318 patefacta
619 1274 655 1305 in
675 1274 782 1306 verbo
798 1285 971 1316 expresso.

199 1324 405 1369 Sequuntur
422 1325 490 1357 iam
508 1330 660 1356 caeterae
681 1323 931 1365 promissiones
956 1325 997 1355 de
1022 1323 1085 1355 bo-

96 1376 153 1408 nis
168 1375 421 1416 corporalibus.
473 1372 566 1415 Quia
584 1373 658 1405 vult
675 1371 770 1406 Deus
788 1373 823 1405 in
842 1370 907 1405 hac
922 1373 991 1405 vita
1011 1373 1084 1405 col-

96 1425 159 1468 ligi
175 1433 207 1459 et
225 1422 384 1457 inchoari
396 1422 608 1463 Ecclesiam,
633 1423 740 1457 tradit
757 1424 860 1456 etiam
879 1423 1085 1467 promissio-
1108 1442 1111 1460 ρ

96 1487 158 1509 nes
184 1475 401 1519 corporales,
442 1481 478 1507 et
501 1474 621 1507 docuit
647 1485 711 1507 nos
733 1475 770 1506 in
794 1471 859 1507 hac
884 1475 1085 1518 precatione

96 1526 266 1567 clamare,
299 1525 582 1569 nominatimque
603 1537 620 1557 a
646 1536 681 1557 se
706 1531 822 1568 petere.
847 1525 965 1558 omnia
991 1526 1084 1557 bona

96 1577 254 1621 corporis
270 1577 313 1610 ad
332 1574 423 1609 hanc
441 1576 548 1609 vitain
568 1575 772 1610 necessaria.
826 1575 954 1608 Procul
978 1576 1085 1618 igitur

96 1634 131 1662 et
147 1627 288 1671 penitus
305 1639 346 1660 ex
363 1626 490 1659 animis
505 1626 642 1660 reiicite
657 1626 840 1669 profanas,
875 1626 1023 1666 deliras,
1052 1632 1084 1658 et

96 1677 288 1712 diabolicas
315 1676 601 1719 imaginationes,
637 1688 724 1720 quae
748 1676 904 1718 fingunt,
938 1688 1002 1709 nec
1024 1688 1083 1719 pe-

95 1730 201 1762 tenda
225 1739 298 1767 esse
320 1740 338 1761 a
358 1726 434 1760 Deo
458 1728 550 1759 bona
572 1738 779 1767 corporum,
807 1739 870 1759 nec
888 1727 1082 1770 corporalia

95 1778 172 1814 Deo
190 1791 293 1811 curae
310 1789 394 1812 esse.
453 1776 521 1810 Sed
551 1777 668 1820 potius
692 1778 908 1820 expendatur
933 1783 966 1810 et
989 1777 1084 1819 cogi-

96 1836 206 1869 tetur,
233 1828 346 1862 Deum
375 1827 545 1870 singulari
571 1827 718 1859 consilio
745 1828 847 1860 etiam
872 1827 978 1861 vitam
1006 1839 1083 1860 cor-

95 1880 252 1925 poralem
271 1879 423 1916 dedisse,
452 1889 514 1910 nec
538 1889 612 1910 eam
638 1877 754 1910 subito
778 1878 904 1918 deleri,
931 1879 989 1910 sed
1011 1889 1084 1911 ser-

95 1942 176 1965 vare
193 1930 301 1970 velle,
329 1929 420 1962 velle
435 1928 472 1960 in
489 1929 743 1961 consuetudine
760 1925 865 1961 huius
882 1928 972 1962 vitae
989 1941 1083 1961 mor-

95 1981 173 2016 talis
188 1978 354 2013 inchoare
371 1991 468 2012 suam
487 1985 662 2012 aeternam
681 1976 871 2012 Ecclesiam
883 2005 893 2022 ,
921 1986 953 2012 et
970 1979 1084 2011 effica-
1108 1990 1109 1993 ¹

96 2032 182 2066 citer
197 2031 381 2065 ostendere
398 2041 495 2062 suam
516 2029 765 2072 praesentiam,
791 2029 881 2062 velle
905 2041 923 2062 a
950 2041 985 2062 se
1012 2030 1082 2072 peti

98 2089 131 2116 et
148 2081 338 2124 exspectari
357 2080 549 2113 necessaria
566 2079 657 2112 vitae
673 2079 710 2112 in
728 2080 926 2121 vocatione,
961 2087 993 2113 et
1017 2078 1084 2113 hoc

97 2132 202 2166 modo
219 2132 308 2163 velle
324 2142 476 2163 crescere
493 2130 707 2172 agnitionem
724 2131 778 2163 sui
800 2131 836 2163 in
858 2131 1082 2165 invocatione

99 2184 191 2216 inter
216 2181 369 2225 pericula
393 2187 427 2213 et
449 2180 627 2213 mirandas
649 2180 890 2216 liberationes.
957 2178 1082 2225 Oppo-

96 2240 229 2267 nantur
247 2232 365 2276 itaque
382 2230 478 2264 salsis
495 2230 806 2272 imaginationibus
824 2232 898 2264 istis
914 2231 987 2274 ipsa
1004 2244 1082 2263 ver-
1107 2269 1109 2277 Ι

95 2285 139 2318 ba
161 2282 391 2328 precationis,
432 2281 562 2326 quibus
583 2281 657 2325 ipse
681 2280 856 2314 Dominus
881 2289 996 2326 petere
1019 2293 1083 2315 uos
1107 2283 1109 2322 ᾖ

97 2335 234 2369 docuit:
276 2332 408 2366 Panem
439 2338 598 2365 nostrum
633 2331 878 2376 quotidianum
908 2333 950 2365 da
980 2333 1083 2365 nobis
1107 2351 1109 2353 >

97 2383 215 2419 hodie.

196 2434 286 2469 Cum
304 2445 384 2477 ergo
402 2441 434 2468 te
453 2431 628 2466 Dominus
646 2432 718 2477 ipse
735 2433 857 2465 doceat
878 2433 923 2466 ita
950 2434 1082 2477 precari
1106 2433 1108 2443 '

99 2493 132 2521 et
147 2493 262 2530 petere
275 2512 282 2526 ‚
310 2491 404 2518 certo
427 2485 532 2517 debes
551 2496 589 2517 ac
608 2484 754 2516 firmiter
772 2491 940 2524 statuere,
967 2483 1080 2517 Deum

99 2537 187 2571 velle
201 2534 286 2570 haec
302 2536 394 2568 bona
413 2535 550 2577 largiri,
588 2535 764 2578 postulare
783 2542 817 2567 ut
837 2547 873 2566 ea
893 2546 956 2567 nos
975 2547 1079 2579 quae·
1106 2555 1107 2570 2

100 2595 232 2625 ramus,
267 2599 284 2620 a
311 2597 415 2631 seque
438 2585 505 2618 fide
530 2592 688 2628 petamus
713 2594 746 2619 et
762 2592 1013 2629 exspectemus,
1049 2593 1081 2619 et

100 2639 291 2678 affirmare,
326 2649 360 2670 se
377 2634 442 2670 hoc
462 2633 597 2669 honore
614 2636 693 2671 coli.
749 2635 902 2681 Ideoque
925 2648 1081 2684 expresse

102 2689 186 2722 dicit
210 2689 246 2721 in
269 2687 422 2722 Psalmo:
461 2685 588 2721 Invoca
613 2699 668 2721 me
689 2687 726 2720 in
750 2688 807 2720 die
834 2687 1082 2729 tribulationis,

479 123 870 162 ANNOTATIONES
897 123 963 160 ET
990 123 1269 161 CONCIONES
1308 125 1356 160 IN
1390 123 1569 162 EVANG.
1595 124 1875 163 MATTHAEI.

2046 125 2120 161 654

1132 217 1164 245 et
1180 211 1327 255 eripiam
1343 218 1394 252 te,
1417 218 1449 245 et
1465 212 1674 254 glorificabis
1691 224 1764 251 me,
1789 219 1917 246 statues
1934 218 1968 245 et
1984 212 2116 245 fatebe-

1131 262 1178 295 ris
1194 262 1237 295 de
1254 262 1447 305 praesentia
1461 261 1537 303 Dei,
1565 264 1660 306 quod
1677 274 1750 295 non
1768 263 1878 296 absim
1899 262 2021 307 procul
2037 274 2054 295 a
2073 269 2119 301 te,

1132 313 1190 346 sed
1208 313 1303 357 quod
1322 324 1485 356 praesens
1501 313 1703 353 exaudiam,
1730 314 1922 347 custodiam
1946 320 1978 346 et
2002 320 2119 357 prote-

1132 375 1208 407 gam
1226 369 1279 404 te,
1305 375 1369 396 nec
1390 363 1454 395 sim
1477 365 1609 396 otiosus
1631 375 1693 395 nec
1718 363 1863 405 ignavus
1881 363 1993 404 Deus,
2026 361 2117 397 nibil

1133 424 1253 456 agenS‚
1286 425 1359 446 non
1377 413 1513 452 efficax,
1546 425 1609 445 nec
1636 414 1823 454 adiuvans,
1858 416 1916 447 sed
1940 415 2035 459 quod
2061 425 2120 446 ve—

1133 465 1193 497 lim
1213 464 1312 497 vobis
1328 463 1496 507 opitulari
1520 463 1557 495 in
1581 461 1646 495 hac
1663 463 1732 495 vita
1745 490 1753 502 ‚
1779 470 1812 496 et
1830 472 1946 507 postea
1965 465 2046 497 dare
2065 464 2119 496 vi-

1133 522 1202 548 tam
1220 521 1396 548 aeternam
1413 525 1475 558 per
1498 521 1531 548 et
1556 520 1701 558 propter
1724 513 1834 546 filium
1852 513 2048 547 Dominum
2067 513 2120 547 Ie-

1132 578 1208 599 sum
1228 563 1422 599 Christum.

1233 615 1313 649 Huc
1330 616 1480 649 addatur
1500 615 1603 647 etiam
1623 614 1728 658 digna
1751 614 2033 648 consideratione
2057 615 2121 647 do-

1134 667 1244 700 ctrina
1262 667 1306 699 de
1323 672 1476 711 quatuor
1498 665 1610 698 causis
1636 665 1849 707 gravissimis
1867 672 1899 698 et
1914 665 2121 709 praecipuis,

1133 724 1277 762 propter
1298 728 1384 762 quas
1401 714 1578 750 Ecclesiae
1595 716 1744 750 traditae
1769 722 1850 749 sunt
1871 716 2123 760 promissiones

1134 769 1177 801 de
1193 768 1296 801 bonis
1313 767 1567 811 corporalibus-

1236 818 1354 852 Prima
1372 825 1440 858 est,
1466 816 1562 851 Deus
1578 817 1653 850 vult
1669 828 1732 849 nos
1750 816 1837 849 scire
1853 823 1885 850 et
1901 820 2058 856 credere,
2086 829 2121 850 se

1135 881 1216 902 vere
1242 869 1481 909 conditorem,
1509 874 1686 908 autorem,
1712 868 1889 907 datorem,
1924 876 1954 902 et
1981 879 2122 902 conser-

1135 927 1289 953 vatorem
1306 931 1379 952 esse
1398 917 1526 952 horum
1545 918 1815 958 beneficiorum,
1842 918 2024 963 ipsamque
2045 931 2122 951 cor-

1135 971 1291 1014 poralem
1311 971 1418 1004 vitam
1437 976 1470 1003 et
1493 970 1611 1002 omnia
1638 969 1731 1001 bona
1758 975 1917 1009 externa,
1950 981 2009 1002 seu
2034 976 2123 1002 tem-

1136 1021 1291 1065 poralia,
1319 1032 1400 1054 vere
1424 1031 1495 1053 esse
1519 1031 1623 1063 opera
1643 1026 1676 1052 et
1695 1020 1786 1051 dona
1806 1019 1944 1060 divina,
1970 1032 2033 1052 nec
2056 1017 2124 1052 hu-

1136 1084 1238 1104 mana
1259 1071 1440 1114 diligentia
1457 1070 1548 1110 sola,
1577 1070 1631 1102 vel
1654 1070 1786 1113 parari,
1818 1071 1872 1102 vel
1897 1070 2034 1114 augeri,
2067 1069 2122 1101 vel

1136 1123 1279 1155 retineri
1299 1134 1336 1155 ea
1357 1133 1476 1165 posse,
1503 1120 1578 1153 sine
1603 1121 1802 1160 voluntate,
1827 1133 1912 1164 ope,
1939 1128 1971 1153 et
1995 1121 2123 1163 guber-

1136 1173 1279 1206 natione
1288 1171 1365 1207 Dei.
1403 1171 1443 1205 ln
1459 1169 1549 1204 lianc
1564 1171 1771 1204 sententiam
1790 1171 1876 1204 dicit
1891 1178 2003 1205 textus
2014 1169 2123 1204 Acto-

1136 1236 1214 1256 rum
1234 1223 1309 1257 17.:
1339 1222 1380 1255 ln
1405 1223 1480 1265 ipso
1505 1233 1642 1261 sumus,
1670 1221 1841 1261 vivimus,
1867 1229 1900 1255 et
1928 1233 2123 1263 movemur,

1136 1274 1171 1306 id
1189 1281 1255 1313 est,
1284 1285 1344 1317 per
1369 1273 1483 1316 ipsum
1510 1272 1631 1309 datur,
1660 1279 1892 1312 sustentatur,
1928 1280 1959 1305 et
1984 1273 2124 1305 fovetur

1136 1324 1204 1356 vita
1225 1330 1355 1358 nostra.
1409 1321 1513 1362 Item,
1539 1321 1705 1354 Proverb,
1722 1322 1798 1355 lO.:
1826 1322 2033 1356 Benedictio
2047 1320 2123 1355 Do-

1135 1374 1224 1406 mini
1249 1374 1375 1406 divites
1398 1373 1501 1413 facit,
1528 1369 1594 1405 hoc
1612 1379 1678 1413 est,
1706 1384 1779 1405 non
1801 1373 2022 1412 ditescimus,
2050 1384 2122 1405 non

1135 1436 1297 1468 paramus
1322 1436 1385 1457 nec
1408 1430 1549 1457 tuemur
1571 1434 1653 1466 opes
1676 1429 1809 1455 tantum
1835 1421 1991 1456 humana
2017 1423 2124 1455 indu-

1136 1476 1219 1508 stria
1246 1483 1278 1509 et
1300 1475 1430 1508 nostris
1455 1474 1656 1513 laboribus,
1700 1474 1758 1506 sed
1785 1485 1922 1506 necesse
1947 1480 1996 1506 est
2025 1485 2124 1506 acce-

1135 1526 1217 1559 dere
1241 1526 1410 1559 auxilium
1433 1524 1521 1568 Dei,
1561 1524 1716 1557 iuvantis
1739 1521 1904 1558 honestos
1930 1524 2068 1557 labores
2091 1531 2123 1556 et

1135 1576 1372 1610 obedientiam
1389 1582 1545 1609 nostram
1563 1575 1600 1606 iu
1620 1575 1813 1609 vocatione,
1847 1574 1905 1608 Sic
1922 1574 2124 1607 ctPsalmus

1135 1627 1267 1671 inquit:
1300 1626 1375 1660 Nisi
1393 1626 1569 1659 Dominus
1595 1625 1830 1657 aedificaverit
1857 1626 2020 1664 domum,
2050 1625 2124 1656 fru-

1134 1684 1204 1711 stra
1223 1677 1387 1710 laborant
1401 1676 1635 1709 aedificantes.

1236 1726 1397 1761 Secunda
1415 1738 1528 1760 causa.
1565 1724 1654 1759 Cum
1673 1725 1771 1758 Deus
1788 1724 1930 1758 inchoet
1946 1731 2122 1757 aeternam

1136 1789 1233 1811 suam
1259 1776 1452 1810 Ecclesiam
1476 1777 1513 1810 in
1539 1773 1602 1809 hac
1627 1775 1767 1809 mortali
1790 1775 1879 1816 vita,
1919 1776 1995 1808 vult
2019 1775 2123 1809 etiam

1135 1825 1218 1862 huic
1243 1829 1379 1868 coetui,
1405 1828 1443 1860 in
1468 1839 1539 1872 quo
1563 1828 1654 1859 lucet
1680 1827 1789 1869 ipsius
1812 1826 1956 1866 notitia,
1983 1833 2016 1859 et
2040 1837 2121 1858 vera

1135 1879 1330 1919 invocatio,
1349 1880 1433 1912 dare
1450 1877 1642 1910 necessaria
1661 1878 1704 1909 ad
1721 1876 1812 1909 vitae
1829 1876 2023 1923 corporalis
2039 1888 2122 1908 con-

1135 1929 1381 1963 servationem.
1442 1927 1560 1972 thue
1590 1927 1867 1960 consolationem
1902 1924 2121 1966 haberemus,

1135 1991 1199 2013 nec
1215 1979 1456 2023 srangeremur
1471 1978 1731 2022 desperatione,
1755 1978 1813 2010 sed
1840 1978 1932 2010 bona
1960 1989 2037 2010 cum
2063 1988 2122 2020 spe

1136 2041 1411 2077 propagaremus
1435 2029 1652 2068 doctrinam,
1687 2028 1782 2060 Deus
1813 2025 1903 2060 hanc
1936 2039 2032 2060 suam
2058 2040 2120 2059 vo-

1135 2081 1306 2114 luntatem
1333 2080 1370 2112 in
1395 2079 1516 2113 multis
1546 2079 1842 2124 promissionibus
1867 2078 2057 2111 clarissime
2084 2089 2122 2110 ac

1136 2131 1336 2164 dulcissime
1361 2130 1544 2175 expressit:
1592 2136 1625 2163 et
1641 2136 1723 2163 nota
1742 2135 1823 2162 sunt
1838 2129 1938 2162 vobis
1956 2128 2122 2161 omnibus

1135 2179 1221 2214 baec
1250 2182 1373 2215 verba:
1416 2180 1576 2215 Primum
1608 2180 1763 2225 quaerite
1791 2191 1936 2222 regnum
1962 2177 2047 2218 Dei,
2088 2185 2122 2211 et

1136 2239 1268 2265 caetera
1287 2232 1499 2266 adiicientur
1513 2231 1631 2272 vobis,
1660 2231 1694 2263 id
1715 2237 1779 2267 est,
1808 2229 1983 2273 agnoscite
1994 2227 2123 2269 Deum,

1136 2283 1292 2327 quaerite
1315 2295 1432 2316 veram
1458 2282 1653 2316 doctrinam
1682 2288 1713 2313 et
1736 2280 1882 2323 gloriam
1900 2279 1985 2319 Dei,
2020 2291 2119 2323 prae-

1135 2341 1221 2367 state
1246 2346 1344 2367 veros
1371 2334 1503 2373 cultus,
1537 2333 1774 2375 obtemperate
1789 2329 1864 2363 Deo
1888 2331 1980 2363 iuxta
1999 2328 2120 2362 Evan—

1106 2384 1108 2402 ³
1134 2384 1283 2427 gelium,
1311 2393 1343 2419 et
1368 2385 1557 2418 clementer
1579 2381 1817 2425 suppeditabit
1840 2381 1938 2413 vobis
1963 2391 2119 2413 necessa-

1134 2435 1185 2468 ria
1209 2436 1299 2469 vitae
1325 2435 1508 2480 praesidia.
1574 2432 1734 2465 Sciamus
1763 2439 1794 2465 et
1828 2432 1915 2464 illud
1944 2429 2007 2463 hoc
2033 2431 2121 2470 loco,

1134 2483 1256 2519 Deum
1276 2498 1412 2530 semper
1428 2485 1464 2517 in
1483 2481 1547 2517 hac
1567 2483 1636 2516 vita
1662 2495 1771 2527 usque
1796 2483 1837 2515 ad
1863 2482 1966 2514 finem
1993 2481 2120 2513 durare

1133 2537 1241 2576 velle,
1275 2545 1438 2581 certoque
1464 2541 1682 2568 servaturum
1707 2546 1776 2566 esse
1792 2533 2004 2575 Ecclesiam,
2039 2532 2120 2577 quia

1134 2588 1224 2621 bona
1247 2589 1420 2632 corporis,
1461 2587 1586 2624 vitam,
1627 2585 1776 2622 victum,
1817 2583 2056 2616 defensionem
2087 2589 2117 2615 et

1132 2636 1283 2682 hospitia
1301 2638 1478 2683 promisit,
1507 2637 1580 2668 sine
1597 2635 1724 2680 quibus
1744 2633 1800 2667 hic
1817 2641 1935 2667 coetus
1953 2645 2034 2665 voce
2051 2633 2118 2665 mi-

1132 2690 1266 2724 nisterii
1293 2689 1510 2732 colligendus
1535 2687 1654 2719 vivere
1681 2698 1752 2719 nou
1777 2692 1905 2729 potest,
1943 2686 2038 2717 iuxta
2063 2684 2117 2715 ‹li-
