2409 2915
72 111 146 148 265
607 109 688 146 XII.
741 108 1133 147 ANNOTATIONES
1161 110 1213 146 IN
1240 110 1539 149 EVANGELIA.
2003 121 2079 155 266

70 209 143 231 non
163 197 384 241 praelucente
399 193 550 229 Christo.
604 194 679 229 Hos
697 207 820 230 omnes
838 198 1050 240 pronunciat
1203 194 1256 230 Ex
1273 194 1338 230 hac
1353 198 1578 233 distinctione
1594 200 1678 243 legis
1698 209 1729 236 et
1746 200 1948 246 Evangelii,
1977 204 2081 236 mini-

69 246 231 281 Christus
248 248 342 281 fures
356 257 428 280 esse
445 252 478 279 et
494 245 659 280 latrones.
1101 252 1252 280 strorum
1276 254 1308 281 et
1325 246 1474 289 Christi,
1503 251 1658 284 membra
1676 259 1788 287 textus
1806 253 1892 287 fiunt
1909 254 2081 298 planiora,

170 297 251 332 Non
268 304 380 342 potest
394 308 467 329 non
485 294 748 340 perhorrescere
762 297 822 341 pia
834 308 942 336 menS,
964 309 1049 330 con·
1100 294 1260 331 Christus
1284 305 1333 331 est
1350 305 1469 342 pastor
1483 300 1614 340 bonus,
1643 314 1714 335 non
1731 304 1843 336 solum
1858 331 1865 345 ,
1894 312 1931 338 ut
1950 303 2081 337 Paulus

70 348 225 382 siderans
256 347 312 381 hic
344 346 505 380 damnari
534 347 722 380 maximam
752 355 884 391 partem
913 349 1048 391 generis
1073 373 1075 391 ⁴
1100 348 1228 381 docens
1247 346 1499 391 Ewnngelium,
1526 352 1585 383 sed
1605 352 1708 384 etiam
1726 355 1805 397 quia
1824 355 1896 398 ipse
1915 362 1961 388 est
1981 355 2080 388 victi-

70 396 233 438 humani,
261 399 333 430 imo
356 397 542 430 maximam
566 404 698 441 partem
718 409 838 431 eorum
856 399 916 443 qui
933 399 1048 432 domi-
1072 393 1075 439 j
1100 410 1177 438 ma,
1217 400 1410 440 redemtor,
1450 401 1639 440 mediator,
1682 403 1767 435 dans
1800 404 1971 446 Spiritum
2002 417 2081 438 san-

1072 441 1075 463 *
1100 455 1213 489 ctum,
1241 455 1273 482 et
1295 450 1401 483 vitam
1426 457 1616 484 aeternam.
1670 451 1752 485 Ideo
1775 454 1875 487 dicit:
1904 454 1975 497 Ego
1999 457 2080 487 veni

68 456 198 483 nantur
214 450 250 482 in
261 447 427 481 Ecclesia.
480 446 625 482 Constat
640 445 885 482 Mahometum
905 461 976 482 esse
993 450 1047 482 fu·
1072 476 1074 489 ,

67 511 139 532 rem
164 506 195 532 et
216 499 404 538 latronem,
431 498 513 543 quia
539 499 635 532 venit
652 510 723 532 non
741 507 946 543 praeeunte,
974 512 1046 533 non
1072 495 1075 515 ¹
1099 506 1137 532 ut
1162 499 1269 532 vitam
1292 497 1456 535 habeant.
1511 502 1646 534 Caeteri
1667 502 1726 547 qui
1746 509 1865 537 tenent
1883 505 2002 537 titulos
2018 517 2080 552 pa-

65 550 213 583 ducente
227 548 378 583 Christo.
418 547 658 583 Retinuerunt
676 561 803 582 nornen
814 547 946 584 Christi
958 562 1046 594 pon-
1071 551 1074 590 ὲ
1099 558 1251 591 storum,
1279 548 1458 584 Pharisaei
1476 559 1508 585 et
1526 552 1720 586 Sadducaei
1739 561 1818 587 sunt
1836 555 1947 594 fures,
1976 556 2082 588 latro-

64 600 171 634 tifices
195 607 226 633 et
253 596 436 639 monachi,
478 600 536 632 sed
563 600 758 633 obruerunt
782 601 977 634 doctrinam
1003 603 1046 633 de
1099 612 1178 638 nes,
1206 608 1238 634 et
1261 601 1403 645 quidem
1430 603 1467 634 in
1492 603 1624 647 populo
1648 603 1820 644 saniores,
1848 611 1964 638 tamen
1992 617 2081 638 mer-

64 651 131 684 fide
149 651 185 683 in
202 648 395 690 Christum,
424 650 589 683 dixerunt
603 648 764 683 homines
780 652 907 684 mereri
922 652 1045 685 remis-
1070 653 1073 692 ξ
1099 651 1229 683 cenarii
1247 658 1348 692 sunt,
1378 652 1410 684 id
1429 660 1496 691 est,
1524 653 1660 695 ignavi,
1688 666 1759 687 non
1777 656 1970 698 suscipiunt
1991 656 2083 698 peri-

65 702 197 735 sionem
229 707 448 745 peccatorum
480 701 633 748 propriis
665 701 848 744 operibu5‚
881 702 1045 735 dixerunt
1071 709 1073 713 “
1099 701 1175 734 cula
1206 703 1450 735 confessionis:
1488 702 1561 735 Imo
1587 704 1662 736 sine
1687 705 1817 737 auxilio
1843 703 1971 739 (bristi
2000 704 2082 739 haec

65 764 123 786 eos
147 763 248 796 posse
269 752 336 794 legi
358 751 570 791 satisfacere,
598 757 632 785 et
650 751 722 794 lege
741 752 850 786 iustos
867 764 958 793 esse,
985 753 1043 786 sed
1098 752 1273 785 imbecilla
1294 759 1416 785 natura
1438 753 1475 785 in
1491 754 1656 786 omnibus
1675 753 1878 788 bominibus
1896 757 1983 798 fugit
2003 768 2082 789 cru-

64 810 179 837 tamen
203 814 337 845 semper
363 802 597 835 dubitandum
623 813 709 835 esse:
738 804 907 836 damnant
924 815 1043 836 vocem
1068 801 1071 812 ¹
1098 814 1183 835 cem.
1239 803 1318 835 ldeo
1343 803 1475 836 dictum
1493 811 1559 838 est:
1589 804 1673 838 Sine
1690 818 1743 837 me
1761 803 1851 838 nihil
1870 807 2011 848 potestis
2029 807 2082 839 sa-

62 852 268 895 Evangelii,
296 865 384 897 quae
410 853 507 886 iubet
523 853 682 891 credere,
711 854 804 898 quod
825 861 967 897 propter
983 853 1044 886 Fi-
1070 883 1071 887 ,
1098 865 1186 886 cere.
1239 852 1314 895 Ego
1338 865 1414 886 snm
1439 854 1562 894 ianua,
1591 855 1618 886 si
1643 855 1721 898 quis
1747 867 1806 898 per
1831 868 1885 888 mc
1906 857 2082 897 ingredie-

63 904 150 937 lium
173 904 243 937 Dei
269 904 377 936 simus
402 903 502 943 iusti,
538 903 573 935 id
598 909 664 943 est,
698 904 840 947 accepti.
893 903 970 937 Hoc
994 911 1044 938 est
1070 919 1072 934 z
1098 911 1173 946 tur,
1209 904 1419 944 salvabitur,
1447 911 1478 937 et
1503 905 1723 948 ingredietur
1749 913 1781 939 et
1806 907 2022 949 egredietur,
2048 914 2082 940 et

62 955 165 988 etiam
189 954 308 987 venire
332 965 404 986 non
426 962 616 998 praeeunte
638 951 793 987 Christo.
854 951 1044 987 Addantur
1098 954 1266 997 pabulum
1282 955 1448 989 inveniet.

62 1005 219 1049 exempla
235 1006 278 1037 de
295 1005 438 1037 caeteris
454 1004 680 1037 crassioribus
696 1005 894 1046 erroribus,
919 1005 1043 1038 dicunt
1069 1011 1070 1016 ¹
1200 1004 1266 1037 Per
1305 1002 1394 1037 banc
1427 1006 1567 1038 ianuam
1600 1004 1779 1040 Christum
1820 1009 2082 1051 ingrediebatur

61 1055 272 1089 sacrificulos
302 1055 338 1087 in
365 1054 471 1087 Missa
500 1055 626 1087 offerre
647 1054 778 1088 Filium
803 1054 887 1094 Dei,
922 1063 954 1090 et
975 1053 1042 1088 hoc
1068 1058 1070 1087 ὲ
1095 1053 1234 1095 Esaias,
1269 1063 1300 1090 et
1330 1055 1548 1094 salvabatur,
1583 1057 1846 1099 ingrediebatur
1870 1066 1903 1092 et
1927 1060 2081 1102 egredie—

61 1118 165 1149 opere
203 1106 330 1138 mereri
367 1106 500 1152 populo
533 1106 775 1138 remissionem
809 1112 1040 1148 peccatorum.
1096 1105 1216 1145 batur,
1244 1106 1279 1137 id
1303 1112 1372 1146 est,
1400 1106 1553 1149 primum
1580 1108 1771 1151 accipiebat
1795 1121 1812 1141 a
1838 1107 1979 1142 Christo
2002 1122 2079 1153 gra-

61 1156 137 1190 Hoc
154 1163 245 1189 certe
262 1163 397 1189 estnon
414 1163 600 1200 praeeunte
619 1154 762 1189 Christo
779 1157 910 1191 venire.
1067 1165 1069 1194 μ
1095 1156 1200 1194 tiam,
1228 1155 1380 1199 Spiritus
1406 1158 1516 1190 sancti
1541 1158 1653 1197 dona,
1681 1165 1713 1191 et
1737 1166 1850 1202 postea
1874 1161 1960 1192 alios
1978 1162 2079 1193 doce-

161 1205 316 1240 Econtra
339 1218 402 1239 nos
426 1207 574 1239 sciamus
599 1218 719 1239 omnes
735 1206 810 1250 pios
826 1208 986 1240 doctores
1003 1206 1040 1238 in
1066 1202 1068 1206 ’
1095 1206 1163 1240 bat.
1218 1204 1262 1239 Et
1286 1206 1454 1249 pabulum
1479 1208 1698 1249 inveniebat,
1726 1211 1924 1243 donabatur
1942 1212 2079 1255 sapien-

59 1255 214 1291 Ecclesia
231 1258 312 1290 inde
327 1269 438 1302 usque
453 1257 496 1289 ab
512 1257 624 1297 initio,
652 1254 781 1298 Adam,
808 1255 905 1295 Seth,
928 1254 1041 1297 Nohe,
1066 1260 1068 1296 ζ
1094 1256 1159 1295 tia,
1187 1257 1342 1298 iusticia,
1370 1264 1402 1290 et
1421 1258 1490 1291 vita
1509 1265 1661 1293 aeterna.

59 1308 160 1348 Sem,
196 1304 395 1347 Abraham,
430 1306 620 1347 Davidem,
654 1304 815 1347 Esaiam,
846 1313 879 1340 et
908 1307 1040 1340 similes

57 1370 130 1391 non
152 1363 287 1391 tantum
311 1358 353 1390 de
376 1358 451 1400 lege
476 1357 702 1391 concionatos
725 1368 816 1395 esse,
850 1359 910 1391 sed
936 1358 1038 1391 etiam

57 1410 100 1442 de
123 1406 336 1451 Evangelio,
369 1414 404 1442 et
433 1408 642 1447 inculcasse,
677 1420 714 1440 ac
741 1408 932 1441 illustrasse
956 1420 1039 1452 pro-

56 1459 259 1492 missionem
275 1459 318 1491 de
333 1465 482 1491 venturo
497 1458 639 1498 semine,
662 1456 890 1491 sicutPsalmi
905 1465 939 1491 et
955 1470 1039 1491 con-

1490 1374 1534 1397 De
1561 1375 1682 1398 tertio.

1263 1433 1317 1463 De
1340 1432 1508 1470 Ecclesia,
1547 1444 1602 1463 seu
1626 1434 1665 1463 de
1687 1433 1812 1473 populo
1835 1433 1910 1463 Dei.

56 1509 174 1554 ciones
190 1508 314 1541 Esaiae
330 1509 521 1542 clarissime
540 1515 731 1549 testantur,
759 1507 926 1542 Messiam
943 1510 1039 1542 futu·
1194 1501 1395 1536 Certissime
1414 1515 1614 1545 Persuasum
1632 1510 1704 1537 emt
1723 1503 1954 1545 pontificibus
1971 1503 2077 1538 013³-

56 1572 134 1594 rum
158 1559 354 1598 victimam,
381 1566 524 1603 propter
546 1571 650 1604 quam
667 1558 763 1592 Deus
786 1559 831 1593 sit
850 1560 1039 1604 propicius,
1093 1553 1293 1586 cerdot‘bns
1320 1553 1487 1594 Iudaicis,
1518 1565 1589 1586 sese
1615 1566 1686 1586 esse
1708 1556 1893 1598 praecipua
1922 1556 2077 1588 membra

56 1618 90 1645 et
105 1611 229 1644 reddat
244 1609 416 1643 iusticiam
435 1617 468 1643 et
485 1610 591 1642 vitam
609 1617 797 1645 aeternam,
1093 1604 1215 1647 populi
1239 1603 1323 1641 Dei,
1360 1616 1420 1636 seu
1448 1616 1549 1636 verae
1574 1603 1767 1645 Ecclesiae,
1801 1617 1902 1638 suum
1929 1617 2076 1638 consen-

156 1659 275 1693 Praeit
296 1667 412 1694 autem
429 1658 590 1693 Christus
607 1660 796 1703 dupliciter
809 1686 818 1700 ,
843 1658 1038 1703 Evangelio
1092 1666 1167 1687 sum
1185 1665 1256 1686 esse
1271 1654 1452 1687 veritatem
1468 1655 1755 1696 irrefragabilem,
1782 1667 1905 1697 magna
1923 1668 1962 1688 ex
1980 1663 2077 1699 parte

54 1723 116 1745 seu
139 1711 319 1749 doctrina,
345 1717 378 1744 et
400 1710 561 1755 efficacia.
594 1709 683 1743 Cum
707 1711 874 1752 audimus·
889 1711 1039 1754 promis-
1092 1705 1246 1736 membra
1265 1704 1317 1736 sui
1337 1704 1472 1737 ordinis
1491 1716 1562 1736 esse
1578 1705 1703 1738 electos
1719 1706 1760 1737 ad
1777 1706 1975 1739 societatem
1995 1707 2077 1738 bea-

54 1763 187 1795 sionem
214 1772 275 1794 seu
298 1773 417 1794 vocem
433 1759 636 1803 Evangelii,
664 1761 909 1804 amplectimur
927 1761 1038 1794 dona-
1091 1754 1253 1788 titudinis
1278 1752 1453 1789 Abrahae.
1507 1754 1605 1787 Sicut
1629 1767 1723 1787 nunc
1747 1754 1953 1795 Pontifices,
1989 1754 2076 1800 Epi-

55 1821 125 1847 tam
150 1812 389 1844 remissionem
413 1818 656 1855 peccatorum,
683 1811 760 1845 fide.
813 1811 860 1845 Et
877 1824 954 1845 cum
970 1812 1037 1844 fide
1091 1805 1205 1848 scopi·
1249 1803 1437 1844 CffflOfliCi,
1478 1803 1670 1843 monachi,
1705 1805 1902 1847 gloriamur
1934 1818 1969 1839 58
2004 1819 2075 1839 9⁵⁵²

54 1863 274 1906 agnoscimus
299 1859 498 1901 Christum,
534 1861 608 1905 ipse
632 1874 712 1894 vere
736 1869 785 1895 051
808 1862 944 1903 efficax,
979 1863 1038 1896 dat
1091 1856 1276 1900 praecipua
1312 1856 1468 1889 membra
1498 1853 1691 1895 Ecclesiae,
1732 1867 1833 1888 suum
1866 1869 2075 1889 consensum

54 1914 227 1958 Spiritum
250 1919 430 1952 sanctum,
458 1919 490 1946 eg
516 1913 631 1946 {neom
654 1913 689 1946 in
710 1913 816 1945 nobis
836 1925 963 1945 novam
981 1913 1036 1945 lu-
1061 1941 1063 1948 A
1090 1906 1276 1939 adfirmant
1291 1917 1363 1938 esse
1380 1905 1560 1938 veritatem
1579 1906 1749 1939 divinitus
1766 1907 1939 1940 lucentem
1960 1909 1995 1940 iu
2006 1905 2074 1940 Ec-

53 1976 137 1998 cem.
189 1964 235 1996 At
260 1970 399 1996 econtra
424 1963 486 1996 ubi
511 1963 628 2006 ignota
653 1970 701 1996 est
725 1964 927 2006 promissio,
962 1975 1034 1995 non
1061 1950 1064 2012 Ξ
1091 1957 1205 1990 clesia.
1260 1954 1305 1988 Et
1323 1954 1388 1988 hoc
1403 1967 1573 1988 consensu
1594 1963 1739 1990 tuentur
1755 1958 1957 1991 manifestos
1977 1970 2073 1991 erro-

1089 2019 1162 2045 res,
1192 2007 1407 2039 interficiunt
1433 2006 1528 2049 pios,
1556 2007 1614 2051 qni
1641 2020 1711 2039 non
1739 2008 1889 2051 probant
1917 2009 2071 2051 ipsorum

53 2021 166 2059 potest
182 2014 267 2047 oriri
288 2014 390 2052 fides,
419 2026 482 2046 nec
499 2014 607 2057 accipi
626 2014 784 2047 remissio
802 2021 1033 2058 peccatorum.
1059 2020 1062 2054 Λ

51 2065 96 2100 Et
111 2065 172 2098 ubi
191 2065 306 2107 ignota
323 2071 373 2097 est
392 2062 733 2107 promissioChristi,
761 2077 832 2097 non
851 2071 900 2097 est
916 2065 1034 2097 efficax
1059 2057 1062 2104 I
1089 2058 1182 2091 idola
1196 2085 1204 2098 ‚
1237 2064 1275 2090 Ut
1300 2056 1445 2097 MiSSflS,
1480 2057 1738 2091 invocationem
1764 2066 1982 2092 mortuorum
1997 2087 2004 2099 ‚
2041 2066 2073 2093 et

54 2113 231 2154 (hristus,
260 2127 332 2147 non
353 2116 413 2148 dat
431 2115 603 2158 Spiritum
628 2123 803 2155 sanctum,
830 2115 919 2148 sicut
943 2115 1034 2147 clare
1088 2109 1154 2141 fllia
1174 2114 1347 2152 Portenta·

52 2172 200 2199 testatur
227 2162 312 2197 haec
343 2177 423 2197 vox·
440 2164 708 2207 Apostolorum:
744 2165 825 2199 Non
857 2173 905 2199 est
936 2165 1030 2197 aliud
1190 2157 1312 2204 Itaque
1335 2169 1473 2191 necesse
1499 2165 1546 2191 ‘²⁵1
1563 2158 1639 2202 plOS
1655 2160 1810 2199 moneri,
1839 2161 1922 2204 (111ῗᾶ
1941 2161 1985 2193 ὃῖῑ
2002 2158 2070 2193 EC-

53 2228 201 2253 nomen,
234 2215 269 2247 in
295 2227 364 2259 quo
389 2216 669 2258 oporteatsalvos
686 2215 759 2249 fieri
777 2224 839 2250 etc.
901 2213 1032 2248 Mulio-—
1059 2214 1061 2230 ¹
1087 2210 1211 2251 etesia,
1241 2216 1272 2242 et
1297 2211 1390 2253 qnod
1416 2210 1460 2242 sit
1482 2216 1599 2242 coetus
1623 2209 1801 2242 dissimilis
1818 2211 1960 2243 caeteris
1980 2212 2070 2254 poli-

1058 2234 1061 2255 ς

51 2273 162 2299 metus
181 2266 243 2299 etsi
262 2266 344 2308 legis
363 2266 557 2298 doctrinam
577 2267 619 2297 de
637 2267 785 2299 externis
803 2267 961 2299 moribus
978 2279 1031 2298 re-
1057 2263 1061 2353 Ρ
1087 2261 1156 2301 tiis,
1193 2258 1345 2293 Etiamsi
1376 2260 1412 2292 in
1442 2271 1548 2302 regno
1579 2260 1762 2302 praecipua
1794 2262 1949 2294 membra
1976 2269 2068 2300 sunt,

51 2318 155 2357 tinet,
188 2323 303 2350 tamen
333 2327 475 2359 prorsus
506 2317 625 2348 abiicit
653 2317 938 2359 promissionem,
972 2328 1031 2349 s··u
1058 2354 1059 2362 ἵ
1085 2310 1180 2352 Rex,
1213 2311 1418 2350 Senatores,
1452 2311 1589 2349 Duces,
1623 2309 1825 2354 Principes,
1858 2320 1972 2344 tannen
1999 2311 2067 2344 Ec-

51 2367 298 2409 Evangeliitm,
327 2374 426 2408 negat
453 2366 582 2399 Filium
604 2365 666 2399 Dei
691 2379 762 2399 esse
785 2369 1031 2405 redemtorem,
1058 2373 1059 2379 ¹
1085 2362 1185 2394 clesia
1208 2374 1279 2394 non
1305 2362 1433 2404 pendet
1451 2373 1489 2393 ex
1509 2358 1564 2393 his
1583 2360 1709 2399 titulis,
1738 2363 1952 2394 successione
1971 2363 2068 2394 ordi-

51 2419 148 2451 iubet
174 2418 335 2450 dubitare
360 2418 516 2459 singulos
532 2429 574 2449 an
595 2418 751 2460 placeant
768 2416 862 2454 Deo,
890 2429 1031 2461 prorsus
1085 2413 1199 2452 naria,
1224 2420 1262 2445 ut
1287 2419 1422 2446 vocant.
1476 2412 1544 2445 Sed
1569 2418 1617 2444 est
1642 2419 1759 2444 coetus
1783 2409 1966 2444 hominurn
1993 2425 2066 2444 am-

50 2470 185 2512 ignorat
212 2468 324 2501 lucem
347 2469 438 2501 fidei.
495 2467 578 2500 Ideo
603 2480 665 2500 nec
690 2469 928 2500 remissionom
952 2481 1029 2511 pvc-
1084 2463 1310 2506 plectentium
1335 2463 1504 2495 sinceram
1528 2460 1712 2503 Evangelii
1737 2462 1950 2501 doctrinam,
1977 2470 2008 2496 ct
2035 2464 2065 2495 ei

50 2526 223 2558 catorum,
250 2531 312 2550 nec
328 2518 500 2560 Spiritum
526 2525 682 2551 sanctum
707 2519 848 2561 accipit,
876 2520 932 2551 sed
957 2532 1029 2551 ma..
1083 2514 1348 2551 obedientium,
1391 2513 1444 2545 cui
1485 2514 1597 2545 coetui
1628 2520 1707 2544 snnt
1742 2513 1883 2545 admixti
1921 2513 2063 2557 quidam

50 2577 106 2602 net
126 2570 160 2601 in
179 2576 311 2608 inni-te,
339 2570 426 2602 sient
443 2568 595 2611 Baptista
618 2570 746 2614 inquit:
777 2569 846 2611 Qui
866 2582 935 2602 non
955 2583 1027 2602 erp,
1083 2565 1185 2603 mali,
1213 2566 1270 2597 sed
1290 2572 1405 2597 tamen
1427 2565 1469 2596 de
1485 2564 1641 2596 dot-trina
1661 2563 1927 2597 consentientes.

50 2620 98 2652 dit
117 2619 207 2652 Filio
223 2647 229 2655 ,
258 2632 328 2652 non
348 2620 477 2653 xidebit
496 2620 600 2653 vitain
614 2647 620 2659 ,
650 2622 706 2653 sed
726 2621 774 2653 ira
793 2620 856 2652 Dei
876 2621 1028 2653 manebit
1186 2622 1381 2656 Definimus
1419 2622 1510 2653 enim
1551 2619 1721 2652 visibilem
1750 2618 1962 2661 Ecclesiam,
2002 2634 2064 2654 nec

49 2681 150 2713 supet
167 2682 255 2702 Clffll·
1083 2673 1244 2717 fingimus
1264 2674 1373 2706 ideam
1387 2671 1613 2711 Platonicum,
1639 2677 1671 2703 nt
1693 2671 1833 2715 quidam
1852 2673 2064 2705 calumniose
