2409 2915
283 111 357 146 687

290 247 440 281 eiulans:
471 241 529 277 Ah
540 241 658 280 Paule,
687 240 831 272 obsecro
850 249 968 281 parce,
994 249 1057 271 nec
1076 237 1171 282 eripe
1189 235 1278 270 mihi

290 298 415 334 vitam,
441 293 588 337 accipies
611 302 733 323 omnes
761 300 855 322 meas
883 299 1036 332 puppas,
1066 300 1145 322 cum
1170 288 1277 321 voles.

291 347 361 381 Sed
380 345 541 378 diabolus
562 342 703 386 impulit
727 338 822 374 hunc
840 339 1033 379 latronem,
1057 345 1097 372 ut
1113 345 1282 383 pergeret,

292 404 324 431 et
339 398 494 430 furorem
513 394 549 426 in
567 405 607 426 eo
623 390 861 430 confirmavit,
888 390 1016 422 occidit
1033 389 1138 432 igitur
1161 396 1193 423 et
1214 389 1280 446 mi-
1304 382 1307 440 Ι

292 459 403 481 seram
425 444 635 490 P¹¹⁰¹l¹¹¹³m›
664 441 921 485 ⁰0m9¹¹³¹³q¹¹e
941 441 1046 473 d⁰m⁰
1074 446 1108 473 et
1134 452 1280 484 pecuum
1305 459 1307 499 1
1333 460 1548 503 perspicuam
1574 462 1855 504 responsionem:
1897 475 2017 496 verum
2043 471 2110 503 est,
2143 465 2316 508 sapientes

294 499 409 532 ablata
425 496 562 539 fugiens
573 493 723 532 Vienna,
752 489 1168 535 pervenitRatisbonam,
1194 502 1281 535 quae

293 550 390 583 abest
413 559 431 581 a
451 546 587 579 Vienna
605 544 648 577 ad
667 542 923 588 quinquaginta
949 541 1113 574 milliaria
1131 540 1281 574 Germa-

295 600 386 634 nica.
440 597 573 631 Verum
584 593 678 627 Deus
693 594 764 637 ipse
781 598 832 626 est
848 599 1011 626 executor
1026 604 1108 625 suae
1124 591 1281 635 regulae:

296 649 510 692 Quicunque
534 645 689 689 gladium
714 643 931 688 acceperint,
964 643 1080 687 gladio
1103 643 1280 686 peribunt.

296 700 485 744 Propterea
518 697 608 730 latro
641 695 724 736 iste,
770 706 971 739 quanquam
998 701 1050 727 tot
1076 693 1280 726 milliarium

294 749 481 784 intervallo
497 748 719 786 discesserat,
748 745 918 778 divinitus
934 751 1052 778 tamen
1073 745 1114 777 ad
1135 756 1282 788 poenam

295 807 483 837 retractus,
517 805 550 831 et
568 798 606 830 in
623 797 794 830 iudicium
812 795 935 839 capitis
951 796 1140 832 adductus,
1172 794 1280 827 Vien-

296 864 377 885 nam
397 850 534 884 iniectis
552 848 682 883 catenis
699 846 865 879 remissus
882 853 943 883 est,
971 846 1032 878 ubi
1051 853 1083 878 et
1104 843 1201 879 hasta
1221 857 1281 878 seu

295 909 420 936 veruto
450 899 656 938 transfixus,
696 897 941 930 innocentium
963 895 1171 938 sanguinem
1199 907 1281 939 sup-

296 954 404 998 plicio
428 951 553 984 merito
576 950 653 982 luit.
719 947 918 990 Suspensus
941 953 1056 980 autem
1084 946 1120 978 in
1148 953 1282 984 veruto,

295 1016 357 1037 seu
373 1003 494 1036 affixus
506 1004 688 1044 praeacuto
700 997 792 1041 palo,
809 997 1010 1030 clamitabat
1027 997 1283 1035 miserabiliter,

294 1061 445 1088 caeteros
462 1050 634 1084 cruciatus
651 1047 809 1092 corporis
824 1059 966 1086 omnes,
991 1059 1078 1092 quos
1098 1048 1280 1091 perferret,

297 1114 517 1148 nequaquam
549 1100 617 1133 sibi
650 1106 722 1132 tam
753 1098 917 1131 acerbum
944 1099 1102 1131 dolorem
1130 1099 1283 1138 inurere,

297 1167 402 1201 quam
434 1163 548 1186 acrem
577 1161 732 1183 morsum
763 1161 975 1193 sensumque
999 1149 1131 1183 doloris
1157 1149 1282 1182 efficiat

296 1203 491 1240 recordatio
521 1201 617 1234 vocis
642 1199 795 1244 puellae,
836 1212 924 1243 quae
956 1200 1091 1233 dixerat
1119 1201 1161 1232 ad
1195 1200 1282 1233 sica—

297 1257 407 1291 rium:
437 1252 494 1287 Ab
505 1251 624 1292 Paule,
643 1251 736 1283 sinas
754 1262 808 1282 me
826 1251 953 1290 vivere,
969 1251 1060 1283 dabo
1078 1250 1142 1284 tibi
1161 1262 1282 1283 omnes

295 1318 389 1342 meas
415 1315 562 1350 puppas.
633 1301 683 1334 lta
704 1308 862 1334 mortuus
887 1307 937 1334 est
960 1299 1017 1334 bic
1039 1301 1097 1334 sur
1131 1308 1162 1334 et
1192 1301 1281 1334 latro

298 1359 335 1391 in
369 1353 579 1390 atrocissimi
611 1351 775 1395 supplicii
808 1351 991 1384 tormentis
1032 1358 1064 1384 et
1095 1348 1282 1383 horrendis

299 1406 532 1442 conscientiae
555 1402 779 1436 cruciatibus
841 1401 966 1434 Tantis
988 1401 1138 1449 peccatis
1163 1401 1283 1445 impli-

299 1466 370 1499 cat,
398 1464 538 1501 tamque
557 1453 672 1488 tristes
691 1464 729 1485 ac
746 1451 895 1494 tragicos
919 1452 1030 1485 exitus
1047 1452 1146 1485 affert
1166 1451 1281 1485 Mam-
1308 1462 1309 1465 ’
1497 1487 1504 1493 ,
1886 1488 1893 1494 ,
2293 1489 2300 1496 ,

1308 1505 1311 1517 ι
1336 1488 1595 1525 consolatione,
1624 1488 1717 1531 quod
1739 1500 1801 1519 nec
1826 1494 1911 1530 petit
1937 1500 2000 1520 nec
2026 1495 2198 1530 exspectat
2222 1501 2319 1521 auxt-

298 1521 417 1543 mona·

401 1565 496 1599 Haec
522 1562 673 1606 insignia
697 1568 729 1594 et
750 1571 861 1594 crassa
882 1560 1036 1603 exempla
1065 1567 1284 1599 mementote,
1310 1573 1311 1591 ι

299 1629 388 1664 quae
411 1616 601 1659 cogitantes
625 1613 756 1650 videte,
791 1622 834 1643 ne
853 1609 1057 1643 'Mammoua
1084 1622 1144 1643 vos
1168 1618 1285 1655 captos

298 1678 331 1704 et
349 1664 622 1712 comprehensos
639 1669 765 1696 teneat.

703 1745 881 1775 Quaestio.

301 1865 431 1903 victus,
468 1869 501 1895 et
532 1860 683 1894 tenenda
716 1869 769 1891 res
801 1856 1009 1890 familiaris?

299 1915 462 1952 Omnino
480 1912 585 1944 debes
601 1919 768 1954 quaerere
786 1914 817 1940 et
835 1907 984 1939 retinere
1000 1906 1198 1944 facultates,
1225 1909 1284 1940 sed

300 1965 367 2000 boc
385 1964 526 1997 ordine:
563 1960 722 1993 Primum
740 1958 818 1990 Deo
841 1957 1078 1999 obtemperes,
1112 1968 1150 1988 ac
1176 1957 1286 1989 discas

302 2024 382 2050 ante
407 2013 524 2048 omnia
551 2012 666 2054 ipsum
692 2016 783 2042 recte
807 2008 970 2040 invocare
996 2015 1027 2040 et
1052 2006 1182 2045 colere,
1223 2019 1285 2039 nec

301 2073 422 2101 contra
449 2061 719 2100 conscientiam,
756 2071 814 2092 seu
838 2058 949 2091 sciens
974 2064 1006 2090 et
1032 2057 1153 2089 volens
1177 2057 1286 2089 violes

304 2118 423 2151 divina
442 2115 616 2147 inandata.
658 2110 782 2144 Postea
801 2109 906 2141 debes
921 2105 1076 2141 bonestis
1095 2108 1287 2147 laboribus,

303 2168 463 2202 ordinate
483 2166 578 2198 iuxta
593 2161 813 2195 vocationem
834 2171 967 2201 parare,
984 2159 1167 2198 collocare,
1187 2159 1287 2196 tueri,

302 2227 334 2254 et
359 2229 484 2259 augere
506 2226 578 2248 rem
603 2212 832 2250 familiarem,
869 2222 926 2242 seu
952 2210 1143 2244 facultates.
1213 2208 1286 2241 lmo

305 2271 398 2305 Deus
415 2269 485 2310 ipse
503 2266 578 2298 vult
596 2275 658 2297 sna
677 2262 832 2295 bonitate
858 2268 889 2293 et
917 2260 1160 2293 benedictione
1185 2261 1284 2292 adiu·
1312 2271 1313 2274 ¹

304 2333 384 2354 vare
408 2327 485 2353 tuos
510 2318 666 2353 labores,
692 2320 729 2346 ut
754 2313 824 2345 sint
841 2311 976 2349 felices»,
1001 2311 1074 2343 vult
1094 2308 1287 2353 provehere
1312 2333 1313 2344 ι

303 2380 335 2405 et
354 2381 479 2411 augere
496 2367 559 2400 tibi
579 2365 780 2402 facultates,
814 2362 903 2395 sicut
928 2368 1045 2405 postea
1070 2362 1158 2393 circa
1183 2362 1285 2394 finem
1312 2382 1313 2385 =

303 2422 425 2465 capitis
442 2418 605 2452 attexitur
622 2428 762 2458 gnome:
793 2413 950 2446 Primum
969 2413 1123 2457 quaerit·=
1142 2425 1286 2454 regnum

305 2473 390 2512 Dei,
427 2481 457 2503 νι
483 2476 614 2501 caetera
642 2465 813 2498 divinitus
835 2463 1045 2496 adiicieutur
1068 2463 1178 2497 vobis,

304 2523 445 2559 fuerunt
470 2520 596 2553 dixites
615 2513 816 2553 Abrabam,
845 2514 958 2552 lsaac„
992 2511 1134 2556 losepb,
1163 2513 1289 2552 Das-id„

306 2574 379 2608 lot».

304 2637 376 2658 ram
403 2631 434 2657 et
461 2622 673 2655 luculentam
701 2616 805 2650 buius
823 2615 1057 2661 quaestionis,
1084 2628 1154 2648 nou
1179 2616 1285 2648 disse-

304 2688 376 2709 ηπ]
396 2673 461 2706 boc
480 2673 557 2706 loto
575 2673 617 2704 de
634 2683 671 2703 ea
692 2668 863 2713 prolixius
877 2694 885 2706 ,
912 2667 1071 2712 seqnitur
1089 2666 1124 2700 iu
1144 2674 1234 2701 textu

881 101 1005 138 PHlL.
1034 100 1149 137 MEL.
1173 101 1382 139 SCRIPTA
1410 103 1708 140 EXEGETICA.

287 203 359 230 erat
376 195 482 227 filiola
500 189 614 225 adhuc
632 189 823 222 admodum
844 198 968 231 parva,
995 187 1201 221 exclamavit
1218 187 1278 219 illa
1303 203 1305 223 :

1230 2464 1287 2496 Sic
1312 2456 1314 2467 ἱ

433 2572 500 2605 Sed
521 2570 601 2615 quia
618 2579 718 2612 saepe
742 2566 924 2599 audivistis
946 2564 1210 2608 explicationem
1231 2578 1286 2597 ve-
1312 2587 1315 2602 ;

2243 111 2317 146 688

1377 186 1466 224 Non
1483 189 1566 224 silis
1584 189 1722 224 soliciti
1737 189 1779 225 de
1797 192 1977 235 crastino,
2003 192 2096 241 quid
2110 193 2317 236 comedatis,

1432 244 1496 273 aut
1514 238 1608 288 quid
1621 240 1759 276 bibatis
1781 247 1840 278 ele.

1431 307 1498 341 Hic
1527 310 1698 352 sapientes
1726 308 1890 344 homines
1914 313 1990 345 sine
2016 313 2092 346 luce
2118 313 2197 346 fidei
2220 315 2314 357 cogi-

1331 364 1426 402 tant,
1453 355 1517 392 hos
1534 370 1606 392 esse
1623 371 1800 395 sermones
1817 363 1948 395 otiosos
1966 370 1997 396 et
2015 363 2155 403 inanes,
2186 375 2224 396 ae
2249 364 2316 396 im-

1332 409 1511 451 possibilia
1543 410 1707 454 praecipi.
1773 410 1930 457 Oppono
1959 414 2078 458 itaque
2109 414 2252 447 brevem
2282 421 2316 448 et

1332 511 1472 553 ignaros
1501 511 1744 544 exercitiorum
1775 513 1874 552 fidei,
1918 515 2073 547 iudicare
2101 512 2158 548 bic
2181 514 2316 549 Stoicas

1332 562 1499 606 quasdam
1518 559 1731 606 liyperholas
1754 564 1863 604 tradi,
1897 572 1929 599 et
1953 563 2015 598 bos
2042 576 2114 598 esse
2137 576 2316 599 sermones

1331 612 1478 645 frivolos
1489 639 1498 652 ,
1525 612 1668 645 inutiles
1683 624 1721 645 ac
1737 612 1868 647 similes
1883 615 2121 649 fabulosarum
2141 616 2317 649 narratio-

1332 674 1430 697 nurn.
1474 660 1547 696 Vos
1564 675 1665 703 vero,
1695 663 1755 708 qui
1773 671 1864 697 recte
1880 665 2052 699 didicistis
2069 666 2169 699 initia
2187 667 2318 700 doctri·

1333 725 1397 746 nae
1412 711 1653 754 Christianae,
1681 721 1714 746 et
1732 714 1766 747 in
1786 714 1915 759 quibus
1939 723 1990 750 est
2014 729 2153 750 accensa
2182 717 2317 750 scintil—

1333 764 1403 796 lula
1423 764 1523 801 fidei,
1551 764 1646 798 scitis
1663 761 1835 797 humanas
1854 773 1987 799 mentes
2012 768 2130 800 divina
2156 767 2316 801 consola—

1332 814 1429 847 tione
1459 814 1642 848 destitutas
1676 814 1713 847 in
1747 823 1970 863 paupertate,
2003 818 2317 861 persecutionibus,

1333 872 1366 898 et
1392 865 1668 905 calamitatibus,
1711 866 1748 898 iu
1782 867 1888 899 tantis
1923 867 2086 910 periculis
2111 869 2256 912 privatis
2284 874 2318 901 et

1306 934 1308 939 ·
1335 916 1502 959 publicis,
1531 913 1755 949 veliementer
1773 917 1981 953 excruciari,
2008 925 2039 950 et
2059 918 2190 952 intimis
2208 919 2317 951 animi

1306 986 1309 997 .
1333 966 1493 999 sensibus
1509 966 1604 1009 angi,
1634 978 1726 998 nunc
1746 966 1802 1000 bic
1820 979 1914 1001 nunc
1931 968 2007 1001 istic
2025 969 2206 1012 praesidia,
2234 981 2318 1002 con-

1306 1043 1308 1047 .
1333 1017 1530 1050 iunctiones
1554 1023 1586 1050 et
1609 1017 1737 1049 auxilia
1755 1030 1941 1061 quaerere,
1967 1020 2185 1052 communire
2210 1031 2244 1052 se
2266 1020 2318 1052 la—

1333 1068 1509 1100 ctiouibus
1529 1075 1561 1101 et
1580 1067 1685 1100 variis
1710 1069 1882 1111 practicis.
1943 1068 1995 1102 De
2014 1066 2077 1101 bac
2095 1069 2319 1103 solicitudine

1334 1118 1492 1162 loquitur
1509 1124 1639 1159 textus,
1665 1130 1754 1162 quae
1777 1126 1827 1152 est
1852 1119 1974 1162 ingens
2000 1120 2175 1153 cruciatus
2197 1128 2230 1154 et
2254 1132 2318 1153 an-

1333 1180 1396 1211 gor
1414 1169 1624 1212 trepidantis
1648 1170 1778 1209 animi,
1813 1177 1910 1203 ortus
1936 1182 1975 1202 ex
1999 1170 2214 1212 diffidentia,
2238 1171 2318 1216 quia

1306 1244 1309 1252 .
1334 1231 1393 1252 cor
1423 1231 1486 1252 nec
1519 1219 1664 1262 erigitur
1688 1231 1750 1252 nec
1776 1227 1992 1253 sustentatur
2016 1221 2135 1254 divina
2161 1221 2320 1254 consola-

1336 1271 1440 1303 tione.

1438 1336 1557 1377 Quare
1581 1336 1722 1369 discatis
1747 1337 1922 1379 duplicem
1946 1349 2017 1369 esse
2048 1338 2320 1371 solicitudinem.

1308 1405 1309 1408 =
1336 1384 1414 1420 Una
1446 1393 1495 1419 est.
1525 1386 1713 1419 solicitudo
1749 1387 1965 1419 dissidentiae
1993 1399 2050 1420 seu
2078 1388 2263 1430 trepidatio
2276 1396 2319 1427 ,et

1336 1436 1509 1469 cruciatus
1528 1437 1661 1474 cordis,
1689 1438 1780 1480 quod
1802 1449 1873 1469 non
1891 1437 2022 1480 regitur
2045 1438 2164 1470 dix-ina
2190 1439 2264 1471 luce
2287 1446 2318 1470 et

1338 1538 1442 1577 lium,
1475 1537 1733 1576 defensionem,
1766 1538 1895 1570 victum
1922 1545 1952 1570 et
1983 1539 2273 1580 gubernationem
2303 1553 2319 1570 a

1336 1587 1423 1622 Deo.
1479 1586 1559 1620 ldeo
1576 1600 1695 1631 saepe,
1724 1586 1954 1631 prohdolor,
1982 1589 2123 1627 accidit,
2151 1597 2188 1622 ut
2212 1589 2320 1634 aliqui

1338 1636 1499 1671 homines
1526 1647 1669 1681 propter
1696 1638 1906 1671 detrimenta
1930 1639 2133 1671 facultatum
2154 1651 2212 1671 seu
2233 1651 2321 1683 pau-

1310 1691 1311 1727 }
1339 1695 1504 1732 pertatem
1530 1689 1616 1721 adeo
1639 1688 1774 1721 duriter
1798 1696 2024 1722 exerceantur
2048 1689 2156 1721 animi
2183 1696 2322 1734 pertur-

1338 1739 1559 1775 bationibus,
1591 1739 1782 1780 angoribus
1799 1748 1829 1773 et
1848 1739 2155 1777 solicitudinilms,
2182 1747 2218 1773 ut
2236 1752 2320 1773 con·

402 1812 449 1846 Μ
472 1809 530 1844 hic
558 1808 674 1843 existit
699 1807 874 1853 quaestio,
901 1817 986 1838 num
1005 1805 1048 1838 5ῑί
1065 1806 1285 1850 quaerendus
1310 1805 1311 1815 ι
1338 1791 1511 1823 tabescant
1544 1802 1720 1827 moerore,
1763 1790 1815 1822 vel
1842 1791 1943 1823 etiam
1979 1790 2043 1833 ipsi
2076 1797 2221 1823 mortem
2255 1790 2320 1823 sibi

1063 1855 1283 1899 l'iespoudeo.
1310 1894 1311 1897 Ἰ

1337 1841 1570 1879 consciscant,
1598 1841 1895 1885 quemadmodum
1913 1841 2068 1884 exempla
2088 1841 2321 1875 meminimus».

1440 1906 1534 1940 llaec
1561 1907 1746 1939 solicitudo
1774 1907 1874 1950 plena
1900 1907 2133 1944 dissidentiae,
2167 1907 2320 1950 trepida-

1338 1958 1462 1996 tionis,
1490 1958 1682 1994 coecitatis,
1712 1964 1740 1989 et
1768 1968 1888 1999 exp-ors
1907 1957 2023 1989 omnis
2046 1968 2143 1989 verae
2161 1957 2320 1990 consola-—

1338 2008 1445 2041 tionis
1471 2005 1524 2039 hic
1550 2008 1766 2039 severissime
1791 2004 2007 2050 probibetur.
2062 2005 2149 2039 Nam
2167 2005 2233 2040 1).·i
2259 2019 2318 2040 vo-

1339 2059 1454 2091 luntas
1472 2058 1700 2090 immutabilis
1719 2064 1786 2092 est,
1815 2065 1849 2090 ut
1870 2057 1904 2089 in
1921 2052 2090 2089 ⁵‹nnnibus
2109 2058 2272 2100 periculis
2288 2065 2318 2091 et

1339 2108 1600 2140 necessitatibus
1619 2108 1861 2147 eoi·in„·i.·=1»iis
1876 2109 1916 2139 ad
1936 2108 2048 2150 ipsum
2062 2135 2069 2144 ,
2095 2119 2274 2151 speremus
2288 2116 2319 2142 et

1339 2166 1497 2203 pet-'uuus
1518 2160 1562 2190 ab
1582 2158 1655 2205 ipso
1674 2158 1862 2197 auxilium,
1893 2170 1954 2190 uec
1975 2159 2176 2198 frangantur
2200 2160 2321 2203 despe-

1340 2210 1485 2242 ratione.
1544 2209 1578 2240 ld
1599 2211 1694 2241 ducet
1717 2209 1948 2254 pult-errimus
1964 2207 2092 2241 Psalmi
2120 2208 2322 2252 sei-siculus,

1339 2273 1441 2305 quem
1459 2260 1586 2301 singuli
1609 2259 1806 2292 meminisse
1824 2266 1856 2293 et
1875 2270 1973 2303 saepe
1993 2259 2152 2292 meditari
2171 2259 2319 2294 «lebetis.

1342 2310 1429 2344 lacta
1449 2323 1567 2343 curam
1585 2317 1678 2343 tuam
1697 2310 1731 2342 in
1754 2310 1962 2346 Dominum,
1990 2318 2020 2342 et
2048 2311 2120 2350 ips·-
2137 2318 2170 2344 te
2184 2317 2319 2344 susten-

1340 2362 1438 2396 tabit.
1480 2363 1577 2403 Quin
1595 2361 1640 2392 ob
1660 2359 1748 2393 banc
1765 2361 1872 2404 ipsam
1890 2372 2027 2392 eausam
2042 2359 2214 2394 Dominus
2231 2372 2318 2406 quo-

1340 2413 1492 2445 tidianae
1511 2412 1701 2455 precationi
1722 2412 1863 2444 inserxit
1883 2419 1912 2443 et
1932 2411 2071 2444 inclusit
2097 2409 2179 2444 baec
2198 2411 2318 2444 verba:

1341 2463 1470 2497 Panem
1490 2471 1646 2496 nostrum
1663 2461 1908 2506 quotidianum
1928 2463 1969 2493 da
1992 2461 2093 2494 nobis
2109 2460 2224 2496 hodie.
2254 2458 2318 2495 Er-

1339 2527 1478 2556 gneum
1499 2514 1632 2546 iusserit
1655 2513 1727 2555 ipse
1753 2512 1819 2555 peti
1846 2525 1863 2544 a
1889 2525 1923 2544 se
1951 2512 2047 2546 cibos
2069 2518 2102 2546 et
2127 2511 2218 2545 bona
2243 2524 2319 2545 cor-

1341 2565 1453 2610 poris.
1482 2565 1557 2597 vult
1573 2563 1648 2597 siue
1668 2563 1737 2595 ulla
1757 2564 1978 2596 dubitatione
1995 2559 2077 2596 haec
2099 2562 2201 2595 etiam
2228 2563 2320 2595 bona

1312 2645 1314 2650 .
1339 2615 1558 2658 corporalia.
1584 2614 1730 2650 vietum.
1759 2615 2018 2653 ‹tosvusionem
2044 2613 2223 2646 facilitates
2238 2625 2320 2659 sup-

1341 2667 1512 2711 peditare,
1542 2665 1614 2698 xult
1645 2677 1706 2698 nos
1735 2678 1804 2697 non
1826 2666 1869 2698 ab
1899 2665 1972 2709 ipso
1998 2663 2141 2697 delicere
2170 2677 2233 2698 nee
2257 2677 2321 2709 op·
