2409 2915
252 123 325 158 523
851 103 977 140 PHlL.
1002 102 1119 140 MEL.
1146 99 1355 138 SCRIPTA
1383 99 1681 138 EXEGETlCA.
2197 108 2268 144 624

254 220 355 245 nem,
387 201 487 237 nullo
519 205 677 242 tempore
706 191 890 238 repetituri
913 190 970 224 vel
995 195 1144 231 sortem,
1177 188 1234 222 vel

254 257 403 304 pretium
420 249 578 295 aliquod.

359 312 427 347 Sed
461 304 643 342 mutuatio
673 310 724 338 est
752 302 860 347 gratis
894 301 1015 334 iuvare
1051 304 1237 344 petentem,

256 364 403 412 pecunia
420 372 478 394 seu
498 360 695 396 frumento,
722 365 783 388 seu
798 353 865 386 alia
891 363 928 385 re
945 350 1046 391 utili,
1071 361 1160 394 quae
1185 355 1238 381 ta-

257 428 338 450 men
366 425 431 447 usn
453 407 692 447 consumitur,
727 416 806 438 cum
837 400 902 435 hac
932 400 1168 444 obligatione,
1200 403 1240 431 ut

258 466 396 500 debitor
411 468 488 508 post
501 465 636 494 certum
654 463 792 503 tempus
803 453 1009 487 tantundem
1027 451 1151 484 reddat
1164 459 1238 482 cre-

259 516 380 551 ditori.
433 511 541 545 Vides
557 509 665 553 igitur
683 504 749 539 hoc
773 504 848 548 ipso
865 503 960 537 dicto
983 512 1104 536 rursus
1129 512 1147 533 a
1167 498 1241 533 Do-

259 567 358 601 mino
377 560 575 599 confirmari
587 557 776 600 legitimam
787 553 1027 588 dominiorum
1044 549 1243 585 distinctio—

261 630 356 652 nem.
408 613 496 648 Nam
518 611 622 644 rebus
645 608 681 641 in
705 616 892 640 commune
917 603 1071 641 collatis,
1107 606 1140 634 et
1161 611 1245 644 pro-

260 669 407 713 prietate
437 662 591 699 sublata,
624 670 688 692 nec
716 656 955 690 mutuationes
985 653 1078 687 ullae
1108 650 1244 688 fierent,

261 730 325 751 nec
348 713 521 758 accipiens
553 718 676 744 mutuo
706 707 922 750 obligaretur
952 705 994 738 ad
1027 701 1245 737 reddendum

262 770 355 803 idem
373 767 410 799 in
426 774 567 808 genere,
593 772 654 794 seu
671 757 907 803 aequivalens.

363 824 494 863 Porro,
521 819 675 865 plurima
692 814 750 850 hic
767 820 926 859 poterant
952 811 1088 846 utiliter
1107 811 1150 843 de
1170 820 1249 842 mu-

260 877 419 913 tuatione
436 872 523 912 dici,
552 881 617 903 nos
632 868 802 914 quaedam
822 864 975 898 breviter
991 862 1214 904 attingemus.

367 933 526 968 Primum
549 940 630 962 vero
653 925 921 960 considerentur
942 919 1147 955 discrimina
1171 929 1251 951 mu-

266 987 478 1024 tuationum.
517 979 606 1014 Nam
626 977 722 1010 velut
731 974 998 1017 distinguuntur
1014 971 1104 1004 duae
1121 967 1251 1013 species

265 1033 564 1073 mendicantium,
598 1038 748 1073 quorum
773 1024 872 1058 alteri
904 1028 987 1056 sunt
1013 1020 1193 1055 stelliones
1218 1024 1252 1051 et

268 1091 495 1136 impostore5‚
522 1079 621 1114 alteri
649 1083 729 1110 sunt
755 1086 836 1108 vere
859 1080 1014 1116 egentes:
1055 1071 1102 1104 ita
1127 1075 1252 1103 mutuo

268 1135 482 1173 sumentium
513 1132 583 1164 duo
617 1139 742 1171 genera
770 1124 923 1160 discerni
957 1123 1098 1156 debent.
1160 1119 1253 1154 Sunt

268 1190 363 1224 enim
390 1183 489 1219 alteri
514 1178 760 1216 tantummodo
781 1176 894 1215 sureS‚
937 1173 998 1219 qui
1024 1171 1131 1205 variis
1153 1182 1254 1214 prae-

269 1239 422 1275 textibus
440 1233 557 1268 debita
575 1229 755 1264 cumulare
777 1226 938 1265 student,
964 1231 998 1258 et
1023 1222 1168 1267 perfidia
1194 1221 1255 1253 de-

267 1290 434 1325 fraudant
448 1283 656 1321 creditores,
685 1291 749 1312 nec
773 1287 928 1322 unquam
956 1279 1082 1308 curant.
1109 1272 1255 1306 reddere

270 1346 441 1387 quantum
461 1340 672 1369 sumserunt.
707 1328 806 1372 Quos
822 1327 964 1372 quidem
983 1322 1048 1357 liae
1071 1323 1174 1356 unica
1195 1321 1254 1354 sed

270 1387 462 1426 universali
479 1383 618 1427 regula,
643 1388 811 1424 tanquam
822 1376 937 1422 Lydio
954 1374 1088 1421 lapide,
1116 1370 1258 1414 coargui

274 1450 307 1476 et
332 1437 483 1474 iudicari
516 1444 615 1479 posse
649 1427 873 1467 memineris,
906 1425 1001 1471 quod
1034 1430 1166 1457 certum
1198 1427 1259 1461 est,

273 1501 396 1527 omnes
413 1498 492 1527 eos,
519 1484 579 1530 qui
606 1482 756 1515 libenter
778 1484 902 1511 mutuo
926 1480 1090 1514 sumunt,
1118 1483 1191 1506 non
1214 1471 1259 1504 li-

273 1545 398 1577 benter
415 1549 477 1571 nec
494 1537 587 1569 bona
606 1533 672 1566 fide
691 1529 881 1574 rependere
898 1526 993 1571 quod
1012 1525 1152 1558 debent.
1190 1521 1260 1556 Sed

273 1592 357 1626 haec
375 1585 594 1623 defraudatio
610 1582 722 1625 reipsa
740 1579 824 1613 furti
840 1577 971 1621 species
988 1582 1048 1608 est.

378 1647 538 1682 Alterum
557 1648 606 1676 est
623 1650 732 1683 genus
758 1648 838 1671 vere
857 1645 1072 1684 pauperum,
1099 1631 1262 1674 indigen-

276 1703 364 1737 tium
382 1699 496 1732 alieno
522 1691 692 1727 beneficio
719 1695 751 1723 et
778 1687 910 1721 auxilio
934 1685 977 1719 ad
1003 1694 1086 1717 usus
1110 1694 1262 1716 oecono-

277 1753 404 1789 micOS,
439 1756 590 1793 quorum
614 1739 729 1776 omnis
758 1750 839 1772 cura
872 1737 909 1769 in
941 1748 981 1769 eo
1007 1739 1183 1770 versatur,
1215 1738 1264 1772 ut,

279 1801 414 1837 etiamsi
438 1797 521 1844 quid
549 1793 669 1828 damni
694 1786 975 1824 contrahendum
1000 1785 1062 1825 sit,
1088 1784 1191 1817 fidem
1211 1789 1264 1816 ta—

278 1865 359 1887 men
374 1861 472 1885 suam
490 1847 658 1883 liberent,
685 1848 718 1875 et
733 1839 949 1874 satisfaciant
966 1835 1212 1869 creditoribus.

382 1906 566 1942 Prioribus
590 1903 659 1935 illis
690 1898 890 1943 petentibus
915 1905 1136 1938 nequaquam
1162 1892 1266 1925 debes

278 1968 404 1997 mutuo
427 1959 532 1997 dare,
565 1962 700 1986 memor
727 1947 918 1981 sententiae
946 1943 1163 1978 Salomonis,
1199 1953 1266 1986 qua

282 2017 446 2048 taxantur
463 2004 648 2039 hirudines
668 2002 768 2034 istae:
798 1997 877 2031 Non
902 1997 962 2029 des
984 1994 1165 2027 facultates
1192 1999 1266 2026 tuas

282 2060 496 2098 crudelibus,
563 2053 695 2088 Eodem
736 2049 884 2091 pertinet
920 2044 1079 2089 Apostoli
1116 2044 1265 2077 dictum:

282 2114 374 2148 Nolo
393 2120 454 2143 vos
471 2105 607 2149 largiri,
633 2110 671 2136 ut
687 2101 764 2135 aliis
785 2099 827 2132 sit
854 2099 1017 2141 ignavum
1044 2094 1176 2136 otium,
1206 2105 1268 2126 vo—

281 2165 338 2199 bis
354 2159 510 2196 afflictio.

386 2211 454 2246 Sed
473 2207 527 2241 his
545 2200 818 2250 posterioribus,
845 2198 904 2243 qui
930 2209 1006 2229 cum
1028 2201 1170 2240 propter
1191 2194 1269 2226 ino-

285 2267 379 2312 piam
397 2263 431 2295 in
449 2263 596 2303 egestate
613 2255 700 2290 sint,
735 2260 850 2286 tamen
878 2248 1051 2281 abstinent
1078 2246 1120 2278 ab
1144 2245 1271 2284 alieno,

287 2324 320 2351 et
350 2319 447 2359 pacta
480 2313 639 2345 servant,
673 2302 889 2345 fideliterque
925 2299 1065 2330 solvunt
1099 2302 1269 2340 quantum

287 2371 451 2412 possunt,
486 2372 523 2393 ac
549 2367 657 2401 paene
682 2354 759 2399 plus
789 2363 892 2397 quam
920 2355 1082 2394 possunt,
1125 2347 1270 2379 omnino

288 2417 392 2451 debes
411 2419 533 2447 mutuo
551 2411 643 2441 dare.

391 2473 442 2507 De
463 2469 526 2504 hac
551 2465 688 2500 liberali
719 2469 752 2496 et
782 2459 934 2493 officiosa
969 2456 1187 2491 mutuatione
1216 2454 1272 2489 liic

291 2523 523 2572 praecipitur,
549 2529 637 2564 qnae
654 2522 702 2548 est
727 2523 814 2556 opus
839 2511 978 2555 placens
993 2506 1088 2546 Deo,
1117 2519 1179 2551 pro
1204 2520 1272 2552 quo

293 2575 445 2610 vicissim
480 2569 577 2604 Dens
609 2565 791 2601 benedicet
827 2562 895 2595 tuis
926 2559 1094 2597 fortunis,
1135 2558 1272 2600 augebit

295 2639 367 2661 rem
408 2621 616 2658 familiarem
659 2624 774 2652 tuam,
823 2620 926 2657 teque
963 2609 1094 2653 ingenti
1133 2609 1273 2642 cumulo

296 2675 531 2723 praemiorum
565 2667 713 2704 ornabit.
786 2662 861 2697 lloc
897 2663 1011 2708 ipsum
1047 2659 1274 2694 mutuationis

1287 187 1446 272 pfficiup‘i.
1459 187 1726 222 commendatur
1743 194 1774 221 et
1792 184 1859 221 hoc
1877 187 1991 222 dicto:
2017 186 2105 224 Date
2121 197 2154 226 et
2169 193 2270 226 dabi-

1303 250 1346 272 ur
1365 251 1408 273 VO
1437 250 1477 275 18.

1644 323 1710 357 De
1746 324 1920 356 usuris.

1390 386 1554 422 Diximus
1571 398 1684 432 nuper
1704 389 1748 421 de
1771 388 1989 434 eleemosyna
2016 394 2047 421 et
2069 388 2114 421 de
2138 397 2276 424 mutua-

1291 440 1400 474 tione,
1467 436 1513 472 Et
1537 437 1574 470 in
1598 436 1693 471 Luca
1720 438 1757 471 fit
1789 439 1921 472 mentio
1950 438 2144 486 praecepti,
2183 444 2276 485 qnod

1292 488 1456 535 prohibet
1480 498 1620 522 usuras:
1658 487 1747 522 Date
1771 496 1952 529 mutuum,
1979 486 2070 522 nihil
2096 489 2178 523 inde
2200 503 2278 535 spe-

1294 547 1422 575 rantes.
1488 537 1608 581 Quare
1640 538 1742 571 etiam
1771 539 1814 571 de
1835 539 1952 573 usuris
1981 539 2116 585 aliquid
2149 540 2186 573 in
2214 540 2278 576 hac

1296 590 1442 625 materia
1461 589 1651 623 dicendum
1669 594 1729 622 est.
1782 588 1851 622 Sed
1874 601 1934 623 ero
1955 591 2083 624 brevis.
2136 591 2188 624 Ac
2205 593 2279 637 pri-

1298 653 1395 676 mum
1412 651 1475 674 vos
1489 650 1611 674 omnes
1628 636 1694 672 hoc
1711 650 1855 673 moneo:

1399 689 1570 734 Magnum
1587 689 1776 723 discrimen
1793 695 1843 723 est
1861 689 1954 724 inter
1969 688 2054 725 baec
2073 691 2154 726 tria:

1398 740 1578 782 Primum,
1604 740 1783 774 ordinaria
1806 740 1939 774 tributa
1962 740 2190 785 imperiorum
2213 743 2280 776 im-

1299 792 1410 838 posita
1426 791 1556 832 fundis,
1583 802 1672 836 quae
1688 790 1820 824 subditi
1836 802 1876 824 ex
1892 791 1995 824 bonis
2011 791 2093 832 illis,
2119 793 2282 827 aestima-

1299 844 1397 878 tione
1415 842 1522 882 facta,
1548 841 1663 875 solent
1684 847 1718 875 et
1738 841 1867 875 debent
1885 842 2057 886 pendere,
2081 849 2119 876 ut
2145 855 2223 876 cum
2243 855 2282 878 ex

1302 906 1374 929 uno
1407 903 1488 936 agro
1514 892 1718 936 penduntur
1740 893 1811 925 duo
1835 892 1889 925 vel
1921 899 1991 926 tres
2015 893 2184 926 medimni
2209 895 2283 929 sru-

1302 944 1426 979 menti.

1404 993 1589 1034 Secundo,
1615 991 1700 1025 certi
1717 991 1850 1026 reditus
1869 992 1952 1026 emti
1970 1004 2033 1036 pro
2058 994 2221 1038 portione
2246 996 2283 1029 in

1303 1045 1414 1079 fundo
1436 1050 1549 1087 certo,
1577 1054 1657 1076 cum
1681 1049 1782 1086 pacto
1806 1042 2053 1083 redemtionis,
2078 1056 2139 1078 seu
2163 1046 2286 1079 condi-

1303 1096 1399 1130 tione
1415 1095 1458 1128 de
1474 1093 1710 1127 revendendo.

1406 1145 1548 1185 Tertio,
1571 1154 1677 1177 usura
1703 1154 1763 1176 seu
1780 1142 1904 1177 foenus
1926 1140 1994 1177 hoc
2011 1151 2079 1184 est,
2106 1157 2183 1179 cum
2199 1147 2286 1180 dans

1306 1203 1430 1230 mutuo
1463 1194 1668 1240 pecuniam,
1710 1199 1742 1227 et
1774 1205 1847 1227 non
1876 1205 1995 1227 emens
2026 1194 2195 1237 fundum,
2232 1198 2286 1231 vel

1306 1253 1438 1280 certum
1463 1245 1616 1279 reditum
1644 1244 1682 1276 in
1708 1244 1838 1284 fundu,
1879 1245 1938 1277 sed
1974 1245 2190 1292 exploratum
2224 1245 2288 1280 ha-

1307 1298 1412 1338 bens,
1438 1296 1580 1341 quando
1595 1294 1640 1328 sit
1665 1302 1868 1342 recepturus
1892 1295 2095 1338 pecuniam,
2127 1308 2186 1331 seu
2213 1309 2288 1332 sor-

1307 1356 1396 1387 tem,
1428 1347 1572 1390 insuper
1604 1351 1718 1378 tamen
1746 1345 1932 1389 paciscitur
1957 1351 1990 1379 et
2016 1346 2128 1380 aufert
2152 1348 2289 1382 lucrum

1308 1397 1452 1442 aliquod
1484 1407 1588 1440 supra
1619 1401 1767 1433 sortem,
1817 1401 1952 1429 tantum
1982 1396 2118 1429 ratione
2149 1406 2288 1432 mutua-

1309 1447 1434 1486 tionis,
1460 1458 1520 1480 seu
1538 1452 1682 1493 propter
1699 1445 1851 1478 officium
1869 1446 2111 1481 mutuationis.

1412 1496 1460 1532 Ut
1485 1504 1600 1530 autem
1629 1495 1666 1528 in
1688 1495 1877 1528 iudicando
1902 1496 2112 1529 mediocrem
2136 1499 2291 1542 pruden-

1310 1548 1395 1582 tiam
1420 1546 1634 1587 adhibeatis,
1669 1543 1754 1579 baec
1781 1554 1898 1580 tenere
1925 1552 1957 1579 et
1987 1547 2208 1582 considerare
2229 1550 2292 1583 de-

1314 1598 1415 1633 betis.

1413 1646 1607 1681 Ordinaria
1634 1646 1764 1679 tributa
1792 1645 2042 1690 imperiorum,
2075 1653 2107 1681 et
2130 1648 2213 1682 certi
2239 1661 2294 1683 re-

1312 1699 1406 1733 ditus
1425 1698 1506 1731 emti
1525 1709 1563 1730 ex
1582 1697 1672 1740 agris
1689 1696 1789 1729 certis
1812 1708 1890 1729 curn
1916 1704 2016 1741 pacto
2040 1698 2082 1731 de
2099 1701 2295 1734 revenden-

1313 1751 1378 1789 do,
1407 1759 1627 1793 nequaquam
1646 1753 1726 1780 sunt
1744 1757 1881 1780 usurae.
1936 1746 2007 1781 Nec
2026 1747 2100 1781 sitis
2126 1750 2212 1783 adeo
2235 1763 2295 1784 ve-

1314 1801 1435 1834 cordes
1452 1806 1484 1832 et
1502 1797 1641 1837 stolidi,
1668 1804 1707 1831 ut
1724 1797 1920 1841 promiscue
1944 1803 2111 1843 tanquam
2131 1799 2166 1832 in
2185 1811 2293 1835 unum

1315 1849 1421 1885 cbaos
1445 1848 1670 1883 contundatis
1696 1844 1780 1880 haec
1810 1847 1946 1880 omnia:
1982 1848 2141 1892 publicos
2162 1851 2294 1885 reditus

1316 1900 1524 1934 constitutos
1552 1911 1570 1932 a
1605 1897 1756 1940 legitima
1791 1904 1979 1940 potestate,
2024 1898 2193 1933 emtiones
2215 1912 2292 1935 cum

1318 1958 1416 1996 pacto
1443 1949 1689 1986 redemtionis,
1727 1956 1758 1981 et
1782 1958 1923 1987 usuras,
1956 1949 2044 1981 sicut
2075 1956 2155 1983 ante
2184 1962 2295 1986 annos

1318 2001 1442 2043 viginti
1466 2000 1622 2045 quinque
1638 1995 1818 2032 Strutlu'us
1838 1997 1970 2032 lsenaci
1992 1998 2028 2031 in
2046 2000 2216 2035 seditione
2236 2014 2295 2037 ru-

1318 2052 1483 2085 sticorum
1501 2049 1653 2083 excitatis
1670 2048 1768 2081 miris
1786 2049 1972 2092 tragoediis
1989 2061 2060 2082 non
2079 2050 2201 2086 leviter
2219 2058 2296 2087 tur·

1319 2102 1423 2135 babat
1455 2099 1633 2137 homines,
1668 2101 1753 2132 adeo
1784 2105 1820 2132 ut
1852 2099 1987 2133 nollent
2017 2100 2134 2134 debita
2164 2102 2299 2138 solvere

1319 2152 1569 2187 creditoribus.
1597 2150 1843 2187 vociferantes,
1872 2150 1946 2182 sine
1971 2151 2298 2193 omnidiscrimine,

1320 2214 1441 2237 omnes
1458 2202 1643 2246 pensiones
1659 2200 1810 2238 debitas,
1830 2207 1861 2234 et
1879 2201 2138 2247 qualescunque
2159 2203 2300 2244 reditus,

1320 2265 1441 2288 usuras
1458 2264 1540 2286 esse.

1423 2303 1497 2337 llae
1518 2301 1673 2336 insaniae
1702 2301 1994 2346 turbulentaeque
2019 2301 2303 2338 defraudatione-s

1321 2362 1352 2388 et
1372 2354 1542 2394 iniuriae,
1569 2359 1726 2398 pugnant
1743 2364 1821 2387 tum
1838 2352 1984 2397 septimo
2003 2360 2199 2397 praecepto:
2225 2352 2303 2389 Non

1322 2407 1454 2439 furtum
1479 2405 1592 2438 facies.
1653 2402 1747 2437 Dens
1773 2403 1866 2436 enim
1896 2402 2009 2435 sanxit
2040 2403 2300 2440 distinctionem

1322 2456 1563 2489 dominiorum
1580 2461 1684 2499 atque
1699 2453 1920 2493 facultatum,
1947 2450 2109 2497 prohibet
2133 2454 2301 2500 impetum

1324 2507 1395 2541 fiori
1414 2508 1448 2540 in
1466 2507 1597 2540 alienas
1615 2503 1868 2548 possessiones,
1896 2504 1969 2537 vult
1995 2504 2087 2538 bons
2111 2504 2178 2539 tide
2203 2507 2300 2541 reddi

1324 2558 1502 2603 aequalem
1522 2554 1841 2600 compensationem
1853 2582 1861 2594 ,
1887 2561 1921 2589 et
1939 2554 2116 2589 numerari
2133 2563 2303 2600 quantum

1325 2609 1490 2648 debetur,
1517 2607 1553 2640 in
1571 2605 1801 2646 emtionibus,
1829 2605 2129 2648 mutuationibus,
2155 2614 2186 2642 et
2212 2608 2305 2643 locs·

1325 2659 1480 2693 tionibus
1500 2664 1562 2691 etc.
