2409 2915
303 113 378 148 227

356 196 383 232 Ι,
412 197 541 230 Locus:
572 194 676 236 Quod
696 204 766 225 non
785 198 1076 230 casutentemur.

356 247 404 280 ll.
431 246 484 279 De
500 244 685 290 tyrannide
704 250 733 276 et
751 242 888 276 insidiis
910 243 1059 275 diaboli.

354 296 418 330 Ill.
447 295 636 338 Quomodo
655 293 824 327 liberetur
844 290 948 326 homo
970 305 1009 326 ex
1026 291 1092 326 hac
1111 293 1290 334 servitute,

404 346 535 379 scilicet
558 356 619 388 per
636 344 767 377 Filium
783 343 862 377 Dei.

354 395 438 430 llll.
479 395 632 429 Victoria
661 393 743 428 Filii
766 394 832 427 Dei
863 395 1004 437 prodest
1035 394 1157 432 nobis,
1193 401 1224 427 et
1243 394 1289 426 si·-

404 454 463 480 cut
486 447 522 479 in
545 457 606 479 sua
631 457 779 489 persona
805 445 905 483 vicit,
934 445 979 476 ita
996 445 1070 477 vult
1089 445 1125 476 in
1145 446 1290 477 creden·
1311 471 1318 817 i

1315 295 1318 302 t

407 498 503 531 tibus
527 497 666 529 vincere
687 496 828 528 insidias
848 495 1002 533 diaboli,
1038 495 1099 527 etsi
1128 495 1202 528 vult
1226 506 1289 527 nos

405 558 547 593 quoque
565 553 714 585 certare,
742 553 779 579 ut
798 545 1019 589 experiamur
1037 546 1220 580 auxilinm.

353 598 397 634 V.
427 597 515 631 Tres
532 597 741 630 tentationes
758 597 795 629 in
813 607 958 637 persona
976 593 1108 629 Christi
1128 603 1209 628 sunt
1230 608 1288 628 ex-

405 648 520 692 empla
544 646 780 680 tentationum
796 645 991 687 Ecclesiae,
1026 653 1059 680 et
1076 646 1288 690 persecutio-

405 710 504 731 num.

378 763 539 797 Primum
558 761 714 796 Ecclesia
740 763 913 807 premitur
937 764 1076 807 inopia,
1113 771 1143 797 et
1166 776 1287 797 excru-

303 815 416 849 ciatur
433 827 451 847 a
470 814 642 859 tyrannis.
1313 821 1316 869 1

402 873 566 907 Secundo
585 872 756 905 laceratur
781 884 799 904 a
824 873 1028 905 doctoribus
1054 873 1191 916 impiis,
1227 874 1286 917 qui
1313 874 1315 907 l

304 925 467 969 dogmata
486 929 655 967 spargunt
673 935 732 955 sua
752 923 896 955 audacia
915 923 990 954 sine
1008 924 1115 955 verbo
1132 923 1209 957 Dei.

407 982 530 1016 Tertio
550 982 812 1015 contaminatur
828 981 1012 1015 manifesta
1033 982 1243 1018 idololatria.

537 1085 595 1117 De
612 1084 748 1127 primis
764 1087 925 1127 quatuor
939 1083 1042 1117 locis.

399 1150 475 1185 Etsi
496 1157 545 1184 tot
571 1149 756 1183 horribilia
782 1150 932 1190 scelera,
967 1150 1207 1192 idololatriae,
1242 1152 1286 1184 li-

298 1203 456 1240 bidines,
498 1202 640 1239 caedes,
681 1201 790 1241 bella,
831 1201 965 1233 excidia
1000 1213 1210 1245 regnorum,
1253 1210 1286 1236 et

297 1265 442 1295 magnae
460 1252 692 1289 calam-itales,
728 1264 816 1296 quae
834 1258 1031 1296 sequuntur
1049 1253 1199 1295 scelera,
1232 1265 1286 1286 sa-

299 1304 344 1337 tis
370 1303 561 1336 ostendunt
583 1302 731 1346 grassari
756 1302 909 1347 aliquem
936 1314 1075 1335 saevum
1104 1310 1137 1336 et
1160 1311 1284 1347 poten-

297 1362 368 1388 tem
396 1351 531 1386 hostem
567 1354 734 1386 adversus
767 1364 876 1395 genus
912 1349 1126 1385 humanum:
1167 1361 1284 1386 tamen

298 1411 416 1439 tantus
434 1411 482 1437 est
501 1410 623 1447 stupor
639 1401 844 1443 hominum,
878 1409 915 1436 ut
945 1400 1028 1435 baec
1054 1405 1156 1436 ducat
1183 1405 1284 1444 levia,

300 1462 332 1490 et
357 1461 454 1500 putet
476 1466 556 1487 casu
583 1453 749 1486 accidere.
810 1453 877 1487 Sed
913 1454 1072 1486 doctrina
1100 1452 1282 1497 Evangelii
1308 1481 1310 1484 ,

298 1505 461 1551 patefacit
477 1515 576 1537 veras
593 1515 731 1544 causas,
759 1504 911 1537 ostendit
930 1504 1111 1537 diabolum
1136 1507 1282 1547 grassari

296 1558 465 1590 adversus
494 1567 602 1599 genus
640 1552 856 1595 humanum,
890 1562 921 1587 et
955 1552 1118 1588 homines
1143 1564 1284 1600 propter

296 1614 475 1652 peccatum
498 1606 673 1639 subiectos
697 1617 767 1638 esse
792 1606 866 1637 eius
894 1606 1083 1650 tyrannidi.
1145 1606 1284 1641 Rursus

297 1658 401 1692 etiam
429 1656 583 1690 ostendit
608 1657 710 1688 nobis
734 1656 980 1699 liberatorem,
1014 1657 1073 1700 qni
1101 1669 1178 1689 cum
1207 1659 1282 1689 ‹lia-

296 1709 380 1741 bolo
412 1707 614 1752 praeliatur.
676 1706 774 1740 Sicut
800 1704 974 1739 lohannes
1003 1706 1134 1751 inquit:
1173 1707 1283 1740 Filius

297 1758 361 1792 Dei
393 1758 557 1802 apparuit
588 1764 625 1789 111
652 1758 807 1790 destruat
833 1769 936 1800 opera
961 1757 1103 1792 diaboli.
1162 1760 1283 1803 Itaque

297 1810 333 1841 in
352 1821 485 1842 summa
504 1810 546 1841 (le
567 1808 820 1841 tentationibus
839 1809 1008 1840 tenendae
1029 1816 1109 1841 sunt
1135 1807 1198 1842 bae
1222 1811 1282 1841 ad-

297 1860 529 1897 monitiones,
557 1860 599 1891 de
616 1859 747 1898 causis,
778 1866 807 1890 et
827 1860 868 1890 de
889 1859 1085 1891 liberatore.

398 1910 541 1942 Certum
568 1916 633 1946 est,
663 1920 733 1940 non
760 1920 839 1941 casu
867 1909 1022 1941 arridere
1047 1916 1140 1942 tanta
1166 1908 1282 1942 liomi-

297 1972 382 1994 num
424 1960 538 1998 mala,
580 1960 636 1991 sed
675 1959 854 1991 diabolum
894 1959 975 1990 odio
1011 1959 1077 1991 Dei
1111 1959 1309 1993 liostiliter'

297 2011 444 2054 grassari
465 2016 586 2043 contra
606 2021 748 2048 «nunes,
777 2016 806 2041 et
830 2009 956 2050 insigni
983 2022 1100 2042 morsu
1129 2012 1283 2043 sauciare

297 2062 476 2105 singulos,
513 2061 599 2093 sicut
628 2060 730 2093 initio
761 2058 869 2093 Evam
895 2068 925 2093 et
954 2060 1067 2093 Adam
1103 2062 1282 2095 sauciavit.

298 2113 417 2155 Quare
442 2123 539 2145 snam
564 2112 712 2155 quisque
740 2111 845 2145 vitain
873 2111 1071 2150 intui-atur,
1107 2119 1139 2146 et
1160 2114 1282 2155 ‹le-prr-

299 2162 429 2197 liendet
460 2163 603 2206 aliquod
636 2162 772 2202 insigni·
803 2162 940 2194 vulnus.
1008 2161 1179 2196 lusidiose
1206 2176 1282 2205 per·
1307 2186 1310 2228 Ι

300 2213 404 2247 trabit
424 2213 588 2246 diabolus
605 2213 657 2244 vel
676 2213 718 2244 acl
738 2213 869 2254 scelus,
901 2213 951 2244 vel
973 2213 1014 2244 ad
1041 2214 1284 2253 calamitatem,
1308 2234 1309 2246 1

298 2272 333 2297 111
367 2265 449 2296 inde
481 2261 655 2305 pertrabat
692 2263 727 2295 iu
755 2263 1033 2305 desperationem
1062 2271 1091 2295 et
1120 2263 1282 2308 blaspbe—
1308 2283 1309 2290 1

297 2315 417 2349 niiam.
472 2313 544 2346 llas
567 2314 713 2346 insidias
734 2314 1014 2351 consideremus,
1051 2322 1082 2348 et
1107 2317 1283 2349 discamus

299 2366 487 2407 confugere
521 2366 562 2397 ad
597 2367 719 2396 «larcin
755 2373 914 2398 nostruin
943 2363 1122 2398 sliristum
1155 2366 1281 2398 Filium

300 2415 384 2454 Dei,
411 2416 470 2460 qui
491 2416 681 2458 praeliatur
697 2416 864 2448 adversus
881 2416 1065 2448 diabolum
1080 2444 1087 2454 ‚
1107 2417 1191 2449 sicut
1214 2418 1282 2449 ini-
1307 2433 1309 2461 1

301 2467 348 2500 tio
367 2467 402 2499 in
423 2466 552 2498 (lenc-si
572 2467 704 2498 dictum
726 2473 790 2498 est:
824 2466 898 2498 llor¹
917 2480 1033 2499 semen
1055 2475 1206 2501 conteret
1228 2481 1282 2499 ra-

301 2525 360 2561 put
378 2517 568 2559 svrpontis,
586 2529 674 2561 qna·-
697 2530 756 2548 »ox
777 2529 919 2558 prorsus
939 2519 1102 2551 convenit
1123 2531 1200 2551 cum
1223 2520 1282 2551 illo

300 2569 392 2600 dicto
411 2566 592 2600 lobannis:
630 2567 741 2600 Filius
759 2567 822 2599 nvi
849 2569 1029 2611 apparuit,
1064 2577 1098 2603 111
1129 2571 1281 2602 destruat

300 2631 404 2662 opera
423 2619 576 2658 diaboli,
605 2619 637 2651 id
658 2625 727 2655 est,
757 2627 910 2662 peccata,
938 2620 1161 2659 calamitates,
1189 2633 1282 2654 mor·
1305 2642 1307 2654 1

302 2677 382 2703 tem.
1304 2680 1308 2703 ι

903 104 1027 140 PHIL.
1055 103 1172 142 MEL.
1198 104 1408 142 SCRIPTA
1436 104 1735 144 EXEGETICA.

2255 111 2330 146 228

1443 190 1538 226 Haec
1554 193 1591 227 in
1605 205 1739 227 summa
1758 191 1816 227 hic
1830 193 2048 226 observanda
2067 200 2159 233 sunt,
2173 199 2212 227 ut
2226 206 2328 238 prae-

1344 253 1505 284 paremus
1521 245 1675 285 animos,
1711 246 1792 289 quia
1809 256 1882 278 non
1908 244 1998 277 levia
2026 245 2216 277 certamina
2242 245 2329 278 sub-

1343 294 1458 326 eunda
1475 302 1566 328 sunt.
1622 295 1661 327 In
1681 293 1736 328 his
1754 296 1865 328 luceat
1884 301 1917 328 et
1936 301 2137 328 exerceatur
2160 295 2267 335 fides,
2295 301 2328 328 et

1343 343 1552 386 imploretur
1567 346 1737 378 auxilium
1755 345 1835 378 Filii
1856 344 1939 385 Dei,
1967 345 2026 389 qui
2044 345 2121 377 ideo
2144 345 2227 378 vicit
2250 345 2327 378 dia·-

1342 393 1463 426 bolum
1481 395 1517 427 in
1536 393 1589 427 his
1607 396 1880 435 tentationibus,
1906 403 1946 429 ut
1971 397 2132 429 ostendat
2157 406 2191 428 se
2215 395 2327 428 victo-

1343 455 1414 475 rem
1446 445 1535 486 sore,
1571 446 1674 479 etiam
1709 446 1746 479 in
1780 445 1834 479 bis
1858 446 2016 489 praeliis,
2049 446 2085 479 in
2110 446 2240 491 quibus
2263 457 2327 480 nos

1342 495 1502 528 adoritur
1519 497 1693 530 diabolus.

1809 576 1862 615 V.

1443 643 1497 679 De
1511 643 1641 680 Christi
1660 645 1916 682 tentationibus
1931 645 2121 688 cogitemus
2136 645 2241 679 fuisse
2259 647 2327 679 mi-

1341 707 1419 729 rum
1439 697 1637 740 quoddam,
1655 697 1865 729 insidiosum
1883 702 1916 729 et
1936 693 2122 729 vehemens
2140 703 2328 737 certamen,

1342 753 1374 779 et
1394 747 1506 780 multo
1524 747 1638 781 acrius
1664 755 1696 781 et
1721 747 1854 789 maius,
1886 758 1990 791 quam
2014 758 2032 779 a
2057 747 2159 780 nobis
2182 747 2327 790 cogitari

1342 797 1461 840 possit.
1517 797 1689 831 Tentatus
1715 804 1764 831 est
1784 798 1869 830 alias
1886 809 2004 841 saepe:
2036 798 2096 830 sed
2123 795 2189 830 hae
2212 804 2327 831 tenta-

1342 848 1454 880 tiones
1471 848 1680 881 nominatim
1701 849 1970 888 describuntur,
1997 849 2078 893 quia
2099 846 2193 893 haud
2218 848 2327 882 dubie
2344 857 2354 862 “

1340 898 1538 940 significant
1555 899 1688 943 aliquid
1706 900 1771 933 toti
1789 897 1977 934 Ecclesiae,

1799 979 1871 1015 VI.

1442 1048 1494 1081 De
1529 1048 1642 1092 prima
1677 1049 1870 1083 tentatione
1902 1046 2070 1082 historiae
2102 1056 2206 1083 notae
2233 1057 2326 1091 sunt,

1341 1108 1497 1143 tempore
1531 1098 1784 1143 Apostolorum
1821 1105 1854 1132 et
1883 1098 2082 1145 Martyrum
2115 1112 2261 1144 corpora
2291 1108 2326 1136 et

1340 1150 1521 1184 facultates
1539 1151 1677 1193 piorum
1696 1161 1832 1194 semper
1847 1157 1946 1184 erant
1961 1150 1998 1182 in
2017 1151 2183 1193 periculo.
2227 1150 2324 1185 Idem

1337 1202 1425 1234 solet
1441 1201 1598 1233 accidere
1614 1203 1899 1246 quandocunque
1923 1209 2111 1234 moventur
2135 1202 2325 1235 certamina

1341 1253 1383 1285 de
1407 1252 1588 1291 doctrina,
1616 1258 1653 1284 ut
1675 1264 1787 1286 nunc:
1816 1259 1849 1285 et
1867 1250 1950 1285 haec
1976 1252 2121 1285 tentatio
2147 1253 2212 1285 sub
2228 1251 2324 1285 Tur-

1340 1303 1410 1335 cica
1427 1303 1615 1347 tyrannide
1629 1303 1852 1337 recrudescit.
1906 1302 1973 1335 Hic
1996 1303 2141 1336 insultat
2162 1303 2324 1336 diabolus

1338 1354 1531 1386 multorum
1555 1353 1702 1392 animis,
1730 1353 1767 1387 Si
1795 1353 1857 1386 filii
1879 1352 1945 1386 Dei
1971 1353 2071 1393 estis,
2098 1354 2125 1387 si
2153 1353 2226 1387 Deo
2251 1365 2324 1386 ser-

1338 1404 1438 1442 vitis,
1464 1404 1595 1437 scilicet
1613 1405 1843 1437 victitandum
1861 1405 1962 1437 vobis
1979 1404 2044 1436 erit
2069 1415 2109 1436 ex
2134 1404 2324 1448 lapidibus.

1339 1452 1397 1486 Est
1425 1454 1519 1486 enim
1545 1454 1658 1487 ironia
1682 1455 1882 1487 obiicientis
1908 1455 2086 1499 inopiam,
2114 1455 2260 1494 samem,
2289 1462 2323 1490 et

1337 1505 1422 1538 alias
1440 1505 1597 1537 miserias
1617 1505 1853 1548 exprobantis.

1440 1554 1506 1588 llic
1523 1558 1744 1599 quaerendae
1761 1562 1793 1589 et
1813 1556 2045 1598 opponendae
2060 1560 2142 1587 sunt
2161 1556 2323 1589 consola-

1338 1606 1462 1640 tiones.
1522 1605 1682 1638 Primum
1704 1607 1853 1638 sciamus
1878 1617 2079 1638 mansuram
2103 1617 2174 1637 esse
2198 1604 2323 1639 Eccle-

1337 1658 1441 1694 siam,
1481 1664 1514 1689 et
1543 1669 1615 1689 non
1647 1668 1746 1699 posse
1773 1656 1879 1689 everti
1914 1668 1930 1688 a
1969 1656 2077 1698 portis
2116 1655 2323 1693 inferorum.

1339 1705 1475 1739 Deinde
1504 1707 1653 1740 sciamus
1690 1708 1893 1740 invocantes
1920 1704 2100 1739 Clu-istum
2139 1704 2322 1741 habituros
2353 1745 2359 1749 ¹

1337 1770 1408 1790 esse
1425 1758 1614 1795 auxilium,
1650 1758 1743 1790 iuxta
1764 1755 1830 1791 lioc
1856 1757 2008 1790 dictum:
2040 1755 2152 1790 Filius
2171 1755 2234 1790 Dei
2257 1770 2321 1801 ap-

1338 1808 1471 1852 paruit,
1499 1816 1534 1842 ut
1552 1810 1707 1841 destruat
1727 1821 1830 1851 opera
1851 1808 1994 1841 diaboli.
2050 1806 2154 1840 Item:
2182 1806 2262 1840 Non
2284 1809 2321 1841 in

1336 1860 1410 1891 solo
1428 1871 1516 1901 pane
1535 1859 1618 1891 vivit
1639 1857 1762 1896 immo,
1799 1859 1832 1891 in
1855 1856 2007 1890 Ecclesia
2027 1858 2151 1895 alitur.
2179 1870 2321 1892 conser-

1336 1917 1456 1946 vatur,
1492 1910 1694 1941 defenditur
1726 1921 1797 1941 non
1835 1916 1969 1941 tantum
2007 1909 2255 1942 communibus
2288 1917 2321 1944 et

1338 1960 1536 1991 visibilibus
1568 1959 1708 1992 auxiliis
1740 1967 1770 1992 et
1797 1959 1931 1997 modis,
1966 1960 2024 1991 sed
2050 1959 2152 1991 etiam
2178 1960 2321 2001 divinis,

1336 2023 1424 2055 qnae
1441 2022 1511 2042 non
1534 2010 1696 2053 perspicit
1714 2011 1813 2042 ratio.
1868 2010 1904 2042 Si
1929 2017 2043 2042 tamen
2066 2008 2219 2043 Ecclesia
2246 2023 2321 2043 nia-

1338 2068 1415 2094 neat
1433 2061 1468 2092 in
1485 2061 1661 2101 agnitione
1679 2061 1774 2093 verbi
1796 2061 1875 2096 Dei,
1914 2073 1984 2092 non
2011 2059 2145 2093 deficiat
2170 2072 2188 2093 a
2213 2063 2320 2095 verbo

1338 2111 1412 2145 Dei.
1484 2110 1642 2144 l‘salmns
1677 2112 1807 2156 inquit:
1863 2111 1994 2144 Scitote
2028 2111 2122 2154 quod
2159 2111 2321 2146 mirificat

1336 2162 1514 2196 Dominus
1532 2169 1689 2195 sanctum
1715 2174 1828 2195 sunni.
1886 2161 1954 2199 lta,
1985 2162 2047 2194 etsi
2075 2161 2143 2194 iam
2168 2174 2240 2195 non
2267 2163 2320 2195 vi-

1337 2215 1479 2250 dennis,
1508 2213 1621 2258 qualis
1644 2213 1685 2246 sit
1709 2214 1824 2246 sutura
1846 2211 1998 2246 Ecclesia
2013 2240 2020 2250 ,
2055 2213 2190 2245 etiamsi
2210 2212 2320 2246 'l‘urci

1337 2271 1406 2297 tota
1421 2263 1560 2307 Europa
1581 2265 1789 2307 potirentur„
1812 2271 1927 2297 tamen
1945 2265 1972 2297 si
1992 2263 2224 2297 retina-bimus
2241 2276 2319 2297 ver-

1308 2322 1309 2330 *
1337 2316 1420 2347 bum
1444 2314 1532 2354 liei,
1568 2328 1671 2347 rurae
1700 2315 1764 2348 crit
1789 2313 1883 2354 Deo,
1920 2322 1955 2347 ut
1985 2312 2174 2347 babeamus
2197 2315 2319 2348 defen-

1308 2369 1309 2374 ’
1336 2367 1482 2399 sionem.

1439 2418 1625 2450 Caeterum
1660 2414 1744 2449 liare
1772 2416 1931 2449 ‹lot-trina
1959 2415 2063 2448 etiam
2090 2415 2238 2458 singulis
2261 2427 2319 2450 ac-

1307 2466 1309 2472 ⁴
1335 2469 1592 2500 commodanda
1611 2475 1676 2505 est,
1702 2467 1945 2511 unusquisque
1966 2467 2000 2499 in
2027 2478 2086 2499 sna
2113 2466 2250 2508 inopia,
2280 2467 2316 2500 in

1336 2519 1406 2551 suis
1433 2519 1597 2561 periculis
1621 2518 1766 2560 cogitet,
1799 2531 1833 2550 se
1857 2518 1940 2550 solis
1967 2515 2132 2550 liumanis
2160 2518 2318 2551 consiliis

1336 2582 1406 2601 non
1432 2581 1530 2613 possi·
1553 2569 1641 2602 tueri
1666 2568 1790 2605 vitam,
1819 2569 2056 2607 vocationem,
2084 2575 2227 2602 statum:
2258 2570 2317 2601 s-»d

1335 2622 1523 2663 petendum
1543 2628 1572 2652 et
1593 2620 1844 2663 expectandum
1864 2631 1935 2651 esse
1952 2620 2121 2652 auxilium
2141 2619 2316 2657 divinam.

1336 2679 1370 2704 111
1389 2671 1423 2703 in
1444 2672 1510 2704 lide
1528 2680 1559 2704 ct
1581 2669 1802 2704 invocationi·
1823 2670 1886 2703 llei
1906 2670 2075 2704 vivamus.
2127 2669 2195 2703 Sed
2216 2669 2318 2715 pauci
