<?xml version="1.0" encoding="UTF-8"?>
<!DOCTYPE html PUBLIC "-//W3C//DTD XHTML 1.0 Transitional//EN"
    "http://www.w3.org/TR/xhtml1/DTD/xhtml1-transitional.dtd">
<html xmlns="http://www.w3.org/1999/xhtml" xml:lang="en" lang="en">
 <head>
  <title>
</title>
<meta http-equiv="Content-Type" content="text/html;charset=utf-8" />
  <meta name='ocr-system' content='tesseract 3.04.00' />
  <meta name='ocr-capabilities' content='ocr_page ocr_carea ocr_par ocr_line ocrx_word'/>
</head>
<body>
  <div class='ocr_page' id='page_1' title='image "./operaquaesupersu14melauoft/operaquaesupersu14melauoft_0165.png"; bbox 0 0 2409 2915; ppageno 0'>
   <div class='ocr_carea' id='block_1_1' title="bbox 3 0 82 2523">
    <p class='ocr_par' dir='ltr' id='par_1_1' title="bbox 3 0 82 2523">
     <span class='ocr_line' id='line_1_1' title="bbox 3 0 82 2523; baseline 0 0"><span class='ocrx_word' id='word_1_1' title='bbox 3 0 82 2523; x_wconf 95' lang='lat' dir='ltr'> </span> 
     </span>
    </p>
   </div>
   <div class='ocr_carea' id='block_1_2' title="bbox 118 88 196 121">
    <p class='ocr_par' dir='ltr' id='par_1_2' title="bbox 118 88 196 121">
     <span class='ocr_line' id='line_1_2' title="bbox 118 88 196 121; baseline -0.013 0"><span class='ocrx_word' id='word_1_2' title='bbox 118 88 196 121; x_wconf 66' lang='lat'>613</span> 
     </span>
    </p>
   </div>
   <div class='ocr_carea' id='block_1_3' title="bbox 123 168 1111 209">
    <p class='ocr_par' dir='ltr' id='par_1_3' title="bbox 123 168 1111 209">
     <span class='ocr_line' id='line_1_3' title="bbox 123 168 1111 209; baseline -0.005 -3"><span class='ocrx_word' id='word_1_3' title='bbox 123 172 239 206; x_wconf 80' lang='lat' dir='ltr'>adsint</span> <span class='ocrx_word' id='word_1_4' title='bbox 255 170 493 204; x_wconf 70' lang='lat' dir='ltr'>dubitationes</span> <span class='ocrx_word' id='word_1_5' title='bbox 510 170 552 202; x_wconf 91' lang='lat' dir='ltr'>de</span> <span class='ocrx_word' id='word_1_6' title='bbox 569 168 662 209; x_wconf 93' lang='lat' dir='ltr'>Deo,</span> <span class='ocrx_word' id='word_1_7' title='bbox 687 168 789 201; x_wconf 88' lang='lat' dir='ltr'>multi</span> <span class='ocrx_word' id='word_1_8' title='bbox 809 168 931 200; x_wconf 82' lang='lat' dir='ltr'>viciosi</span> <span class='ocrx_word' id='word_1_9' title='bbox 956 169 1111 208; x_wconf 79' lang='lat' dir='ltr'>affectus,</span> 
     </span>
    </p>
   </div>
   <div class='ocr_carea' id='block_1_4' title="bbox 75 219 1107 1929">
    <p class='ocr_par' dir='ltr' id='par_1_4' title="bbox 79 219 1107 769">
     <span class='ocr_line' id='line_1_4' title="bbox 122 219 1106 264; baseline -0.004 -9"><span class='ocrx_word' id='word_1_10' title='bbox 122 222 339 264; x_wconf 78' lang='lat' dir='ltr'>arrogantia,</span> <span class='ocrx_word' id='word_1_11' title='bbox 368 220 554 253; x_wconf 79' lang='lat' dir='ltr'>admiratio</span> <span class='ocrx_word' id='word_1_12' title='bbox 579 219 654 257; x_wconf 85' lang='lat' dir='ltr'>sui,</span> <span class='ocrx_word' id='word_1_13' title='bbox 683 219 856 262; x_wconf 71' lang='lat' dir='ltr'>despectio</span> <span class='ocrx_word' id='word_1_14' title='bbox 877 219 1025 252; x_wconf 79' lang='lat' dir='ltr'>alioruin</span> <span class='ocrx_word' id='word_1_15' title='bbox 1043 219 1106 251; x_wconf 88' lang='lat' dir='ltr'>im-</span> 
     </span>
     <span class='ocr_line' id='line_1_5' title="bbox 120 270 1107 310; baseline -0.002 -5"><span class='ocrx_word' id='word_1_16' title='bbox 120 272 319 306; x_wconf 80' lang='lat' dir='ltr'>becillium.</span> <span class='ocrx_word' id='word_1_17' title='bbox 344 270 497 310; x_wconf 76' lang='lat' dir='ltr'>invidia,</span> <span class='ocrx_word' id='word_1_18' title='bbox 525 282 602 302; x_wconf 87' lang='lat' dir='ltr'>cum</span> <span class='ocrx_word' id='word_1_19' title='bbox 628 282 780 302; x_wconf 90' lang='lat' dir='ltr'>crescere</span> <span class='ocrx_word' id='word_1_20' title='bbox 798 270 885 302; x_wconf 87' lang='lat' dir='ltr'>alios</span> <span class='ocrx_word' id='word_1_21' title='bbox 903 270 1041 309; x_wconf 67' lang='lat' dir='ltr'>vident,</span> <span class='ocrx_word' id='word_1_22' title='bbox 1069 270 1107 303; x_wconf 84' lang='lat' dir='ltr'>nt</span> 
     </span>
     <span class='ocr_line' id='line_1_6' title="bbox 120 318 1105 363; baseline -0.002 -8"><span class='ocrx_word' id='word_1_23' title='bbox 120 323 205 356; x_wconf 77' lang='lat' dir='ltr'>Saul</span> <span class='ocrx_word' id='word_1_24' title='bbox 232 322 412 355; x_wconf 69' lang='lat' dir='ltr'>invidebat</span> <span class='ocrx_word' id='word_1_25' title='bbox 434 319 567 361; x_wconf 80' lang='lat' dir='ltr'>David,</span> <span class='ocrx_word' id='word_1_26' title='bbox 590 327 621 352; x_wconf 91' lang='lat' dir='ltr'>et</span> <span class='ocrx_word' id='word_1_27' title='bbox 641 318 696 353; x_wconf 91' lang='lat' dir='ltr'>hic</span> <span class='ocrx_word' id='word_1_28' title='bbox 719 320 863 363; x_wconf 83' lang='lat' dir='ltr'>frugalis</span> <span class='ocrx_word' id='word_1_29' title='bbox 890 321 982 353; x_wconf 76' lang='lat' dir='ltr'>filius</span> <span class='ocrx_word' id='word_1_30' title='bbox 1006 332 1105 363; x_wconf 84' lang='lat' dir='ltr'>aegre</span> 
     </span>
     <span class='ocr_line' id='line_1_7' title="bbox 119 369 1103 419; baseline -0.003 -14"><span class='ocrx_word' id='word_1_31' title='bbox 119 374 184 407; x_wconf 76' lang='lat' dir='ltr'>fert</span> <span class='ocrx_word' id='word_1_32' title='bbox 209 373 315 419; x_wconf 81' lang='lat' dir='ltr'>recipi</span> <span class='ocrx_word' id='word_1_33' title='bbox 340 370 543 414; x_wconf 84' lang='lat' dir='ltr'>prodigum,</span> <span class='ocrx_word' id='word_1_34' title='bbox 570 377 600 404; x_wconf 89' lang='lat' dir='ltr'>et</span> <span class='ocrx_word' id='word_1_35' title='bbox 626 371 691 403; x_wconf 91' lang='lat' dir='ltr'>sibi</span> <span class='ocrx_word' id='word_1_36' title='bbox 717 371 872 416; x_wconf 85' lang='lat' dir='ltr'>aequari.</span> <span class='ocrx_word' id='word_1_37' title='bbox 927 371 1013 403; x_wconf 75' lang='lat' dir='ltr'>Nam</span> <span class='ocrx_word' id='word_1_38' title='bbox 1039 369 1103 416; x_wconf 66' lang='lat' dir='ltr'>by-</span> 
     </span>
     <span class='ocr_line' id='line_1_8' title="bbox 121 421 1102 468; baseline -0.003 -11"><span class='ocrx_word' id='word_1_39' title='bbox 121 424 290 468; x_wconf 80' lang='lat' dir='ltr'>pocritae,</span> <span class='ocrx_word' id='word_1_40' title='bbox 325 422 406 465; x_wconf 86' lang='lat' dir='ltr'>qiiia</span> <span class='ocrx_word' id='word_1_41' title='bbox 431 421 650 454; x_wconf 70' lang='lat' dir='ltr'>arbitrantur</span> <span class='ocrx_word' id='word_1_42' title='bbox 673 433 708 454; x_wconf 89' lang='lat' dir='ltr'>se</span> <span class='ocrx_word' id='word_1_43' title='bbox 734 422 826 454; x_wconf 87' lang='lat' dir='ltr'>solos</span> <span class='ocrx_word' id='word_1_44' title='bbox 851 422 979 454; x_wconf 69' lang='lat' dir='ltr'>virtute</span> <span class='ocrx_word' id='word_1_45' title='bbox 1006 430 1102 454; x_wconf 83' lang='lat' dir='ltr'>ante-</span> 
     </span>
     <span class='ocr_line' id='line_1_9' title="bbox 119 471 1101 514; baseline -0.001 -8"><span class='ocrx_word' id='word_1_46' title='bbox 119 475 259 512; x_wconf 87' lang='lat' dir='ltr'>cellere,</span> <span class='ocrx_word' id='word_1_47' title='bbox 293 472 356 504; x_wconf 83' lang='lat' dir='ltr'>soli</span> <span class='ocrx_word' id='word_1_48' title='bbox 391 471 515 504; x_wconf 64' lang='lat' dir='ltr'>volunt</span> <span class='ocrx_word' id='word_1_49' title='bbox 541 484 696 514; x_wconf 80' lang='lat' dir='ltr'>regnare.</span> <span class='ocrx_word' id='word_1_50' title='bbox 757 473 822 512; x_wconf 78' lang='lat' dir='ltr'>At,</span> <span class='ocrx_word' id='word_1_51' title='bbox 854 484 933 504; x_wconf 77' lang='lat' dir='ltr'>vera</span> <span class='ocrx_word' id='word_1_52' title='bbox 962 473 1101 505; x_wconf 85' lang='lat' dir='ltr'>dilectio</span> 
     </span>
     <span class='ocr_line' id='line_1_10' title="bbox 115 522 1099 568; baseline -0.002 -11"><span class='ocrx_word' id='word_1_53' title='bbox 115 525 241 565; x_wconf 80' lang='lat' dir='ltr'>gaudet</span> <span class='ocrx_word' id='word_1_54' title='bbox 258 523 411 555; x_wconf 78' lang='lat' dir='ltr'>revocari</span> <span class='ocrx_word' id='word_1_55' title='bbox 432 523 468 554; x_wconf 93' lang='lat' dir='ltr'>in</span> <span class='ocrx_word' id='word_1_56' title='bbox 489 522 579 555; x_wconf 77' lang='lat' dir='ltr'>viam</span> <span class='ocrx_word' id='word_1_57' title='bbox 597 535 656 555; x_wconf 91' lang='lat' dir='ltr'>eos</span> <span class='ocrx_word' id='word_1_58' title='bbox 673 523 732 568; x_wconf 91' lang='lat' dir='ltr'>qui</span> <span class='ocrx_word' id='word_1_59' title='bbox 748 523 1012 563; x_wconf 70' lang='lat' dir='ltr'>aberraverant,</span> <span class='ocrx_word' id='word_1_60' title='bbox 1031 531 1099 556; x_wconf 88' lang='lat' dir='ltr'>tam</span> 
     </span>
     <span class='ocr_line' id='line_1_11' title="bbox 116 573 1099 618; baseline 0 -12"><span class='ocrx_word' id='word_1_61' title='bbox 116 580 212 618; x_wconf 86' lang='lat' dir='ltr'>optat</span> <span class='ocrx_word' id='word_1_62' title='bbox 237 573 383 606; x_wconf 83' lang='lat' dir='ltr'>salutem</span> <span class='ocrx_word' id='word_1_63' title='bbox 410 573 596 611; x_wconf 76' lang='lat' dir='ltr'>fratribus,</span> <span class='ocrx_word' id='word_1_64' title='bbox 624 586 727 618; x_wconf 87' lang='lat' dir='ltr'>quain</span> <span class='ocrx_word' id='word_1_65' title='bbox 751 574 836 613; x_wconf 82' lang='lat' dir='ltr'>sibi,</span> <span class='ocrx_word' id='word_1_66' title='bbox 867 574 1016 607; x_wconf 84' lang='lat' dir='ltr'>laetatur</span> <span class='ocrx_word' id='word_1_67' title='bbox 1042 586 1099 606; x_wconf 75' lang='lat' dir='ltr'>ex-</span> 
     </span>
     <span class='ocr_line' id='line_1_12' title="bbox 84 623 1099 667; baseline 0.001 -11"><span class='ocrx_word' id='word_1_68' title='bbox 84 629 91 635; x_wconf 66' lang='lat'>*</span> <span class='ocrx_word' id='word_1_69' title='bbox 116 624 240 667; x_wconf 82' lang='lat' dir='ltr'>eiiiplis</span> <span class='ocrx_word' id='word_1_70' title='bbox 255 623 461 656; x_wconf 81' lang='lat' dir='ltr'>clementiae</span> <span class='ocrx_word' id='word_1_71' title='bbox 479 631 510 657; x_wconf 87' lang='lat' dir='ltr'>et</span> <span class='ocrx_word' id='word_1_72' title='bbox 530 625 802 664; x_wconf 77' lang='lat' dir='ltr'>misericordiae,</span> <span class='ocrx_word' id='word_1_73' title='bbox 820 625 966 658; x_wconf 83' lang='lat' dir='ltr'>laetatur</span> <span class='ocrx_word' id='word_1_74' title='bbox 982 636 1099 657; x_wconf 81' lang='lat' dir='ltr'>enien-</span> 
     </span>
     <span class='ocr_line' id='line_1_13' title="bbox 114 674 1099 718; baseline 0.001 -12"><span class='ocrx_word' id='word_1_75' title='bbox 114 675 255 708; x_wconf 87' lang='lat' dir='ltr'>datioue</span> <span class='ocrx_word' id='word_1_76' title='bbox 281 674 451 712; x_wconf 87' lang='lat' dir='ltr'>aliorum,</span> <span class='ocrx_word' id='word_1_77' title='bbox 487 681 520 707; x_wconf 86' lang='lat' dir='ltr'>et</span> <span class='ocrx_word' id='word_1_78' title='bbox 541 681 576 708; x_wconf 90' lang='lat' dir='ltr'>ut</span> <span class='ocrx_word' id='word_1_79' title='bbox 601 687 722 708; x_wconf 87' lang='lat' dir='ltr'>eorum</span> <span class='ocrx_word' id='word_1_80' title='bbox 752 676 870 708; x_wconf 87' lang='lat' dir='ltr'>sordes</span> <span class='ocrx_word' id='word_1_81' title='bbox 898 682 1004 718; x_wconf 79' lang='lat' dir='ltr'>tegat,</span> <span class='ocrx_word' id='word_1_82' title='bbox 1038 675 1099 707; x_wconf 89' lang='lat' dir='ltr'>ad-</span> 
     </span>
     <span class='ocr_line' id='line_1_14' title="bbox 79 725 471 769; baseline 0.005 -12"><span class='ocrx_word' id='word_1_83' title='bbox 79 747 85 752; x_wconf 89' lang='lat'><em>·</em></span> <span class='ocrx_word' id='word_1_84' title='bbox 115 725 228 769; x_wconf 79' lang='lat' dir='ltr'>iungit</span> <span class='ocrx_word' id='word_1_85' title='bbox 247 737 304 758; x_wconf 87' lang='lat' dir='ltr'>eos</span> <span class='ocrx_word' id='word_1_86' title='bbox 321 725 388 758; x_wconf 90' lang='lat' dir='ltr'>sibi</span> <span class='ocrx_word' id='word_1_87' title='bbox 408 731 471 760; x_wconf 85' lang='lat' dir='ltr'>etc.</span> 
     </span>
    </p>

    <p class='ocr_par' dir='ltr' id='par_1_5' title="bbox 75 773 1098 1929">
     <span class='ocr_line' id='line_1_15' title="bbox 217 773 1097 820; baseline 0.001 -12"><span class='ocrx_word' id='word_1_88' title='bbox 217 775 320 818; x_wconf 83' lang='lat' dir='ltr'>Quod</span> <span class='ocrx_word' id='word_1_89' title='bbox 348 788 430 808; x_wconf 70' lang='lat' dir='ltr'>vero</span> <span class='ocrx_word' id='word_1_90' title='bbox 453 776 602 819; x_wconf 87' lang='lat' dir='ltr'>opponit</span> <span class='ocrx_word' id='word_1_91' title='bbox 621 775 709 808; x_wconf 79' lang='lat' dir='ltr'>ratio</span> <span class='ocrx_word' id='word_1_92' title='bbox 729 773 900 816; x_wconf 84' lang='lat' dir='ltr'>humana,</span> <span class='ocrx_word' id='word_1_93' title='bbox 928 775 1097 820; x_wconf 79' lang='lat' dir='ltr'>Inaequa-</span> 
     </span>
     <span class='ocr_line' id='line_1_16' title="bbox 114 823 1096 871; baseline 0 -13"><span class='ocrx_word' id='word_1_94' title='bbox 114 827 206 858; x_wconf 87' lang='lat' dir='ltr'>liliiis</span> <span class='ocrx_word' id='word_1_95' title='bbox 229 838 300 859; x_wconf 90' lang='lat' dir='ltr'>non</span> <span class='ocrx_word' id='word_1_96' title='bbox 324 827 453 859; x_wconf 85' lang='lat' dir='ltr'>dentur</span> <span class='ocrx_word' id='word_1_97' title='bbox 476 827 646 871; x_wconf 81' lang='lat' dir='ltr'>aequalia.</span> <span class='ocrx_word' id='word_1_98' title='bbox 698 823 870 870; x_wconf 80' lang='lat' dir='ltr'>Caipbas,</span> <span class='ocrx_word' id='word_1_99' title='bbox 903 834 932 859; x_wconf 82' lang='lat' dir='ltr'>et</span> <span class='ocrx_word' id='word_1_100' title='bbox 955 827 1043 859; x_wconf 86' lang='lat' dir='ltr'>latro</span> <span class='ocrx_word' id='word_1_101' title='bbox 1061 827 1096 858; x_wconf 92' lang='lat' dir='ltr'>in</span> 
     </span>
     <span class='ocr_line' id='line_1_17' title="bbox 113 877 1098 921; baseline 0.001 -12"><span class='ocrx_word' id='word_1_102' title='bbox 113 889 214 910; x_wconf 84' lang='lat' dir='ltr'>cruce</span> <span class='ocrx_word' id='word_1_103' title='bbox 250 890 319 909; x_wconf 90' lang='lat' dir='ltr'>non</span> <span class='ocrx_word' id='word_1_104' title='bbox 355 884 434 909; x_wconf 88' lang='lat' dir='ltr'>sunt</span> <span class='ocrx_word' id='word_1_105' title='bbox 469 877 647 921; x_wconf 80' lang='lat' dir='ltr'>aequales:</span> <span class='ocrx_word' id='word_1_106' title='bbox 682 890 762 919; x_wconf 81' lang='lat' dir='ltr'>ergo</span> <span class='ocrx_word' id='word_1_107' title='bbox 794 890 865 909; x_wconf 87' lang='lat' dir='ltr'>non</span> <span class='ocrx_word' id='word_1_108' title='bbox 891 878 1019 909; x_wconf 81' lang='lat' dir='ltr'>deutur</span> <span class='ocrx_word' id='word_1_109' title='bbox 1049 877 1098 910; x_wconf 79' lang='lat' dir='ltr'>eis</span> 
     </span>
     <span class='ocr_line' id='line_1_18' title="bbox 113 925 1096 971; baseline 0.001 -12"><span class='ocrx_word' id='word_1_110' title='bbox 113 927 282 971; x_wconf 82' lang='lat' dir='ltr'>aequalia.</span> <span class='ocrx_word' id='word_1_111' title='bbox 324 926 536 971; x_wconf 85' lang='lat' dir='ltr'>Respondeo</span> <span class='ocrx_word' id='word_1_112' title='bbox 554 929 596 960; x_wconf 86' lang='lat' dir='ltr'>ad</span> <span class='ocrx_word' id='word_1_113' title='bbox 616 929 808 961; x_wconf 85' lang='lat' dir='ltr'>minorem:</span> <span class='ocrx_word' id='word_1_114' title='bbox 845 926 921 960; x_wconf 85' lang='lat' dir='ltr'>Etsi</span> <span class='ocrx_word' id='word_1_115' title='bbox 947 925 1096 970; x_wconf 85' lang='lat' dir='ltr'>Caiplias</span> 
     </span>
     <span class='ocr_line' id='line_1_19' title="bbox 112 978 1096 1021; baseline 0.001 -12"><span class='ocrx_word' id='word_1_116' title='bbox 112 978 316 1011; x_wconf 73' lang='lat' dir='ltr'>antecelluit</span> <span class='ocrx_word' id='word_1_117' title='bbox 347 978 550 1021; x_wconf 78' lang='lat' dir='ltr'>disciplina,</span> <span class='ocrx_word' id='word_1_118' title='bbox 590 991 628 1011; x_wconf 91' lang='lat' dir='ltr'>ac</span> <span class='ocrx_word' id='word_1_119' title='bbox 653 978 792 1011; x_wconf 78' lang='lat' dir='ltr'>videtur</span> <span class='ocrx_word' id='word_1_120' title='bbox 818 978 945 1010; x_wconf 87' lang='lat' dir='ltr'>melior</span> <span class='ocrx_word' id='word_1_121' title='bbox 975 978 1096 1017; x_wconf 83' lang='lat' dir='ltr'>altero,</span> 
     </span>
     <span class='ocr_line' id='line_1_20' title="bbox 75 1028 1094 1074; baseline -0.001 -13"><span class='ocrx_word' id='word_1_122' title='bbox 75 1064 82 1074; x_wconf 39' lang='grc' dir='ltr'><strong><em>Ι</em></strong></span> <span class='ocrx_word' id='word_1_123' title='bbox 111 1036 225 1061; x_wconf 84' lang='lat' dir='ltr'>tamen</span> <span class='ocrx_word' id='word_1_124' title='bbox 244 1028 338 1062; x_wconf 90' lang='lat' dir='ltr'>Deus</span> <span class='ocrx_word' id='word_1_125' title='bbox 357 1036 405 1061; x_wconf 88' lang='lat' dir='ltr'>est</span> <span class='ocrx_word' id='word_1_126' title='bbox 423 1035 596 1062; x_wconf 84' lang='lat' dir='ltr'>scrutator</span> <span class='ocrx_word' id='word_1_127' title='bbox 614 1029 787 1070; x_wconf 89' lang='lat' dir='ltr'>cordium,</span> <span class='ocrx_word' id='word_1_128' title='bbox 806 1041 844 1061; x_wconf 88' lang='lat' dir='ltr'>ac</span> <span class='ocrx_word' id='word_1_129' title='bbox 862 1029 967 1068; x_wconf 75' lang='lat' dir='ltr'>videt,</span> <span class='ocrx_word' id='word_1_130' title='bbox 983 1041 1094 1072; x_wconf 81' lang='lat' dir='ltr'>quan-</span> 
     </span>
     <span class='ocr_line' id='line_1_21' title="bbox 110 1079 1095 1126; baseline -0.002 -14"><span class='ocrx_word' id='word_1_131' title='bbox 110 1086 184 1112; x_wconf 86' lang='lat' dir='ltr'>tum</span> <span class='ocrx_word' id='word_1_132' title='bbox 210 1080 251 1112; x_wconf 90' lang='lat' dir='ltr'>sit</span> <span class='ocrx_word' id='word_1_133' title='bbox 276 1091 463 1126; x_wconf 82' lang='lat' dir='ltr'>pravarum</span> <span class='ocrx_word' id='word_1_134' title='bbox 491 1080 722 1123; x_wconf 82' lang='lat' dir='ltr'>opinionum,</span> <span class='ocrx_word' id='word_1_135' title='bbox 748 1079 1027 1118; x_wconf 68' lang='lat' dir='ltr'>dubitationum,</span> <span class='ocrx_word' id='word_1_136' title='bbox 1063 1085 1095 1111; x_wconf 89' lang='lat' dir='ltr'>et</span> 
     </span>
     <span class='ocr_line' id='line_1_22' title="bbox 110 1127 1095 1173; baseline 0.002 -13"><span class='ocrx_word' id='word_1_137' title='bbox 110 1130 321 1162; x_wconf 67' lang='lat' dir='ltr'>xiciosorum</span> <span class='ocrx_word' id='word_1_138' title='bbox 345 1131 532 1162; x_wconf 72' lang='lat' dir='ltr'>affectuum</span> <span class='ocrx_word' id='word_1_139' title='bbox 560 1131 595 1162; x_wconf 93' lang='lat' dir='ltr'>iii</span> <span class='ocrx_word' id='word_1_140' title='bbox 614 1127 759 1173; x_wconf 87' lang='lat' dir='ltr'>Caipha.</span> <span class='ocrx_word' id='word_1_141' title='bbox 813 1129 893 1162; x_wconf 73' lang='lat' dir='ltr'>Non</span> <span class='ocrx_word' id='word_1_142' title='bbox 917 1136 966 1162; x_wconf 84' lang='lat' dir='ltr'>est</span> <span class='ocrx_word' id='word_1_143' title='bbox 988 1129 1095 1172; x_wconf 85' lang='lat' dir='ltr'>igitur</span> 
     </span>
     <span class='ocr_line' id='line_1_23' title="bbox 110 1179 1093 1225; baseline 0 -14"><span class='ocrx_word' id='word_1_144' title='bbox 110 1192 226 1212; x_wconf 87' lang='lat' dir='ltr'>corani</span> <span class='ocrx_word' id='word_1_145' title='bbox 244 1179 317 1213; x_wconf 82' lang='lat' dir='ltr'>Deo</span> <span class='ocrx_word' id='word_1_146' title='bbox 337 1181 461 1213; x_wconf 81' lang='lat' dir='ltr'>melior</span> <span class='ocrx_word' id='word_1_147' title='bbox 484 1181 631 1214; x_wconf 86' lang='lat' dir='ltr'>latrone.</span> <span class='ocrx_word' id='word_1_148' title='bbox 687 1180 762 1213; x_wconf 86' lang='lat' dir='ltr'>Inio</span> <span class='ocrx_word' id='word_1_149' title='bbox 775 1207 783 1220; x_wconf 90' lang='lat'>,</span> <span class='ocrx_word' id='word_1_150' title='bbox 811 1181 891 1225; x_wconf 87' lang='lat' dir='ltr'>quia</span> <span class='ocrx_word' id='word_1_151' title='bbox 910 1180 977 1212; x_wconf 90' lang='lat' dir='ltr'>sibi</span> <span class='ocrx_word' id='word_1_152' title='bbox 996 1192 1093 1212; x_wconf 86' lang='lat' dir='ltr'>arro-</span> 
     </span>
     <span class='ocr_line' id='line_1_24' title="bbox 109 1231 1094 1273; baseline 0.001 -13"><span class='ocrx_word' id='word_1_153' title='bbox 109 1238 165 1271; x_wconf 80' lang='lat' dir='ltr'>gat</span> <span class='ocrx_word' id='word_1_154' title='bbox 200 1231 390 1265; x_wconf 76' lang='lat' dir='ltr'>iusticiam,</span> <span class='ocrx_word' id='word_1_155' title='bbox 425 1238 456 1261; x_wconf 92' lang='lat' dir='ltr'>et</span> <span class='ocrx_word' id='word_1_156' title='bbox 492 1239 600 1263; x_wconf 84' lang='lat' dir='ltr'>tumet</span> <span class='ocrx_word' id='word_1_157' title='bbox 634 1231 859 1273; x_wconf 73' lang='lat' dir='ltr'>persuasione</span> <span class='ocrx_word' id='word_1_158' title='bbox 892 1231 1094 1267; x_wconf 82' lang='lat' dir='ltr'>sanctitatis,</span> 
     </span>
     <span class='ocr_line' id='line_1_25' title="bbox 109 1277 1091 1324; baseline -0.001 -12"><span class='ocrx_word' id='word_1_159' title='bbox 109 1280 206 1324; x_wconf 84' lang='lat' dir='ltr'>quasi</span> <span class='ocrx_word' id='word_1_160' title='bbox 225 1280 289 1322; x_wconf 87' lang='lat' dir='ltr'>legi</span> <span class='ocrx_word' id='word_1_161' title='bbox 309 1280 513 1319; x_wconf 79' lang='lat' dir='ltr'>satisfaciat,</span> <span class='ocrx_word' id='word_1_162' title='bbox 540 1277 624 1312; x_wconf 83' lang='lat' dir='ltr'>liaec</span> <span class='ocrx_word' id='word_1_163' title='bbox 642 1280 714 1323; x_wconf 88' lang='lat' dir='ltr'>ipsa</span> <span class='ocrx_word' id='word_1_164' title='bbox 732 1279 895 1322; x_wconf 86' lang='lat' dir='ltr'>superbia</span> <span class='ocrx_word' id='word_1_165' title='bbox 917 1280 1091 1312; x_wconf 58' lang='lat' dir='ltr'>etsi-lucia</span> 
     </span>
     <span class='ocr_line' id='line_1_26' title="bbox 109 1329 1091 1375; baseline -0.001 -13"><span class='ocrx_word' id='word_1_166' title='bbox 109 1331 160 1362; x_wconf 88' lang='lat' dir='ltr'>sni</span> <span class='ocrx_word' id='word_1_167' title='bbox 179 1331 301 1373; x_wconf 85' lang='lat' dir='ltr'>ingens</span> <span class='ocrx_word' id='word_1_168' title='bbox 317 1337 496 1373; x_wconf 79' lang='lat' dir='ltr'>peccatum</span> <span class='ocrx_word' id='word_1_169' title='bbox 516 1336 584 1368; x_wconf 89' lang='lat' dir='ltr'>est,</span> <span class='ocrx_word' id='word_1_170' title='bbox 611 1331 654 1363; x_wconf 91' lang='lat' dir='ltr'>de</span> <span class='ocrx_word' id='word_1_171' title='bbox 677 1342 746 1375; x_wconf 87' lang='lat' dir='ltr'>quo</span> <span class='ocrx_word' id='word_1_172' title='bbox 763 1330 892 1362; x_wconf 86' lang='lat' dir='ltr'>dicitur</span> <span class='ocrx_word' id='word_1_173' title='bbox 909 1329 993 1363; x_wconf 87' lang='lat' dir='ltr'>Luc.</span> <span class='ocrx_word' id='word_1_174' title='bbox 1019 1331 1091 1364; x_wconf 82' lang='lat'>16.:</span> 
     </span>
     <span class='ocr_line' id='line_1_27' title="bbox 108 1379 1093 1425; baseline 0 -12"><span class='ocrx_word' id='word_1_175' title='bbox 108 1381 340 1413; x_wconf 71' lang='lat' dir='ltr'>Abominatio</span> <span class='ocrx_word' id='word_1_176' title='bbox 366 1388 415 1413; x_wconf 85' lang='lat' dir='ltr'>cst</span> <span class='ocrx_word' id='word_1_177' title='bbox 439 1392 555 1413; x_wconf 83' lang='lat' dir='ltr'>coram</span> <span class='ocrx_word' id='word_1_178' title='bbox 579 1379 673 1421; x_wconf 89' lang='lat' dir='ltr'>Deo,</span> <span class='ocrx_word' id='word_1_179' title='bbox 716 1380 881 1425; x_wconf 84' lang='lat' dir='ltr'>quicquid</span> <span class='ocrx_word' id='word_1_180' title='bbox 909 1380 1018 1413; x_wconf 86' lang='lat' dir='ltr'>altuni</span> <span class='ocrx_word' id='word_1_181' title='bbox 1044 1387 1093 1413; x_wconf 80' lang='lat' dir='ltr'>cst</span> 
     </span>
     <span class='ocr_line' id='line_1_28' title="bbox 107 1427 1092 1464; baseline 0 -1"><span class='ocrx_word' id='word_1_182' title='bbox 107 1443 222 1464; x_wconf 88' lang='lat' dir='ltr'>coram</span> <span class='ocrx_word' id='word_1_183' title='bbox 247 1427 464 1463; x_wconf 86' lang='lat' dir='ltr'>bominibus.</span> <span class='ocrx_word' id='word_1_184' title='bbox 517 1430 584 1464; x_wconf 77' lang='lat' dir='ltr'>Sed</span> <span class='ocrx_word' id='word_1_185' title='bbox 609 1431 808 1464; x_wconf 81' lang='lat' dir='ltr'>meminisse</span> <span class='ocrx_word' id='word_1_186' title='bbox 834 1432 980 1464; x_wconf 83' lang='lat' dir='ltr'>debebat</span> <span class='ocrx_word' id='word_1_187' title='bbox 1008 1431 1092 1463; x_wconf 82' lang='lat' dir='ltr'>alte·</span> 
     </span>
     <span class='ocr_line' id='line_1_29' title="bbox 106 1480 1090 1520; baseline 0 -6"><span class='ocrx_word' id='word_1_188' title='bbox 106 1494 183 1514; x_wconf 87' lang='lat' dir='ltr'>rum</span> <span class='ocrx_word' id='word_1_189' title='bbox 202 1482 353 1515; x_wconf 86' lang='lat' dir='ltr'>dictum:</span> <span class='ocrx_word' id='word_1_190' title='bbox 382 1480 514 1520; x_wconf 83' lang='lat' dir='ltr'>Dicite,</span> <span class='ocrx_word' id='word_1_191' title='bbox 542 1484 631 1514; x_wconf 81' lang='lat' dir='ltr'>servi</span> <span class='ocrx_word' id='word_1_192' title='bbox 651 1482 796 1515; x_wconf 86' lang='lat' dir='ltr'>inutiles</span> <span class='ocrx_word' id='word_1_193' title='bbox 812 1494 943 1517; x_wconf 80' lang='lat' dir='ltr'>snmus.</span> <span class='ocrx_word' id='word_1_194' title='bbox 988 1481 1090 1514; x_wconf 89' lang='lat' dir='ltr'>Item:</span> 
     </span>
     <span class='ocr_line' id='line_1_30' title="bbox 105 1531 1091 1576; baseline 0.001 -11"><span class='ocrx_word' id='word_1_195' title='bbox 105 1531 185 1565; x_wconf 60' lang='lat' dir='ltr'>Bon</span> <span class='ocrx_word' id='word_1_196' title='bbox 210 1533 457 1565; x_wconf 84' lang='lat' dir='ltr'>iustificabitur</span> <span class='ocrx_word' id='word_1_197' title='bbox 475 1533 509 1564; x_wconf 89' lang='lat' dir='ltr'>iii</span> <span class='ocrx_word' id='word_1_198' title='bbox 527 1540 714 1576; x_wconf 89' lang='lat' dir='ltr'>conspectu</span> <span class='ocrx_word' id='word_1_199' title='bbox 741 1540 799 1565; x_wconf 78' lang='lat' dir='ltr'>tuo</span> <span class='ocrx_word' id='word_1_200' title='bbox 820 1534 934 1564; x_wconf 80' lang='lat' dir='ltr'>omnis</span> <span class='ocrx_word' id='word_1_201' title='bbox 959 1533 1091 1566; x_wconf 49' lang='lat' dir='ltr'>tivi-ns.</span> 
     </span>
     <span class='ocr_line' id='line_1_31' title="bbox 104 1581 1090 1630; baseline 0 -15"><span class='ocrx_word' id='word_1_202' title='bbox 104 1581 218 1616; x_wconf 87' lang='lat' dir='ltr'>Habet</span> <span class='ocrx_word' id='word_1_203' title='bbox 246 1595 342 1616; x_wconf 86' lang='lat' dir='ltr'>suam</span> <span class='ocrx_word' id='word_1_204' title='bbox 363 1583 500 1615; x_wconf 74' lang='lat' dir='ltr'>laudeni</span> <span class='ocrx_word' id='word_1_205' title='bbox 521 1591 552 1615; x_wconf 83' lang='lat' dir='ltr'>et</span> <span class='ocrx_word' id='word_1_206' title='bbox 571 1583 725 1630; x_wconf 74' lang='lat' dir='ltr'>praemia</span> <span class='ocrx_word' id='word_1_207' title='bbox 745 1583 950 1627; x_wconf 77' lang='lat' dir='ltr'>disciplina,</span> <span class='ocrx_word' id='word_1_208' title='bbox 978 1590 1008 1615; x_wconf 88' lang='lat' dir='ltr'>et</span> <span class='ocrx_word' id='word_1_209' title='bbox 1029 1595 1090 1615; x_wconf 87' lang='lat' dir='ltr'>ne·</span> 
     </span>
     <span class='ocr_line' id='line_1_32' title="bbox 106 1633 1090 1675; baseline -0.001 -10"><span class='ocrx_word' id='word_1_210' title='bbox 106 1633 251 1666; x_wconf 82' lang='lat' dir='ltr'>cessaria</span> <span class='ocrx_word' id='word_1_211' title='bbox 271 1640 340 1675; x_wconf 91' lang='lat' dir='ltr'>est,</span> <span class='ocrx_word' id='word_1_212' title='bbox 367 1636 425 1666; x_wconf 90' lang='lat' dir='ltr'>sed</span> <span class='ocrx_word' id='word_1_213' title='bbox 453 1640 568 1666; x_wconf 81' lang='lat' dir='ltr'>tamen</span> <span class='ocrx_word' id='word_1_214' title='bbox 593 1634 743 1666; x_wconf 87' lang='lat' dir='ltr'>sciamus</span> <span class='ocrx_word' id='word_1_215' title='bbox 766 1646 839 1666; x_wconf 82' lang='lat' dir='ltr'>eain</span> <span class='ocrx_word' id='word_1_216' title='bbox 866 1646 937 1665; x_wconf 84' lang='lat' dir='ltr'>uon</span> <span class='ocrx_word' id='word_1_217' title='bbox 956 1634 1090 1665; x_wconf 79' lang='lat' dir='ltr'>satissa-</span> 
     </span>
     <span class='ocr_line' id='line_1_33' title="bbox 105 1681 1089 1727; baseline -0.001 -11"><span class='ocrx_word' id='word_1_218' title='bbox 105 1697 181 1716; x_wconf 86' lang='lat' dir='ltr'>cere</span> <span class='ocrx_word' id='word_1_219' title='bbox 198 1683 263 1726; x_wconf 80' lang='lat' dir='ltr'>legi</span> <span class='ocrx_word' id='word_1_220' title='bbox 280 1684 368 1724; x_wconf 84' lang='lat' dir='ltr'>Dei,</span> <span class='ocrx_word' id='word_1_221' title='bbox 393 1691 424 1716; x_wconf 88' lang='lat' dir='ltr'>et</span> <span class='ocrx_word' id='word_1_222' title='bbox 442 1696 581 1716; x_wconf 86' lang='lat' dir='ltr'>manere</span> <span class='ocrx_word' id='word_1_223' title='bbox 600 1685 634 1716; x_wconf 88' lang='lat' dir='ltr'>in</span> <span class='ocrx_word' id='word_1_224' title='bbox 651 1681 856 1717; x_wconf 84' lang='lat' dir='ltr'>hominibus</span> <span class='ocrx_word' id='word_1_225' title='bbox 873 1685 956 1715; x_wconf 75' lang='lat' dir='ltr'>vitia</span> <span class='ocrx_word' id='word_1_226' title='bbox 969 1708 976 1721; x_wconf 92' lang='lat'><em>‚</em></span> <span class='ocrx_word' id='word_1_227' title='bbox 1001 1696 1089 1727; x_wconf 86' lang='lat' dir='ltr'>quae</span> 
     </span>
     <span class='ocr_line' id='line_1_34' title="bbox 104 1733 1090 1777; baseline 0 -11"><span class='ocrx_word' id='word_1_228' title='bbox 104 1747 175 1766; x_wconf 84' lang='lat' dir='ltr'>non</span> <span class='ocrx_word' id='word_1_229' title='bbox 193 1741 274 1766; x_wconf 83' lang='lat' dir='ltr'>snut</span> <span class='ocrx_word' id='word_1_230' title='bbox 293 1735 510 1766; x_wconf 80' lang='lat' dir='ltr'>extenuanda</span> <span class='ocrx_word' id='word_1_231' title='bbox 524 1759 531 1772; x_wconf 96' lang='lat'>‚</span> <span class='ocrx_word' id='word_1_232' title='bbox 551 1735 608 1765; x_wconf 89' lang='lat' dir='ltr'>sed</span> <span class='ocrx_word' id='word_1_233' title='bbox 637 1733 778 1777; x_wconf 86' lang='lat' dir='ltr'>utrique</span> <span class='ocrx_word' id='word_1_234' title='bbox 799 1741 987 1776; x_wconf 82' lang='lat' dir='ltr'>agnoscant</span> <span class='ocrx_word' id='word_1_235' title='bbox 1010 1746 1090 1776; x_wconf 86' lang='lat' dir='ltr'>pec-</span> 
     </span>
     <span class='ocr_line' id='line_1_35' title="bbox 103 1783 1087 1830; baseline -0.002 -12"><span class='ocrx_word' id='word_1_236' title='bbox 103 1793 194 1824; x_wconf 86' lang='lat' dir='ltr'>cata,</span> <span class='ocrx_word' id='word_1_237' title='bbox 221 1784 364 1830; x_wconf 83' lang='lat' dir='ltr'>utrique</span> <span class='ocrx_word' id='word_1_238' title='bbox 382 1783 658 1816; x_wconf 89' lang='lat' dir='ltr'>misericordiam</span> <span class='ocrx_word' id='word_1_239' title='bbox 677 1792 866 1827; x_wconf 84' lang='lat' dir='ltr'>quaerant,</span> <span class='ocrx_word' id='word_1_240' title='bbox 894 1791 930 1816; x_wconf 90' lang='lat' dir='ltr'>iit</span> <span class='ocrx_word' id='word_1_241' title='bbox 956 1784 1013 1816; x_wconf 79' lang='lat' dir='ltr'>siat</span> <span class='ocrx_word' id='word_1_242' title='bbox 1030 1796 1087 1816; x_wconf 81' lang='lat' dir='ltr'>ex-</span> 
     </span>
     <span class='ocr_line' id='line_1_36' title="bbox 103 1832 1088 1880; baseline -0.001 -12"><span class='ocrx_word' id='word_1_243' title='bbox 103 1835 263 1880; x_wconf 78' lang='lat' dir='ltr'>aequatio</span> <span class='ocrx_word' id='word_1_244' title='bbox 289 1846 405 1868; x_wconf 82' lang='lat' dir='ltr'>coram</span> <span class='ocrx_word' id='word_1_245' title='bbox 432 1832 528 1874; x_wconf 89' lang='lat' dir='ltr'>Deo,</span> <span class='ocrx_word' id='word_1_246' title='bbox 554 1833 660 1868; x_wconf 86' lang='lat' dir='ltr'>Rom.</span> <span class='ocrx_word' id='word_1_247' title='bbox 682 1835 757 1868; x_wconf 80' lang='lat'>11.:</span> <span class='ocrx_word' id='word_1_248' title='bbox 787 1834 968 1868; x_wconf 84' lang='lat' dir='ltr'>Conclusit</span> <span class='ocrx_word' id='word_1_249' title='bbox 994 1833 1088 1867; x_wconf 90' lang='lat' dir='ltr'>Deus</span> 
     </span>
     <span class='ocr_line' id='line_1_37' title="bbox 103 1885 1000 1929; baseline -0.001 -11"><span class='ocrx_word' id='word_1_250' title='bbox 103 1898 223 1919; x_wconf 87' lang='lat' dir='ltr'>ouiiies</span> <span class='ocrx_word' id='word_1_251' title='bbox 239 1885 302 1918; x_wconf 88' lang='lat' dir='ltr'>sub</span> <span class='ocrx_word' id='word_1_252' title='bbox 322 1892 520 1929; x_wconf 81' lang='lat' dir='ltr'>peccatum,</span> <span class='ocrx_word' id='word_1_253' title='bbox 549 1892 586 1918; x_wconf 85' lang='lat' dir='ltr'>iit</span> <span class='ocrx_word' id='word_1_254' title='bbox 603 1885 763 1918; x_wconf 89' lang='lat' dir='ltr'>omnium</span> <span class='ocrx_word' id='word_1_255' title='bbox 784 1886 1000 1918; x_wconf 81' lang='lat' dir='ltr'>misereatur.</span> 
     </span>
    </p>
   </div>
   <div class='ocr_carea' id='block_1_5' title="bbox 192 1977 1002 2057">
    <p class='ocr_par' dir='ltr' id='par_1_6' title="bbox 192 1977 1002 2057">
     <span class='ocr_line' id='line_1_38' title="bbox 492 1977 691 2006; baseline 0 -6"><span class='ocrx_word' id='word_1_256' title='bbox 492 1977 538 2000; x_wconf 85' lang='lat' dir='ltr'>De</span> <span class='ocrx_word' id='word_1_257' title='bbox 563 1977 691 2006; x_wconf 80' lang='lat' dir='ltr'>quinto.</span> 
     </span>
     <span class='ocr_line' id='line_1_39' title="bbox 192 2019 1002 2057; baseline 0.002 -10"><span class='ocrx_word' id='word_1_258' title='bbox 192 2019 245 2049; x_wconf 79' lang='lat' dir='ltr'>Dc</span> <span class='ocrx_word' id='word_1_259' title='bbox 268 2020 458 2048; x_wconf 78' lang='lat' dir='ltr'>remissione</span> <span class='ocrx_word' id='word_1_260' title='bbox 480 2024 707 2057; x_wconf 76' lang='lat' dir='ltr'>pcccatorum,</span> <span class='ocrx_word' id='word_1_261' title='bbox 730 2025 760 2048; x_wconf 74' lang='lat' dir='ltr'>cl</span> <span class='ocrx_word' id='word_1_262' title='bbox 784 2021 875 2049; x_wconf 77' lang='lat' dir='ltr'>noris</span> <span class='ocrx_word' id='word_1_263' title='bbox 899 2019 1002 2049; x_wconf 64' lang='lat' dir='ltr'>donis.</span> 
     </span>
    </p>
   </div>
   <div class='ocr_carea' id='block_1_6' title="bbox 97 2083 1088 2686">
    <p class='ocr_par' dir='ltr' id='par_1_7' title="bbox 99 2083 1088 2423">
     <span class='ocr_line' id='line_1_40' title="bbox 215 2083 1088 2129; baseline 0 -11"><span class='ocrx_word' id='word_1_264' title='bbox 215 2085 254 2118; x_wconf 90' lang='lat' dir='ltr'>lii</span> <span class='ocrx_word' id='word_1_265' title='bbox 281 2083 345 2118; x_wconf 85' lang='lat' dir='ltr'>liae</span> <span class='ocrx_word' id='word_1_266' title='bbox 379 2086 453 2129; x_wconf 83' lang='lat' dir='ltr'>ipsa</span> <span class='ocrx_word' id='word_1_267' title='bbox 489 2087 692 2119; x_wconf 82' lang='lat' dir='ltr'>narratione</span> <span class='ocrx_word' id='word_1_268' title='bbox 734 2087 847 2129; x_wconf 76' lang='lat' dir='ltr'>imago</span> <span class='ocrx_word' id='word_1_269' title='bbox 889 2087 1088 2119; x_wconf 70' lang='lat' dir='ltr'>dulcissima</span> 
     </span>
     <span class='ocr_line' id='line_1_41' title="bbox 103 2136 1088 2185; baseline -0.001 -15"><span class='ocrx_word' id='word_1_270' title='bbox 103 2136 416 2175; x_wconf 63' lang='lat' dir='ltr'>reconciliationis,</span> <span class='ocrx_word' id='word_1_271' title='bbox 448 2142 480 2168; x_wconf 87' lang='lat' dir='ltr'>et</span> <span class='ocrx_word' id='word_1_272' title='bbox 509 2148 683 2169; x_wconf 76' lang='lat' dir='ltr'>uovorum</span> <span class='ocrx_word' id='word_1_273' title='bbox 710 2138 885 2170; x_wconf 82' lang='lat' dir='ltr'>donorum</span> <span class='ocrx_word' id='word_1_274' title='bbox 914 2139 1088 2185; x_wconf 84' lang='lat' dir='ltr'>proponi-</span> 
     </span>
     <span class='ocr_line' id='line_1_42' title="bbox 103 2186 1088 2229; baseline -0.001 -8"><span class='ocrx_word' id='word_1_275' title='bbox 103 2196 169 2221; x_wconf 87' lang='lat' dir='ltr'>tiir.</span> <span class='ocrx_word' id='word_1_276' title='bbox 226 2186 481 2221; x_wconf 84' lang='lat' dir='ltr'>Reconciliatin</span> <span class='ocrx_word' id='word_1_277' title='bbox 505 2187 740 2229; x_wconf 76' lang='lat' dir='ltr'>significatur,</span> <span class='ocrx_word' id='word_1_278' title='bbox 767 2200 844 2220; x_wconf 85' lang='lat' dir='ltr'>cuin</span> <span class='ocrx_word' id='word_1_279' title='bbox 867 2189 1088 2227; x_wconf 75' lang='lat' dir='ltr'>describitur,</span> 
     </span>
     <span class='ocr_line' id='line_1_43' title="bbox 103 2237 1086 2283; baseline 0 -12"><span class='ocrx_word' id='word_1_280' title='bbox 103 2246 198 2283; x_wconf 85' lang='lat' dir='ltr'>pater</span> <span class='ocrx_word' id='word_1_281' title='bbox 216 2249 421 2274; x_wconf 88' lang='lat' dir='ltr'>occurrens,</span> <span class='ocrx_word' id='word_1_282' title='bbox 449 2237 660 2279; x_wconf 86' lang='lat' dir='ltr'>amplectens</span> <span class='ocrx_word' id='word_1_283' title='bbox 678 2239 788 2270; x_wconf 75' lang='lat' dir='ltr'>filium</span> <span class='ocrx_word' id='word_1_284' title='bbox 801 2265 808 2278; x_wconf 87' lang='lat'>,</span> <span class='ocrx_word' id='word_1_285' title='bbox 825 2239 1004 2276; x_wconf 79' lang='lat' dir='ltr'>osculans,</span> <span class='ocrx_word' id='word_1_286' title='bbox 1021 2240 1086 2271; x_wconf 92' lang='lat' dir='ltr'>do-</span> 
     </span>
     <span class='ocr_line' id='line_1_44' title="bbox 103 2289 1086 2332; baseline -0.003 -10"><span class='ocrx_word' id='word_1_287' title='bbox 103 2301 195 2322; x_wconf 90' lang='lat' dir='ltr'>inum</span> <span class='ocrx_word' id='word_1_288' title='bbox 215 2289 408 2325; x_wconf 88' lang='lat' dir='ltr'>deducens,</span> <span class='ocrx_word' id='word_1_289' title='bbox 436 2294 468 2320; x_wconf 73' lang='lat' dir='ltr'>et</span> <span class='ocrx_word' id='word_1_290' title='bbox 487 2299 576 2319; x_wconf 73' lang='lat' dir='ltr'>nova</span> <span class='ocrx_word' id='word_1_291' title='bbox 592 2289 703 2329; x_wconf 85' lang='lat' dir='ltr'>dona,</span> <span class='ocrx_word' id='word_1_292' title='bbox 728 2301 805 2321; x_wconf 86' lang='lat' dir='ltr'>cuni</span> <span class='ocrx_word' id='word_1_293' title='bbox 827 2289 979 2330; x_wconf 81' lang='lat' dir='ltr'>annulo,</span> <span class='ocrx_word' id='word_1_294' title='bbox 997 2297 1086 2332; x_wconf 69' lang='lat' dir='ltr'>toga,</span> 
     </span>
     <span class='ocr_line' id='line_1_45' title="bbox 101 2337 1086 2383; baseline -0.001 -10"><span class='ocrx_word' id='word_1_295' title='bbox 101 2339 222 2373; x_wconf 78' lang='lat' dir='ltr'>calceis</span> <span class='ocrx_word' id='word_1_296' title='bbox 238 2339 339 2371; x_wconf 74' lang='lat' dir='ltr'>novis</span> <span class='ocrx_word' id='word_1_297' title='bbox 357 2346 514 2371; x_wconf 80' lang='lat' dir='ltr'>ornatur.</span> <span class='ocrx_word' id='word_1_298' title='bbox 542 2337 642 2372; x_wconf 82' lang='lat' dir='ltr'>Hanc</span> <span class='ocrx_word' id='word_1_299' title='bbox 658 2339 844 2381; x_wconf 80' lang='lat' dir='ltr'>imaginem</span> <span class='ocrx_word' id='word_1_300' title='bbox 864 2352 966 2383; x_wconf 85' lang='lat' dir='ltr'>supra</span> <span class='ocrx_word' id='word_1_301' title='bbox 985 2353 1086 2372; x_wconf 83' lang='lat' dir='ltr'>enar—</span> 
     </span>
     <span class='ocr_line' id='line_1_46' title="bbox 99 2390 185 2423; baseline -0.012 0"><span class='ocrx_word' id='word_1_302' title='bbox 99 2390 185 2423; x_wconf 66' lang='lat' dir='ltr'>ravi.</span> 
     </span>
    </p>

    <p class='ocr_par' dir='ltr' id='par_1_8' title="bbox 97 2437 1084 2686">
     <span class='ocr_line' id='line_1_47' title="bbox 201 2437 1083 2484; baseline 0 -12"><span class='ocrx_word' id='word_1_303' title='bbox 201 2439 357 2482; x_wconf 69' lang='lat' dir='ltr'>fingunt</span> <span class='ocrx_word' id='word_1_304' title='bbox 375 2448 491 2472; x_wconf 87' lang='lat' dir='ltr'>aiitein</span> <span class='ocrx_word' id='word_1_305' title='bbox 513 2439 656 2484; x_wconf 78' lang='lat' dir='ltr'>quidam</span> <span class='ocrx_word' id='word_1_306' title='bbox 676 2440 803 2472; x_wconf 79' lang='lat' dir='ltr'>electos</span> <span class='ocrx_word' id='word_1_307' title='bbox 820 2437 987 2472; x_wconf 81' lang='lat' dir='ltr'>babentes</span> <span class='ocrx_word' id='word_1_308' title='bbox 1005 2453 1083 2483; x_wconf 87' lang='lat' dir='ltr'>pec-</span> 
     </span>
     <span class='ocr_line' id='line_1_48' title="bbox 100 2498 1084 2528; baseline -0.001 -3"><span class='ocrx_word' id='word_1_309' title='bbox 100 2498 172 2525; x_wconf 76' lang='lat' dir='ltr'>cata</span> <span class='ocrx_word' id='word_1_310' title='bbox 214 2498 332 2524; x_wconf 79' lang='lat' dir='ltr'>contra</span> <span class='ocrx_word' id='word_1_311' title='bbox 378 2498 647 2528; x_wconf 76' lang='lat' dir='ltr'>conscientiam,</span> <span class='ocrx_word' id='word_1_312' title='bbox 696 2498 812 2524; x_wconf 82' lang='lat' dir='ltr'>tamen</span> <span class='ocrx_word' id='word_1_313' title='bbox 851 2503 992 2523; x_wconf 85' lang='lat' dir='ltr'>manere</span> <span class='ocrx_word' id='word_1_314' title='bbox 1030 2503 1084 2524; x_wconf 85' lang='lat' dir='ltr'>iu-</span> 
     </span>
     <span class='ocr_line' id='line_1_49' title="bbox 100 2540 1082 2584; baseline 0 -9"><span class='ocrx_word' id='word_1_315' title='bbox 100 2549 180 2581; x_wconf 83' lang='lat' dir='ltr'>sios,</span> <span class='ocrx_word' id='word_1_316' title='bbox 207 2549 238 2574; x_wconf 84' lang='lat' dir='ltr'>et</span> <span class='ocrx_word' id='word_1_317' title='bbox 256 2541 405 2574; x_wconf 84' lang='lat' dir='ltr'>retinere</span> <span class='ocrx_word' id='word_1_318' title='bbox 417 2540 589 2584; x_wconf 85' lang='lat' dir='ltr'>Spiritum</span> <span class='ocrx_word' id='word_1_319' title='bbox 606 2549 776 2575; x_wconf 82' lang='lat' dir='ltr'>sancium.</span> <span class='ocrx_word' id='word_1_320' title='bbox 831 2540 898 2574; x_wconf 78' lang='lat' dir='ltr'>Hic</span> <span class='ocrx_word' id='word_1_321' title='bbox 916 2554 1014 2574; x_wconf 88' lang='lat' dir='ltr'>error</span> <span class='ocrx_word' id='word_1_322' title='bbox 1029 2554 1082 2575; x_wconf 89' lang='lat' dir='ltr'>se—</span> 
     </span>
     <span class='ocr_line' id='line_1_50' title="bbox 103 2592 1081 2637; baseline 0.001 -13"><span class='ocrx_word' id='word_1_323' title='bbox 103 2593 277 2624; x_wconf 76' lang='lat' dir='ltr'>verissime</span> <span class='ocrx_word' id='word_1_324' title='bbox 304 2592 509 2624; x_wconf 77' lang='lat' dir='ltr'>refutandus</span> <span class='ocrx_word' id='word_1_325' title='bbox 525 2599 592 2625; x_wconf 82' lang='lat' dir='ltr'>est:</span> <span class='ocrx_word' id='word_1_326' title='bbox 620 2599 658 2625; x_wconf 91' lang='lat' dir='ltr'>ut</span> <span class='ocrx_word' id='word_1_327' title='bbox 684 2592 776 2625; x_wconf 87' lang='lat' dir='ltr'>enim</span> <span class='ocrx_word' id='word_1_328' title='bbox 800 2592 933 2631; x_wconf 84' lang='lat' dir='ltr'>Adam,</span> <span class='ocrx_word' id='word_1_329' title='bbox 969 2604 1081 2637; x_wconf 84' lang='lat' dir='ltr'>quan-</span> 
     </span>
     <span class='ocr_line' id='line_1_51' title="bbox 97 2642 1080 2686; baseline 0 -11"><span class='ocrx_word' id='word_1_330' title='bbox 97 2653 201 2686; x_wconf 65' lang='lat' dir='ltr'>quam</span> <span class='ocrx_word' id='word_1_331' title='bbox 222 2650 293 2676; x_wconf 86' lang='lat' dir='ltr'>erat</span> <span class='ocrx_word' id='word_1_332' title='bbox 311 2642 452 2683; x_wconf 86' lang='lat' dir='ltr'>electus,</span> <span class='ocrx_word' id='word_1_333' title='bbox 480 2649 594 2675; x_wconf 84' lang='lat' dir='ltr'>tamen</span> <span class='ocrx_word' id='word_1_334' title='bbox 612 2650 687 2686; x_wconf 85' lang='lat' dir='ltr'>post</span> <span class='ocrx_word' id='word_1_335' title='bbox 705 2644 876 2677; x_wconf 80' lang='lat' dir='ltr'>delectum</span> <span class='ocrx_word' id='word_1_336' title='bbox 895 2643 1010 2677; x_wconf 85' lang='lat' dir='ltr'>amisit</span> <span class='ocrx_word' id='word_1_337' title='bbox 1027 2643 1080 2676; x_wconf 88' lang='lat' dir='ltr'>iii-</span> 
     </span>
    </p>
   </div>
   <div class='ocr_carea' id='block_1_7' title="bbox 673 83 1592 122">
    <p class='ocr_par' dir='ltr' id='par_1_9' title="bbox 673 83 1592 122">
     <span class='ocr_line' id='line_1_52' title="bbox 673 83 1592 122; baseline 0.002 -2"><span class='ocrx_word' id='word_1_338' title='bbox 673 85 754 122; x_wconf 76' lang='lat' dir='ltr'><strong>XII.</strong></span> <span class='ocrx_word' id='word_1_339' title='bbox 794 83 1185 121; x_wconf 68' lang='lat' dir='ltr'>ANNOTA&#39;HONES</span> <span class='ocrx_word' id='word_1_340' title='bbox 1214 83 1263 118; x_wconf 76' lang='lat' dir='ltr'>IN</span> <span class='ocrx_word' id='word_1_341' title='bbox 1291 85 1592 122; x_wconf 67' lang='lat' dir='ltr'><strong>EVANGELIA.</strong></span> 
     </span>
    </p>
   </div>
   <div class='ocr_carea' id='block_1_8' title="bbox 2071 91 2145 126">
    <p class='ocr_par' dir='ltr' id='par_1_10' title="bbox 2071 91 2145 126">
     <span class='ocr_line' id='line_1_53' title="bbox 2071 91 2145 126; baseline 0.027 -2"><span class='ocrx_word' id='word_1_342' title='bbox 2071 91 2145 126; x_wconf 84' lang='lat'>314</span> 
     </span>
    </p>
   </div>
   <div class='ocr_carea' id='block_1_9' title="bbox 1119 168 2142 1256">
    <p class='ocr_par' dir='ltr' id='par_1_11' title="bbox 1133 168 2142 320">
     <span class='ocr_line' id='line_1_54' title="bbox 1133 168 2142 223; baseline 0.006 -25"><span class='ocrx_word' id='word_1_343' title='bbox 1133 175 1136 223; x_wconf 49' lang='grc' dir='ltr'>ι</span> <span class='ocrx_word' id='word_1_344' title='bbox 1157 173 1294 209; x_wconf 80' lang='lat' dir='ltr'>gentem</span> <span class='ocrx_word' id='word_1_345' title='bbox 1312 176 1485 209; x_wconf 81' lang='lat' dir='ltr'>ornatum,</span> <span class='ocrx_word' id='word_1_346' title='bbox 1507 183 1609 214; x_wconf 87' lang='lat' dir='ltr'>quem</span> <span class='ocrx_word' id='word_1_347' title='bbox 1624 168 1758 212; x_wconf 83' lang='lat' dir='ltr'>habuit,</span> <span class='ocrx_word' id='word_1_348' title='bbox 1782 172 1942 206; x_wconf 86' lang='lat' dir='ltr'>videlicet</span> <span class='ocrx_word' id='word_1_349' title='bbox 1956 172 2142 214; x_wconf 82' lang='lat' dir='ltr'>imaginem</span> 
     </span>
     <span class='ocr_line' id='line_1_55' title="bbox 1158 218 2141 264; baseline 0.005 -13"><span class='ocrx_word' id='word_1_350' title='bbox 1158 218 1237 257; x_wconf 83' lang='lat' dir='ltr'>Dei,</span> <span class='ocrx_word' id='word_1_351' title='bbox 1266 219 1301 250; x_wconf 92' lang='lat' dir='ltr'>in</span> <span class='ocrx_word' id='word_1_352' title='bbox 1325 232 1391 263; x_wconf 83' lang='lat' dir='ltr'>qua</span> <span class='ocrx_word' id='word_1_353' title='bbox 1418 219 1570 261; x_wconf 79' lang='lat' dir='ltr'>fulgebat</span> <span class='ocrx_word' id='word_1_354' title='bbox 1595 222 1746 264; x_wconf 83' lang='lat' dir='ltr'>Spiritus</span> <span class='ocrx_word' id='word_1_355' title='bbox 1764 230 1920 263; x_wconf 86' lang='lat' dir='ltr'>sanctus,</span> <span class='ocrx_word' id='word_1_356' title='bbox 1944 230 1975 256; x_wconf 89' lang='lat' dir='ltr'>et</span> <span class='ocrx_word' id='word_1_357' title='bbox 1993 222 2141 256; x_wconf 78' lang='lat' dir='ltr'>offendit</span> 
     </span>
     <span class='ocr_line' id='line_1_56' title="bbox 1155 267 2140 320; baseline 0.006 -20"><span class='ocrx_word' id='word_1_358' title='bbox 1155 267 1291 308; x_wconf 88' lang='lat' dir='ltr'>Deum,</span> <span class='ocrx_word' id='word_1_359' title='bbox 1327 282 1364 301; x_wconf 84' lang='lat' dir='ltr'>ac</span> <span class='ocrx_word' id='word_1_360' title='bbox 1395 269 1500 301; x_wconf 79' lang='lat' dir='ltr'>fuisse</span> <span class='ocrx_word' id='word_1_361' title='bbox 1532 271 1618 303; x_wconf 83' lang='lat' dir='ltr'>iram</span> <span class='ocrx_word' id='word_1_362' title='bbox 1652 285 1723 305; x_wconf 90' lang='lat' dir='ltr'>non</span> <span class='ocrx_word' id='word_1_363' title='bbox 1756 273 1973 312; x_wconf 83' lang='lat' dir='ltr'>simulatam,</span> <span class='ocrx_word' id='word_1_364' title='bbox 2008 285 2140 320; x_wconf 84' lang='lat' dir='ltr'>poenae</span> 
     </span>
    </p>

    <p class='ocr_par' dir='ltr' id='par_1_12' title="bbox 1129 281 2139 364">
     <span class='ocr_line' id='line_1_57' title="bbox 1129 281 2139 364; baseline 0.005 -13"><span class='ocrx_word' id='word_1_365' title='bbox 1129 281 1134 359; x_wconf 66' lang='lat' dir='ltr'>l</span> <span class='ocrx_word' id='word_1_366' title='bbox 1156 320 1362 364; x_wconf 81' lang='lat' dir='ltr'>magnitudo</span> <span class='ocrx_word' id='word_1_367' title='bbox 1385 321 1548 355; x_wconf 87' lang='lat' dir='ltr'>ostendit.</span> <span class='ocrx_word' id='word_1_368' title='bbox 1606 321 1655 354; x_wconf 90' lang='lat' dir='ltr'>lta</span> <span class='ocrx_word' id='word_1_369' title='bbox 1674 324 1820 356; x_wconf 80' lang='lat' dir='ltr'>sciamus</span> <span class='ocrx_word' id='word_1_370' title='bbox 1839 337 1917 357; x_wconf 70' lang='lat' dir='ltr'>vere</span> <span class='ocrx_word' id='word_1_371' title='bbox 1933 324 2046 358; x_wconf 89' lang='lat' dir='ltr'>Deum</span> <span class='ocrx_word' id='word_1_372' title='bbox 2071 324 2139 356; x_wconf 91' lang='lat' dir='ltr'>ira—</span> 
     </span>
    </p>

    <p class='ocr_par' dir='ltr' id='par_1_13' title="bbox 1128 364 2138 416">
     <span class='ocr_line' id='line_1_58' title="bbox 1128 364 2138 416; baseline 0.004 -14"><span class='ocrx_word' id='word_1_373' title='bbox 1128 364 1131 416; x_wconf 56' lang='lat'>}</span> <span class='ocrx_word' id='word_1_374' title='bbox 1155 370 1201 402; x_wconf 88' lang='lat' dir='ltr'>sci</span> <span class='ocrx_word' id='word_1_375' title='bbox 1220 370 1374 413; x_wconf 82' lang='lat' dir='ltr'>lapsibus</span> <span class='ocrx_word' id='word_1_376' title='bbox 1392 370 1581 403; x_wconf 87' lang='lat' dir='ltr'>electorum</span> <span class='ocrx_word' id='word_1_377' title='bbox 1595 398 1603 411; x_wconf 94' lang='lat'><strong>‚</strong></span> <span class='ocrx_word' id='word_1_378' title='bbox 1631 384 1693 405; x_wconf 82' lang='lat' dir='ltr'>nec</span> <span class='ocrx_word' id='word_1_379' title='bbox 1710 385 1774 406; x_wconf 91' lang='lat' dir='ltr'>nos</span> <span class='ocrx_word' id='word_1_380' title='bbox 1793 374 1828 406; x_wconf 88' lang='lat' dir='ltr'>in</span> <span class='ocrx_word' id='word_1_381' title='bbox 1847 375 1907 407; x_wconf 90' lang='lat' dir='ltr'>tali</span> <span class='ocrx_word' id='word_1_382' title='bbox 1933 375 2008 408; x_wconf 85' lang='lat' dir='ltr'>loco</span> <span class='ocrx_word' id='word_1_383' title='bbox 2025 375 2068 407; x_wconf 92' lang='lat' dir='ltr'>de</span> <span class='ocrx_word' id='word_1_384' title='bbox 2083 387 2138 407; x_wconf 87' lang='lat' dir='ltr'>ar-</span> 
     </span>
    </p>

    <p class='ocr_par' dir='ltr' id='par_1_14' title="bbox 1128 417 2138 465">
     <span class='ocr_line' id='line_1_59' title="bbox 1128 417 2138 465; baseline 0.004 -13"><span class='ocrx_word' id='word_1_385' title='bbox 1128 417 1131 461; x_wconf 60' lang='lat' dir='ltr'><strong>f</strong></span> <span class='ocrx_word' id='word_1_386' title='bbox 1155 433 1238 453; x_wconf 89' lang='lat' dir='ltr'>cana</span> <span class='ocrx_word' id='word_1_387' title='bbox 1264 422 1431 453; x_wconf 87' lang='lat' dir='ltr'>electione</span> <span class='ocrx_word' id='word_1_388' title='bbox 1454 422 1689 465; x_wconf 82' lang='lat' dir='ltr'>disputemus,</span> <span class='ocrx_word' id='word_1_389' title='bbox 1716 425 1773 455; x_wconf 88' lang='lat' dir='ltr'>sed</span> <span class='ocrx_word' id='word_1_390' title='bbox 1802 424 1994 457; x_wconf 88' lang='lat' dir='ltr'>iudicemus</span> <span class='ocrx_word' id='word_1_391' title='bbox 2011 426 2054 458; x_wconf 86' lang='lat' dir='ltr'>de</span> <span class='ocrx_word' id='word_1_392' title='bbox 2077 438 2138 457; x_wconf 71' lang='lat' dir='ltr'>vo—</span> 
     </span>
    </p>

    <p class='ocr_par' dir='ltr' id='par_1_15' title="bbox 1128 468 2137 519">
     <span class='ocr_line' id='line_1_60' title="bbox 1128 468 2137 519; baseline 0.004 -17"><span class='ocrx_word' id='word_1_393' title='bbox 1128 468 1129 478; x_wconf 58' lang='lat'><em>*</em></span> <span class='ocrx_word' id='word_1_394' title='bbox 1155 471 1288 505; x_wconf 84' lang='lat' dir='ltr'>luntate</span> <span class='ocrx_word' id='word_1_395' title='bbox 1315 470 1379 503; x_wconf 88' lang='lat' dir='ltr'>Dei</span> <span class='ocrx_word' id='word_1_396' title='bbox 1408 472 1502 504; x_wconf 87' lang='lat' dir='ltr'>iuxta</span> <span class='ocrx_word' id='word_1_397' title='bbox 1534 485 1732 516; x_wconf 84' lang='lat' dir='ltr'>expressum</span> <span class='ocrx_word' id='word_1_398' title='bbox 1755 475 1901 507; x_wconf 68' lang='lat' dir='ltr'>verbum</span> <span class='ocrx_word' id='word_1_399' title='bbox 1927 474 2009 515; x_wconf 88' lang='lat' dir='ltr'>Dei,</span> <span class='ocrx_word' id='word_1_400' title='bbox 2045 477 2137 519; x_wconf 83' lang='lat' dir='ltr'>quod</span> 
     </span>
    </p>

    <p class='ocr_par' dir='ltr' id='par_1_16' title="bbox 1154 519 2081 568">
     <span class='ocr_line' id='line_1_61' title="bbox 1154 519 2081 568; baseline 0.004 -15"><span class='ocrx_word' id='word_1_401' title='bbox 1154 529 1188 555; x_wconf 91' lang='lat' dir='ltr'>et</span> <span class='ocrx_word' id='word_1_402' title='bbox 1207 519 1433 554; x_wconf 86' lang='lat' dir='ltr'>horribilium</span> <span class='ocrx_word' id='word_1_403' title='bbox 1448 535 1639 565; x_wconf 79' lang='lat' dir='ltr'>poenarum</span> <span class='ocrx_word' id='word_1_404' title='bbox 1659 525 1824 568; x_wconf 82' lang='lat' dir='ltr'>exemplis</span> <span class='ocrx_word' id='word_1_405' title='bbox 1843 525 2081 560; x_wconf 79' lang='lat' dir='ltr'>confirmatur.</span> 
     </span>
    </p>

    <p class='ocr_par' dir='ltr' id='par_1_17' title="bbox 1152 571 2138 720">
     <span class='ocr_line' id='line_1_62' title="bbox 1256 571 2137 615; baseline 0.001 -10"><span class='ocrx_word' id='word_1_406' title='bbox 1256 571 1360 605; x_wconf 84' lang='lat' dir='ltr'>Rom.</span> <span class='ocrx_word' id='word_1_407' title='bbox 1381 574 1430 607; x_wconf 85' lang='lat'>8.:</span> <span class='ocrx_word' id='word_1_408' title='bbox 1459 572 1494 606; x_wconf 84' lang='lat' dir='ltr'>Si</span> <span class='ocrx_word' id='word_1_409' title='bbox 1515 576 1708 608; x_wconf 87' lang='lat' dir='ltr'>secundnm</span> <span class='ocrx_word' id='word_1_410' title='bbox 1725 587 1862 607; x_wconf 89' lang='lat' dir='ltr'>carnem</span> <span class='ocrx_word' id='word_1_411' title='bbox 1881 575 2047 615; x_wconf 79' lang='lat' dir='ltr'>vixeritis,</span> <span class='ocrx_word' id='word_1_412' title='bbox 2062 588 2137 607; x_wconf 83' lang='lat' dir='ltr'>mo—</span> 
     </span>
     <span class='ocr_line' id='line_1_63' title="bbox 1152 622 2138 670; baseline 0.003 -15"><span class='ocrx_word' id='word_1_413' title='bbox 1152 623 1305 657; x_wconf 86' lang='lat' dir='ltr'>riemini.</span> <span class='ocrx_word' id='word_1_414' title='bbox 1362 622 1466 656; x_wconf 84' lang='lat' dir='ltr'>Item:</span> <span class='ocrx_word' id='word_1_415' title='bbox 1503 624 1572 666; x_wconf 82' lang='lat' dir='ltr'>Qui</span> <span class='ocrx_word' id='word_1_416' title='bbox 1591 626 1625 658; x_wconf 91' lang='lat' dir='ltr'>in</span> <span class='ocrx_word' id='word_1_417' title='bbox 1648 637 1751 658; x_wconf 86' lang='lat' dir='ltr'>carne</span> <span class='ocrx_word' id='word_1_418' title='bbox 1779 632 1877 666; x_wconf 82' lang='lat' dir='ltr'>sunt,</span> <span class='ocrx_word' id='word_1_419' title='bbox 1905 625 1979 660; x_wconf 91' lang='lat' dir='ltr'>Deo</span> <span class='ocrx_word' id='word_1_420' title='bbox 2003 625 2138 670; x_wconf 84' lang='lat' dir='ltr'>placere</span> 
     </span>
     <span class='ocr_line' id='line_1_64' title="bbox 1152 674 2138 720; baseline 0.001 -14"><span class='ocrx_word' id='word_1_421' title='bbox 1152 686 1223 706; x_wconf 90' lang='lat' dir='ltr'>uon</span> <span class='ocrx_word' id='word_1_422' title='bbox 1258 681 1414 720; x_wconf 82' lang='lat' dir='ltr'>possunt.</span> <span class='ocrx_word' id='word_1_423' title='bbox 1458 674 1574 708; x_wconf 74' lang='lat' dir='ltr'>Galat.</span> <span class='ocrx_word' id='word_1_424' title='bbox 1599 676 1651 708; x_wconf 83' lang='lat'>5.:</span> <span class='ocrx_word' id='word_1_425' title='bbox 1688 677 1892 709; x_wconf 80' lang='lat' dir='ltr'>Currebatis</span> <span class='ocrx_word' id='word_1_426' title='bbox 1916 677 2023 717; x_wconf 82' lang='lat' dir='ltr'>bene,</span> <span class='ocrx_word' id='word_1_427' title='bbox 2060 677 2138 720; x_wconf 87' lang='lat' dir='ltr'>quis</span> 
     </span>
    </p>

    <p class='ocr_par' dir='ltr' id='par_1_18' title="bbox 1123 713 2135 767">
     <span class='ocr_line' id='line_1_65' title="bbox 1123 713 2135 767; baseline 0.002 -12"><span class='ocrx_word' id='word_1_428' title='bbox 1123 713 1126 749; x_wconf 72' lang='lat' dir='ltr'>l</span> <span class='ocrx_word' id='word_1_429' title='bbox 1152 737 1212 757; x_wconf 75' lang='lat' dir='ltr'>vos</span> <span class='ocrx_word' id='word_1_430' title='bbox 1229 725 1434 767; x_wconf 74' lang='lat' dir='ltr'>impedivit,</span> <span class='ocrx_word' id='word_1_431' title='bbox 1467 732 1503 758; x_wconf 85' lang='lat' dir='ltr'>iit</span> <span class='ocrx_word' id='word_1_432' title='bbox 1521 738 1591 757; x_wconf 90' lang='lat' dir='ltr'>iioii</span> <span class='ocrx_word' id='word_1_433' title='bbox 1611 728 1797 760; x_wconf 86' lang='lat' dir='ltr'>crederetis</span> <span class='ocrx_word' id='word_1_434' title='bbox 1817 727 1953 759; x_wconf 78' lang='lat' dir='ltr'>veritati</span> <span class='ocrx_word' id='word_1_435' title='bbox 1966 728 1981 758; x_wconf 71' lang='lat'>2³</span> <span class='ocrx_word' id='word_1_436' title='bbox 2031 725 2135 760; x_wconf 83' lang='lat' dir='ltr'>Item:</span> 
     </span>
    </p>

    <p class='ocr_par' dir='ltr' id='par_1_19' title="bbox 1152 774 2134 820">
     <span class='ocr_line' id='line_1_66' title="bbox 1152 774 2134 820; baseline 0.004 -14"><span class='ocrx_word' id='word_1_437' title='bbox 1152 774 1223 816; x_wconf 83' lang='lat' dir='ltr'>Qui</span> <span class='ocrx_word' id='word_1_438' title='bbox 1250 776 1330 808; x_wconf 84' lang='lat' dir='ltr'>talia</span> <span class='ocrx_word' id='word_1_439' title='bbox 1355 785 1482 818; x_wconf 82' lang='lat' dir='ltr'>agunt,</span> <span class='ocrx_word' id='word_1_440' title='bbox 1518 788 1663 818; x_wconf 83' lang='lat' dir='ltr'>reguum</span> <span class='ocrx_word' id='word_1_441' title='bbox 1694 777 1754 809; x_wconf 71' lang='lat' dir='ltr'>Dei</span> <span class='ocrx_word' id='word_1_442' title='bbox 1791 789 1862 809; x_wconf 91' lang='lat' dir='ltr'>nou</span> <span class='ocrx_word' id='word_1_443' title='bbox 1894 777 2134 820; x_wconf 87' lang='lat' dir='ltr'>possidebunt.</span> 
     </span>
    </p>

    <p class='ocr_par' dir='ltr' id='par_1_20' title="bbox 1154 823 2135 869">
     <span class='ocr_line' id='line_1_67' title="bbox 1154 823 2135 869; baseline 0.001 -11"><span class='ocrx_word' id='word_1_444' title='bbox 1154 823 1390 860; x_wconf 74' lang='lat' dir='ltr'>1.10h;·n.3.:</span> <span class='ocrx_word' id='word_1_445' title='bbox 1421 826 1491 868; x_wconf 80' lang='lat' dir='ltr'>Qui</span> <span class='ocrx_word' id='word_1_446' title='bbox 1519 827 1598 860; x_wconf 84' lang='lat' dir='ltr'>facit</span> <span class='ocrx_word' id='word_1_447' title='bbox 1622 827 1814 867; x_wconf 85' lang='lat' dir='ltr'>iusticiam,</span> <span class='ocrx_word' id='word_1_448' title='bbox 1842 828 1952 860; x_wconf 81' lang='lat' dir='ltr'>iustus</span> <span class='ocrx_word' id='word_1_449' title='bbox 1969 835 2037 867; x_wconf 89' lang='lat' dir='ltr'>est,</span> <span class='ocrx_word' id='word_1_450' title='bbox 2065 828 2135 869; x_wconf 73' lang='lat' dir='ltr'>Qui</span> 
     </span>
    </p>

    <p class='ocr_par' dir='ltr' id='par_1_21' title="bbox 1119 861 2135 1256">
     <span class='ocr_line' id='line_1_68' title="bbox 1119 861 2135 1256; baseline 0.001 -348"><span class='ocrx_word' id='word_1_451' title='bbox 1119 861 1125 1256; x_wconf 59' lang='grc' dir='ltr'><em>Ι</em></span> <span class='ocrx_word' id='word_1_452' title='bbox 1149 877 1231 909; x_wconf 84' lang='lat' dir='ltr'>facit</span> <span class='ocrx_word' id='word_1_453' title='bbox 1256 884 1456 920; x_wconf 82' lang='lat' dir='ltr'>peccatum,</span> <span class='ocrx_word' id='word_1_454' title='bbox 1485 889 1523 909; x_wconf 85' lang='lat' dir='ltr'>ex</span> <span class='ocrx_word' id='word_1_455' title='bbox 1542 878 1684 910; x_wconf 86' lang='lat' dir='ltr'>diabolo</span> <span class='ocrx_word' id='word_1_456' title='bbox 1702 885 1760 912; x_wconf 89' lang='lat' dir='ltr'>est.</span> <span class='ocrx_word' id='word_1_457' title='bbox 1815 876 1961 920; x_wconf 83' lang='lat' dir='ltr'>Apocal.</span> <span class='ocrx_word' id='word_1_458' title='bbox 1980 880 2034 912; x_wconf 62' lang='lat'>2:</span> <span class='ocrx_word' id='word_1_459' title='bbox 2063 876 2135 909; x_wconf 81' lang='lat' dir='ltr'>Ha—</span> 
     </span>
    </p>
   </div>
   <div class='ocr_carea' id='block_1_10' title="bbox 1124 587 1128 709">
    <p class='ocr_par' dir='ltr' id='par_1_22' title="bbox 1124 587 1128 709">
     <span class='ocr_line' id='line_1_69' title="bbox 1124 587 1128 709; baseline 0 2206"><span class='ocrx_word' id='word_1_460' title='bbox 1124 587 1128 709; x_wconf 95' lang='lat' dir='ltr'> </span> 
     </span>
    </p>
   </div>
   <div class='ocr_carea' id='block_1_11' title="bbox 1122 753 1126 860">
    <p class='ocr_par' dir='ltr' id='par_1_23' title="bbox 1122 753 1126 860">
     <span class='ocr_line' id='line_1_70' title="bbox 1122 753 1126 860; baseline 0 2055"><span class='ocrx_word' id='word_1_461' title='bbox 1122 753 1126 860; x_wconf 95' lang='lat' dir='ltr'> </span> 
     </span>
    </p>
   </div>
   <div class='ocr_carea' id='block_1_12' title="bbox 1112 928 2134 2372">
    <p class='ocr_par' dir='ltr' id='par_1_24' title="bbox 1145 928 2134 1264">
     <span class='ocr_line' id='line_1_71' title="bbox 1151 928 2134 972; baseline 0 -13"><span class='ocrx_word' id='word_1_462' title='bbox 1151 928 1214 959; x_wconf 87' lang='lat' dir='ltr'>beo</span> <span class='ocrx_word' id='word_1_463' title='bbox 1249 935 1369 960; x_wconf 85' lang='lat' dir='ltr'>contra</span> <span class='ocrx_word' id='word_1_464' title='bbox 1405 934 1458 967; x_wconf 79' lang='lat' dir='ltr'>ie,</span> <span class='ocrx_word' id='word_1_465' title='bbox 1495 929 1586 972; x_wconf 87' lang='lat' dir='ltr'>quod</span> <span class='ocrx_word' id='word_1_466' title='bbox 1625 929 1849 961; x_wconf 90' lang='lat' dir='ltr'>dilectionem</span> <span class='ocrx_word' id='word_1_467' title='bbox 1882 936 1997 969; x_wconf 81' lang='lat' dir='ltr'>tuam,</span> <span class='ocrx_word' id='word_1_468' title='bbox 2031 940 2134 972; x_wconf 85' lang='lat' dir='ltr'>quain</span> 
     </span>
     <span class='ocr_line' id='line_1_72' title="bbox 1149 976 2133 1021; baseline 0.001 -12"><span class='ocrx_word' id='word_1_469' title='bbox 1149 978 1247 1020; x_wconf 90' lang='lat' dir='ltr'>prins</span> <span class='ocrx_word' id='word_1_470' title='bbox 1267 976 1428 1015; x_wconf 76' lang='lat' dir='ltr'>habebas,</span> <span class='ocrx_word' id='word_1_471' title='bbox 1456 979 1612 1018; x_wconf 78' lang='lat' dir='ltr'>amisisti,</span> <span class='ocrx_word' id='word_1_472' title='bbox 1642 987 1819 1012; x_wconf 88' lang='lat' dir='ltr'>momento</span> <span class='ocrx_word' id='word_1_473' title='bbox 1839 979 1946 1021; x_wconf 84' lang='lat' dir='ltr'>igitur</span> <span class='ocrx_word' id='word_1_474' title='bbox 1964 979 2059 1011; x_wconf 88' lang='lat' dir='ltr'>nude</span> <span class='ocrx_word' id='word_1_475' title='bbox 2077 990 2133 1010; x_wconf 76' lang='lat' dir='ltr'>ex-</span> 
     </span>
     <span class='ocr_line' id='line_1_73' title="bbox 1149 1028 2134 1073; baseline 0.001 -13"><span class='ocrx_word' id='word_1_476' title='bbox 1149 1028 1292 1068; x_wconf 85' lang='lat' dir='ltr'>cideris,</span> <span class='ocrx_word' id='word_1_477' title='bbox 1319 1035 1348 1060; x_wconf 82' lang='lat' dir='ltr'>et</span> <span class='ocrx_word' id='word_1_478' title='bbox 1367 1040 1427 1071; x_wconf 84' lang='lat' dir='ltr'>age</span> <span class='ocrx_word' id='word_1_479' title='bbox 1452 1029 1714 1069; x_wconf 79' lang='lat' dir='ltr'>poenitentiam,</span> <span class='ocrx_word' id='word_1_480' title='bbox 1742 1037 1775 1063; x_wconf 84' lang='lat' dir='ltr'>et</span> <span class='ocrx_word' id='word_1_481' title='bbox 1800 1030 1850 1061; x_wconf 87' lang='lat' dir='ltr'>fac</span> <span class='ocrx_word' id='word_1_482' title='bbox 1877 1029 1993 1073; x_wconf 86' lang='lat' dir='ltr'>priora</span> <span class='ocrx_word' id='word_1_483' title='bbox 2018 1041 2134 1073; x_wconf 73' lang='lat' dir='ltr'>opera.</span> 
     </span>
     <span class='ocr_line' id='line_1_74' title="bbox 1150 1077 2134 1123; baseline -0.001 -12"><span class='ocrx_word' id='word_1_484' title='bbox 1150 1079 1182 1112; x_wconf 88' lang='lat'>1.</span> <span class='ocrx_word' id='word_1_485' title='bbox 1205 1078 1322 1113; x_wconf 83' lang='lat' dir='ltr'>Timo.</span> <span class='ocrx_word' id='word_1_486' title='bbox 1342 1081 1388 1113; x_wconf 83' lang='lat'>1.:</span> <span class='ocrx_word' id='word_1_487' title='bbox 1416 1077 1515 1111; x_wconf 82' lang='lat' dir='ltr'>Finis</span> <span class='ocrx_word' id='word_1_488' title='bbox 1538 1079 1695 1112; x_wconf 86' lang='lat' dir='ltr'>mandati</span> <span class='ocrx_word' id='word_1_489' title='bbox 1715 1087 1764 1113; x_wconf 88' lang='lat' dir='ltr'>est</span> <span class='ocrx_word' id='word_1_490' title='bbox 1781 1080 1942 1123; x_wconf 87' lang='lat' dir='ltr'>dilectio,</span> <span class='ocrx_word' id='word_1_491' title='bbox 1968 1092 2006 1112; x_wconf 88' lang='lat' dir='ltr'>ex</span> <span class='ocrx_word' id='word_1_492' title='bbox 2032 1081 2134 1112; x_wconf 84' lang='lat' dir='ltr'>corde</span> 
     </span>
     <span class='ocr_line' id='line_1_75' title="bbox 1147 1129 2134 1172; baseline 0 -11"><span class='ocrx_word' id='word_1_493' title='bbox 1147 1141 1248 1172; x_wconf 86' lang='lat' dir='ltr'>puro,</span> <span class='ocrx_word' id='word_1_494' title='bbox 1276 1129 1486 1162; x_wconf 76' lang='lat' dir='ltr'>conscientia</span> <span class='ocrx_word' id='word_1_495' title='bbox 1512 1129 1622 1167; x_wconf 87' lang='lat' dir='ltr'>bona,</span> <span class='ocrx_word' id='word_1_496' title='bbox 1652 1137 1685 1163; x_wconf 84' lang='lat' dir='ltr'>et</span> <span class='ocrx_word' id='word_1_497' title='bbox 1706 1131 1772 1163; x_wconf 83' lang='lat' dir='ltr'>fide</span> <span class='ocrx_word' id='word_1_498' title='bbox 1797 1142 1870 1163; x_wconf 88' lang='lat' dir='ltr'>nou</span> <span class='ocrx_word' id='word_1_499' title='bbox 1896 1131 1984 1164; x_wconf 66' lang='lat' dir='ltr'>ficta.</span> <span class='ocrx_word' id='word_1_500' title='bbox 2045 1129 2134 1163; x_wconf 77' lang='lat' dir='ltr'>Ubi-</span> 
     </span>
     <span class='ocr_line' id='line_1_76' title="bbox 1146 1180 2133 1227; baseline 0 -16"><span class='ocrx_word' id='word_1_501' title='bbox 1146 1191 1283 1223; x_wconf 88' lang='lat' dir='ltr'>cunque</span> <span class='ocrx_word' id='word_1_502' title='bbox 1302 1186 1351 1212; x_wconf 86' lang='lat' dir='ltr'>est</span> <span class='ocrx_word' id='word_1_503' title='bbox 1373 1180 1475 1219; x_wconf 87' lang='lat' dir='ltr'>fides,</span> <span class='ocrx_word' id='word_1_504' title='bbox 1503 1192 1570 1225; x_wconf 80' lang='lat' dir='ltr'>qua</span> <span class='ocrx_word' id='word_1_505' title='bbox 1594 1181 1772 1227; x_wconf 77' lang='lat' dir='ltr'>placemus</span> <span class='ocrx_word' id='word_1_506' title='bbox 1793 1180 1888 1221; x_wconf 85' lang='lat' dir='ltr'>Deo,</span> <span class='ocrx_word' id='word_1_507' title='bbox 1920 1182 1967 1213; x_wconf 90' lang='lat' dir='ltr'>ibi</span> <span class='ocrx_word' id='word_1_508' title='bbox 1996 1192 2133 1214; x_wconf 82' lang='lat' dir='ltr'>necesse</span> 
     </span>
     <span class='ocr_line' id='line_1_77' title="bbox 1145 1230 1992 1264; baseline 0.002 -2"><span class='ocrx_word' id='word_1_509' title='bbox 1145 1237 1195 1263; x_wconf 91' lang='lat' dir='ltr'>est</span> <span class='ocrx_word' id='word_1_510' title='bbox 1219 1230 1323 1262; x_wconf 91' lang='lat' dir='ltr'>simul</span> <span class='ocrx_word' id='word_1_511' title='bbox 1341 1242 1411 1262; x_wconf 92' lang='lat' dir='ltr'>esse</span> <span class='ocrx_word' id='word_1_512' title='bbox 1428 1231 1600 1263; x_wconf 84' lang='lat' dir='ltr'>iusticiam</span> <span class='ocrx_word' id='word_1_513' title='bbox 1619 1231 1732 1264; x_wconf 84' lang='lat' dir='ltr'>bonae</span> <span class='ocrx_word' id='word_1_514' title='bbox 1748 1232 1992 1264; x_wconf 83' lang='lat' dir='ltr'>conscientiae.</span> 
     </span>
    </p>

    <p class='ocr_par' dir='ltr' id='par_1_25' title="bbox 1142 1278 2132 1677">
     <span class='ocr_line' id='line_1_78' title="bbox 1244 1278 2130 1325; baseline 0.001 -13"><span class='ocrx_word' id='word_1_515' title='bbox 1244 1278 1296 1312; x_wconf 83' lang='lat' dir='ltr'>Ac</span> <span class='ocrx_word' id='word_1_516' title='bbox 1320 1291 1462 1323; x_wconf 84' lang='lat' dir='ltr'>prorsus</span> <span class='ocrx_word' id='word_1_517' title='bbox 1488 1281 1704 1325; x_wconf 85' lang='lat' dir='ltr'>impossibile</span> <span class='ocrx_word' id='word_1_518' title='bbox 1738 1289 1788 1315; x_wconf 87' lang='lat' dir='ltr'>est</span> <span class='ocrx_word' id='word_1_519' title='bbox 1820 1279 1904 1315; x_wconf 83' lang='lat' dir='ltr'>haec</span> <span class='ocrx_word' id='word_1_520' title='bbox 1929 1284 1998 1315; x_wconf 81' lang='lat' dir='ltr'>duo</span> <span class='ocrx_word' id='word_1_521' title='bbox 2025 1281 2130 1315; x_wconf 87' lang='lat' dir='ltr'>simul</span> 
     </span>
     <span class='ocr_line' id='line_1_79' title="bbox 1144 1330 2131 1375; baseline 0.002 -14"><span class='ocrx_word' id='word_1_522' title='bbox 1144 1341 1235 1369; x_wconf 87' lang='lat' dir='ltr'>esse,</span> <span class='ocrx_word' id='word_1_523' title='bbox 1262 1330 1424 1362; x_wconf 82' lang='lat' dir='ltr'>fiduciam</span> <span class='ocrx_word' id='word_1_524' title='bbox 1450 1333 1543 1375; x_wconf 88' lang='lat' dir='ltr'>quod</span> <span class='ocrx_word' id='word_1_525' title='bbox 1568 1331 1642 1364; x_wconf 90' lang='lat' dir='ltr'>Deo</span> <span class='ocrx_word' id='word_1_526' title='bbox 1667 1332 1819 1375; x_wconf 81' lang='lat' dir='ltr'>placeas,</span> <span class='ocrx_word' id='word_1_527' title='bbox 1847 1340 1879 1365; x_wconf 90' lang='lat' dir='ltr'>et</span> <span class='ocrx_word' id='word_1_528' title='bbox 1905 1340 2025 1365; x_wconf 82' lang='lat' dir='ltr'>contra</span> <span class='ocrx_word' id='word_1_529' title='bbox 2048 1344 2131 1364; x_wconf 90' lang='lat' dir='ltr'>con-</span> 
     </span>
     <span class='ocr_line' id='line_1_80' title="bbox 1142 1381 2132 1421; baseline 0.003 -9"><span class='ocrx_word' id='word_1_530' title='bbox 1142 1381 1322 1412; x_wconf 85' lang='lat' dir='ltr'>scientiam</span> <span class='ocrx_word' id='word_1_531' title='bbox 1346 1381 1434 1412; x_wconf 73' lang='lat' dir='ltr'>velle</span> <span class='ocrx_word' id='word_1_532' title='bbox 1453 1382 1655 1414; x_wconf 85' lang='lat' dir='ltr'>mandatum</span> <span class='ocrx_word' id='word_1_533' title='bbox 1674 1381 1738 1414; x_wconf 84' lang='lat' dir='ltr'>Dei</span> <span class='ocrx_word' id='word_1_534' title='bbox 1757 1383 1908 1421; x_wconf 73' lang='lat' dir='ltr'>violare,</span> <span class='ocrx_word' id='word_1_535' title='bbox 1935 1383 2024 1415; x_wconf 90' lang='lat' dir='ltr'>sicut</span> <span class='ocrx_word' id='word_1_536' title='bbox 2041 1383 2132 1415; x_wconf 82' lang='lat' dir='ltr'>clare</span> 
     </span>
     <span class='ocr_line' id='line_1_81' title="bbox 1143 1429 2130 1477; baseline 0.001 -14"><span class='ocrx_word' id='word_1_537' title='bbox 1143 1431 1272 1464; x_wconf 87' lang='lat' dir='ltr'>dicitur</span> <span class='ocrx_word' id='word_1_538' title='bbox 1289 1444 1305 1463; x_wconf 86' lang='lat' dir='ltr'>a</span> <span class='ocrx_word' id='word_1_539' title='bbox 1327 1430 1453 1464; x_wconf 83' lang='lat' dir='ltr'>Paulo:</span> <span class='ocrx_word' id='word_1_540' title='bbox 1479 1429 1596 1464; x_wconf 89' lang='lat' dir='ltr'>Omne</span> <span class='ocrx_word' id='word_1_541' title='bbox 1611 1434 1702 1477; x_wconf 82' lang='lat' dir='ltr'>qnod</span> <span class='ocrx_word' id='word_1_542' title='bbox 1722 1445 1793 1466; x_wconf 90' lang='lat' dir='ltr'>uon</span> <span class='ocrx_word' id='word_1_543' title='bbox 1811 1440 1861 1466; x_wconf 92' lang='lat' dir='ltr'>est</span> <span class='ocrx_word' id='word_1_544' title='bbox 1879 1445 1918 1471; x_wconf 71' lang='lat' dir='ltr'>‚ex</span> <span class='ocrx_word' id='word_1_545' title='bbox 1939 1433 2024 1474; x_wconf 82' lang='lat' dir='ltr'>fide,</span> <span class='ocrx_word' id='word_1_546' title='bbox 2051 1444 2130 1476; x_wconf 91' lang='lat' dir='ltr'>pec—</span> 
     </span>
     <span class='ocr_line' id='line_1_82' title="bbox 1142 1483 2128 1528; baseline 0.001 -14"><span class='ocrx_word' id='word_1_547' title='bbox 1142 1489 1255 1515; x_wconf 84' lang='lat' dir='ltr'>catum</span> <span class='ocrx_word' id='word_1_548' title='bbox 1275 1490 1344 1521; x_wconf 80' lang='lat' dir='ltr'>est,</span> <span class='ocrx_word' id='word_1_549' title='bbox 1363 1483 1395 1513; x_wconf 90' lang='lat' dir='ltr'>id</span> <span class='ocrx_word' id='word_1_550' title='bbox 1414 1490 1480 1522; x_wconf 85' lang='lat' dir='ltr'>est,</span> <span class='ocrx_word' id='word_1_551' title='bbox 1496 1483 1611 1515; x_wconf 83' lang='lat' dir='ltr'>omnis</span> <span class='ocrx_word' id='word_1_552' title='bbox 1627 1485 1716 1516; x_wconf 77' lang='lat' dir='ltr'>actio</span> <span class='ocrx_word' id='word_1_553' title='bbox 1736 1485 1898 1517; x_wconf 85' lang='lat' dir='ltr'>damnata</span> <span class='ocrx_word' id='word_1_554' title='bbox 1921 1491 1996 1524; x_wconf 86' lang='lat' dir='ltr'>est,</span> <span class='ocrx_word' id='word_1_555' title='bbox 2025 1496 2128 1528; x_wconf 83' lang='lat' dir='ltr'>quain</span> 
     </span>
     <span class='ocr_line' id='line_1_83' title="bbox 1142 1533 2129 1574; baseline 0.002 -10"><span class='ocrx_word' id='word_1_556' title='bbox 1142 1533 1254 1566; x_wconf 86' lang='lat' dir='ltr'>sciens</span> <span class='ocrx_word' id='word_1_557' title='bbox 1272 1540 1305 1565; x_wconf 85' lang='lat' dir='ltr'>et</span> <span class='ocrx_word' id='word_1_558' title='bbox 1323 1533 1443 1565; x_wconf 74' lang='lat' dir='ltr'>volens</span> <span class='ocrx_word' id='word_1_559' title='bbox 1460 1541 1579 1566; x_wconf 84' lang='lat' dir='ltr'>contra</span> <span class='ocrx_word' id='word_1_560' title='bbox 1597 1534 1712 1566; x_wconf 87' lang='lat' dir='ltr'>Deum</span> <span class='ocrx_word' id='word_1_561' title='bbox 1741 1535 1842 1574; x_wconf 89' lang='lat' dir='ltr'>facis,</span> <span class='ocrx_word' id='word_1_562' title='bbox 1869 1533 1962 1567; x_wconf 80' lang='lat' dir='ltr'>Ilaec</span> <span class='ocrx_word' id='word_1_563' title='bbox 1983 1546 2056 1567; x_wconf 90' lang='lat' dir='ltr'>non</span> <span class='ocrx_word' id='word_1_564' title='bbox 2082 1543 2129 1566; x_wconf 88' lang='lat' dir='ltr'>est</span> 
     </span>
     <span class='ocr_line' id='line_1_84' title="bbox 1143 1584 2128 1627; baseline 0.002 -13"><span class='ocrx_word' id='word_1_565' title='bbox 1143 1595 1182 1615; x_wconf 81' lang='lat' dir='ltr'>ex</span> <span class='ocrx_word' id='word_1_566' title='bbox 1207 1584 1292 1622; x_wconf 82' lang='lat' dir='ltr'>tide,</span> <span class='ocrx_word' id='word_1_567' title='bbox 1318 1584 1398 1627; x_wconf 88' lang='lat' dir='ltr'>quia</span> <span class='ocrx_word' id='word_1_568' title='bbox 1431 1584 1647 1626; x_wconf 86' lang='lat' dir='ltr'>impossibile</span> <span class='ocrx_word' id='word_1_569' title='bbox 1671 1591 1719 1616; x_wconf 83' lang='lat' dir='ltr'>est</span> <span class='ocrx_word' id='word_1_570' title='bbox 1743 1585 2032 1618; x_wconf 85' lang='lat' dir='ltr'>contradictorias</span> <span class='ocrx_word' id='word_1_571' title='bbox 2062 1591 2128 1617; x_wconf 91' lang='lat' dir='ltr'>sta-</span> 
     </span>
     <span class='ocr_line' id='line_1_85' title="bbox 1145 1633 2068 1677; baseline 0.003 -12"><span class='ocrx_word' id='word_1_572' title='bbox 1145 1641 1257 1670; x_wconf 82' lang='lat' dir='ltr'>tuere,</span> <span class='ocrx_word' id='word_1_573' title='bbox 1286 1637 1378 1677; x_wconf 76' lang='lat' dir='ltr'>qiiod</span> <span class='ocrx_word' id='word_1_574' title='bbox 1399 1633 1530 1675; x_wconf 83' lang='lat' dir='ltr'>placeat</span> <span class='ocrx_word' id='word_1_575' title='bbox 1548 1634 1641 1673; x_wconf 81' lang='lat' dir='ltr'>Deo,</span> <span class='ocrx_word' id='word_1_576' title='bbox 1669 1643 1698 1666; x_wconf 88' lang='lat' dir='ltr'>et</span> <span class='ocrx_word' id='word_1_577' title='bbox 1718 1647 1788 1667; x_wconf 90' lang='lat' dir='ltr'>non</span> <span class='ocrx_word' id='word_1_578' title='bbox 1808 1635 1952 1677; x_wconf 84' lang='lat' dir='ltr'>placeat.</span> <span class='ocrx_word' id='word_1_579' title='bbox 2066 1640 2068 1642; x_wconf 82' lang='grc'><strong>’</strong></span> 
     </span>
    </p>

    <p class='ocr_par' dir='ltr' id='par_1_26' title="bbox 1112 1682 2127 2372">
     <span class='ocr_line' id='line_1_86' title="bbox 1245 1682 2126 1723; baseline 0.003 -11"><span class='ocrx_word' id='word_1_580' title='bbox 1245 1682 1363 1723; x_wconf 64' lang='lat' dir='ltr'>Quare</span> <span class='ocrx_word' id='word_1_581' title='bbox 1388 1684 1537 1715; x_wconf 79' lang='lat' dir='ltr'>sciamus</span> <span class='ocrx_word' id='word_1_582' title='bbox 1556 1684 1648 1717; x_wconf 72' lang='lat' dir='ltr'>iaxta</span> <span class='ocrx_word' id='word_1_583' title='bbox 1667 1682 1733 1716; x_wconf 88' lang='lat' dir='ltr'>hoc</span> <span class='ocrx_word' id='word_1_584' title='bbox 1752 1686 1898 1717; x_wconf 69' lang='lat' dir='ltr'>verbum</span> <span class='ocrx_word' id='word_1_585' title='bbox 1915 1684 1978 1717; x_wconf 88' lang='lat' dir='ltr'>Dei</span> <span class='ocrx_word' id='word_1_586' title='bbox 1996 1685 2126 1717; x_wconf 75' lang='lat' dir='ltr'>revela-</span> 
     </span>
     <span class='ocr_line' id='line_1_87' title="bbox 1141 1733 2127 1778; baseline 0.002 -13"><span class='ocrx_word' id='word_1_587' title='bbox 1141 1740 1215 1766; x_wconf 89' lang='lat' dir='ltr'>tum</span> <span class='ocrx_word' id='word_1_588' title='bbox 1242 1733 1469 1766; x_wconf 85' lang='lat' dir='ltr'>iudicandum</span> <span class='ocrx_word' id='word_1_589' title='bbox 1491 1737 1586 1773; x_wconf 83' lang='lat' dir='ltr'>esse,</span> <span class='ocrx_word' id='word_1_590' title='bbox 1620 1747 1692 1766; x_wconf 82' lang='lat' dir='ltr'>non</span> <span class='ocrx_word' id='word_1_591' title='bbox 1715 1735 1848 1778; x_wconf 84' lang='lat' dir='ltr'>placere</span> <span class='ocrx_word' id='word_1_592' title='bbox 1873 1735 1947 1768; x_wconf 89' lang='lat' dir='ltr'>Deo</span> <span class='ocrx_word' id='word_1_593' title='bbox 1974 1735 2127 1769; x_wconf 81' lang='lat' dir='ltr'>labentes</span> 
     </span>
     <span class='ocr_line' id='line_1_88' title="bbox 1142 1784 2126 1829; baseline 0 -13"><span class='ocrx_word' id='word_1_594' title='bbox 1142 1791 1261 1816; x_wconf 85' lang='lat' dir='ltr'>contra</span> <span class='ocrx_word' id='word_1_595' title='bbox 1280 1784 1548 1823; x_wconf 81' lang='lat' dir='ltr'>conscientiam,</span> <span class='ocrx_word' id='word_1_596' title='bbox 1578 1785 1682 1829; x_wconf 74' lang='lat' dir='ltr'>idque</span> <span class='ocrx_word' id='word_1_597' title='bbox 1708 1797 1839 1827; x_wconf 84' lang='lat' dir='ltr'>poenae</span> <span class='ocrx_word' id='word_1_598' title='bbox 1861 1786 2049 1818; x_wconf 86' lang='lat' dir='ltr'>electorum</span> <span class='ocrx_word' id='word_1_599' title='bbox 2078 1793 2126 1817; x_wconf 74' lang='lat' dir='ltr'>te-</span> 
     </span>
     <span class='ocr_line' id='line_1_89' title="bbox 1139 1833 2126 1874; baseline 0.003 -8"><span class='ocrx_word' id='word_1_600' title='bbox 1139 1841 1287 1874; x_wconf 86' lang='lat' dir='ltr'>stantur,</span> <span class='ocrx_word' id='word_1_601' title='bbox 1306 1834 1432 1872; x_wconf 73' lang='lat' dir='ltr'>Adam,</span> <span class='ocrx_word' id='word_1_602' title='bbox 1444 1833 1756 1874; x_wconf 80' lang='lat' dir='ltr'>David,Ezecliias,</span> <span class='ocrx_word' id='word_1_603' title='bbox 1772 1843 1801 1869; x_wconf 90' lang='lat' dir='ltr'>et</span> <span class='ocrx_word' id='word_1_604' title='bbox 1817 1836 1873 1868; x_wconf 80' lang='lat' dir='ltr'>alii</span> <span class='ocrx_word' id='word_1_605' title='bbox 1890 1836 1988 1869; x_wconf 87' lang='lat' dir='ltr'>multi</span> <span class='ocrx_word' id='word_1_606' title='bbox 2004 1837 2126 1871; x_wconf 69' lang='lat' dir='ltr'>sancti,</span> 
     </span>
     <span class='ocr_line' id='line_1_90' title="bbox 1114 1883 2125 1930; baseline 0.002 -14"><span class='ocrx_word' id='word_1_607' title='bbox 1114 1890 1116 1916; x_wconf 73' lang='grc' dir='ltr'><strong><em>ἑ</em></strong></span> <span class='ocrx_word' id='word_1_608' title='bbox 1142 1892 1285 1928; x_wconf 89' lang='lat' dir='ltr'>propter</span> <span class='ocrx_word' id='word_1_609' title='bbox 1300 1891 1410 1917; x_wconf 90' lang='lat' dir='ltr'>certos</span> <span class='ocrx_word' id='word_1_610' title='bbox 1428 1885 1544 1927; x_wconf 88' lang='lat' dir='ltr'>lapsus</span> <span class='ocrx_word' id='word_1_611' title='bbox 1560 1883 1779 1919; x_wconf 72' lang='lat' dir='ltr'>horribiiiter</span> <span class='ocrx_word' id='word_1_612' title='bbox 1796 1886 1910 1930; x_wconf 86' lang='lat' dir='ltr'>puniti</span> <span class='ocrx_word' id='word_1_613' title='bbox 1926 1894 2018 1918; x_wconf 82' lang='lat' dir='ltr'>sunt.</span> <span class='ocrx_word' id='word_1_614' title='bbox 2055 1886 2125 1928; x_wconf 82' lang='lat' dir='ltr'>Qni</span> 
     </span>
     <span class='ocr_line' id='line_1_91' title="bbox 1113 1932 2125 1978; baseline 0.002 -11"><span class='ocrx_word' id='word_1_615' title='bbox 1113 1932 1117 1954; x_wconf 47' lang='grc' dir='ltr'><em>Ἴ</em></span> <span class='ocrx_word' id='word_1_616' title='bbox 1143 1933 1207 1968; x_wconf 87' lang='lat' dir='ltr'>bos</span> <span class='ocrx_word' id='word_1_617' title='bbox 1239 1935 1355 1978; x_wconf 85' lang='lat' dir='ltr'>lapsus</span> <span class='ocrx_word' id='word_1_618' title='bbox 1377 1942 1582 1975; x_wconf 77' lang='lat' dir='ltr'>extenuant,</span> <span class='ocrx_word' id='word_1_619' title='bbox 1617 1936 1823 1969; x_wconf 75' lang='lat' dir='ltr'>contii-uiant</span> <span class='ocrx_word' id='word_1_620' title='bbox 1849 1937 2068 1970; x_wconf 82' lang='lat' dir='ltr'>securitatem</span> <span class='ocrx_word' id='word_1_621' title='bbox 2096 1947 2125 1969; x_wconf 78' lang='lat' dir='ltr'>ei</span> 
     </span>
     <span class='ocr_line' id='line_1_92' title="bbox 1114 1986 2124 2029; baseline 0.001 -11"><span class='ocrx_word' id='word_1_622' title='bbox 1114 1986 1409 2028; x_wconf 75' lang='lat' dir='ltr'>.1iegligentiaui‚</span> <span class='ocrx_word' id='word_1_623' title='bbox 1453 1993 1484 2019; x_wconf 88' lang='lat' dir='ltr'>et</span> <span class='ocrx_word' id='word_1_624' title='bbox 1519 1998 1536 2018; x_wconf 89' lang='lat' dir='ltr'>e</span> <span class='ocrx_word' id='word_1_625' title='bbox 1569 1988 1711 2029; x_wconf 78' lang='lat' dir='ltr'>regione</span> <span class='ocrx_word' id='word_1_626' title='bbox 1745 1989 1902 2020; x_wconf 80' lang='lat' dir='ltr'>obruunt</span> <span class='ocrx_word' id='word_1_627' title='bbox 1929 1988 2124 2020; x_wconf 78' lang='lat' dir='ltr'>doctrinam</span> 
     </span>
     <span class='ocr_line' id='line_1_93' title="bbox 1114 2036 2125 2080; baseline 0 -11"><span class='ocrx_word' id='word_1_628' title='bbox 1114 2050 1116 2076; x_wconf 72' lang='grc' dir='ltr'><strong><em>ς</em></strong></span> <span class='ocrx_word' id='word_1_629' title='bbox 1142 2037 1185 2069; x_wconf 85' lang='lat' dir='ltr'>de</span> <span class='ocrx_word' id='word_1_630' title='bbox 1211 2036 1423 2069; x_wconf 83' lang='lat' dir='ltr'>contritione</span> <span class='ocrx_word' id='word_1_631' title='bbox 1447 2044 1479 2069; x_wconf 87' lang='lat' dir='ltr'>et</span> <span class='ocrx_word' id='word_1_632' title='bbox 1507 2037 1597 2069; x_wconf 73' lang='lat' dir='ltr'>xoris</span> <span class='ocrx_word' id='word_1_633' title='bbox 1629 2038 1813 2071; x_wconf 75' lang='lat' dir='ltr'>doloribus</span> <span class='ocrx_word' id='word_1_634' title='bbox 1839 2039 1875 2070; x_wconf 91' lang='lat' dir='ltr'>in</span> <span class='ocrx_word' id='word_1_635' title='bbox 1894 2039 2125 2080; x_wconf 85' lang='lat' dir='ltr'>poenitentia:</span> 
     </span>
     <span class='ocr_line' id='line_1_94' title="bbox 1113 2079 2122 2131; baseline 0.003 -13"><span class='ocrx_word' id='word_1_636' title='bbox 1113 2079 1116 2131; x_wconf 47' lang='grc' dir='ltr'><strong><em>ᾗ</em></strong></span> <span class='ocrx_word' id='word_1_637' title='bbox 1142 2087 1220 2119; x_wconf 89' lang='lat' dir='ltr'>ideo</span> <span class='ocrx_word' id='word_1_638' title='bbox 1248 2084 1304 2118; x_wconf 85' lang='lat' dir='ltr'>hic</span> <span class='ocrx_word' id='word_1_639' title='bbox 1320 2098 1418 2119; x_wconf 85' lang='lat' dir='ltr'>error</span> <span class='ocrx_word' id='word_1_640' title='bbox 1434 2089 1649 2120; x_wconf 76' lang='lat' dir='ltr'>execrandus</span> <span class='ocrx_word' id='word_1_641' title='bbox 1666 2095 1725 2121; x_wconf 78' lang='lat' dir='ltr'>est.</span> <span class='ocrx_word' id='word_1_642' title='bbox 1778 2088 1985 2121; x_wconf 82' lang='lat' dir='ltr'>Tenerriiiia</span> <span class='ocrx_word' id='word_1_643' title='bbox 2006 2101 2059 2121; x_wconf 85' lang='lat' dir='ltr'>res</span> <span class='ocrx_word' id='word_1_644' title='bbox 2075 2097 2122 2121; x_wconf 86' lang='lat' dir='ltr'>est</span> 
     </span>
     <span class='ocr_line' id='line_1_95' title="bbox 1114 2132 2121 2175; baseline 0.002 -6"><span class='ocrx_word' id='word_1_645' title='bbox 1114 2132 1115 2168; x_wconf 53' lang='lat' dir='ltr'>f</span> <span class='ocrx_word' id='word_1_646' title='bbox 1142 2137 1335 2175; x_wconf 76' lang='lat' dir='ltr'>invocatio,</span> <span class='ocrx_word' id='word_1_647' title='bbox 1363 2144 1395 2170; x_wconf 89' lang='lat' dir='ltr'>et</span> <span class='ocrx_word' id='word_1_648' title='bbox 1421 2138 1596 2171; x_wconf 68' lang='lat' dir='ltr'>levissimo</span> <span class='ocrx_word' id='word_1_649' title='bbox 1614 2139 1758 2171; x_wconf 60' lang='lat' dir='ltr'>vulnere</span> <span class='ocrx_word' id='word_1_650' title='bbox 1774 2139 1924 2172; x_wconf 84' lang='lat' dir='ltr'>sauciata</span> <span class='ocrx_word' id='word_1_651' title='bbox 1943 2139 2121 2171; x_wconf 82' lang='lat' dir='ltr'>conscien-</span> 
     </span>
     <span class='ocr_line' id='line_1_96' title="bbox 1114 2186 2123 2231; baseline 0.001 -11"><span class='ocrx_word' id='word_1_652' title='bbox 1114 2186 1115 2192; x_wconf 47' lang='lat'><em>*</em></span> <span class='ocrx_word' id='word_1_653' title='bbox 1142 2189 1187 2221; x_wconf 87' lang='lat' dir='ltr'>iia</span> <span class='ocrx_word' id='word_1_654' title='bbox 1205 2188 1400 2231; x_wconf 85' lang='lat' dir='ltr'>repellitur,</span> <span class='ocrx_word' id='word_1_655' title='bbox 1417 2201 1454 2220; x_wconf 87' lang='lat' dir='ltr'>ac</span> <span class='ocrx_word' id='word_1_656' title='bbox 1471 2189 1559 2231; x_wconf 80' lang='lat' dir='ltr'>fugit</span> <span class='ocrx_word' id='word_1_657' title='bbox 1573 2188 1698 2223; x_wconf 86' lang='lat' dir='ltr'>Deum.</span> <span class='ocrx_word' id='word_1_658' title='bbox 1733 2189 1860 2222; x_wconf 83' lang='lat' dir='ltr'>ldeoiit</span> <span class='ocrx_word' id='word_1_659' title='bbox 1881 2189 1963 2221; x_wconf 84' lang='lat' dir='ltr'>fides</span> <span class='ocrx_word' id='word_1_660' title='bbox 1981 2190 2123 2221; x_wconf 77' lang='lat' dir='ltr'>retineri</span> 
     </span>
     <span class='ocr_line' id='line_1_97' title="bbox 1112 2239 2121 2287; baseline 0.002 -16"><span class='ocrx_word' id='word_1_661' title='bbox 1112 2261 1115 2287; x_wconf 41' lang='grc' dir='ltr'><strong><em>ὃ</em></strong></span> <span class='ocrx_word' id='word_1_662' title='bbox 1141 2239 1260 2282; x_wconf 83' lang='lat' dir='ltr'>possit,</span> <span class='ocrx_word' id='word_1_663' title='bbox 1272 2251 1409 2271; x_wconf 78' lang='lat' dir='ltr'>neccsse</span> <span class='ocrx_word' id='word_1_664' title='bbox 1420 2245 1469 2271; x_wconf 87' lang='lat' dir='ltr'>est</span> <span class='ocrx_word' id='word_1_665' title='bbox 1478 2239 1628 2272; x_wconf 87' lang='lat' dir='ltr'>retinere</span> <span class='ocrx_word' id='word_1_666' title='bbox 1641 2240 1810 2272; x_wconf 74' lang='lat' dir='ltr'>iusticiam</span> <span class='ocrx_word' id='word_1_667' title='bbox 1825 2241 1935 2272; x_wconf 83' lang='lat' dir='ltr'>bonae</span> <span class='ocrx_word' id='word_1_668' title='bbox 1944 2241 2121 2273; x_wconf 40' lang='lat' dir='ltr'>conscii-n-</span> 
     </span>
     <span class='ocr_line' id='line_1_98' title="bbox 1112 2327 1114 2342; baseline 0 0"><span class='ocrx_word' id='word_1_669' title='bbox 1112 2327 1114 2342; x_wconf 87' lang='grc' dir='ltr'>Ι</span> 
     </span>
     <span class='ocr_line' id='line_1_99' title="bbox 1112 2354 1113 2372; baseline 0 0"><span class='ocrx_word' id='word_1_670' title='bbox 1112 2354 1113 2372; x_wconf 70' lang='lat' dir='ltr'>l</span> 
     </span>
    </p>
   </div>
   <div class='ocr_carea' id='block_1_13' title="bbox 1107 2287 2122 2689">
    <p class='ocr_par' dir='ltr' id='par_1_27' title="bbox 1109 2287 2122 2590">
     <span class='ocr_line' id='line_1_100' title="bbox 1112 2287 2121 2327; baseline 0 -5"><span class='ocrx_word' id='word_1_671' title='bbox 1112 2299 1114 2310; x_wconf 89' lang='lat'>¹</span> <span class='ocrx_word' id='word_1_672' title='bbox 1140 2290 1228 2327; x_wconf 78' lang='lat' dir='ltr'>tiae,</span> <span class='ocrx_word' id='word_1_673' title='bbox 1254 2297 1292 2322; x_wconf 89' lang='lat' dir='ltr'>iit</span> <span class='ocrx_word' id='word_1_674' title='bbox 1319 2290 1349 2322; x_wconf 91' lang='lat'>1.</span> <span class='ocrx_word' id='word_1_675' title='bbox 1366 2287 1487 2323; x_wconf 83' lang='lat' dir='ltr'>lolian.</span> <span class='ocrx_word' id='word_1_676' title='bbox 1505 2290 1538 2323; x_wconf 82' lang='lat'>3.</span> <span class='ocrx_word' id='word_1_677' title='bbox 1555 2291 1701 2323; x_wconf 83' lang='lat' dir='ltr'>dicitnr:</span> <span class='ocrx_word' id='word_1_678' title='bbox 1741 2290 1777 2323; x_wconf 81' lang='lat' dir='ltr'>Si</span> <span class='ocrx_word' id='word_1_679' title='bbox 1795 2302 1854 2324; x_wconf 85' lang='lat' dir='ltr'>cor</span> <span class='ocrx_word' id='word_1_680' title='bbox 1874 2299 2121 2323; x_wconf 84' lang='lat' dir='ltr'>nostrumnon</span> 
     </span>
     <span class='ocr_line' id='line_1_101' title="bbox 1140 2338 2121 2384; baseline 0.001 -12"><span class='ocrx_word' id='word_1_681' title='bbox 1140 2338 1366 2384; x_wconf 80' lang='lat' dir='ltr'>reprehendit</span> <span class='ocrx_word' id='word_1_682' title='bbox 1385 2352 1460 2377; x_wconf 89' lang='lat' dir='ltr'>nos,</span> <span class='ocrx_word' id='word_1_683' title='bbox 1479 2341 1638 2372; x_wconf 76' lang='lat' dir='ltr'>fiduciam</span> <span class='ocrx_word' id='word_1_684' title='bbox 1657 2338 1826 2373; x_wconf 86' lang='lat' dir='ltr'>babemus</span> <span class='ocrx_word' id='word_1_685' title='bbox 1842 2352 1920 2383; x_wconf 78' lang='lat' dir='ltr'>erga</span> <span class='ocrx_word' id='word_1_686' title='bbox 1930 2340 2041 2374; x_wconf 89' lang='lat' dir='ltr'>Dcinn</span> <span class='ocrx_word' id='word_1_687' title='bbox 2061 2349 2121 2373; x_wconf 81' lang='lat' dir='ltr'>etr.</span> 
     </span>
     <span class='ocr_line' id='line_1_102' title="bbox 1112 2388 2119 2434; baseline 0.002 -13"><span class='ocrx_word' id='word_1_688' title='bbox 1112 2431 1113 2434; x_wconf 13' lang='grc' dir='ltr'><strong>Ἴ</strong></span> <span class='ocrx_word' id='word_1_689' title='bbox 1240 2390 1403 2425; x_wconf 73' lang='lat' dir='ltr'>Resinata</span> <span class='ocrx_word' id='word_1_690' title='bbox 1428 2388 1491 2422; x_wconf 58' lang='lat' dir='ltr'>huc</span> <span class='ocrx_word' id='word_1_691' title='bbox 1516 2391 1686 2430; x_wconf 77' lang='lat' dir='ltr'>amentia,</span> <span class='ocrx_word' id='word_1_692' title='bbox 1715 2391 1816 2423; x_wconf 78' lang='lat' dir='ltr'>etiam</span> <span class='ocrx_word' id='word_1_693' title='bbox 1843 2391 2119 2424; x_wconf 66' lang='lat' dir='ltr'>Novatianorum</span> 
     </span>
     <span class='ocr_line' id='line_1_103' title="bbox 1110 2441 2121 2487; baseline 0 -14"><span class='ocrx_word' id='word_1_694' title='bbox 1110 2447 1113 2487; x_wconf 39' lang='lat' dir='ltr'>j</span> <span class='ocrx_word' id='word_1_695' title='bbox 1139 2454 1236 2474; x_wconf 87' lang='lat' dir='ltr'>error</span> <span class='ocrx_word' id='word_1_696' title='bbox 1255 2443 1424 2474; x_wconf 81' lang='lat' dir='ltr'>taxandus</span> <span class='ocrx_word' id='word_1_697' title='bbox 1443 2448 1508 2481; x_wconf 76' lang='lat' dir='ltr'>est,</span> <span class='ocrx_word' id='word_1_698' title='bbox 1537 2443 1685 2474; x_wconf 81' lang='lat' dir='ltr'>tenenda</span> <span class='ocrx_word' id='word_1_699' title='bbox 1704 2449 1753 2475; x_wconf 85' lang='lat' dir='ltr'>est</span> <span class='ocrx_word' id='word_1_700' title='bbox 1776 2441 1971 2474; x_wconf 55' lang='lat' dir='ltr'>§irwissima</span> <span class='ocrx_word' id='word_1_701' title='bbox 1996 2454 2121 2474; x_wconf 87' lang='lat' dir='ltr'>conso-</span> 
     </span>
     <span class='ocr_line' id='line_1_104' title="bbox 1109 2492 2121 2545; baseline 0 -20"><span class='ocrx_word' id='word_1_702' title='bbox 1109 2493 1238 2545; x_wconf 48' lang='lat' dir='ltr'>llatio,</span> <span class='ocrx_word' id='word_1_703' title='bbox 1276 2493 1369 2536; x_wconf 86' lang='lat' dir='ltr'>quod</span> <span class='ocrx_word' id='word_1_704' title='bbox 1403 2492 1488 2535; x_wconf 80' lang='lat' dir='ltr'>lapsi</span> <span class='ocrx_word' id='word_1_705' title='bbox 1520 2499 1659 2534; x_wconf 82' lang='lat' dir='ltr'>agentes</span> <span class='ocrx_word' id='word_1_706' title='bbox 1691 2492 1960 2535; x_wconf 86' lang='lat' dir='ltr'>poenitentiam,</span> <span class='ocrx_word' id='word_1_707' title='bbox 1997 2500 2027 2525; x_wconf 85' lang='lat' dir='ltr'>et</span> <span class='ocrx_word' id='word_1_708' title='bbox 2055 2494 2121 2525; x_wconf 86' lang='lat' dir='ltr'>fide</span> 
     </span>
     <span class='ocr_line' id='line_1_105' title="bbox 1109 2540 2122 2590; baseline 0.002 -16"><span class='ocrx_word' id='word_1_709' title='bbox 1109 2551 1111 2556; x_wconf 84' lang='grc'>’</span> <span class='ocrx_word' id='word_1_710' title='bbox 1137 2543 1409 2575; x_wconf 86' lang='lat' dir='ltr'>miscricordiam</span> <span class='ocrx_word' id='word_1_711' title='bbox 1430 2540 1758 2586; x_wconf 84' lang='lat' dir='ltr'>proptchliristum</span> <span class='ocrx_word' id='word_1_712' title='bbox 1776 2542 1978 2584; x_wconf 80' lang='lat' dir='ltr'>promissam</span> <span class='ocrx_word' id='word_1_713' title='bbox 1996 2555 2122 2590; x_wconf 76' lang='lat' dir='ltr'>appre—</span> 
     </span>
    </p>

    <p class='ocr_par' dir='ltr' id='par_1_28' title="bbox 1107 2591 2119 2689">
     <span class='ocr_line' id='line_1_106' title="bbox 1136 2591 2119 2636; baseline 0 -10"><span class='ocrx_word' id='word_1_714' title='bbox 1136 2591 1349 2633; x_wconf 76' lang='lat' dir='ltr'>hendentes,</span> <span class='ocrx_word' id='word_1_715' title='bbox 1379 2605 1458 2625; x_wconf 70' lang='lat' dir='ltr'>vere</span> <span class='ocrx_word' id='word_1_716' title='bbox 1491 2593 1706 2636; x_wconf 86' lang='lat' dir='ltr'>recipiantur</span> <span class='ocrx_word' id='word_1_717' title='bbox 1726 2604 1749 2624; x_wconf 67' lang='lat' dir='ltr'>a</span> <span class='ocrx_word' id='word_1_718' title='bbox 1768 2592 1860 2636; x_wconf 84' lang='lat' dir='ltr'>Deo,</span> <span class='ocrx_word' id='word_1_719' title='bbox 1898 2605 1977 2625; x_wconf 80' lang='lat' dir='ltr'>vere</span> <span class='ocrx_word' id='word_1_720' title='bbox 1998 2606 2119 2626; x_wconf 83' lang='lat' dir='ltr'>conse—</span> 
     </span>
     <span class='ocr_line' id='line_1_107' title="bbox 1107 2641 2119 2689; baseline 0 -12"><span class='ocrx_word' id='word_1_721' title='bbox 1107 2643 1109 2687; x_wconf 60' lang='lat'><em>]</em></span> <span class='ocrx_word' id='word_1_722' title='bbox 1135 2651 1290 2689; x_wconf 87' lang='lat' dir='ltr'>quantur</span> <span class='ocrx_word' id='word_1_723' title='bbox 1319 2644 1559 2677; x_wconf 80' lang='lat' dir='ltr'>remissionem</span> <span class='ocrx_word' id='word_1_724' title='bbox 1587 2650 1824 2686; x_wconf 80' lang='lat' dir='ltr'>peccatorum,</span> <span class='ocrx_word' id='word_1_725' title='bbox 1859 2642 1942 2676; x_wconf 76' lang='lat' dir='ltr'>{iant</span> <span class='ocrx_word' id='word_1_726' title='bbox 1976 2641 2119 2677; x_wconf 84' lang='lat' dir='ltr'>heredes</span> 
     </span>
    </p>
   </div>
  </div>
 </body>
</html>
