<?xml version="1.0" encoding="UTF-8"?>
<!DOCTYPE html PUBLIC "-//W3C//DTD XHTML 1.0 Transitional//EN"
    "http://www.w3.org/TR/xhtml1/DTD/xhtml1-transitional.dtd">
<html xmlns="http://www.w3.org/1999/xhtml" xml:lang="en" lang="en">
 <head>
  <title>
</title>
<meta http-equiv="Content-Type" content="text/html;charset=utf-8" />
  <meta name='ocr-system' content='tesseract 3.04.00' />
  <meta name='ocr-capabilities' content='ocr_page ocr_carea ocr_par ocr_line ocrx_word'/>
</head>
<body>
  <div class='ocr_page' id='page_1' title='image "./operaquaesupersu14melauoft_0382.png"; bbox 0 0 2409 2915; ppageno 0'>
   <div class='ocr_carea' id='block_1_1' title="bbox 253 90 2286 143">
    <p class='ocr_par' dir='ltr' id='par_1_1' title="bbox 253 90 2286 143">
     <span class='ocr_line' id='line_1_1' title="bbox 253 90 2286 143; baseline 0.001 -16"><span class='ocrx_word' id='word_1_1' title='bbox 253 107 327 143; x_wconf 82' lang='lat'>747</span> <span class='ocrx_word' id='word_1_2' title='bbox 857 92 982 128; x_wconf 75' lang='lat' dir='ltr'>efflL.</span> <span class='ocrx_word' id='word_1_3' title='bbox 1010 91 1125 127; x_wconf 83' lang='lat' dir='ltr'><strong>MEL.</strong></span> <span class='ocrx_word' id='word_1_4' title='bbox 1153 90 1362 128; x_wconf 79' lang='lat' dir='ltr'>SCmPTA</span> <span class='ocrx_word' id='word_1_5' title='bbox 1391 91 1688 129; x_wconf 76' lang='lat' dir='ltr'>ExEGETicA.</span> <span class='ocrx_word' id='word_1_6' title='bbox 2213 93 2286 129; x_wconf 84' lang='lat'>748</span> 
     </span>
    </p>
   </div>
   <div class='ocr_carea' id='block_1_2' title="bbox 256 177 2317 2719">
    <p class='ocr_par' dir='ltr' id='par_1_2' title="bbox 256 177 2297 583">
     <span class='ocr_line' id='line_1_2' title="bbox 256 177 2291 234; baseline -0.011 -6"><span class='ocrx_word' id='word_1_7' title='bbox 256 192 368 228; x_wconf 89' lang='lat' dir='ltr'>nerali</span> <span class='ocrx_word' id='word_1_8' title='bbox 387 185 623 234; x_wconf 77' lang='lat' dir='ltr'>appellatione</span> <span class='ocrx_word' id='word_1_9' title='bbox 645 181 803 216; x_wconf 85' lang='lat' dir='ltr'>dilectio:</span> <span class='ocrx_word' id='word_1_10' title='bbox 845 188 878 214; x_wconf 83' lang='lat' dir='ltr'>et</span> <span class='ocrx_word' id='word_1_11' title='bbox 908 179 969 224; x_wconf 85' lang='lat' dir='ltr'>qui</span> <span class='ocrx_word' id='word_1_12' title='bbox 999 185 1150 223; x_wconf 80' lang='lat' dir='ltr'>praestat</span> <span class='ocrx_word' id='word_1_13' title='bbox 1182 179 1246 211; x_wconf 82' lang='lat' dir='ltr'>ob·</span> <span class='ocrx_word' id='word_1_14' title='bbox 1274 190 1276 217; x_wconf 67' lang='lat'>3</span> <span class='ocrx_word' id='word_1_15' title='bbox 1300 180 1452 219; x_wconf 82' lang='lat' dir='ltr'>scilicet,</span> <span class='ocrx_word' id='word_1_16' title='bbox 1491 187 1529 214; x_wconf 90' lang='lat' dir='ltr'>ut</span> <span class='ocrx_word' id='word_1_17' title='bbox 1555 180 1637 213; x_wconf 90' lang='lat' dir='ltr'>inde</span> <span class='ocrx_word' id='word_1_18' title='bbox 1666 190 1895 221; x_wconf 69' lang='lat' dir='ltr'>agnoscamus</span> <span class='ocrx_word' id='word_1_19' title='bbox 1920 177 2006 212; x_wconf 80' lang='lat' dir='ltr'>iram</span> <span class='ocrx_word' id='word_1_20' title='bbox 2032 178 2097 212; x_wconf 82' lang='lat' dir='ltr'>Dei</span> <span class='ocrx_word' id='word_1_21' title='bbox 2123 180 2291 213; x_wconf 72' lang='lat' dir='ltr'>adversus</span> 
     </span>
     <span class='ocr_line' id='line_1_3' title="bbox 257 229 2292 278; baseline -0.007 -1"><span class='ocrx_word' id='word_1_22' title='bbox 257 241 444 278; x_wconf 83' lang='lat' dir='ltr'>edientiam</span> <span class='ocrx_word' id='word_1_23' title='bbox 468 238 564 272; x_wconf 84' lang='lat' dir='ltr'>iuxta</span> <span class='ocrx_word' id='word_1_24' title='bbox 589 232 674 268; x_wconf 85' lang='lat' dir='ltr'>haec</span> <span class='ocrx_word' id='word_1_25' title='bbox 700 239 902 278; x_wconf 83' lang='lat' dir='ltr'>praecepta,</span> <span class='ocrx_word' id='word_1_26' title='bbox 938 231 966 263; x_wconf 89' lang='lat' dir='ltr'>is</span> <span class='ocrx_word' id='word_1_27' title='bbox 992 241 1072 262; x_wconf 82' lang='lat' dir='ltr'>vere</span> <span class='ocrx_word' id='word_1_28' title='bbox 1097 235 1248 274; x_wconf 82' lang='lat' dir='ltr'>praestat</span> <span class='ocrx_word' id='word_1_29' title='bbox 1274 229 1277 248; x_wconf 78' lang='lat'>²</span> <span class='ocrx_word' id='word_1_30' title='bbox 1301 238 1491 275; x_wconf 88' lang='lat' dir='ltr'>peccatum.</span> <span class='ocrx_word' id='word_1_31' title='bbox 1545 229 1639 274; x_wconf 87' lang='lat' dir='ltr'>Quia</span> <span class='ocrx_word' id='word_1_32' title='bbox 1660 231 1713 264; x_wconf 78' lang='lat' dir='ltr'>lex</span> <span class='ocrx_word' id='word_1_33' title='bbox 1729 230 1872 263; x_wconf 86' lang='lat' dir='ltr'>moralis</span> <span class='ocrx_word' id='word_1_34' title='bbox 1890 236 1940 262; x_wconf 90' lang='lat' dir='ltr'>est</span> <span class='ocrx_word' id='word_1_35' title='bbox 1959 229 2128 263; x_wconf 88' lang='lat' dir='ltr'>iudicium</span> <span class='ocrx_word' id='word_1_36' title='bbox 2146 230 2292 264; x_wconf 82' lang='lat' dir='ltr'>uuiver-</span> 
     </span>
     <span class='ocr_line' id='line_1_4' title="bbox 258 276 2293 332; baseline -0.008 -4"><span class='ocrx_word' id='word_1_37' title='bbox 258 291 464 328; x_wconf 81' lang='lat' dir='ltr'>hominibus</span> <span class='ocrx_word' id='word_1_38' title='bbox 481 300 540 331; x_wconf 89' lang='lat' dir='ltr'>ea,</span> <span class='ocrx_word' id='word_1_39' title='bbox 566 297 655 332; x_wconf 88' lang='lat' dir='ltr'>quae</span> <span class='ocrx_word' id='word_1_40' title='bbox 674 285 780 318; x_wconf 78' lang='lat' dir='ltr'>vellet</span> <span class='ocrx_word' id='word_1_41' title='bbox 801 283 866 316; x_wconf 89' lang='lat' dir='ltr'>sibi</span> <span class='ocrx_word' id='word_1_42' title='bbox 894 282 937 315; x_wconf 86' lang='lat' dir='ltr'>ab</span> <span class='ocrx_word' id='word_1_43' title='bbox 963 280 1046 324; x_wconf 89' lang='lat' dir='ltr'>ipsis</span> <span class='ocrx_word' id='word_1_44' title='bbox 1069 280 1249 325; x_wconf 85' lang='lat' dir='ltr'>praestari.</span> <span class='ocrx_word' id='word_1_45' title='bbox 1275 312 1277 315; x_wconf 82' lang='grc'>,</span> <span class='ocrx_word' id='word_1_46' title='bbox 1301 282 1372 314; x_wconf 82' lang='lat' dir='ltr'>sale</span> <span class='ocrx_word' id='word_1_47' title='bbox 1389 293 1555 315; x_wconf 67' lang='lat' dir='ltr'>accusans</span> <span class='ocrx_word' id='word_1_48' title='bbox 1579 282 1698 314; x_wconf 86' lang='lat' dir='ltr'>omnia</span> <span class='ocrx_word' id='word_1_49' title='bbox 1723 287 1859 325; x_wconf 82' lang='lat' dir='ltr'>peccata</span> <span class='ocrx_word' id='word_1_50' title='bbox 1884 281 1920 313; x_wconf 88' lang='lat' dir='ltr'>in</span> <span class='ocrx_word' id='word_1_51' title='bbox 1947 281 2113 313; x_wconf 87' lang='lat' dir='ltr'>omnibus</span> <span class='ocrx_word' id='word_1_52' title='bbox 2137 276 2293 313; x_wconf 84' lang='lat' dir='ltr'>bomini-</span> 
     </span>
     <span class='ocr_line' id='line_1_5' title="bbox 258 321 2294 397; baseline -0.008 -18"><span class='ocrx_word' id='word_1_53' title='bbox 258 344 389 389; x_wconf 80' lang='lat' dir='ltr'>Estque</span> <span class='ocrx_word' id='word_1_54' title='bbox 421 337 614 374; x_wconf 71' lang='lat' dir='ltr'>certissima</span> <span class='ocrx_word' id='word_1_55' title='bbox 635 335 826 373; x_wconf 72' lang='lat' dir='ltr'>declaratio</span> <span class='ocrx_word' id='word_1_56' title='bbox 853 331 960 366; x_wconf 81' lang='lat' dir='ltr'>buius</span> <span class='ocrx_word' id='word_1_57' title='bbox 988 330 1089 365; x_wconf 77' lang='lat' dir='ltr'>dicti:</span> <span class='ocrx_word' id='word_1_58' title='bbox 1128 330 1247 374; x_wconf 86' lang='lat' dir='ltr'>Quae·</span> <span class='ocrx_word' id='word_1_59' title='bbox 1275 321 1385 397; x_wconf 41' lang='lat' dir='ltr'>ibus,</span> <span class='ocrx_word' id='word_1_60' title='bbox 1412 332 1583 366; x_wconf 85' lang='lat' dir='ltr'>interiora</span> <span class='ocrx_word' id='word_1_61' title='bbox 1601 338 1634 365; x_wconf 91' lang='lat' dir='ltr'>et</span> <span class='ocrx_word' id='word_1_62' title='bbox 1653 332 1845 371; x_wconf 84' lang='lat' dir='ltr'>exteriora,</span> <span class='ocrx_word' id='word_1_63' title='bbox 1881 337 1915 365; x_wconf 89' lang='lat' dir='ltr'>et</span> <span class='ocrx_word' id='word_1_64' title='bbox 1938 338 2046 365; x_wconf 86' lang='lat' dir='ltr'>totam</span> <span class='ocrx_word' id='word_1_65' title='bbox 2071 331 2294 374; x_wconf 79' lang='lat' dir='ltr'>depravatio-</span> 
     </span>
     <span class='ocr_line' id='line_1_6' title="bbox 258 380 2295 443; baseline -0.008 -14"><span class='ocrx_word' id='word_1_66' title='bbox 258 405 397 440; x_wconf 87' lang='lat' dir='ltr'>cunque</span> <span class='ocrx_word' id='word_1_67' title='bbox 415 390 538 430; x_wconf 74' lang='lat' dir='ltr'>vultis,</span> <span class='ocrx_word' id='word_1_68' title='bbox 564 395 605 422; x_wconf 91' lang='lat' dir='ltr'>ut</span> <span class='ocrx_word' id='word_1_69' title='bbox 627 386 758 421; x_wconf 86' lang='lat' dir='ltr'>faciant</span> <span class='ocrx_word' id='word_1_70' title='bbox 781 384 882 418; x_wconf 90' lang='lat' dir='ltr'>vobis</span> <span class='ocrx_word' id='word_1_71' title='bbox 904 381 1086 422; x_wconf 83' lang='lat' dir='ltr'>homines,</span> <span class='ocrx_word' id='word_1_72' title='bbox 1115 382 1248 415; x_wconf 86' lang='lat' dir='ltr'>scilicet</span> <span class='ocrx_word' id='word_1_73' title='bbox 1276 400 1280 443; x_wconf 50' lang='grc'>1</span> <span class='ocrx_word' id='word_1_74' title='bbox 1302 395 1395 417; x_wconf 89' lang='lat' dir='ltr'>nem.</span> <span class='ocrx_word' id='word_1_75' title='bbox 1442 381 1525 415; x_wconf 90' lang='lat' dir='ltr'>Ideo</span> <span class='ocrx_word' id='word_1_76' title='bbox 1536 380 1631 415; x_wconf 90' lang='lat' dir='ltr'>Deus</span> <span class='ocrx_word' id='word_1_77' title='bbox 1647 381 1905 425; x_wconf 81' lang='lat' dir='ltr'>voceDecalogi</span> <span class='ocrx_word' id='word_1_78' title='bbox 1925 381 2175 426; x_wconf 70' lang='lat' dir='ltr'>perterrefacit,</span> <span class='ocrx_word' id='word_1_79' title='bbox 2199 381 2295 415; x_wconf 83' lang='lat' dir='ltr'>iuxta</span> 
     </span>
     <span class='ocr_line' id='line_1_7' title="bbox 257 431 2295 487; baseline -0.007 -7"><span class='ocrx_word' id='word_1_80' title='bbox 257 447 354 480; x_wconf 84' lang='lat' dir='ltr'>iuxta</span> <span class='ocrx_word' id='word_1_81' title='bbox 371 445 482 487; x_wconf 82' lang='lat' dir='ltr'>legem</span> <span class='ocrx_word' id='word_1_82' title='bbox 500 439 568 476; x_wconf 87' lang='lat' dir='ltr'>Dei</span> <span class='ocrx_word' id='word_1_83' title='bbox 584 451 644 473; x_wconf 90' lang='lat' dir='ltr'>seu</span> <span class='ocrx_word' id='word_1_84' title='bbox 665 437 879 479; x_wconf 85' lang='lat' dir='ltr'>Decalogum</span> <span class='ocrx_word' id='word_1_85' title='bbox 901 440 994 468; x_wconf 88' lang='lat' dir='ltr'>recte</span> <span class='ocrx_word' id='word_1_86' title='bbox 1015 433 1248 473; x_wconf 88' lang='lat' dir='ltr'>intellectum,</span> <span class='ocrx_word' id='word_1_87' title='bbox 1277 450 1280 458; x_wconf 84' lang='lat'>=</span> <span class='ocrx_word' id='word_1_88' title='bbox 1303 434 1436 467; x_wconf 84' lang='lat' dir='ltr'>dictum</span> <span class='ocrx_word' id='word_1_89' title='bbox 1456 432 1558 466; x_wconf 87' lang='lat' dir='ltr'>Pauli</span> <span class='ocrx_word' id='word_1_90' title='bbox 1575 431 1684 467; x_wconf 86' lang='lat' dir='ltr'>Rom.</span> <span class='ocrx_word' id='word_1_91' title='bbox 1700 432 1754 467; x_wconf 87' lang='lat'>4.:</span> <span class='ocrx_word' id='word_1_92' title='bbox 1782 432 1854 466; x_wconf 78' lang='lat' dir='ltr'>Lex</span> <span class='ocrx_word' id='word_1_93' title='bbox 1872 433 1958 466; x_wconf 86' lang='lat' dir='ltr'>iram</span> <span class='ocrx_word' id='word_1_94' title='bbox 1977 433 2092 465; x_wconf 77' lang='lat' dir='ltr'>efficit.</span> <span class='ocrx_word' id='word_1_95' title='bbox 2147 432 2295 466; x_wconf 81' lang='lat' dir='ltr'>Ouoties</span> 
     </span>
     <span class='ocr_line' id='line_1_8' title="bbox 258 465 2296 531; baseline -0.01 0"><span class='ocrx_word' id='word_1_96' title='bbox 258 497 378 531; x_wconf 86' lang='lat' dir='ltr'>eadem</span> <span class='ocrx_word' id='word_1_97' title='bbox 396 501 430 528; x_wconf 92' lang='lat' dir='ltr'>et</span> <span class='ocrx_word' id='word_1_98' title='bbox 445 504 507 526; x_wconf 87' lang='lat' dir='ltr'>vos</span> <span class='ocrx_word' id='word_1_99' title='bbox 522 490 625 525; x_wconf 82' lang='lat' dir='ltr'>facite</span> <span class='ocrx_word' id='word_1_100' title='bbox 642 489 723 522; x_wconf 90' lang='lat' dir='ltr'>illis.</span> <span class='ocrx_word' id='word_1_101' title='bbox 759 486 916 520; x_wconf 83' lang='lat' dir='ltr'>Tantum</span> <span class='ocrx_word' id='word_1_102' title='bbox 934 486 977 518; x_wconf 92' lang='lat' dir='ltr'>de</span> <span class='ocrx_word' id='word_1_103' title='bbox 992 484 1168 518; x_wconf 83' lang='lat' dir='ltr'>sententia</span> <span class='ocrx_word' id='word_1_104' title='bbox 1185 495 1245 517; x_wconf 90' lang='lat' dir='ltr'>seu</span> <span class='ocrx_word' id='word_1_105' title='bbox 1302 485 1403 518; x_wconf 87' lang='lat' dir='ltr'>audis</span> <span class='ocrx_word' id='word_1_106' title='bbox 1435 481 1527 517; x_wconf 88' lang='lat' dir='ltr'>hanc</span> <span class='ocrx_word' id='word_1_107' title='bbox 1559 495 1679 517; x_wconf 85' lang='lat' dir='ltr'>vocem</span> <span class='ocrx_word' id='word_1_108' title='bbox 1713 483 1888 519; x_wconf 87' lang='lat' dir='ltr'>divinam:</span> <span class='ocrx_word' id='word_1_109' title='bbox 1933 482 2069 527; x_wconf 83' lang='lat' dir='ltr'>Diligas</span> <span class='ocrx_word' id='word_1_110' title='bbox 2100 465 2296 517; x_wconf 60' lang='lat' dir='ltr'>Dominum</span> 
     </span>
     <span class='ocr_line' id='line_1_9' title="bbox 258 533 2297 583; baseline -0.007 -2"><span class='ocrx_word' id='word_1_111' title='bbox 258 547 439 583; x_wconf 91' lang='lat' dir='ltr'>intellectu</span> <span class='ocrx_word' id='word_1_112' title='bbox 456 542 564 577; x_wconf 89' lang='lat' dir='ltr'>huius</span> <span class='ocrx_word' id='word_1_113' title='bbox 580 539 663 574; x_wconf 91' lang='lat' dir='ltr'>dicti</span> <span class='ocrx_word' id='word_1_114' title='bbox 682 538 839 573; x_wconf 88' lang='lat' dir='ltr'>breviter</span> <span class='ocrx_word' id='word_1_115' title='bbox 857 536 955 570; x_wconf 81' lang='lat' dir='ltr'>volui</span> <span class='ocrx_word' id='word_1_116' title='bbox 971 535 1099 569; x_wconf 82' lang='lat' dir='ltr'>dicere.</span> <span class='ocrx_word' id='word_1_117' title='bbox 1303 535 1417 569; x_wconf 91' lang='lat' dir='ltr'>Deum</span> <span class='ocrx_word' id='word_1_118' title='bbox 1435 542 1536 568; x_wconf 89' lang='lat' dir='ltr'>tuum</span> <span class='ocrx_word' id='word_1_119' title='bbox 1564 546 1604 567; x_wconf 84' lang='lat' dir='ltr'>ex</span> <span class='ocrx_word' id='word_1_120' title='bbox 1628 541 1703 568; x_wconf 89' lang='lat' dir='ltr'>toto</span> <span class='ocrx_word' id='word_1_121' title='bbox 1731 534 1856 575; x_wconf 88' lang='lat' dir='ltr'>corde,</span> <span class='ocrx_word' id='word_1_122' title='bbox 1890 546 2027 569; x_wconf 88' lang='lat' dir='ltr'>necesse</span> <span class='ocrx_word' id='word_1_123' title='bbox 2051 541 2101 568; x_wconf 88' lang='lat' dir='ltr'>est</span> <span class='ocrx_word' id='word_1_124' title='bbox 2124 541 2158 567; x_wconf 90' lang='lat' dir='ltr'>te</span> <span class='ocrx_word' id='word_1_125' title='bbox 2181 533 2297 574; x_wconf 83' lang='lat' dir='ltr'>fateri,</span> 
     </span>
    </p>

    <p class='ocr_par' dir='ltr' id='par_1_3' title="bbox 258 583 2300 1202">
     <span class='ocr_line' id='line_1_10' title="bbox 361 583 2297 637; baseline -0.016 -7"><span class='ocrx_word' id='word_1_126' title='bbox 361 596 434 630; x_wconf 84' lang='lat' dir='ltr'>Iam</span> <span class='ocrx_word' id='word_1_127' title='bbox 456 591 656 637; x_wconf 78' lang='lat' dir='ltr'>saepissime</span> <span class='ocrx_word' id='word_1_128' title='bbox 679 589 810 624; x_wconf 90' lang='lat' dir='ltr'>auditis</span> <span class='ocrx_word' id='word_1_129' title='bbox 832 589 875 622; x_wconf 90' lang='lat' dir='ltr'>de</span> <span class='ocrx_word' id='word_1_130' title='bbox 897 588 972 631; x_wconf 81' lang='lat' dir='ltr'>lege</span> <span class='ocrx_word' id='word_1_131' title='bbox 997 586 1138 625; x_wconf 78' lang='lat' dir='ltr'>divina,</span> <span class='ocrx_word' id='word_1_132' title='bbox 1166 583 1249 617; x_wconf 81' lang='lat' dir='ltr'>nul·</span> <span class='ocrx_word' id='word_1_133' title='bbox 1304 587 1400 632; x_wconf 77' lang='lat' dir='ltr'>quod</span> <span class='ocrx_word' id='word_1_134' title='bbox 1425 583 1554 619; x_wconf 67' lang='lat' dir='ltr'>habeas</span> <span class='ocrx_word' id='word_1_135' title='bbox 1580 592 1780 629; x_wconf 56' lang='lat' dir='ltr'>peccatum,</span> <span class='ocrx_word' id='word_1_136' title='bbox 1815 592 1849 618; x_wconf 60' lang='lat' dir='ltr'>et</span> <span class='ocrx_word' id='word_1_137' title='bbox 1870 586 2016 619; x_wconf 59' lang='lat' dir='ltr'>memus</span> <span class='ocrx_word' id='word_1_138' title='bbox 2041 585 2088 618; x_wconf 64' lang='lat'>355</span> <span class='ocrx_word' id='word_1_139' title='bbox 2113 585 2200 618; x_wconf 64' lang='lat' dir='ltr'>imm</span> <span class='ocrx_word' id='word_1_140' title='bbox 2218 583 2297 622; x_wconf 59' lang='lat' dir='ltr'>Dei,</span> 
     </span>
     <span class='ocr_line' id='line_1_11' title="bbox 260 634 2298 684; baseline -0.016 -2"><span class='ocrx_word' id='word_1_141' title='bbox 260 650 333 682; x_wconf 91' lang='lat' dir='ltr'>lum</span> <span class='ocrx_word' id='word_1_142' title='bbox 357 645 541 680; x_wconf 88' lang='lat' dir='ltr'>hominem</span> <span class='ocrx_word' id='word_1_143' title='bbox 565 643 603 675; x_wconf 88' lang='lat' dir='ltr'>in</span> <span class='ocrx_word' id='word_1_144' title='bbox 627 638 693 674; x_wconf 88' lang='lat' dir='ltr'>hac</span> <span class='ocrx_word' id='word_1_145' title='bbox 717 641 904 684; x_wconf 87' lang='lat' dir='ltr'>depravata</span> <span class='ocrx_word' id='word_1_146' title='bbox 927 644 1052 671; x_wconf 91' lang='lat' dir='ltr'>natura</span> <span class='ocrx_word' id='word_1_147' title='bbox 1077 645 1175 681; x_wconf 89' lang='lat' dir='ltr'>posse</span> <span class='ocrx_word' id='word_1_148' title='bbox 1193 634 1249 667; x_wconf 91' lang='lat' dir='ltr'>in-</span> <span class='ocrx_word' id='word_1_149' title='bbox 1305 637 1388 683; x_wconf 74' lang='lat' dir='ltr'>quia</span> <span class='ocrx_word' id='word_1_150' title='bbox 1421 648 1482 670; x_wconf 73' lang='lat' dir='ltr'>cm·</span> <span class='ocrx_word' id='word_1_151' title='bbox 1514 643 1614 670; x_wconf 68' lang='lat' dir='ltr'>tuum</span> <span class='ocrx_word' id='word_1_152' title='bbox 1648 647 1871 680; x_wconf 51' lang='lat' dir='ltr'>nequaquam</span> <span class='ocrx_word' id='word_1_153' title='bbox 1905 637 2068 680; x_wconf 57' lang='lat' dir='ltr'>congruit</span> <span class='ocrx_word' id='word_1_154' title='bbox 2097 648 2177 669; x_wconf 65' lang='lat' dir='ltr'>cum</span> <span class='ocrx_word' id='word_1_155' title='bbox 2209 635 2298 679; x_wconf 60' lang='lat' dir='ltr'><strong>lege,</strong></span> 
     </span>
     <span class='ocr_line' id='line_1_12' title="bbox 262 685 2300 742; baseline -0.008 -9"><span class='ocrx_word' id='word_1_156' title='bbox 262 707 357 742; x_wconf 84' lang='lat' dir='ltr'>tegre</span> <span class='ocrx_word' id='word_1_157' title='bbox 378 695 596 737; x_wconf 84' lang='lat' dir='ltr'>Decalogum</span> <span class='ocrx_word' id='word_1_158' title='bbox 628 691 794 736; x_wconf 87' lang='lat' dir='ltr'>implere,</span> <span class='ocrx_word' id='word_1_159' title='bbox 828 702 866 723; x_wconf 94' lang='lat' dir='ltr'>ac</span> <span class='ocrx_word' id='word_1_160' title='bbox 889 687 1127 723; x_wconf 82' lang='lat' dir='ltr'>obedientiam</span> <span class='ocrx_word' id='word_1_161' title='bbox 1151 697 1252 730; x_wconf 87' lang='lat' dir='ltr'>prae—</span> <span class='ocrx_word' id='word_1_162' title='bbox 1305 700 1380 721; x_wconf 90' lang='lat' dir='ltr'>non</span> <span class='ocrx_word' id='word_1_163' title='bbox 1404 688 1522 728; x_wconf 88' lang='lat' dir='ltr'>ardet,</span> <span class='ocrx_word' id='word_1_164' title='bbox 1550 699 1622 720; x_wconf 91' lang='lat' dir='ltr'>non</span> <span class='ocrx_word' id='word_1_165' title='bbox 1646 687 1792 731; x_wconf 89' lang='lat' dir='ltr'>plenum</span> <span class='ocrx_word' id='word_1_166' title='bbox 1817 693 1867 720; x_wconf 90' lang='lat' dir='ltr'>est</span> <span class='ocrx_word' id='word_1_167' title='bbox 1892 687 2081 721; x_wconf 80' lang='lat' dir='ltr'>dilectione</span> <span class='ocrx_word' id='word_1_168' title='bbox 2098 685 2184 727; x_wconf 83' lang='lat' dir='ltr'>Dei,</span> <span class='ocrx_word' id='word_1_169' title='bbox 2210 686 2300 720; x_wconf 91' lang='lat' dir='ltr'>sicut</span> 
     </span>
     <span class='ocr_line' id='line_1_13' title="bbox 260 735 1473 793; baseline -0.016 -9"><span class='ocrx_word' id='word_1_170' title='bbox 260 757 368 787; x_wconf 88' lang='lat' dir='ltr'>stare,</span> <span class='ocrx_word' id='word_1_171' title='bbox 401 757 506 793; x_wconf 88' lang='lat' dir='ltr'>quam</span> <span class='ocrx_word' id='word_1_172' title='bbox 529 744 584 778; x_wconf 86' lang='lat' dir='ltr'>lex</span> <span class='ocrx_word' id='word_1_173' title='bbox 607 742 767 789; x_wconf 87' lang='lat' dir='ltr'>requirit.</span> <span class='ocrx_word' id='word_1_174' title='bbox 819 739 909 775; x_wconf 90' lang='lat' dir='ltr'>Cum</span> <span class='ocrx_word' id='word_1_175' title='bbox 934 739 1122 783; x_wconf 67' lang='lat' dir='ltr'>igiturtnec</span> <span class='ocrx_word' id='word_1_176' title='bbox 1140 735 1251 770; x_wconf 82' lang='lat' dir='ltr'>renati</span> <span class='ocrx_word' id='word_1_177' title='bbox 1308 738 1473 772; x_wconf 66' lang='lat' dir='ltr'>debebat,</span> 
     </span>
     <span class='ocr_line' id='line_1_14' title="bbox 258 787 1253 846; baseline -0.016 -11"><span class='ocrx_word' id='word_1_178' title='bbox 258 800 396 846; x_wconf 85' lang='lat' dir='ltr'>possint</span> <span class='ocrx_word' id='word_1_179' title='bbox 427 798 465 830; x_wconf 90' lang='lat' dir='ltr'>in</span> <span class='ocrx_word' id='word_1_180' title='bbox 497 793 564 829; x_wconf 87' lang='lat' dir='ltr'>hac</span> <span class='ocrx_word' id='word_1_181' title='bbox 593 793 735 828; x_wconf 84' lang='lat' dir='ltr'>mortali</span> <span class='ocrx_word' id='word_1_182' title='bbox 763 792 834 826; x_wconf 84' lang='lat' dir='ltr'>vita</span> <span class='ocrx_word' id='word_1_183' title='bbox 859 791 927 834; x_wconf 82' lang='lat' dir='ltr'>legi</span> <span class='ocrx_word' id='word_1_184' title='bbox 953 789 1020 823; x_wconf 87' lang='lat' dir='ltr'>Dei</span> <span class='ocrx_word' id='word_1_185' title='bbox 1044 787 1253 827; x_wconf 84' lang='lat' dir='ltr'>satisfacere,</span> 
     </span>
     <span class='ocr_line' id='line_1_15' title="bbox 260 838 1254 898; baseline -0.017 -12"><span class='ocrx_word' id='word_1_186' title='bbox 260 850 463 898; x_wconf 89' lang='lat' dir='ltr'>quaeritur,</span> <span class='ocrx_word' id='word_1_187' title='bbox 490 847 532 880; x_wconf 88' lang='lat' dir='ltr'>ad</span> <span class='ocrx_word' id='word_1_188' title='bbox 550 845 636 891; x_wconf 89' lang='lat' dir='ltr'>quid</span> <span class='ocrx_word' id='word_1_189' title='bbox 652 855 740 888; x_wconf 91' lang='lat' dir='ltr'>opus</span> <span class='ocrx_word' id='word_1_190' title='bbox 765 843 808 876; x_wconf 91' lang='lat' dir='ltr'>sit</span> <span class='ocrx_word' id='word_1_191' title='bbox 832 843 956 875; x_wconf 86' lang='lat' dir='ltr'>docere</span> <span class='ocrx_word' id='word_1_192' title='bbox 982 852 1021 873; x_wconf 87' lang='lat' dir='ltr'>ac</span> <span class='ocrx_word' id='word_1_193' title='bbox 1046 839 1179 872; x_wconf 76' lang='lat' dir='ltr'>discere</span> <span class='ocrx_word' id='word_1_194' title='bbox 1203 838 1254 870; x_wconf 88' lang='lat' dir='ltr'>le-</span> 
     </span>
     <span class='ocr_line' id='line_1_16' title="bbox 261 888 1255 948; baseline -0.015 -12"><span class='ocrx_word' id='word_1_195' title='bbox 261 913 338 948; x_wconf 83' lang='lat' dir='ltr'>gem</span> <span class='ocrx_word' id='word_1_196' title='bbox 362 897 546 934; x_wconf 77' lang='lat' dir='ltr'>divinam?</span> <span class='ocrx_word' id='word_1_197' title='bbox 586 896 638 931; x_wconf 94' lang='lat' dir='ltr'>De</span> <span class='ocrx_word' id='word_1_198' title='bbox 662 893 728 928; x_wconf 86' lang='lat' dir='ltr'>hac</span> <span class='ocrx_word' id='word_1_199' title='bbox 752 893 957 938; x_wconf 80' lang='lat' dir='ltr'>quaestione</span> <span class='ocrx_word' id='word_1_200' title='bbox 975 891 1099 924; x_wconf 87' lang='lat' dir='ltr'>crebro</span> <span class='ocrx_word' id='word_1_201' title='bbox 1124 888 1255 922; x_wconf 87' lang='lat' dir='ltr'>auditis</span> 
     </span>
     <span class='ocr_line' id='line_1_17' title="bbox 261 939 1255 998; baseline -0.013 -11"><span class='ocrx_word' id='word_1_202' title='bbox 261 950 415 998; x_wconf 91' lang='lat' dir='ltr'>proponi</span> <span class='ocrx_word' id='word_1_203' title='bbox 433 947 661 983; x_wconf 89' lang='lat' dir='ltr'>necessariam</span> <span class='ocrx_word' id='word_1_204' title='bbox 678 952 710 979; x_wconf 90' lang='lat' dir='ltr'>et</span> <span class='ocrx_word' id='word_1_205' title='bbox 727 945 866 989; x_wconf 82' lang='lat' dir='ltr'>plenam</span> <span class='ocrx_word' id='word_1_206' title='bbox 884 941 1023 987; x_wconf 89' lang='lat' dir='ltr'>pietatis</span> <span class='ocrx_word' id='word_1_207' title='bbox 1043 939 1255 974; x_wconf 88' lang='lat' dir='ltr'>doctrinam.</span> 
     </span>
     <span class='ocr_line' id='line_1_18' title="bbox 260 991 1256 1039; baseline -0.016 -1"><span class='ocrx_word' id='word_1_208' title='bbox 260 1003 325 1039; x_wconf 89' lang='lat' dir='ltr'>Est</span> <span class='ocrx_word' id='word_1_209' title='bbox 340 1001 520 1036; x_wconf 79' lang='lat' dir='ltr'>verissime</span> <span class='ocrx_word' id='word_1_210' title='bbox 539 1004 698 1037; x_wconf 89' lang='lat' dir='ltr'>aeterna,</span> <span class='ocrx_word' id='word_1_211' title='bbox 723 1006 844 1028; x_wconf 82' lang='lat' dir='ltr'>severa</span> <span class='ocrx_word' id='word_1_212' title='bbox 860 1001 893 1027; x_wconf 90' lang='lat' dir='ltr'>et</span> <span class='ocrx_word' id='word_1_213' title='bbox 918 994 1065 1026; x_wconf 86' lang='lat' dir='ltr'>immota</span> <span class='ocrx_word' id='word_1_214' title='bbox 1088 991 1256 1024; x_wconf 71' lang='lat' dir='ltr'>voluntas</span> 
     </span>
     <span class='ocr_line' id='line_1_19' title="bbox 262 1041 1255 1096; baseline -0.016 -7"><span class='ocrx_word' id='word_1_215' title='bbox 262 1053 352 1093; x_wconf 85' lang='lat' dir='ltr'>Dei,</span> <span class='ocrx_word' id='word_1_216' title='bbox 378 1059 417 1086; x_wconf 91' lang='lat' dir='ltr'>ut</span> <span class='ocrx_word' id='word_1_217' title='bbox 432 1054 671 1096; x_wconf 81' lang='lat' dir='ltr'>proponatur,</span> <span class='ocrx_word' id='word_1_218' title='bbox 697 1047 865 1080; x_wconf 86' lang='lat' dir='ltr'>doceatur</span> <span class='ocrx_word' id='word_1_219' title='bbox 883 1051 916 1078; x_wconf 85' lang='lat' dir='ltr'>et</span> <span class='ocrx_word' id='word_1_220' title='bbox 933 1044 1089 1077; x_wconf 88' lang='lat' dir='ltr'>discatur</span> <span class='ocrx_word' id='word_1_221' title='bbox 1103 1041 1255 1075; x_wconf 88' lang='lat' dir='ltr'>Decalo—</span> 
     </span>
     <span class='ocr_line' id='line_1_20' title="bbox 263 1092 1258 1148; baseline -0.014 -10"><span class='ocrx_word' id='word_1_222' title='bbox 263 1116 340 1148; x_wconf 79' lang='lat' dir='ltr'>gus:</span> <span class='ocrx_word' id='word_1_223' title='bbox 369 1109 521 1147; x_wconf 88' lang='lat' dir='ltr'>suntque</span> <span class='ocrx_word' id='word_1_224' title='bbox 538 1107 607 1133; x_wconf 91' lang='lat' dir='ltr'>tres</span> <span class='ocrx_word' id='word_1_225' title='bbox 622 1109 763 1137; x_wconf 84' lang='lat' dir='ltr'>causae,</span> <span class='ocrx_word' id='word_1_226' title='bbox 789 1097 825 1129; x_wconf 90' lang='lat' dir='ltr'>id</span> <span class='ocrx_word' id='word_1_227' title='bbox 848 1102 915 1137; x_wconf 85' lang='lat' dir='ltr'>est,</span> <span class='ocrx_word' id='word_1_228' title='bbox 942 1094 1009 1128; x_wconf 87' lang='lat' dir='ltr'>tria</span> <span class='ocrx_word' id='word_1_229' title='bbox 1032 1099 1114 1127; x_wconf 89' lang='lat' dir='ltr'>sunt</span> <span class='ocrx_word' id='word_1_230' title='bbox 1131 1092 1258 1133; x_wconf 83' lang='lat' dir='ltr'>officia,</span> 
     </span>
     <span class='ocr_line' id='line_1_21' title="bbox 263 1148 833 1202; baseline -0.018 -12"><span class='ocrx_word' id='word_1_231' title='bbox 263 1167 324 1190; x_wconf 91' lang='lat' dir='ltr'>seu</span> <span class='ocrx_word' id='word_1_232' title='bbox 340 1153 468 1202; x_wconf 86' lang='lat' dir='ltr'>triplex</span> <span class='ocrx_word' id='word_1_233' title='bbox 486 1158 535 1185; x_wconf 93' lang='lat' dir='ltr'>est</span> <span class='ocrx_word' id='word_1_234' title='bbox 553 1161 638 1184; x_wconf 89' lang='lat' dir='ltr'>usus</span> <span class='ocrx_word' id='word_1_235' title='bbox 654 1148 833 1191; x_wconf 83' lang='lat' dir='ltr'>Decalogi.</span> 
     </span>
    </p>

    <p class='ocr_par' dir='ltr' id='par_1_4' title="bbox 265 1193 2317 2622">
     <span class='ocr_line' id='line_1_22' title="bbox 366 1193 1257 1242; baseline -0.013 -4"><span class='ocrx_word' id='word_1_236' title='bbox 366 1204 526 1238; x_wconf 92' lang='lat' dir='ltr'>Primum</span> <span class='ocrx_word' id='word_1_237' title='bbox 543 1200 718 1240; x_wconf 86' lang='lat' dir='ltr'>officium,</span> <span class='ocrx_word' id='word_1_238' title='bbox 745 1210 805 1232; x_wconf 90' lang='lat' dir='ltr'>seu</span> <span class='ocrx_word' id='word_1_239' title='bbox 821 1197 956 1242; x_wconf 83' lang='lat' dir='ltr'>primus</span> <span class='ocrx_word' id='word_1_240' title='bbox 979 1207 1063 1229; x_wconf 91' lang='lat' dir='ltr'>usus</span> <span class='ocrx_word' id='word_1_241' title='bbox 1089 1201 1140 1229; x_wconf 91' lang='lat' dir='ltr'>est</span> <span class='ocrx_word' id='word_1_242' title='bbox 1164 1193 1257 1238; x_wconf 91' lang='lat' dir='ltr'>poli-</span> 
     </span>
     <span class='ocr_line' id='line_1_23' title="bbox 265 1242 2309 1299; baseline -0.016 -7"><span class='ocrx_word' id='word_1_243' title='bbox 265 1258 352 1293; x_wconf 90' lang='lat' dir='ltr'>ticus</span> <span class='ocrx_word' id='word_1_244' title='bbox 377 1262 411 1289; x_wconf 91' lang='lat' dir='ltr'>et</span> <span class='ocrx_word' id='word_1_245' title='bbox 436 1251 709 1299; x_wconf 83' lang='lat' dir='ltr'>paedagogicus‚</span> <span class='ocrx_word' id='word_1_246' title='bbox 745 1248 877 1283; x_wconf 88' lang='lat' dir='ltr'>scilicet</span> <span class='ocrx_word' id='word_1_247' title='bbox 903 1246 1086 1290; x_wconf 84' lang='lat' dir='ltr'>diligentia</span> <span class='ocrx_word' id='word_1_248' title='bbox 1109 1245 1258 1278; x_wconf 86' lang='lat' dir='ltr'>rationis</span> <span class='ocrx_word' id='word_1_249' title='bbox 1415 1245 1560 1280; x_wconf 65' lang='lat' dir='ltr'>Tertius</span> <span class='ocrx_word' id='word_1_250' title='bbox 1583 1257 1686 1284; x_wconf 66' lang='lat' dir='ltr'>usus,</span> <span class='ocrx_word' id='word_1_251' title='bbox 1713 1256 1774 1278; x_wconf 67' lang='lat' dir='ltr'>seu</span> <span class='ocrx_word' id='word_1_252' title='bbox 1798 1245 1901 1279; x_wconf 58' lang='lat' dir='ltr'>tel-fia</span> <span class='ocrx_word' id='word_1_253' title='bbox 1927 1256 2027 1278; x_wconf 61' lang='lat' dir='ltr'>causa</span> <span class='ocrx_word' id='word_1_254' title='bbox 2046 1242 2152 1287; x_wconf 58' lang='lat' dir='ltr'>Legis</span> <span class='ocrx_word' id='word_1_255' title='bbox 2176 1250 2244 1285; x_wconf 55' lang='lat' dir='ltr'>est,</span> <span class='ocrx_word' id='word_1_256' title='bbox 2270 1243 2309 1278; x_wconf 57' lang='lat'>5„</span> 
     </span>
     <span class='ocr_line' id='line_1_24' title="bbox 265 1295 2309 1351; baseline -0.017 -10"><span class='ocrx_word' id='word_1_257' title='bbox 265 1309 302 1342; x_wconf 86' lang='lat' dir='ltr'>in</span> <span class='ocrx_word' id='word_1_258' title='bbox 328 1306 481 1351; x_wconf 86' lang='lat' dir='ltr'>regenda</span> <span class='ocrx_word' id='word_1_259' title='bbox 506 1302 693 1347; x_wconf 87' lang='lat' dir='ltr'>disciplina</span> <span class='ocrx_word' id='word_1_260' title='bbox 717 1306 878 1339; x_wconf 84' lang='lat' dir='ltr'>externa,</span> <span class='ocrx_word' id='word_1_261' title='bbox 917 1309 978 1331; x_wconf 88' lang='lat' dir='ltr'>seu</span> <span class='ocrx_word' id='word_1_262' title='bbox 1002 1295 1258 1340; x_wconf 83' lang='lat' dir='ltr'>gubernatione</span> <span class='ocrx_word' id='word_1_263' title='bbox 1312 1297 1492 1331; x_wconf 60' lang='lat' dir='ltr'>conversss</span> <span class='ocrx_word' id='word_1_264' title='bbox 1517 1297 1558 1330; x_wconf 66' lang='lat' dir='ltr'>ad</span> <span class='ocrx_word' id='word_1_265' title='bbox 1583 1296 1717 1337; x_wconf 53' lang='lat' dir='ltr'>Deum,</span> <span class='ocrx_word' id='word_1_266' title='bbox 1759 1295 1833 1328; x_wconf 59' lang='lat' dir='ltr'>sive</span> <span class='ocrx_word' id='word_1_267' title='bbox 1856 1295 2006 1335; x_wconf 47' lang='lat' dir='ltr'>renam,</span> <span class='ocrx_word' id='word_1_268' title='bbox 2045 1295 2106 1339; x_wconf 58' lang='lat' dir='ltr'>qui</span> <span class='ocrx_word' id='word_1_269' title='bbox 2132 1295 2201 1327; x_wconf 60' lang='lat' dir='ltr'>iam</span> <span class='ocrx_word' id='word_1_270' title='bbox 2226 1301 2309 1330; x_wconf 66' lang='lat' dir='ltr'>sum</span> 
     </span>
     <span class='ocr_line' id='line_1_25' title="bbox 265 1344 2310 1399; baseline -0.007 -6"><span class='ocrx_word' id='word_1_271' title='bbox 265 1366 491 1393; x_wconf 85' lang='lat' dir='ltr'>externorum</span> <span class='ocrx_word' id='word_1_272' title='bbox 508 1361 682 1399; x_wconf 84' lang='lat' dir='ltr'>gestuum,</span> <span class='ocrx_word' id='word_1_273' title='bbox 706 1362 811 1396; x_wconf 88' lang='lat' dir='ltr'>quam</span> <span class='ocrx_word' id='word_1_274' title='bbox 828 1348 958 1392; x_wconf 82' lang='lat' dir='ltr'>singuli</span> <span class='ocrx_word' id='word_1_275' title='bbox 975 1345 1138 1380; x_wconf 88' lang='lat' dir='ltr'>homines</span> <span class='ocrx_word' id='word_1_276' title='bbox 1154 1346 1258 1379; x_wconf 88' lang='lat' dir='ltr'>etiam</span> <span class='ocrx_word' id='word_1_277' title='bbox 1313 1347 1443 1390; x_wconf 80' lang='lat' dir='ltr'>recepti</span> <span class='ocrx_word' id='word_1_278' title='bbox 1462 1347 1498 1379; x_wconf 90' lang='lat' dir='ltr'>in</span> <span class='ocrx_word' id='word_1_279' title='bbox 1516 1347 1683 1388; x_wconf 83' lang='lat' dir='ltr'>gratiam,</span> <span class='ocrx_word' id='word_1_280' title='bbox 1711 1353 1743 1380; x_wconf 91' lang='lat' dir='ltr'>et</span> <span class='ocrx_word' id='word_1_281' title='bbox 1760 1346 1992 1390; x_wconf 67' lang='lat' dir='ltr'>experiuntur</span> <span class='ocrx_word' id='word_1_282' title='bbox 2002 1344 2067 1379; x_wconf 91' lang='lat' dir='ltr'>Dei</span> <span class='ocrx_word' id='word_1_283' title='bbox 2087 1345 2258 1379; x_wconf 87' lang='lat' dir='ltr'>auxilium</span> <span class='ocrx_word' id='word_1_284' title='bbox 2275 1353 2310 1380; x_wconf 85' lang='lat' dir='ltr'>et</span> 
     </span>
     <span class='ocr_line' id='line_1_26' title="bbox 266 1393 2299 1443; baseline -0.008 0"><span class='ocrx_word' id='word_1_285' title='bbox 266 1412 303 1443; x_wconf 89' lang='lat' dir='ltr'>in</span> <span class='ocrx_word' id='word_1_286' title='bbox 326 1407 393 1443; x_wconf 86' lang='lat' dir='ltr'>hac</span> <span class='ocrx_word' id='word_1_287' title='bbox 415 1405 657 1440; x_wconf 88' lang='lat' dir='ltr'>imbecillitate</span> <span class='ocrx_word' id='word_1_288' title='bbox 675 1400 898 1435; x_wconf 88' lang='lat' dir='ltr'>naturalibus</span> <span class='ocrx_word' id='word_1_289' title='bbox 920 1398 1055 1431; x_wconf 76' lang='lat' dir='ltr'>viribus</span> <span class='ocrx_word' id='word_1_290' title='bbox 1079 1404 1259 1440; x_wconf 80' lang='lat' dir='ltr'>utcunque</span> <span class='ocrx_word' id='word_1_291' title='bbox 1313 1397 1519 1431; x_wconf 84' lang='lat' dir='ltr'>efficaciam:</span> <span class='ocrx_word' id='word_1_292' title='bbox 1563 1393 1619 1428; x_wconf 85' lang='lat' dir='ltr'>bis</span> <span class='ocrx_word' id='word_1_293' title='bbox 1634 1408 1775 1440; x_wconf 88' lang='lat' dir='ltr'>quoque</span> <span class='ocrx_word' id='word_1_294' title='bbox 1794 1397 1904 1440; x_wconf 83' lang='lat' dir='ltr'>legem</span> <span class='ocrx_word' id='word_1_295' title='bbox 1922 1396 2074 1440; x_wconf 88' lang='lat' dir='ltr'>proponi</span> <span class='ocrx_word' id='word_1_296' title='bbox 2092 1407 2230 1429; x_wconf 86' lang='lat' dir='ltr'>necesse</span> <span class='ocrx_word' id='word_1_297' title='bbox 2245 1401 2299 1430; x_wconf 73' lang='lat' dir='ltr'>‘est</span> 
     </span>
     <span class='ocr_line' id='line_1_27' title="bbox 266 1423 2312 1506; baseline -0.017 -11"><span class='ocrx_word' id='word_1_298' title='bbox 266 1465 415 1506; x_wconf 86' lang='lat' dir='ltr'>possunt</span> <span class='ocrx_word' id='word_1_299' title='bbox 438 1457 583 1490; x_wconf 79' lang='lat' dir='ltr'>efficere.</span> <span class='ocrx_word' id='word_1_300' title='bbox 651 1451 867 1495; x_wconf 80' lang='lat' dir='ltr'>Quanquam</span> <span class='ocrx_word' id='word_1_301' title='bbox 893 1448 987 1482; x_wconf 87' lang='lat' dir='ltr'>enim</span> <span class='ocrx_word' id='word_1_302' title='bbox 1011 1444 1096 1480; x_wconf 86' lang='lat' dir='ltr'>baec</span> <span class='ocrx_word' id='word_1_303' title='bbox 1120 1446 1259 1478; x_wconf 85' lang='lat' dir='ltr'>infirma</span> <span class='ocrx_word' id='word_1_304' title='bbox 1312 1455 1352 1482; x_wconf 76' lang='lat' dir='ltr'>ut</span> <span class='ocrx_word' id='word_1_305' title='bbox 1378 1448 1572 1481; x_wconf 61' lang='lat' dir='ltr'>doceantur</span> <span class='ocrx_word' id='word_1_306' title='bbox 1596 1453 1627 1480; x_wconf 69' lang='lat' dir='ltr'>et</span> <span class='ocrx_word' id='word_1_307' title='bbox 1652 1445 1784 1488; x_wconf 64' lang='lat' dir='ltr'>sciant,</span> <span class='ocrx_word' id='word_1_308' title='bbox 1826 1458 1915 1490; x_wconf 58' lang='lat' dir='ltr'>quae</span> <span class='ocrx_word' id='word_1_309' title='bbox 1939 1458 2063 1489; x_wconf 63' lang='lat' dir='ltr'>opem,</span> <span class='ocrx_word' id='word_1_310' title='bbox 2107 1447 2168 1491; x_wconf 57' lang='lat' dir='ltr'>qui</span> <span class='ocrx_word' id='word_1_311' title='bbox 2195 1423 2312 1481; x_wconf 62' lang='lat' dir='ltr'>cuuus&#39;</span> 
     </span>
     <span class='ocr_line' id='line_1_28' title="bbox 268 1495 2312 1553; baseline -0.009 -7"><span class='ocrx_word' id='word_1_312' title='bbox 268 1518 302 1546; x_wconf 89' lang='lat' dir='ltr'>et</span> <span class='ocrx_word' id='word_1_313' title='bbox 321 1514 486 1553; x_wconf 84' lang='lat' dir='ltr'>corrupta</span> <span class='ocrx_word' id='word_1_314' title='bbox 506 1513 631 1538; x_wconf 88' lang='lat' dir='ltr'>natura</span> <span class='ocrx_word' id='word_1_315' title='bbox 648 1500 837 1536; x_wconf 86' lang='lat' dir='ltr'>hominum</span> <span class='ocrx_word' id='word_1_316' title='bbox 855 1512 928 1533; x_wconf 86' lang='lat' dir='ltr'>non</span> <span class='ocrx_word' id='word_1_317' title='bbox 952 1505 1066 1543; x_wconf 82' lang='lat' dir='ltr'>potest</span> <span class='ocrx_word' id='word_1_318' title='bbox 1092 1497 1260 1530; x_wconf 87' lang='lat' dir='ltr'>interiore</span> <span class='ocrx_word' id='word_1_319' title='bbox 1313 1497 1390 1533; x_wconf 90' lang='lat' dir='ltr'>Deo</span> <span class='ocrx_word' id='word_1_320' title='bbox 1405 1498 1574 1542; x_wconf 77' lang='lat' dir='ltr'>placeant,</span> <span class='ocrx_word' id='word_1_321' title='bbox 1593 1509 1656 1530; x_wconf 92' lang='lat' dir='ltr'>nec</span> <span class='ocrx_word' id='word_1_322' title='bbox 1671 1496 1815 1540; x_wconf 88' lang='lat' dir='ltr'>proprio</span> <span class='ocrx_word' id='word_1_323' title='bbox 1831 1495 1981 1529; x_wconf 90' lang='lat' dir='ltr'>consilio</span> <span class='ocrx_word' id='word_1_324' title='bbox 1998 1497 2191 1538; x_wconf 78' lang='lat' dir='ltr'>excogitent</span> <span class='ocrx_word' id='word_1_325' title='bbox 2207 1509 2312 1541; x_wconf 68' lang='lat' dir='ltr'>opera</span> 
     </span>
     <span class='ocr_line' id='line_1_29' title="bbox 267 1543 2312 1605; baseline -0.009 -9"><span class='ocrx_word' id='word_1_326' title='bbox 267 1569 300 1596; x_wconf 89' lang='lat' dir='ltr'>et</span> <span class='ocrx_word' id='word_1_327' title='bbox 320 1560 471 1605; x_wconf 82' lang='lat' dir='ltr'>perfecta</span> <span class='ocrx_word' id='word_1_328' title='bbox 495 1553 696 1590; x_wconf 87' lang='lat' dir='ltr'>obedientia</span> <span class='ocrx_word' id='word_1_329' title='bbox 723 1552 840 1586; x_wconf 83' lang='lat' dir='ltr'>cordis</span> <span class='ocrx_word' id='word_1_330' title='bbox 861 1549 1036 1592; x_wconf 84' lang='lat' dir='ltr'>Decalogo</span> <span class='ocrx_word' id='word_1_331' title='bbox 1056 1548 1262 1588; x_wconf 83' lang='lat' dir='ltr'>satisfacere,</span> <span class='ocrx_word' id='word_1_332' title='bbox 1317 1557 1349 1583; x_wconf 84' lang='lat' dir='ltr'>et</span> <span class='ocrx_word' id='word_1_333' title='bbox 1373 1549 1508 1589; x_wconf 79' lang='lat' dir='ltr'>cultus,</span> <span class='ocrx_word' id='word_1_334' title='bbox 1553 1548 1642 1581; x_wconf 87' lang='lat' dir='ltr'>sicut</span> <span class='ocrx_word' id='word_1_335' title='bbox 1665 1548 1823 1580; x_wconf 87' lang='lat' dir='ltr'>fecerunt</span> <span class='ocrx_word' id='word_1_336' title='bbox 1847 1543 2012 1586; x_wconf 87' lang='lat' dir='ltr'>Ethnici,</span> <span class='ocrx_word' id='word_1_337' title='bbox 2048 1544 2237 1585; x_wconf 84' lang='lat' dir='ltr'>Monacbi‚</span> <span class='ocrx_word' id='word_1_338' title='bbox 2278 1555 2312 1583; x_wconf 78' lang='lat' dir='ltr'>et</span> 
     </span>
     <span class='ocr_line' id='line_1_30' title="bbox 267 1594 2311 1654; baseline -0.009 -8"><span class='ocrx_word' id='word_1_339' title='bbox 267 1625 306 1646; x_wconf 81' lang='lat' dir='ltr'>ac</span> <span class='ocrx_word' id='word_1_340' title='bbox 325 1612 435 1654; x_wconf 85' lang='lat' dir='ltr'>legem</span> <span class='ocrx_word' id='word_1_341' title='bbox 453 1607 614 1651; x_wconf 90' lang='lat' dir='ltr'>implere:</span> <span class='ocrx_word' id='word_1_342' title='bbox 643 1611 760 1638; x_wconf 88' lang='lat' dir='ltr'>tamen</span> <span class='ocrx_word' id='word_1_343' title='bbox 778 1601 996 1635; x_wconf 80' lang='lat' dir='ltr'>severissime</span> <span class='ocrx_word' id='word_1_344' title='bbox 1014 1599 1091 1633; x_wconf 87' lang='lat' dir='ltr'>vult</span> <span class='ocrx_word' id='word_1_345' title='bbox 1107 1606 1140 1632; x_wconf 89' lang='lat' dir='ltr'>et</span> <span class='ocrx_word' id='word_1_346' title='bbox 1159 1609 1261 1642; x_wconf 88' lang='lat' dir='ltr'>prae—</span> <span class='ocrx_word' id='word_1_347' title='bbox 1317 1599 1484 1632; x_wconf 90' lang='lat' dir='ltr'>omnibus</span> <span class='ocrx_word' id='word_1_348' title='bbox 1510 1598 1683 1631; x_wconf 86' lang='lat' dir='ltr'>aetatibus</span> <span class='ocrx_word' id='word_1_349' title='bbox 1708 1608 1830 1630; x_wconf 90' lang='lat' dir='ltr'>omnes</span> <span class='ocrx_word' id='word_1_350' title='bbox 1855 1594 2036 1638; x_wconf 83' lang='lat' dir='ltr'>homines,</span> <span class='ocrx_word' id='word_1_351' title='bbox 2075 1597 2137 1642; x_wconf 90' lang='lat' dir='ltr'>qui</span> <span class='ocrx_word' id='word_1_352' title='bbox 2163 1598 2311 1632; x_wconf 81' lang='lat' dir='ltr'>verbum</span> 
     </span>
     <span class='ocr_line' id='line_1_31' title="bbox 268 1645 2312 1707; baseline -0.01 -10"><span class='ocrx_word' id='word_1_353' title='bbox 268 1663 354 1707; x_wconf 88' lang='lat' dir='ltr'>cipit</span> <span class='ocrx_word' id='word_1_354' title='bbox 380 1660 496 1700; x_wconf 86' lang='lat' dir='ltr'>Deus,</span> <span class='ocrx_word' id='word_1_355' title='bbox 531 1664 570 1692; x_wconf 92' lang='lat' dir='ltr'>ut</span> <span class='ocrx_word' id='word_1_356' title='bbox 594 1662 735 1689; x_wconf 87' lang='lat' dir='ltr'>externa</span> <span class='ocrx_word' id='word_1_357' title='bbox 760 1652 919 1686; x_wconf 85' lang='lat' dir='ltr'>membra</span> <span class='ocrx_word' id='word_1_358' title='bbox 941 1654 1169 1684; x_wconf 67' lang='lat' dir='ltr'>coerceantur</span> <span class='ocrx_word' id='word_1_359' title='bbox 1194 1646 1262 1682; x_wconf 87' lang='lat' dir='ltr'>hoe</span> <span class='ocrx_word' id='word_1_360' title='bbox 1316 1649 1382 1684; x_wconf 87' lang='lat' dir='ltr'>Dei</span> <span class='ocrx_word' id='word_1_361' title='bbox 1407 1650 1576 1693; x_wconf 88' lang='lat' dir='ltr'>scriptum</span> <span class='ocrx_word' id='word_1_362' title='bbox 1603 1649 1637 1681; x_wconf 91' lang='lat' dir='ltr'>in</span> <span class='ocrx_word' id='word_1_363' title='bbox 1665 1648 1766 1681; x_wconf 89' lang='lat' dir='ltr'>libris</span> <span class='ocrx_word' id='word_1_364' title='bbox 1790 1645 2010 1691; x_wconf 75' lang='lat' dir='ltr'>propheticis</span> <span class='ocrx_word' id='word_1_365' title='bbox 2037 1656 2067 1681; x_wconf 88' lang='lat' dir='ltr'>et</span> <span class='ocrx_word' id='word_1_366' title='bbox 2096 1648 2312 1692; x_wconf 71' lang='lat' dir='ltr'>Apostolieis</span> 
     </span>
     <span class='ocr_line' id='line_1_32' title="bbox 268 1697 2312 1759; baseline -0.009 -6"><span class='ocrx_word' id='word_1_367' title='bbox 268 1713 368 1759; x_wconf 70' lang='lat' dir='ltr'>quasi</span> <span class='ocrx_word' id='word_1_368' title='bbox 399 1712 499 1744; x_wconf 66' lang='lat' dir='ltr'>freno</span> <span class='ocrx_word' id='word_1_369' title='bbox 526 1706 755 1751; x_wconf 65' lang='lat' dir='ltr'>¹¹5⁵⁰3P¹3¹¹ass‚</span> <span class='ocrx_word' id='word_1_370' title='bbox 796 1715 841 1737; x_wconf 71' lang='lat' dir='ltr'>ne</span> <span class='ocrx_word' id='word_1_371' title='bbox 867 1709 973 1736; x_wconf 66' lang='lat' dir='ltr'>ruant</span> <span class='ocrx_word' id='word_1_372' title='bbox 995 1702 1032 1734; x_wconf 69' lang='lat' dir='ltr'>in</span> <span class='ocrx_word' id='word_1_373' title='bbox 1056 1697 1263 1742; x_wconf 73' lang='lat' dir='ltr'>homicidia,</span> <span class='ocrx_word' id='word_1_374' title='bbox 1318 1701 1495 1746; x_wconf 87' lang='lat' dir='ltr'>aspernati</span> <span class='ocrx_word' id='word_1_375' title='bbox 1515 1706 1608 1735; x_wconf 89' lang='lat' dir='ltr'>sunt.</span> <span class='ocrx_word' id='word_1_376' title='bbox 1662 1697 1737 1733; x_wconf 86' lang='lat' dir='ltr'>Etsi</span> <span class='ocrx_word' id='word_1_377' title='bbox 1761 1705 1875 1732; x_wconf 83' lang='lat' dir='ltr'>autem</span> <span class='ocrx_word' id='word_1_378' title='bbox 1901 1711 1943 1731; x_wconf 92' lang='lat' dir='ltr'>ne</span> <span class='ocrx_word' id='word_1_379' title='bbox 1969 1698 2081 1733; x_wconf 87' lang='lat' dir='ltr'>renati</span> <span class='ocrx_word' id='word_1_380' title='bbox 2107 1699 2251 1744; x_wconf 88' lang='lat' dir='ltr'>quidem</span> <span class='ocrx_word' id='word_1_381' title='bbox 2272 1711 2312 1735; x_wconf 81' lang='lat' dir='ltr'>ac</span> 
     </span>
     <span class='ocr_line' id='line_1_33' title="bbox 269 1748 2311 1802; baseline -0.008 -3"><span class='ocrx_word' id='word_1_382' title='bbox 269 1763 462 1802; x_wconf 85' lang='lat' dir='ltr'>adulteria,</span> <span class='ocrx_word' id='word_1_383' title='bbox 490 1761 602 1799; x_wconf 86' lang='lat' dir='ltr'>furta,</span> <span class='ocrx_word' id='word_1_384' title='bbox 627 1757 682 1789; x_wconf 82' lang='lat' dir='ltr'>vel</span> <span class='ocrx_word' id='word_1_385' title='bbox 701 1756 768 1788; x_wconf 83' lang='lat' dir='ltr'>alia</span> <span class='ocrx_word' id='word_1_386' title='bbox 788 1761 928 1788; x_wconf 86' lang='lat' dir='ltr'>externa</span> <span class='ocrx_word' id='word_1_387' title='bbox 953 1752 1078 1786; x_wconf 88' lang='lat' dir='ltr'>delicta</span> <span class='ocrx_word' id='word_1_388' title='bbox 1101 1751 1264 1784; x_wconf 88' lang='lat' dir='ltr'>commit·</span> <span class='ocrx_word' id='word_1_389' title='bbox 1319 1764 1400 1785; x_wconf 81' lang='lat' dir='ltr'>vere</span> <span class='ocrx_word' id='word_1_390' title='bbox 1424 1751 1534 1785; x_wconf 86' lang='lat' dir='ltr'>sancti</span> <span class='ocrx_word' id='word_1_391' title='bbox 1562 1758 1706 1795; x_wconf 82' lang='lat' dir='ltr'>possunt</span> <span class='ocrx_word' id='word_1_392' title='bbox 1729 1748 1906 1792; x_wconf 77' lang='lat' dir='ltr'>Decalogo</span> <span class='ocrx_word' id='word_1_393' title='bbox 1931 1749 2146 1791; x_wconf 77' lang='lat' dir='ltr'>satisfacere,</span> <span class='ocrx_word' id='word_1_394' title='bbox 2179 1748 2311 1786; x_wconf 75' lang='lat' dir='ltr'>habent</span> 
     </span>
     <span class='ocr_line' id='line_1_34' title="bbox 271 1801 2312 1857; baseline -0.016 -7"><span class='ocrx_word' id='word_1_395' title='bbox 271 1823 357 1851; x_wconf 90' lang='lat' dir='ltr'>tant.</span> <span class='ocrx_word' id='word_1_396' title='bbox 402 1815 451 1847; x_wconf 64' lang='lat' dir='ltr'>Ac</span> <span class='ocrx_word' id='word_1_397' title='bbox 471 1812 530 1857; x_wconf 89' lang='lat' dir='ltr'>qui</span> <span class='ocrx_word' id='word_1_398' title='bbox 551 1822 622 1843; x_wconf 84' lang='lat' dir='ltr'>uun</span> <span class='ocrx_word' id='word_1_399' title='bbox 640 1808 764 1841; x_wconf 73' lang='lat' dir='ltr'>volunt</span> <span class='ocrx_word' id='word_1_400' title='bbox 784 1803 876 1839; x_wconf 84' lang='lat' dir='ltr'>lianc</span> <span class='ocrx_word' id='word_1_401' title='bbox 894 1803 1132 1838; x_wconf 81' lang='lat' dir='ltr'>obedientiam</span> <span class='ocrx_word' id='word_1_402' title='bbox 1151 1809 1263 1835; x_wconf 79' lang='lat' dir='ltr'>exter·</span> <span class='ocrx_word' id='word_1_403' title='bbox 1319 1811 1436 1837; x_wconf 72' lang='lat' dir='ltr'>tamen</span> <span class='ocrx_word' id='word_1_404' title='bbox 1471 1802 1571 1835; x_wconf 69' lang='lat' dir='ltr'>initia</span> <span class='ocrx_word' id='word_1_405' title='bbox 1607 1801 1831 1835; x_wconf 59' lang='lat' dir='ltr'>obedientiae</span> <span class='ocrx_word' id='word_1_406' title='bbox 1860 1812 1920 1833; x_wconf 60' lang='lat' dir='ltr'>spu</span> <span class='ocrx_word' id='word_1_407' title='bbox 1950 1801 2209 1836; x_wconf 50' lang='lat' dir='ltr'>conformitatis</span> <span class='ocrx_word' id='word_1_408' title='bbox 2232 1814 2312 1836; x_wconf 64' lang='lat' dir='ltr'>cum</span> 
     </span>
     <span class='ocr_line' id='line_1_35' title="bbox 273 1851 2300 1909; baseline -0.008 -9"><span class='ocrx_word' id='word_1_409' title='bbox 273 1879 354 1901; x_wconf 86' lang='lat' dir='ltr'>nam</span> <span class='ocrx_word' id='word_1_410' title='bbox 377 1871 568 1909; x_wconf 76' lang='lat' dir='ltr'>praestare,</span> <span class='ocrx_word' id='word_1_411' title='bbox 596 1861 653 1894; x_wconf 90' lang='lat' dir='ltr'>sed</span> <span class='ocrx_word' id='word_1_412' title='bbox 681 1857 905 1900; x_wconf 85' lang='lat' dir='ltr'>disciplinam</span> <span class='ocrx_word' id='word_1_413' title='bbox 926 1855 1092 1889; x_wconf 78' lang='lat' dir='ltr'>atrociter</span> <span class='ocrx_word' id='word_1_414' title='bbox 1117 1853 1263 1890; x_wconf 72' lang='lat' dir='ltr'>violant,</span> <span class='ocrx_word' id='word_1_415' title='bbox 1319 1855 1404 1897; x_wconf 81' lang='lat' dir='ltr'>lege.</span> <span class='ocrx_word' id='word_1_416' title='bbox 1441 1852 1502 1892; x_wconf 75' lang='lat' dir='ltr'>Ut.</span> <span class='ocrx_word' id='word_1_417' title='bbox 1530 1860 1708 1887; x_wconf 84' lang='lat' dir='ltr'>cortuum</span> <span class='ocrx_word' id='word_1_418' title='bbox 1726 1852 1830 1885; x_wconf 79' lang='lat' dir='ltr'>sentit</span> <span class='ocrx_word' id='word_1_419' title='bbox 1846 1851 1946 1885; x_wconf 87' lang='lat' dir='ltr'>initia</span> <span class='ocrx_word' id='word_1_420' title='bbox 1963 1852 2100 1886; x_wconf 82' lang='lat' dir='ltr'>timoris</span> <span class='ocrx_word' id='word_1_421' title='bbox 2111 1852 2192 1893; x_wconf 79' lang='lat' dir='ltr'>Dei,</span> <span class='ocrx_word' id='word_1_422' title='bbox 2219 1851 2300 1887; x_wconf 81' lang='lat' dir='ltr'>fidei</span> 
     </span>
     <span class='ocr_line' id='line_1_36' title="bbox 271 1881 2314 2000; baseline -0.007 -49"><span class='ocrx_word' id='word_1_423' title='bbox 271 1929 329 1951; x_wconf 87' lang='lat' dir='ltr'>eos</span> <span class='ocrx_word' id='word_1_424' title='bbox 346 1923 480 1949; x_wconf 67' lang='lat' dir='ltr'>certum</span> <span class='ocrx_word' id='word_1_425' title='bbox 497 1920 547 1946; x_wconf 86' lang='lat' dir='ltr'>est</span> <span class='ocrx_word' id='word_1_426' title='bbox 565 1925 582 1944; x_wconf 87' lang='lat' dir='ltr'>a</span> <span class='ocrx_word' id='word_1_427' title='bbox 597 1910 673 1944; x_wconf 91' lang='lat' dir='ltr'>Deo</span> <span class='ocrx_word' id='word_1_428' title='bbox 689 1908 808 1954; x_wconf 86' lang='lat' dir='ltr'>puniri</span> <span class='ocrx_word' id='word_1_429' title='bbox 828 1907 951 1951; x_wconf 84' lang='lat' dir='ltr'>poenis</span> <span class='ocrx_word' id='word_1_430' title='bbox 967 1905 1144 1939; x_wconf 70' lang='lat' dir='ltr'>atrocibus</span> <span class='ocrx_word' id='word_1_431' title='bbox 1160 1904 1264 1937; x_wconf 83' lang='lat' dir='ltr'>etiam</span> <span class='ocrx_word' id='word_1_432' title='bbox 1293 1889 1298 2000; x_wconf 44' lang='grc' dir='ltr'>ι</span> <span class='ocrx_word' id='word_1_433' title='bbox 1320 1905 1522 1939; x_wconf 82' lang='lat' dir='ltr'>dilectionis</span> <span class='ocrx_word' id='word_1_434' title='bbox 1549 1915 1627 1947; x_wconf 81' lang='lat' dir='ltr'>erga</span> <span class='ocrx_word' id='word_1_435' title='bbox 1654 1901 1786 1937; x_wconf 89' lang='lat' dir='ltr'>Deum:</span> <span class='ocrx_word' id='word_1_436' title='bbox 1822 1909 1855 1936; x_wconf 88' lang='lat' dir='ltr'>et</span> <span class='ocrx_word' id='word_1_437' title='bbox 1879 1914 2082 1948; x_wconf 83' lang='lat' dir='ltr'>quanquam</span> <span class='ocrx_word' id='word_1_438' title='bbox 2105 1900 2190 1937; x_wconf 85' lang='lat' dir='ltr'>baec</span> <span class='ocrx_word' id='word_1_439' title='bbox 2211 1881 2314 1939; x_wconf 65' lang='lat' dir='ltr'>initia</span> 
     </span>
     <span class='ocr_line' id='line_1_37' title="bbox 272 1953 2314 2001; baseline -0.008 0"><span class='ocrx_word' id='word_1_440' title='bbox 272 1969 308 2001; x_wconf 91' lang='lat' dir='ltr'>in</span> <span class='ocrx_word' id='word_1_441' title='bbox 335 1965 398 2000; x_wconf 81' lang='lat' dir='ltr'>bac</span> <span class='ocrx_word' id='word_1_442' title='bbox 425 1963 564 1997; x_wconf 75' lang='lat' dir='ltr'>mortali</span> <span class='ocrx_word' id='word_1_443' title='bbox 594 1964 682 1998; x_wconf 63' lang='lat' dir='ltr'>xiia,</span> <span class='ocrx_word' id='word_1_444' title='bbox 724 1959 813 1991; x_wconf 88' lang='lat' dir='ltr'>sicut</span> <span class='ocrx_word' id='word_1_445' title='bbox 844 1957 1021 1989; x_wconf 80' lang='lat' dir='ltr'>affirmant</span> <span class='ocrx_word' id='word_1_446' title='bbox 1057 1954 1140 1987; x_wconf 88' lang='lat' dir='ltr'>haec</span> <span class='ocrx_word' id='word_1_447' title='bbox 1173 1954 1264 1987; x_wconf 82' lang='lat' dir='ltr'>dicta</span> <span class='ocrx_word' id='word_1_448' title='bbox 1321 1956 1487 1999; x_wconf 78' lang='lat' dir='ltr'>languida</span> <span class='ocrx_word' id='word_1_449' title='bbox 1518 1962 1598 1988; x_wconf 90' lang='lat' dir='ltr'>sunt</span> <span class='ocrx_word' id='word_1_450' title='bbox 1629 1961 1660 1987; x_wconf 81' lang='lat' dir='ltr'>et</span> <span class='ocrx_word' id='word_1_451' title='bbox 1692 1954 1850 1993; x_wconf 82' lang='lat' dir='ltr'>infirma,</span> <span class='ocrx_word' id='word_1_452' title='bbox 1894 1960 2011 1988; x_wconf 80' lang='lat' dir='ltr'>tamen</span> <span class='ocrx_word' id='word_1_453' title='bbox 2042 1953 2172 1988; x_wconf 84' lang='lat' dir='ltr'>scimus</span> <span class='ocrx_word' id='word_1_454' title='bbox 2202 1954 2314 1989; x_wconf 86' lang='lat' dir='ltr'>Deum</span> 
     </span>
     <span class='ocr_line' id='line_1_38' title="bbox 270 2002 2315 2054; baseline -0.008 -1"><span class='ocrx_word' id='word_1_455' title='bbox 270 2015 401 2053; x_wconf 84' lang='lat' dir='ltr'>Mattb.</span> <span class='ocrx_word' id='word_1_456' title='bbox 418 2017 497 2049; x_wconf 58' lang='lat'>21³3:</span> <span class='ocrx_word' id='word_1_457' title='bbox 535 2013 607 2054; x_wconf 74' lang='lat' dir='ltr'>Qui</span> <span class='ocrx_word' id='word_1_458' title='bbox 633 2010 788 2054; x_wconf 81' lang='lat' dir='ltr'>gladium</span> <span class='ocrx_word' id='word_1_459' title='bbox 815 2007 1006 2051; x_wconf 79' lang='lat' dir='ltr'>acceperit,</span> <span class='ocrx_word' id='word_1_460' title='bbox 1035 2005 1152 2048; x_wconf 76' lang='lat' dir='ltr'>gladio</span> <span class='ocrx_word' id='word_1_461' title='bbox 1172 2006 1264 2049; x_wconf 87' lang='lat' dir='ltr'>peri·</span> <span class='ocrx_word' id='word_1_462' title='bbox 1322 2007 1498 2051; x_wconf 88' lang='lat' dir='ltr'>postulare</span> <span class='ocrx_word' id='word_1_463' title='bbox 1515 2003 1606 2039; x_wconf 83' lang='lat' dir='ltr'>banc</span> <span class='ocrx_word' id='word_1_464' title='bbox 1622 2002 1883 2038; x_wconf 76' lang='lat' dir='ltr'>inclinationem</span> <span class='ocrx_word' id='word_1_465' title='bbox 1898 2004 2138 2046; x_wconf 83' lang='lat' dir='ltr'>obedientiae,</span> <span class='ocrx_word' id='word_1_466' title='bbox 2167 2016 2315 2051; x_wconf 77' lang='lat' dir='ltr'>eamque</span> 
     </span>
     <span class='ocr_line' id='line_1_39' title="bbox 271 2055 2314 2104; baseline -0.008 -1"><span class='ocrx_word' id='word_1_467' title='bbox 271 2070 335 2104; x_wconf 86' lang='lat' dir='ltr'>bit.</span> <span class='ocrx_word' id='word_1_468' title='bbox 379 2066 488 2101; x_wconf 82' lang='lat' dir='ltr'>Hebr.</span> <span class='ocrx_word' id='word_1_469' title='bbox 510 2065 586 2098; x_wconf 81' lang='lat'><strong>13.-.</strong></span> <span class='ocrx_word' id='word_1_470' title='bbox 615 2062 832 2096; x_wconf 82' lang='lat' dir='ltr'>Scortatores</span> <span class='ocrx_word' id='word_1_471' title='bbox 851 2066 881 2092; x_wconf 75' lang='lat' dir='ltr'>et</span> <span class='ocrx_word' id='word_1_472' title='bbox 900 2058 1078 2091; x_wconf 83' lang='lat' dir='ltr'>adulteros</span> <span class='ocrx_word' id='word_1_473' title='bbox 1096 2056 1266 2089; x_wconf 81' lang='lat' dir='ltr'>iudicabit</span> <span class='ocrx_word' id='word_1_474' title='bbox 1321 2059 1358 2090; x_wconf 92' lang='lat' dir='ltr'>in</span> <span class='ocrx_word' id='word_1_475' title='bbox 1382 2056 1615 2091; x_wconf 83' lang='lat' dir='ltr'>reconciliatis</span> <span class='ocrx_word' id='word_1_476' title='bbox 1642 2062 1747 2101; x_wconf 83' lang='lat' dir='ltr'>atque</span> <span class='ocrx_word' id='word_1_477' title='bbox 1773 2056 1854 2088; x_wconf 82' lang='lat' dir='ltr'>filiis</span> <span class='ocrx_word' id='word_1_478' title='bbox 1882 2055 1948 2089; x_wconf 89' lang='lat' dir='ltr'>Dei</span> <span class='ocrx_word' id='word_1_479' title='bbox 1980 2056 2134 2099; x_wconf 86' lang='lat' dir='ltr'>placere,</span> <span class='ocrx_word' id='word_1_480' title='bbox 2175 2067 2214 2090; x_wconf 80' lang='lat' dir='ltr'>ac</span> <span class='ocrx_word' id='word_1_481' title='bbox 2238 2055 2314 2092; x_wconf 76' lang='lat' dir='ltr'>Deo</span> 
     </span>
     <span class='ocr_line' id='line_1_40' title="bbox 273 2105 2312 2155; baseline -0.006 0"><span class='ocrx_word' id='word_1_482' title='bbox 273 2120 380 2155; x_wconf 79' lang='lat' dir='ltr'>Deus.</span> <span class='ocrx_word' id='word_1_483' title='bbox 448 2116 528 2151; x_wconf 75' lang='lat' dir='ltr'>Esa.</span> <span class='ocrx_word' id='word_1_484' title='bbox 548 2115 627 2149; x_wconf 77' lang='lat'>53.:</span> <span class='ocrx_word' id='word_1_485' title='bbox 666 2111 739 2144; x_wconf 53' lang='lat' dir='ltr'>Vae</span> <span class='ocrx_word' id='word_1_486' title='bbox 764 2111 824 2155; x_wconf 63' lang='lat'>(1¹¹3</span> <span class='ocrx_word' id='word_1_487' title='bbox 851 2110 997 2154; x_wconf 46' lang='lat' dir='ltr'>Spolia&amp;</span> <span class='ocrx_word' id='word_1_488' title='bbox 1032 2107 1113 2153; x_wconf 72' lang='lat' dir='ltr'>quin</span> <span class='ocrx_word' id='word_1_489' title='bbox 1137 2107 1266 2151; x_wconf 84' lang='lat' dir='ltr'>spolia·</span> <span class='ocrx_word' id='word_1_490' title='bbox 1321 2115 1454 2152; x_wconf 83' lang='lat' dir='ltr'>gratam</span> <span class='ocrx_word' id='word_1_491' title='bbox 1478 2119 1550 2141; x_wconf 89' lang='lat' dir='ltr'>esse</span> <span class='ocrx_word' id='word_1_492' title='bbox 1573 2114 1718 2152; x_wconf 85' lang='lat' dir='ltr'>propter</span> <span class='ocrx_word' id='word_1_493' title='bbox 1735 2105 1968 2140; x_wconf 77' lang='lat' dir='ltr'>Mediatorem</span> <span class='ocrx_word' id='word_1_494' title='bbox 1987 2105 2180 2142; x_wconf 72' lang='lat' dir='ltr'>Christum.</span> <span class='ocrx_word' id='word_1_495' title='bbox 2237 2106 2312 2142; x_wconf 88' lang='lat' dir='ltr'>lmo</span> 
     </span>
     <span class='ocr_line' id='line_1_41' title="bbox 275 2156 2312 2205; baseline -0.007 0"><span class='ocrx_word' id='word_1_496' title='bbox 275 2171 378 2205; x_wconf 79' lang='lat' dir='ltr'>beris.</span> <span class='ocrx_word' id='word_1_497' title='bbox 435 2167 520 2202; x_wconf 78' lang='lat' dir='ltr'>ltem</span> <span class='ocrx_word' id='word_1_498' title='bbox 540 2164 766 2199; x_wconf 81' lang='lat' dir='ltr'>Ecclesiastes</span> <span class='ocrx_word' id='word_1_499' title='bbox 787 2163 821 2194; x_wconf 88' lang='lat' dir='ltr'>in</span> <span class='ocrx_word' id='word_1_500' title='bbox 841 2161 875 2195; x_wconf 87' lang='lat'>8.</span> <span class='ocrx_word' id='word_1_501' title='bbox 894 2160 1005 2204; x_wconf 83' lang='lat' dir='ltr'>capite</span> <span class='ocrx_word' id='word_1_502' title='bbox 1024 2159 1156 2204; x_wconf 86' lang='lat' dir='ltr'>iuquit:</span> <span class='ocrx_word' id='word_1_503' title='bbox 1187 2157 1266 2191; x_wconf 76' lang='lat' dir='ltr'>Non</span> <span class='ocrx_word' id='word_1_504' title='bbox 1323 2159 1396 2193; x_wconf 86' lang='lat' dir='ltr'>vult</span> <span class='ocrx_word' id='word_1_505' title='bbox 1415 2159 1520 2193; x_wconf 85' lang='lat' dir='ltr'>uubis</span> <span class='ocrx_word' id='word_1_506' title='bbox 1537 2158 1703 2203; x_wconf 77' lang='lat' dir='ltr'>opitulari</span> <span class='ocrx_word' id='word_1_507' title='bbox 1722 2156 1817 2191; x_wconf 77' lang='lat' dir='ltr'>Deus</span> <span class='ocrx_word' id='word_1_508' title='bbox 1834 2158 2006 2202; x_wconf 84' lang='lat' dir='ltr'>praesenti</span> <span class='ocrx_word' id='word_1_509' title='bbox 2026 2158 2158 2192; x_wconf 86' lang='lat' dir='ltr'>auxilio</span> <span class='ocrx_word' id='word_1_510' title='bbox 2181 2165 2215 2194; x_wconf 84' lang='lat' dir='ltr'>et</span> <span class='ocrx_word' id='word_1_511' title='bbox 2238 2159 2312 2192; x_wconf 79' lang='lat' dir='ltr'>effi-</span> 
     </span>
     <span class='ocr_line' id='line_1_42' title="bbox 275 2207 2302 2262; baseline -0.014 -6"><span class='ocrx_word' id='word_1_512' title='bbox 275 2225 365 2256; x_wconf 88' lang='lat' dir='ltr'>bene</span> <span class='ocrx_word' id='word_1_513' title='bbox 381 2221 445 2253; x_wconf 79' lang='lat' dir='ltr'>erit</span> <span class='ocrx_word' id='word_1_514' title='bbox 468 2218 595 2262; x_wconf 84' lang='lat' dir='ltr'>impio,</span> <span class='ocrx_word' id='word_1_515' title='bbox 622 2227 687 2248; x_wconf 85' lang='lat' dir='ltr'>nec</span> <span class='ocrx_word' id='word_1_516' title='bbox 705 2213 800 2256; x_wconf 80' lang='lat' dir='ltr'>longi</span> <span class='ocrx_word' id='word_1_517' title='bbox 827 2219 927 2244; x_wconf 81' lang='lat' dir='ltr'>erunt</span> <span class='ocrx_word' id='word_1_518' title='bbox 954 2212 1029 2243; x_wconf 78' lang='lat' dir='ltr'>‹lit-s</span> <span class='ocrx_word' id='word_1_519' title='bbox 1055 2211 1138 2243; x_wconf 73' lang='lat' dir='ltr'>eius.</span> <span class='ocrx_word' id='word_1_520' title='bbox 1194 2208 1268 2242; x_wconf 81' lang='lat' dir='ltr'>llae</span> <span class='ocrx_word' id='word_1_521' title='bbox 1296 2210 1300 2248; x_wconf 90' lang='grc' dir='ltr'>Ι</span> <span class='ocrx_word' id='word_1_522' title='bbox 1322 2211 1434 2250; x_wconf 80' lang='lat' dir='ltr'>cacia,</span> <span class='ocrx_word' id='word_1_523' title='bbox 1473 2218 1510 2245; x_wconf 89' lang='lat' dir='ltr'>ut</span> <span class='ocrx_word' id='word_1_524' title='bbox 1535 2210 1746 2243; x_wconf 74' lang='lat' dir='ltr'>accendatur</span> <span class='ocrx_word' id='word_1_525' title='bbox 1777 2215 1808 2242; x_wconf 64' lang='lat' dir='ltr'>et</span> <span class='ocrx_word' id='word_1_526' title='bbox 1840 2216 1970 2243; x_wconf 53' lang='lat' dir='ltr'>crescat</span> <span class='ocrx_word' id='word_1_527' title='bbox 1994 2207 2078 2243; x_wconf 57' lang='lat' dir='ltr'>haec</span> <span class='ocrx_word' id='word_1_528' title='bbox 2100 2209 2302 2244; x_wconf 54' lang='lat' dir='ltr'>obedfemi„</span> 
     </span>
     <span class='ocr_line' id='line_1_43' title="bbox 277 2237 2315 2315; baseline -0.006 -10"><span class='ocrx_word' id='word_1_529' title='bbox 277 2273 415 2315; x_wconf 71' lang='lat' dir='ltr'>regulae</span> <span class='ocrx_word' id='word_1_530' title='bbox 441 2271 637 2314; x_wconf 79' lang='lat' dir='ltr'>loquuntur</span> <span class='ocrx_word' id='word_1_531' title='bbox 661 2266 704 2298; x_wconf 89' lang='lat' dir='ltr'>de</span> <span class='ocrx_word' id='word_1_532' title='bbox 727 2264 850 2309; x_wconf 85' lang='lat' dir='ltr'>poenis</span> <span class='ocrx_word' id='word_1_533' title='bbox 873 2262 1117 2306; x_wconf 74' lang='lat' dir='ltr'>corporalibus</span> <span class='ocrx_word' id='word_1_534' title='bbox 1144 2261 1178 2293; x_wconf 85' lang='lat' dir='ltr'>in</span> <span class='ocrx_word' id='word_1_535' title='bbox 1204 2258 1268 2293; x_wconf 86' lang='lat' dir='ltr'>bac</span> <span class='ocrx_word' id='word_1_536' title='bbox 1297 2249 1300 2301; x_wconf 63' lang='lat' dir='ltr'>i</span> <span class='ocrx_word' id='word_1_537' title='bbox 1325 2262 1401 2295; x_wconf 67' lang='lat' dir='ltr'>xult</span> <span class='ocrx_word' id='word_1_538' title='bbox 1426 2262 1529 2295; x_wconf 81' lang='lat' dir='ltr'>etiam</span> <span class='ocrx_word' id='word_1_539' title='bbox 1558 2261 1648 2294; x_wconf 77' lang='lat' dir='ltr'>veris</span> <span class='ocrx_word' id='word_1_540' title='bbox 1672 2260 1861 2303; x_wconf 80' lang='lat' dir='ltr'>gemitibus</span> <span class='ocrx_word' id='word_1_541' title='bbox 1886 2271 1905 2293; x_wconf 78' lang='lat' dir='ltr'>a</span> <span class='ocrx_word' id='word_1_542' title='bbox 1927 2271 1963 2293; x_wconf 81' lang='lat' dir='ltr'>se</span> <span class='ocrx_word' id='word_1_543' title='bbox 1988 2260 2058 2304; x_wconf 85' lang='lat' dir='ltr'>peti</span> <span class='ocrx_word' id='word_1_544' title='bbox 2088 2237 2315 2304; x_wconf 66' lang='lat' dir='ltr'>praelucente:</span> 
     </span>
     <span class='ocr_line' id='line_1_44' title="bbox 277 2308 2313 2366; baseline -0.015 -10"><span class='ocrx_word' id='word_1_545' title='bbox 277 2325 367 2362; x_wconf 73' lang='lat' dir='ltr'>vita,</span> <span class='ocrx_word' id='word_1_546' title='bbox 396 2333 482 2366; x_wconf 79' lang='lat' dir='ltr'>quas</span> <span class='ocrx_word' id='word_1_547' title='bbox 500 2319 593 2353; x_wconf 75' lang='lat' dir='ltr'>Deus</span> <span class='ocrx_word' id='word_1_548' title='bbox 610 2317 664 2351; x_wconf 79' lang='lat' dir='ltr'>vel</span> <span class='ocrx_word' id='word_1_549' title='bbox 685 2328 745 2361; x_wconf 84' lang='lat' dir='ltr'>per</span> <span class='ocrx_word' id='word_1_550' title='bbox 760 2314 999 2357; x_wconf 83' lang='lat' dir='ltr'>magistratus,</span> <span class='ocrx_word' id='word_1_551' title='bbox 1029 2313 1080 2345; x_wconf 68' lang='lat' dir='ltr'>vel</span> <span class='ocrx_word' id='word_1_552' title='bbox 1099 2313 1175 2344; x_wconf 78' lang='lat' dir='ltr'>aliis</span> <span class='ocrx_word' id='word_1_553' title='bbox 1193 2324 1268 2344; x_wconf 86' lang='lat' dir='ltr'>mo-</span> <span class='ocrx_word' id='word_1_554' title='bbox 1298 2309 1300 2322; x_wconf 92' lang='lat'>&#39;</span> <span class='ocrx_word' id='word_1_555' title='bbox 1323 2313 1450 2346; x_wconf 66' lang='lat' dir='ltr'>fidncia</span> <span class='ocrx_word' id='word_1_556' title='bbox 1477 2311 1705 2353; x_wconf 58' lang='lat' dir='ltr'>mediatoris,</span> <span class='ocrx_word' id='word_1_557' title='bbox 1741 2319 1777 2345; x_wconf 71' lang='lat' dir='ltr'>m</span> <span class='ocrx_word' id='word_1_558' title='bbox 1807 2311 1878 2355; x_wconf 55' lang='grc' dir='ltr'>ἥρω</span> <span class='ocrx_word' id='word_1_559' title='bbox 1904 2317 2048 2355; x_wconf 49' lang='lat' dir='ltr'>propter</span> <span class='ocrx_word' id='word_1_560' title='bbox 2069 2308 2253 2347; x_wconf 53' lang='lat' dir='ltr'>Chrismm</span> <span class='ocrx_word' id='word_1_561' title='bbox 2280 2320 2313 2347; x_wconf 51' lang='lat' dir='ltr'>‘t</span> 
     </span>
     <span class='ocr_line' id='line_1_45' title="bbox 277 2362 2314 2409; baseline -0.015 -1"><span class='ocrx_word' id='word_1_562' title='bbox 277 2376 331 2408; x_wconf 87' lang='lat' dir='ltr'>dis</span> <span class='ocrx_word' id='word_1_563' title='bbox 346 2373 451 2407; x_wconf 84' lang='lat' dir='ltr'>sumit</span> <span class='ocrx_word' id='word_1_564' title='bbox 469 2373 511 2403; x_wconf 89' lang='lat' dir='ltr'>de</span> <span class='ocrx_word' id='word_1_565' title='bbox 530 2369 701 2403; x_wconf 83' lang='lat' dir='ltr'>sontibus.</span> <span class='ocrx_word' id='word_1_566' title='bbox 754 2364 902 2400; x_wconf 82' lang='lat' dir='ltr'>Etiamsi</span> <span class='ocrx_word' id='word_1_567' title='bbox 924 2365 1077 2398; x_wconf 84' lang='lat' dir='ltr'>latrones</span> <span class='ocrx_word' id='word_1_568' title='bbox 1094 2364 1268 2408; x_wconf 82' lang='lat' dir='ltr'>aliquam-</span> <span class='ocrx_word' id='word_1_569' title='bbox 1323 2376 1385 2409; x_wconf 73' lang='lat' dir='ltr'>per</span> <span class='ocrx_word' id='word_1_570' title='bbox 1401 2376 1481 2397; x_wconf 70' lang='lat' dir='ltr'>eum</span> <span class='ocrx_word' id='word_1_571' title='bbox 1498 2363 1610 2397; x_wconf 67' lang='lat' dir='ltr'>effuso</span> <span class='ocrx_word' id='word_1_572' title='bbox 1626 2363 1662 2396; x_wconf 73' lang='lat'>3„</span> <span class='ocrx_word' id='word_1_573' title='bbox 1679 2374 1744 2397; x_wconf 52' lang='grc' dir='ltr'>ηοξ</span> <span class='ocrx_word' id='word_1_574' title='bbox 1754 2362 1889 2407; x_wconf 58' lang='lat' dir='ltr'>spirim</span> <span class='ocrx_word' id='word_1_575' title='bbox 1906 2368 2027 2395; x_wconf 54' lang='lat' dir='ltr'>sancto</span> <span class='ocrx_word' id='word_1_576' title='bbox 2042 2362 2125 2396; x_wconf 48' lang='lat' dir='ltr'>vem</span> <span class='ocrx_word' id='word_1_577' title='bbox 2142 2362 2178 2396; x_wconf 55' lang='grc' dir='ltr'>ᾗ,</span> <span class='ocrx_word' id='word_1_578' title='bbox 2196 2370 2314 2407; x_wconf 56' lang='lat' dir='ltr'>pedo-</span> 
     </span>
     <span class='ocr_line' id='line_1_46' title="bbox 278 2411 2315 2465; baseline -0.005 -7"><span class='ocrx_word' id='word_1_579' title='bbox 278 2426 339 2460; x_wconf 84' lang='lat' dir='ltr'>‹liu</span> <span class='ocrx_word' id='word_1_580' title='bbox 358 2426 525 2458; x_wconf 82' lang='lat' dir='ltr'>fruuntur</span> <span class='ocrx_word' id='word_1_581' title='bbox 545 2419 773 2465; x_wconf 85' lang='lat' dir='ltr'>impunitate,</span> <span class='ocrx_word' id='word_1_582' title='bbox 801 2424 834 2451; x_wconf 88' lang='lat' dir='ltr'>et</span> <span class='ocrx_word' id='word_1_583' title='bbox 852 2415 1009 2449; x_wconf 89' lang='lat' dir='ltr'>iudicum</span> <span class='ocrx_word' id='word_1_584' title='bbox 1037 2427 1161 2447; x_wconf 87' lang='lat' dir='ltr'>manus</span> <span class='ocrx_word' id='word_1_585' title='bbox 1180 2415 1269 2447; x_wconf 70' lang='lat' dir='ltr'>etl‘u-</span> <span class='ocrx_word' id='word_1_586' title='bbox 1324 2415 1422 2450; x_wconf 86' lang='lat' dir='ltr'>ribus</span> <span class='ocrx_word' id='word_1_587' title='bbox 1442 2415 1589 2455; x_wconf 83' lang='lat' dir='ltr'>nostris,</span> <span class='ocrx_word' id='word_1_588' title='bbox 1617 2425 1739 2447; x_wconf 77' lang='lat' dir='ltr'>verum</span> <span class='ocrx_word' id='word_1_589' title='bbox 1757 2413 1919 2447; x_wconf 85' lang='lat' dir='ltr'>timorem</span> <span class='ocrx_word' id='word_1_590' title='bbox 1933 2411 2015 2454; x_wconf 76' lang='lat' dir='ltr'>Dei,</span> <span class='ocrx_word' id='word_1_591' title='bbox 2043 2413 2180 2448; x_wconf 75' lang='lat' dir='ltr'>firmam</span> <span class='ocrx_word' id='word_1_592' title='bbox 2197 2413 2315 2454; x_wconf 78' lang='lat' dir='ltr'>fidem,</span> 
     </span>
     <span class='ocr_line' id='line_1_47' title="bbox 278 2464 2317 2519; baseline -0.008 -9"><span class='ocrx_word' id='word_1_593' title='bbox 278 2478 366 2519; x_wconf 79' lang='lat' dir='ltr'>gisse</span> <span class='ocrx_word' id='word_1_594' title='bbox 392 2481 579 2519; x_wconf 80' lang='lat' dir='ltr'>putantur,</span> <span class='ocrx_word' id='word_1_595' title='bbox 611 2478 727 2505; x_wconf 88' lang='lat' dir='ltr'>tamen</span> <span class='ocrx_word' id='word_1_596' title='bbox 754 2481 817 2502; x_wconf 86' lang='lat' dir='ltr'>suo</span> <span class='ocrx_word' id='word_1_597' title='bbox 843 2477 998 2511; x_wconf 81' lang='lat' dir='ltr'>tempore</span> <span class='ocrx_word' id='word_1_598' title='bbox 1021 2466 1193 2500; x_wconf 56' lang='lat' dir='ltr'>«tinnitus</span> <span class='ocrx_word' id='word_1_599' title='bbox 1216 2477 1269 2498; x_wconf 88' lang='lat' dir='ltr'>re-</span> <span class='ocrx_word' id='word_1_600' title='bbox 1324 2467 1551 2511; x_wconf 83' lang='lat' dir='ltr'>patientiam,</span> <span class='ocrx_word' id='word_1_601' title='bbox 1577 2465 1790 2501; x_wconf 80' lang='lat' dir='ltr'>castitatem,</span> <span class='ocrx_word' id='word_1_602' title='bbox 1824 2470 1858 2498; x_wconf 87' lang='lat' dir='ltr'>et</span> <span class='ocrx_word' id='word_1_603' title='bbox 1881 2471 2033 2499; x_wconf 68' lang='lat' dir='ltr'>caeteras</span> <span class='ocrx_word' id='word_1_604' title='bbox 2059 2464 2207 2500; x_wconf 66' lang='lat' dir='ltr'>virtutes</span> <span class='ocrx_word' id='word_1_605' title='bbox 2228 2477 2317 2499; x_wconf 73' lang='lat' dir='ltr'>con-</span> 
     </span>
     <span class='ocr_line' id='line_1_48' title="bbox 280 2515 2315 2566; baseline -0.008 -5"><span class='ocrx_word' id='word_1_606' title='bbox 280 2525 470 2561; x_wconf 81' lang='lat' dir='ltr'>trabuntur</span> <span class='ocrx_word' id='word_1_607' title='bbox 493 2526 533 2557; x_wconf 86' lang='lat' dir='ltr'>ad</span> <span class='ocrx_word' id='word_1_608' title='bbox 560 2521 730 2566; x_wconf 73' lang='lat' dir='ltr'>supplicia</span> <span class='ocrx_word' id='word_1_609' title='bbox 758 2521 792 2552; x_wconf 86' lang='lat' dir='ltr'>in</span> <span class='ocrx_word' id='word_1_610' title='bbox 818 2517 882 2552; x_wconf 84' lang='lat' dir='ltr'>hac</span> <span class='ocrx_word' id='word_1_611' title='bbox 907 2519 977 2553; x_wconf 60' lang='lat' dir='ltr'>vita</span> <span class='ocrx_word' id='word_1_612' title='bbox 1001 2517 1191 2562; x_wconf 78' lang='lat' dir='ltr'>corporali:</span> <span class='ocrx_word' id='word_1_613' title='bbox 1235 2517 1268 2549; x_wconf 88' lang='lat' dir='ltr'>id</span> <span class='ocrx_word' id='word_1_614' title='bbox 1326 2518 1507 2552; x_wconf 72' lang='lat' dir='ltr'>venientes</span> <span class='ocrx_word' id='word_1_615' title='bbox 1522 2515 1696 2550; x_wconf 74' lang='lat' dir='ltr'>voluntati</span> <span class='ocrx_word' id='word_1_616' title='bbox 1714 2515 1876 2554; x_wconf 68' lang='lat' dir='ltr'>divinae,</span> <span class='ocrx_word' id='word_1_617' title='bbox 1912 2528 2018 2560; x_wconf 81' lang='lat' dir='ltr'>quam</span> <span class='ocrx_word' id='word_1_618' title='bbox 2035 2516 2071 2549; x_wconf 88' lang='lat' dir='ltr'>in</span> <span class='ocrx_word' id='word_1_619' title='bbox 2089 2527 2150 2550; x_wconf 76' lang='lat' dir='ltr'>sua</span> <span class='ocrx_word' id='word_1_620' title='bbox 2166 2515 2241 2559; x_wconf 69' lang='lat' dir='ltr'>lege</span> <span class='ocrx_word' id='word_1_621' title='bbox 2255 2528 2315 2550; x_wconf 77' lang='lat' dir='ltr'>ex-</span> 
     </span>
     <span class='ocr_line' id='line_1_49' title="bbox 279 2565 2314 2622; baseline -0.005 -11"><span class='ocrx_word' id='word_1_622' title='bbox 279 2578 436 2622; x_wconf 75' lang='lat' dir='ltr'>exempla</span> <span class='ocrx_word' id='word_1_623' title='bbox 455 2575 661 2621; x_wconf 78' lang='lat' dir='ltr'>quotidiana</span> <span class='ocrx_word' id='word_1_624' title='bbox 679 2572 883 2606; x_wconf 81' lang='lat' dir='ltr'>ostendunt.</span> <span class='ocrx_word' id='word_1_625' title='bbox 1325 2569 1448 2613; x_wconf 75' lang='lat' dir='ltr'>pressit</span> <span class='ocrx_word' id='word_1_626' title='bbox 1468 2567 1582 2606; x_wconf 86' lang='lat' dir='ltr'>Deus,</span> <span class='ocrx_word' id='word_1_627' title='bbox 1614 2567 1804 2601; x_wconf 76' lang='lat' dir='ltr'>accendere</span> <span class='ocrx_word' id='word_1_628' title='bbox 1821 2573 1851 2600; x_wconf 79' lang='lat' dir='ltr'>et</span> <span class='ocrx_word' id='word_1_629' title='bbox 1869 2567 2089 2603; x_wconf 76' lang='lat' dir='ltr'>coiifirmare.</span> <span class='ocrx_word' id='word_1_630' title='bbox 2142 2565 2237 2601; x_wconf 76' lang='lat' dir='ltr'>llaec</span> <span class='ocrx_word' id='word_1_631' title='bbox 2259 2567 2314 2601; x_wconf 84' lang='lat' dir='ltr'>in—</span> 
     </span>
    </p>

    <p class='ocr_par' dir='ltr' id='par_1_5' title="bbox 281 2617 2316 2719">
     <span class='ocr_line' id='line_1_50' title="bbox 382 2617 2316 2664; baseline -0.006 -2"><span class='ocrx_word' id='word_1_632' title='bbox 382 2628 566 2662; x_wconf 73' lang='lat' dir='ltr'>secundus</span> <span class='ocrx_word' id='word_1_633' title='bbox 590 2636 672 2659; x_wconf 79' lang='lat' dir='ltr'>usus</span> <span class='ocrx_word' id='word_1_634' title='bbox 693 2623 794 2664; x_wconf 72' lang='lat' dir='ltr'>Legis</span> <span class='ocrx_word' id='word_1_635' title='bbox 816 2629 881 2656; x_wconf 85' lang='lat' dir='ltr'>est:</span> <span class='ocrx_word' id='word_1_636' title='bbox 910 2633 969 2655; x_wconf 80' lang='lat' dir='ltr'>seu</span> <span class='ocrx_word' id='word_1_637' title='bbox 994 2620 1145 2653; x_wconf 78' lang='lat' dir='ltr'>secunda</span> <span class='ocrx_word' id='word_1_638' title='bbox 1170 2631 1269 2652; x_wconf 79' lang='lat' dir='ltr'>causa</span> <span class='ocrx_word' id='word_1_639' title='bbox 1298 2621 1302 2644; x_wconf 60' lang='grc' dir='ltr'><strong>ἵ</strong></span> <span class='ocrx_word' id='word_1_640' title='bbox 1324 2621 1441 2662; x_wconf 75' lang='lat' dir='ltr'>geutia</span> <span class='ocrx_word' id='word_1_641' title='bbox 1458 2620 1551 2653; x_wconf 83' lang='lat' dir='ltr'>dona</span> <span class='ocrx_word' id='word_1_642' title='bbox 1569 2625 1601 2652; x_wconf 88' lang='lat' dir='ltr'>et</span> <span class='ocrx_word' id='word_1_643' title='bbox 1618 2618 1786 2652; x_wconf 75' lang='lat' dir='ltr'>beneficia</span> <span class='ocrx_word' id='word_1_644' title='bbox 1803 2625 1898 2651; x_wconf 86' lang='lat' dir='ltr'>certo</span> <span class='ocrx_word' id='word_1_645' title='bbox 1917 2618 2020 2652; x_wconf 73' lang='lat' dir='ltr'>efficit</span> <span class='ocrx_word' id='word_1_646' title='bbox 2039 2618 2075 2651; x_wconf 86' lang='lat' dir='ltr'>in</span> <span class='ocrx_word' id='word_1_647' title='bbox 2093 2618 2198 2652; x_wconf 86' lang='lat' dir='ltr'>nobis</span> <span class='ocrx_word' id='word_1_648' title='bbox 2210 2617 2316 2658; x_wconf 67' lang='lat' dir='ltr'>Deus,</span> 
     </span>
     <span class='ocr_line' id='line_1_51' title="bbox 281 2666 2315 2719; baseline -0.005 -5"><span class='ocrx_word' id='word_1_649' title='bbox 281 2687 349 2719; x_wconf 76' lang='lat' dir='ltr'>est.</span> <span class='ocrx_word' id='word_1_650' title='bbox 392 2691 453 2712; x_wconf 78' lang='lat' dir='ltr'>cur</span> <span class='ocrx_word' id='word_1_651' title='bbox 479 2677 692 2719; x_wconf 67' lang='lat' dir='ltr'>Decologum</span> <span class='ocrx_word' id='word_1_652' title='bbox 725 2676 849 2707; x_wconf 84' lang='lat' dir='ltr'>docere</span> <span class='ocrx_word' id='word_1_653' title='bbox 875 2685 912 2706; x_wconf 83' lang='lat' dir='ltr'>ac</span> <span class='ocrx_word' id='word_1_654' title='bbox 938 2673 1070 2706; x_wconf 81' lang='lat' dir='ltr'>discere</span> <span class='ocrx_word' id='word_1_655' title='bbox 1095 2677 1270 2715; x_wconf 75' lang='lat' dir='ltr'>oporteat:</span> <span class='ocrx_word' id='word_1_656' title='bbox 1324 2683 1404 2705; x_wconf 89' lang='lat' dir='ltr'>cum</span> <span class='ocrx_word' id='word_1_657' title='bbox 1420 2671 1510 2706; x_wconf 74' lang='lat' dir='ltr'>serio</span> <span class='ocrx_word' id='word_1_658' title='bbox 1527 2677 1560 2705; x_wconf 85' lang='lat' dir='ltr'>et</span> <span class='ocrx_word' id='word_1_659' title='bbox 1578 2669 1742 2704; x_wconf 80' lang='lat' dir='ltr'>ardenter</span> <span class='ocrx_word' id='word_1_660' title='bbox 1756 2681 1793 2703; x_wconf 80' lang='lat' dir='ltr'>ea</span> <span class='ocrx_word' id='word_1_661' title='bbox 1809 2669 1975 2714; x_wconf 85' lang='lat' dir='ltr'>petimus:</span> <span class='ocrx_word' id='word_1_662' title='bbox 1998 2666 2208 2704; x_wconf 73' lang='lat' dir='ltr'>utChristus</span> <span class='ocrx_word' id='word_1_663' title='bbox 2224 2669 2315 2704; x_wconf 72' lang='lat' dir='ltr'>clare</span> 
     </span>
    </p>
   </div>
   <div class='ocr_carea' id='block_1_3' title="bbox 1308 812 2304 959">
    <p class='ocr_par' dir='ltr' id='par_1_6' title="bbox 1308 812 2304 959">
     <span class='ocr_line' id='line_1_52' title="bbox 1409 812 2301 857; baseline -0.002 -10"><span class='ocrx_word' id='word_1_664' title='bbox 1409 812 1479 847; x_wconf 87' lang='lat' dir='ltr'>Hic</span> <span class='ocrx_word' id='word_1_665' title='bbox 1497 825 1515 847; x_wconf 91' lang='lat' dir='ltr'>e</span> <span class='ocrx_word' id='word_1_666' title='bbox 1532 814 1676 857; x_wconf 83' lang='lat' dir='ltr'>regione</span> <span class='ocrx_word' id='word_1_667' title='bbox 1693 813 1883 851; x_wconf 89' lang='lat' dir='ltr'>intuearis,</span> <span class='ocrx_word' id='word_1_668' title='bbox 1920 819 1953 845; x_wconf 87' lang='lat' dir='ltr'>et</span> <span class='ocrx_word' id='word_1_669' title='bbox 1969 823 2134 855; x_wconf 77' lang='lat' dir='ltr'>agnoscas</span> <span class='ocrx_word' id='word_1_670' title='bbox 2152 813 2301 856; x_wconf 85' lang='lat' dir='ltr'>gratiam</span> 
     </span>
     <span class='ocr_line' id='line_1_53' title="bbox 1308 862 2303 908; baseline -0.003 -9"><span class='ocrx_word' id='word_1_671' title='bbox 1308 878 1368 900; x_wconf 87' lang='lat' dir='ltr'>seu</span> <span class='ocrx_word' id='word_1_672' title='bbox 1390 865 1599 899; x_wconf 86' lang='lat' dir='ltr'>beneficium</span> <span class='ocrx_word' id='word_1_673' title='bbox 1624 862 1773 898; x_wconf 83' lang='lat' dir='ltr'>Christi:</span> <span class='ocrx_word' id='word_1_674' title='bbox 1811 864 1906 907; x_wconf 86' lang='lat' dir='ltr'>quod</span> <span class='ocrx_word' id='word_1_675' title='bbox 1935 863 2059 906; x_wconf 77' lang='lat' dir='ltr'>gratis,</span> <span class='ocrx_word' id='word_1_676' title='bbox 2087 864 2122 897; x_wconf 89' lang='lat' dir='ltr'>id</span> <span class='ocrx_word' id='word_1_677' title='bbox 2147 871 2214 904; x_wconf 82' lang='lat' dir='ltr'>est,</span> <span class='ocrx_word' id='word_1_678' title='bbox 2242 874 2303 908; x_wconf 80' lang='lat' dir='ltr'>per</span> 
     </span>
     <span class='ocr_line' id='line_1_54' title="bbox 1310 911 2304 959; baseline -0.003 -10"><span class='ocrx_word' id='word_1_679' title='bbox 1310 916 1609 955; x_wconf 80' lang='lat' dir='ltr'>misericordiam,</span> <span class='ocrx_word' id='word_1_680' title='bbox 1637 921 1780 959; x_wconf 88' lang='lat' dir='ltr'>propter</span> <span class='ocrx_word' id='word_1_681' title='bbox 1798 912 1978 948; x_wconf 85' lang='lat' dir='ltr'>Christum</span> <span class='ocrx_word' id='word_1_682' title='bbox 1998 911 2166 948; x_wconf 83' lang='lat' dir='ltr'>habemus</span> <span class='ocrx_word' id='word_1_683' title='bbox 2180 914 2304 948; x_wconf 87' lang='lat' dir='ltr'>remis—</span> 
     </span>
    </p>
   </div>
   <div class='ocr_carea' id='block_1_4' title="bbox 1311 1015 2307 1205">
    <p class='ocr_par' dir='ltr' id='par_1_7' title="bbox 1311 1015 2307 1205">
     <span class='ocr_line' id='line_1_55' title="bbox 1312 1015 2306 1063; baseline -0.004 -11"><span class='ocrx_word' id='word_1_684' title='bbox 1312 1018 1401 1063; x_wconf 89' lang='lat' dir='ltr'>cepti</span> <span class='ocrx_word' id='word_1_685' title='bbox 1418 1018 1462 1051; x_wconf 89' lang='lat' dir='ltr'>ad</span> <span class='ocrx_word' id='word_1_686' title='bbox 1479 1015 1732 1050; x_wconf 87' lang='lat' dir='ltr'>haereditatem</span> <span class='ocrx_word' id='word_1_687' title='bbox 1750 1016 1873 1050; x_wconf 87' lang='lat' dir='ltr'>salutis</span> <span class='ocrx_word' id='word_1_688' title='bbox 1893 1023 2065 1056; x_wconf 72' lang='lat' dir='ltr'>aeternae,</span> <span class='ocrx_word' id='word_1_689' title='bbox 2092 1028 2167 1048; x_wconf 88' lang='lat' dir='ltr'>uon</span> <span class='ocrx_word' id='word_1_690' title='bbox 2184 1026 2306 1050; x_wconf 88' lang='lat' dir='ltr'>sumus</span> 
     </span>
     <span class='ocr_line' id='line_1_56' title="bbox 1311 1064 2306 1112; baseline -0.003 -9"><span class='ocrx_word' id='word_1_691' title='bbox 1311 1070 1413 1110; x_wconf 89' lang='lat' dir='ltr'>iusti,</span> <span class='ocrx_word' id='word_1_692' title='bbox 1454 1069 1490 1101; x_wconf 88' lang='lat' dir='ltr'>id</span> <span class='ocrx_word' id='word_1_693' title='bbox 1518 1075 1587 1112; x_wconf 87' lang='lat' dir='ltr'>est,</span> <span class='ocrx_word' id='word_1_694' title='bbox 1631 1067 1782 1110; x_wconf 85' lang='lat' dir='ltr'>accepti,</span> <span class='ocrx_word' id='word_1_695' title='bbox 1824 1078 1862 1100; x_wconf 91' lang='lat' dir='ltr'>ac</span> <span class='ocrx_word' id='word_1_696' title='bbox 1890 1066 2067 1110; x_wconf 77' lang='lat' dir='ltr'>placentes</span> <span class='ocrx_word' id='word_1_697' title='bbox 2090 1078 2207 1100; x_wconf 90' lang='lat' dir='ltr'>coram</span> <span class='ocrx_word' id='word_1_698' title='bbox 2230 1064 2306 1100; x_wconf 85' lang='lat' dir='ltr'>Deo</span> 
     </span>
     <span class='ocr_line' id='line_1_57' title="bbox 1311 1114 2307 1166; baseline -0.004 -12"><span class='ocrx_word' id='word_1_699' title='bbox 1311 1127 1455 1166; x_wconf 90' lang='lat' dir='ltr'>propter</span> <span class='ocrx_word' id='word_1_700' title='bbox 1479 1120 1612 1163; x_wconf 86' lang='lat' dir='ltr'>legem,</span> <span class='ocrx_word' id='word_1_701' title='bbox 1651 1118 1709 1152; x_wconf 88' lang='lat' dir='ltr'>sed</span> <span class='ocrx_word' id='word_1_702' title='bbox 1740 1123 1883 1162; x_wconf 86' lang='lat' dir='ltr'>propter</span> <span class='ocrx_word' id='word_1_703' title='bbox 1916 1117 2180 1162; x_wconf 74' lang='lat' dir='ltr'>propitiatorem</span> <span class='ocrx_word' id='word_1_704' title='bbox 2203 1114 2307 1152; x_wconf 84' lang='lat' dir='ltr'>Chri·</span> 
     </span>
     <span class='ocr_line' id='line_1_58' title="bbox 1313 1179 1419 1205; baseline 0 0"><span class='ocrx_word' id='word_1_705' title='bbox 1313 1179 1419 1205; x_wconf 84' lang='lat' dir='ltr'>stum.</span> 
     </span>
    </p>
   </div>
   <div class='ocr_carea' id='block_1_5' title="bbox 1294 2003 1298 2122">
    <p class='ocr_par' dir='ltr' id='par_1_8' title="bbox 1294 2003 1298 2122">
     <span class='ocr_line' id='line_1_59' title="bbox 1294 2003 1298 2122; baseline 0 793"><span class='ocrx_word' id='word_1_706' title='bbox 1294 2003 1298 2122; x_wconf 95' lang='lat' dir='ltr'> </span> 
     </span>
    </p>
   </div>
   <div class='ocr_carea' id='block_1_6' title="bbox 1297 2326 1302 2524">
    <p class='ocr_par' dir='ltr' id='par_1_9' title="bbox 1297 2326 1302 2524">
     <span class='ocr_line' id='line_1_60' title="bbox 1297 2326 1302 2524; baseline 0 391"><span class='ocrx_word' id='word_1_707' title='bbox 1297 2326 1302 2524; x_wconf 95' lang='lat' dir='ltr'> </span> 
     </span>
    </p>
   </div>
   <div class='ocr_carea' id='block_1_7' title="bbox 1298 2531 1303 2620">
    <p class='ocr_par' dir='ltr' id='par_1_10' title="bbox 1298 2531 1303 2620">
     <span class='ocr_line' id='line_1_61' title="bbox 1298 2531 1303 2620; baseline 0 295"><span class='ocrx_word' id='word_1_708' title='bbox 1298 2531 1303 2620; x_wconf 95' lang='lat' dir='ltr'> </span> 
     </span>
    </p>
   </div>
   <div class='ocr_carea' id='block_1_8' title="bbox 1309 960 2348 1010">
    <p class='ocr_par' dir='ltr' id='par_1_11' title="bbox 1309 960 2348 1010">
     <span class='ocr_line' id='line_1_62' title="bbox 1309 960 2348 1010; baseline -0.003 -9"><span class='ocrx_word' id='word_1_709' title='bbox 1309 968 1446 1002; x_wconf 90' lang='lat' dir='ltr'>sionem</span> <span class='ocrx_word' id='word_1_710' title='bbox 1472 972 1717 1010; x_wconf 88' lang='lat' dir='ltr'>peccatorum,</span> <span class='ocrx_word' id='word_1_711' title='bbox 1759 977 1881 999; x_wconf 88' lang='lat' dir='ltr'>sumus</span> <span class='ocrx_word' id='word_1_712' title='bbox 1912 965 2147 1003; x_wconf 77' lang='lat' dir='ltr'>reconciliati,</span> <span class='ocrx_word' id='word_1_713' title='bbox 2186 973 2220 999; x_wconf 89' lang='lat' dir='ltr'>et</span> <span class='ocrx_word' id='word_1_714' title='bbox 2248 977 2304 998; x_wconf 87' lang='lat' dir='ltr'>re·</span> <span class='ocrx_word' id='word_1_715' title='bbox 2346 960 2348 962; x_wconf 47' lang='grc'><strong>’</strong></span> 
     </span>
    </p>
   </div>
  </div>
 </body>
</html>
