2409 2915
205 678 359 724 PHIL.
389 681 533 725 MEL.
564 683 1037 728 ANNOTATIONES
1065 686 1131 728 1N
1159 684 1571 730 EVANGELIUM
1595 686 1925 730 ΜΑΤΤΗΑΕΙ.

851 840 1270 873 PRAEMONENDA.

53 902 296 970 Evangelium
317 930 478 962 Matthaei
499 931 690 963 Melanthon
722 934 889 964 enarravit
909 935 941 964 in
962 935 1075 966 schola
1096 931 1348 973 witebergensi
1369 941 1454 963 anno
1478 932 1563 963 1519
1592 936 1738 964 exeunte
1761 935 1796 962 et
1819 930 1902 964 1520
1923 933 2067 976 ineunte,

56 977 98 1009 de
121 988 186 1019 qua
207 982 413 1012 enarratione
435 980 604 1013 Lurkerus
631 984 683 1022 (T.
700 983 722 1012 1.
749 984 829 1022 Epp.
852 993 884 1023 p.
902 984 974 1015 124.
995 1001 1036 1007 -
1058 985 1090 1014 in
1119 985 1201 1023 Epp.
1230 983 1369 1013 Lutheri
1394 992 1414 1012 a
1437 981 1476 1012 de
1504 981 1619 1013 Weitio
1647 982 1743 1013 editis
1767 983 1859 1013 Tom.
1873 983 1896 1012 Ι.
1925 993 1956 1023 p.
1973 984 2064 1025 380.)

55 1027 87 1059 d.
110 1028 162 1060 18.
183 1029 283 1060 Decb.
309 1031 392 1062 1519
415 1033 565 1071 scripsit:
589 1032 718 1072 „Doleo
741 1042 793 1063 me
816 1043 879 1063 non
902 1043 1001 1073 posse
1024 1035 1079 1064 vel
1098 1042 1211 1064 omnes
1234 1033 1354 1063 fratres
1380 1032 1422 1062 ad
1445 1033 1618 1062 lectionem
1640 1032 1738 1062 theol.
1760 1031 1898 1072 Philippi
1920 1034 1951 1063 in
1973 1035 2067 1066 Mat-

55 1077 190 1110 thaeum
211 1079 291 1110 hora
313 1087 410 1112 sexta
432 1082 591 1112 matutina
614 1083 754 1113 mittere.
799 1083 943 1123 Superat
965 1084 1028 1114 iste
1043 1084 1223 1115 Graeculus
1247 1093 1298 1114 me
1321 1091 1450 1122 quoque
1468 1083 1500 1112 in
1523 1083 1595 1121 ipsa
1610 1081 1814 1121 'l'lieologia.’'
1855 1083 1931 1122 Ipse
1956 1091 2067 1116 autem

54 1129 247 1160 Melanthon
268 1131 301 1161 in
324 1133 418 1172 epist.
440 1132 482 1162 ad
505 1133 615 1163 Ioann.
637 1133 783 1163 Hessum
813 1133 858 1172 (d.
880 1134 932 1164 27.
953 1134 1047 1173 April
1072 1134 1170 1173 1520,
1193 1133 1260 1164 vid.
1283 1142 1384 1172 supra
1406 1133 1479 1162 Vol.
1502 1133 1526 1162 1.
1555 1142 1587 1171 p.
1610 1132 1696 1170 158.)
1727 1132 1821 1162 aliter
1847 1133 2004 1166 iudicavit
2026 1136 2067 1167 de

53 1186 117 1210 sua
138 1182 352 1212 enarratione.
397 1183 536 1221 Scripsit
559 1183 661 1212 enim:
700 1184 934 1221 „Matthaeum
957 1183 1100 1212 nondum
1122 1183 1260 1227 absolvi.
1303 1183 1376 1211 Nec
1397 1187 1466 1215 cst,
1502 1181 1589 1221 quod
1612 1181 1839 1211 annotationes
1861 1192 1920 1213 seu
1944 1185 2068 1218 scholia

53 1234 169 1260 nostra
190 1229 369 1261 desideres.
412 1232 554 1261 Brevius
573 1240 678 1270 aequo
694 1233 908 1262 tractavimus
923 1233 1170 1273 Evangelistam
1185 1232 1291 1271 magis
1315 1229 1620 1271 παροιμιαζόμενοι
1643 1240 1682 1261 ac
1704 1231 1936 1270 praeludentes
1953 1235 2067 1274 justae

55 1281 282 1311 enarrationi.”
302 1296 343 1303 —
387 1281 480 1311 Illum
502 1290 582 1310 vero
604 1281 636 1310 in
659 1282 764 1311 animo
787 1282 944 1312 habuisse
966 1282 1049 1312 hauc
1073 1282 1312 1312 enarrationem
1334 1281 1367 1310 in
1388 1281 1495 1311 lucem
1519 1282 1638 1321 edere,
1670 1282 1741 1321 ipse
1764 1283 1938 1321 professus
1960 1291 2012 1316 est
2035 1286 2067 1316 in

53 1340 106 1370 ep.
128 1330 170 1360 ad
193 1327 427 1361 Schwebelium
451 1330 482 1360 d.
506 1329 557 1360 11.
580 1330 682 1360 Decb.
706 1331 790 1362 1529
812 1331 902 1371 (Vol.
925 1332 948 1361 Ι.
972 1341 1003 1370 p.
1021 1332 1119 1371 128),
1143 1331 1219 1361 dum
1242 1331 1370 1360 scribit:
1393 1331 1512 1370 „Idem
1536 1341 1623 1361 nunc
1645 1332 1676 1360 in
1699 1332 1905 1363 Matthaeum
1928 1335 2068 1376 agimus,

52 1385 88 1410 et
110 1379 194 1410 sorte
217 1379 477 1410 Commentarios
499 1379 530 1409 in
553 1379 759 1410 Matthaeum
786 1381 1050 1421 publicabimus.''
1105 1380 1199 1419 Quod
1228 1385 1340 1410 autem
1371 1385 1489 1419 postea
1518 1388 1583 1409 non
1606 1379 1697 1410 fecit.
1745 1381 1792 1410 At
1813 1381 1915 1412 inscio
1937 1383 2069 1414 Melan-

51 1430 152 1461 thone
174 1439 205 1460 a.
228 1429 312 1461 1523
334 1430 505 1470 bibliopola
525 1429 608 1461 hacc
630 1430 770 1471 scholia,
806 1440 826 1461 a
848 1431 1043 1472 quibusdam
1066 1431 1226 1462 studiosis
1249 1431 1374 1461 calamo
1403 1435 1563 1472 excepta,
1598 1430 1631 1460 in
1660 1430 1768 1461 lucem
1791 1430 1910 1473 edidit,
1947 1435 1996 1465 sic
2016 1435 2070 1465 in-

51 1481 186 1521 scripta:

135 1539 172 1569 In
196 1538 414 1579 Evangelium
435 1537 597 1569 Matthaei
624 1539 853 1570 annotationes
882 1539 965 1570 Phil.
987 1540 1147 1571 Melanth.
1175 1539 1266 1580 (sine
1288 1539 1390 1579 loco).
1425 1538 1544 1570 Mense
1566 1537 1654 1569 Maio
1678 1538 1771 1570 1523.
1794 1539 1827 1571 8.
1849 1539 1922 1581 5¹!ae
1945 1542 1988 1582 pl.

53 1603 220 1635 Librarius
241 1613 358 1635 nomen
374 1613 470 1635 suum
493 1613 555 1633 non
579 1604 752 1644 professus
775 1610 838 1636 est.
860 1621 903 1627 —
948 1605 1039 1636 Idem
1062 1607 1152 1645 liber,
1175 1610 1293 1636 auctus
1317 1605 1448 1635 scholiis
1470 1605 1501 1634 in
1517 1604 1684 1634 historiam
1697 1605 1870 1644 passionis,
1893 1615 1978 1646 quae
1993 1615 2073 1639 vero

52 1654 298 1686 Melanthonem
320 1665 383 1685 non
406 1654 591 1684 habuerunt
613 1660 800 1696 auctorem,
822 1661 858 1686 ut
879 1656 1030 1685 librarius
1052 1656 1124 1695 ipse
1145 1655 1318 1695 professus
1342 1659 1411 1693 est,
1434 1653 1552 1693 prodiit
1574 1654 1689 1684 eodem
1711 1664 1813 1685 anno:

179 1729 419 1760 Annotationes
443 1728 525 1758 Phil.
548 1727 627 1757 Mel.
650 1728 681 1757 in
704 1728 922 1768 Evangelium
944 1728 1121 1765 Matthaei,
1149 1729 1212 1755 iam
1239 1737 1353 1756 recens
1375 1727 1408 1756 in
1432 1728 1573 1767 gratiam
1595 1726 1816 1758 studiosorum
1838 1728 1957 1760 editae.
1999 1730 2072 1762 Ha-

177 1783 302 1816 genoae
324 1783 382 1814 per
405 1779 451 1803 Iu.
474 1776 648 1804 Seccrium
673 1778 766 1805 1523.
790 1783 905 1805 mense
927 1779 1038 1805 Nux-b.
1082 1777 1129 1811 (8.
1158 1775 1233 1814 '7¹s2
1257 1775 1315 1814 pl.)

52 1851 192 1881 lterum:
221 1847 462 1877 Annotationes
491 1847 574 1877 Phil.
596 1847 675 1877 Mel.
702 1847 735 1877 in
757 1848 975 1890 Evangelium
997 1849 1159 1881 Matthaei
1181 1849 1279 1888 inque
1301 1846 1472 1879 historiam
1495 1848 1659 1887 passionis
1682 1849 1812 1883 domini.
1849 1852 2073 1895 Argentorati,

179 1907 293 1930 mense
315 1897 417 1928 Decb.
440 1907 523 1928 anno
547 1897 641 1928 1523.
670 1898 702 1928 8.

54 1973 172 2006 Porro:
201 1972 442 2004 Annotationes
463 1971 545 2002 Phil.
568 1971 647 2002 Mel.
670 1973 701 2002 in
716 1971 933 2012 Evangelium
948 1972 1108 2002 Matthaei
1130 1972 1163 2001 in
1185 1980 1280 2002 usum
1304 1970 1544 2010 proficientium
1565 1970 1596 2000 in
1612 1969 1747 2001 Christo
1772 1972 1803 2002 in
1827 1973 1932 2005 lucem
1955 1975 2073 2010 editae.

180 2021 413 2054 Excudebatur
435 2031 518 2052 anno
540 2022 767 2052 M.D.XX111.
790 2031 903 2052 mense
925 2024 1027 2054 Decb.
1050 2023 1081 2053 8.
1098 2039 1139 2046 -
1170 2022 1293 2062 (Extat
1314 2021 1346 2050 in
1370 2021 1565 2052 bibliotheca
1588 2021 1757 2062 Gymnasii
1780 2023 1946 2065 Gothani.)

54 2096 207 2129 Recusae
229 2097 260 2126 in
283 2096 435 2135 operibus
457 2096 614 2127 Melanth.
637 2097 817 2127 Basileens.
853 2097 942 2127 Tom.
961 2097 987 2126 1.
1011 2105 1042 2135 p.
1060 2095 1133 2125 131.

56 2171 220 2211 Denique:
249 2169 284 2198 In
308 2169 436 2209 Evang.
459 2169 576 2200 Matth.
599 2170 696 2209 inque
726 2170 910 2209 passionem
935 2168 1053 2198 domini
1077 2167 1214 2205 Philippi
1237 2166 1315 2196 Mel.
1338 2166 1581 2197 annotationes.
1633 2167 1717 2197 Item
1740 2168 1770 2198 in
1797 2170 1934 2200 eundem
1957 2173 2073 2203 Evan-

182 2220 334 2262 gelistam
357 2224 390 2249 ct
413 2219 444 2248 in
466 2219 588 2250 Lucam
612 2220 729 2250 eruditi
753 2219 923 2249 cuiusdam
946 2218 1059 2247 brevia
1083 2216 1211 2255 quidem
1234 2216 1293 2246 scd
1317 2215 1414 2247 docta
1437 2217 1560 2248 scholia
1584 2226 1658 2247 cum
1682 2218 1784 2256 praes.
1808 2220 1965 2252 Melanth.
2000 2224 2071 2253 lla-

183 2279 308 2312 ganoae
331 2279 388 2309 per
410 2270 456 2299 Io.
479 2267 651 2311 Secerium
675 2270 768 2301 1526.
789 2269 820 2300 8.
842 2285 885 2292 -
927 2267 1082 2298 Recusus
1105 2271 1158 2297 est
1179 2267 1259 2298 liber
1281 2267 1358 2298 ibid.
1383 2267 1475 2299 1531.
1505 2269 1534 2299 8.
1568 2267 1658 2307 19¹s‘4
1681 2267 1725 2307 pl.
1747 2284 1788 2289 —
1819 2269 1934 2309 (Hunc
1955 2272 2071 2303 librum

114 2325 122 2333 '
181 2330 247 2352 non
269 2319 440 2360 vidimus.)

139 2394 324 2427 Strobelius
346 2395 376 2424 in
399 2393 522 2424 libello:
567 2393 640 2425 §Bon
663 2391 895 2429 wielanwtbonss
918 2389 1111 2427 ffierbiensten
1135 2398 1186 2421 um
1210 2389 1254 2421 bie
1278 2389 1380 2430 beitige
1403 2388 1520 2427 &christ
1542 2399 1572 2428 p.
1592 2389 1660 2429 72,
1684 2395 1965 2433 commemoravit,
1989 2396 2071 2428 haec

58 2446 278 2477 Melanthonis
302 2445 432 2477 Scholia
453 2445 484 2474 in
507 2443 601 2473 ltalia
624 2452 752 2481 quoque
776 2451 893 2472 recusa
917 2451 1011 2479 csse,
1041 2445 1166 2470 mutato
1190 2441 1353 2479 paululum
1376 2439 1595 2469 Melanthonis
1624 2441 1752 2470 nomine
1782 2442 1812 2471 in
1836 2442 2068 2483 Ilippophilum

58 2494 310 2537 Melanqaeum,
332 2501 365 2526 ct
389 2491 563 2525 Danielem
588 2492 782 2524 Gerdesium
807 2492 837 2521 in
862 2501 923 2521 suo
946 2492 1042 2522 libro:
1085 2491 1286 2530 „Specimen
1311 2490 1423 2519 Italiae
1447 2488 1688 2518 Resorniatae”
1711 2492 1902 2529 scripsisse:
1939 2494 2069 2531 „Extat

58 2546 91 2576 in
112 2547 198 2577 hunc
220 2556 325 2586 usque
348 2545 433 2575 ‹liem
455 2545 486 2574 in
511 2543 619 2573 Indice
644 2543 796 2572 librorum
821 2542 1052 2581 prohibitorum
1074 2539 1265 2580 Hippophili
1288 2537 1481 2579 ssleltmyaei
1511 2538 1766 2569 commentarius
1795 2539 1830 2570 in
1855 2541 2069 2583 Evanyelium

61 2593 245 2632 Matthaei,
278 2598 360 2626 inter
383 2596 481 2625 libros
508 2594 703 2634 prohibitos,
740 2592 826 2624 uude
849 2592 1050 2633 colligimus,
1085 2592 1184 2622 etiam
1212 2592 1273 2621 sub
1296 2591 1357 2621 hac
1386 2589 1477 2619 larva.
1499 2588 1586 2618 illum
1613 2588 1877 2622 Melanchthouis
1899 2593 2014 2623 librum
2037 2595 2069 2625 iu

61 2643 183 2675 ltaliam
205 2655 281 2676 esse
306 2645 478 2677 delatum.''

113 2690 287 2726 Mens-in.
315 2692 418 2724 Ormi.
470 2690 554 2721 voi.
579 2689 674 2721 le.
1399 2681 1448 2716 34
