2409 2915
104 93 199 128 1061
380 90 462 126 XII.
523 87 918 126 ANNOTATIONES
947 87 1014 124 ET
1039 84 1322 122 CONCIONES
1350 86 1400 122 IN
1429 84 1610 125 EVANG.
1639 86 1853 125 IOANMS.
2030 94 2125 130 1062

101 178 138 211 id
156 185 206 212 est
228 178 429 221 cognitione
450 178 581 222 gloriae
604 174 690 216 Dei,
718 175 876 209 iusticiae
898 180 930 208 et
949 173 1086 208 miseri-
1137 172 1287 212 minem,
1314 173 1362 207 ita
1381 185 1475 208 nunc
1489 174 1552 208 ait:
1581 171 1634 208 Ex
1651 172 1727 208 Deo
1747 174 1822 209 nati
1836 182 1928 210 sunt.
1967 175 2040 210 Iam
2058 175 2124 212 hoc

101 229 242 262 cordiae
266 228 333 262 Dei
359 230 510 263 donatae
533 228 570 260 in
594 224 748 261 Christo.
802 225 860 260 Sic
882 226 1018 271 quoties
1043 226 1086 258 de
1137 224 1241 257 etiam
1264 224 1515 267 significantius
1538 232 1608 268 est,
1643 227 1738 270 quod
1761 226 1810 259 ait
1826 237 1871 259 ex
1886 225 1981 268 Deo,
2008 239 2082 262 non
2099 241 2122 262 a

99 280 314 313 renascendo
345 280 504 325 loquitur
534 277 724 321 scriptura,
776 277 964 310 damnatur
989 281 1086 309 vetus
1136 273 1228 315 De03
1256 286 1337 307 nam
1356 286 1396 307 ex
1415 273 1489 308 Deo
1507 276 1601 309 nasci
1624 283 1672 309 est
1699 276 1904 321 participem
1927 277 2001 311 fieri
2017 286 2123 314 natu-

98 330 262 364 nativitas
277 342 356 363 cum
373 330 537 363 omnibus
555 328 692 361 viribus
709 334 742 361 et
761 328 926 372 operibus
944 327 1087 360 suis.—
1136 337 1194 358 rae
1211 325 1304 365 eius,
1333 322 1399 358 hoc
1414 333 1481 366 est,
1509 326 1546 359 in
1571 327 1715 360 eandem
1742 327 1928 370 imaginem
1954 330 2123 364 transfor-

96 377 326 426 Sanguinem
354 387 453 414 vocat
477 379 674 413 naturalem
698 379 984 422 propagationem
1010 389 1085 410 car·
1136 375 1224 408 mari
1243 376 1460 419 speculantes
1477 377 1625 418 gloriam
1643 376 1790 411 domini.
1818 381 1852 413 2.
1865 377 2026 414 Corinth.
2039 379 2122 416 HL:

96 431 170 472 nis,
198 438 231 465 et
252 444 330 465 cum
354 431 456 470 dicit,
484 442 557 463 non
575 442 615 463 ex
632 429 865 472 sanguinibus
882 429 977 462 nasci
995 428 1084 461 filios
1135 426 1320 470 participes
1346 427 1420 459 fieri
1446 427 1551 466 lucis,
1584 427 1790 472 sapientiae,
1819 429 1993 470 veritatis,
2021 431 2122 465 iusti-

95 479 181 522 Dei,
209 482 352 516 damnat
369 481 405 514 in
422 488 534 515 totum
551 487 703 514 veterem
722 479 952 519 nativitatem,
979 480 1084 512 adeo·
1134 477 1206 510 ciae
1231 475 1298 510 Dei
1322 484 1386 512 etc.
1445 476 1540 511 Haec
1566 489 1704 511 necesse
1728 485 1778 512 est
1803 479 1928 523 spiritu
1961 481 2122 526 intelligi,

96 544 164 577 que
182 539 214 565 et
240 543 362 566 omnes
388 532 479 566 vires
504 538 670 571 naturae,
703 543 792 576 quae
815 530 974 564 naturali
1002 542 1084 573 pro-
1134 540 1178 561 ne
1193 528 1271 573 quis
1289 528 1439 566 iudicet,
1468 528 1572 562 talem
1592 529 1889 572 regenerationem
1907 541 1978 563 esse
1998 530 2121 566 huma-

94 583 279 626 pagatione
305 583 603 616 transfunduntur
633 582 671 614 in
696 582 866 616 sobolem.
927 580 1082 613 Proinde
1133 591 1196 612 nas
1214 579 1454 621 cogitationes.
1498 578 1586 612 Nam
1606 580 1666 624 qui
1685 592 1750 624 pro
1766 580 2037 622 cogitationibus
2053 580 2121 616 hu-

95 633 214 667 lumen
240 640 402 673 naturae,
430 634 582 667 liberum
607 632 795 666 arbitrium
817 629 910 664 nihil
929 631 998 664 nisi
1017 631 1083 664 im-
1133 629 1246 662 manis
1261 635 1397 663 tantum
1417 627 1534 671 habet,
1564 630 1592 663 is
1610 631 1704 664 filius
1720 637 1770 664 est
1788 642 1826 663 ex
1846 631 2026 666 voluntate
2041 634 2121 673 viri,

95 684 151 727 pia
167 685 338 718 vocabula
356 691 449 718 sunt.
1133 692 1204 713 non
1227 692 1266 713 ex
1285 679 1360 714 Deo
1382 686 1496 713 natus.

302 755 428 806 Neque
455 769 500 791 ex
529 755 714 790 voluntale
741 756 876 797 carnis,
1322 755 1376 790 Et
1413 755 1554 790 verbum
1585 768 1670 790 caro
1689 756 1838 803 sactum
1867 763 1927 791 est.

95 826 200 870 Quod
224 833 338 860 autem
363 826 469 867 dixit,
506 837 580 858 non
596 837 635 858 ex
652 825 900 868 sanguinibus,
936 834 1080 866 genera-
1234 824 1360 859 Elin-ari
1379 837 1502 870 queas,
1529 837 1591 858 cur
1616 837 1692 858 cum
1717 826 1760 857 de
1788 826 1946 868 ingressu
1966 827 2063 860 verbi
2084 828 2120 860 in

94 877 174 911 liter
189 878 333 911 damnat
355 884 536 917 naturam,
564 883 597 909 et
616 877 736 915 docet,
765 887 828 908 nos
846 886 968 907 omnes
985 874 1078 906 nasci
1133 877 1305 909 mundum
1325 883 1425 909 antea
1451 876 1595 916 dixerit,
1621 887 1692 909 non
1710 876 1808 919 prius
1824 877 1926 910 etiam
1945 878 1988 910 de
2005 877 2122 911 incar-

93 928 185 961 filios
206 928 308 962 irae..
345 927 446 961 Nunc
467 927 602 961 adiicit:
630 926 711 959 Non
733 938 773 959 ex
799 925 980 959 voluntate
1005 936 1079 957 car-
1134 927 1275 960 natione
1305 927 1442 960 locutus
1472 926 1527 961 sit.
1580 925 1808 970 Respondeo:
1847 926 2058 972 Quanquam
2079 929 2121 961 de

93 979 159 1014 nis.
208 978 338 1021 Quod,
375 990 576 1024 quanquam
602 990 641 1010 eo
664 977 855 1021 pertineat,
883 987 956 1008 non
985 976 1078 1008 nasci
1104 961 1108 1047 l
1132 977 1288 1020 ingressu
1318 978 1354 1010 in
1380 978 1553 1011 mundum
1575 977 1713 1010 locutus
1739 984 1807 1018 est,
1841 984 1960 1011 tamen
1987 979 2120 1019 omnia,

90 1030 181 1063 filios
195 1028 263 1063 Dei
282 1030 479 1068 carnaliter,
507 1036 623 1063 tamen
643 1028 783 1072 proprie
800 1024 888 1059 mihi
906 1025 1080 1070 pertinere
1104 1051 1107 1062 .
1132 1040 1219 1073 qnae
1242 1029 1284 1061 de
1307 1040 1346 1061 eo
1371 1029 1462 1062 dicta
1485 1034 1584 1068 sunt,
1613 1028 1655 1060 ad
1680 1028 1779 1061 verbi
1805 1029 2015 1071 potentiam,
2049 1042 2120 1063 non

90 1081 231 1114 videtur
247 1081 289 1113 ad
307 1092 384 1121 eos,
412 1080 471 1125 qui
496 1092 534 1113 ex
562 1079 739 1123 patribus,
777 1078 905 1123 quibus
930 1077 1080 1121 promis·
1104 1064 1107 1111 l
1132 1080 1175 1112 ad
1203 1078 1443 1112 infirmitatem
1470 1079 1584 1111 carnis
1610 1075 1743 1111 Christi
1767 1078 1889 1111 referri
1912 1080 2122 1121 debuerunt,

90 1132 141 1165 sio
164 1131 252 1165 facta
271 1138 338 1171 est,
371 1131 444 1165 nati
471 1137 569 1171 sunt,
604 1130 703 1175 quasi
725 1129 773 1162 sic
797 1129 903 1162 dicati
925 1128 1078 1172 primum
1104 1113 1107 1159 l
1132 1130 1212 1174 quia
1247 1142 1326 1162 caro
1352 1126 1485 1163 Christi
1525 1141 1596 1161 non
1630 1128 1827 1170 illuminat,
1862 1141 1935 1162 non
1957 1129 2120 1171 vivificat,

91 1194 198 1226 nego,
227 1182 318 1215 filios
335 1193 426 1221 esse,
454 1192 655 1227 quanquam
682 1186 782 1213 natos
808 1179 1000 1212 secundum
1018 1190 1079 1210 na-
1105 1220 1106 1227 ἵ
1132 1192 1203 1213 non
1224 1187 1381 1215 renovat.
1433 1179 1516 1213 Ideo
1531 1191 1625 1212 nunc
1642 1180 1781 1212 tandem
1811 1180 1853 1212 de
1876 1180 2122 1214 incarnatione

92 1240 226 1273 turam3
271 1233 398 1265 deinde
423 1229 488 1265 hos
511 1232 613 1265 etiam
639 1243 727 1274 nego
757 1230 847 1263 filios
881 1240 971 1269 esse,
1008 1229 1080 1273 qui,
1103 1229 1106 1261 ³
1132 1232 1308 1275 loquitur,
1346 1231 1404 1264 sed
1435 1237 1468 1264 et
1490 1227 1559 1263 hoc
1584 1236 1664 1273 apto
1689 1230 1813 1263 ordine
1843 1231 2038 1265 subiectum
2062 1239 2122 1272 est,

93 1295 294 1328 quanquam
321 1295 338 1316 e
363 1283 524 1327 patribus
550 1293 700 1327 quorum
726 1280 910 1324 promissio
936 1286 985 1312 est
1004 1279 1077 1311 nati
1103 1276 1106 1304 l
1132 1282 1233 1326 qnia,
1262 1282 1351 1315 sicut
1367 1281 1403 1313 in
1416 1279 1559 1314 Christo
1577 1281 1723 1313 verbum
1743 1292 1822 1313 caro
1839 1282 1967 1316 factum
1984 1288 2045 1321 est,
2073 1283 2122 1315 ita

89 1341 187 1374 sunt,
214 1341 330 1366 tamen
345 1334 526 1367 voluntate
542 1332 656 1365 carnis
674 1331 747 1364 nati
763 1337 856 1363 sunt.
896 1328 1078 1362 Postremo
1102 1305 1106 1363 l
1131 1333 1169 1364 in
1188 1332 1290 1364 nobis
1308 1332 1454 1365 verbum
1473 1343 1612 1364 carnem
1630 1331 1705 1364 fieri
1721 1338 1868 1375 oportet.
1922 1331 1960 1365 Id
1979 1333 2122 1366 demum

88 1384 203 1417 addit:
232 1383 304 1416 Nec
329 1395 368 1416 ex
385 1384 567 1416 voluntate
586 1381 672 1422 viri,
700 1382 735 1413 id
761 1387 826 1421 est,
860 1391 933 1412 non
955 1391 994 1412 ex
1016 1391 1078 1411 vo-
1131 1388 1180 1415 est
1206 1382 1355 1415 renasci.
1416 1380 1545 1423 Quoad
1578 1382 1745 1421 verbum,
1778 1380 1933 1415 humana
1958 1383 2121 1426 cogitatio

88 1435 223 1468 luntatc
239 1445 300 1467 seu
318 1434 465 1468 arbitrio
482 1431 649 1467 hominis.
703 1430 796 1464 Haec
815 1430 914 1464 tertia
933 1441 1079 1472 genera-
1131 1439 1266 1466 tantum
1287 1439 1352 1465 est:
1380 1431 1462 1465 Non
1484 1431 1547 1464 filii
1563 1430 1648 1472 Dei,
1675 1432 1734 1464 sed
1759 1431 1821 1464 filii
1846 1433 2038 1466 voluntatis
2054 1433 2122 1466 viri

86 1486 135 1519 tio
161 1485 346 1518 arbitraria
375 1492 441 1525 est,
479 1492 517 1518 ut
542 1495 610 1529 qua
638 1482 806 1528 proselyti
839 1493 872 1514 se
896 1482 938 1514 ad
964 1481 1076 1523 legem
1131 1495 1251 1517 sumus
1274 1481 1330 1528 45).
1391 1481 1522 1523 Porro,
1561 1482 1700 1515 omissis
1721 1479 1976 1527 philosophicis
1999 1484 2122 1528 dispu-

88 1535 203 1576 Musi,
235 1542 265 1568 et
296 1536 339 1568 ad
364 1535 534 1579 populum
559 1534 668 1567 Isra'e'l
697 1532 936 1566 conferebant.
1005 1530 1077 1573 Qui
1130 1534 1324 1567 talionibus
1352 1534 1394 1565 de
1426 1533 1692 1576 incarnatione,
1735 1533 1889 1567 breviter
1919 1534 1965 1567 ita
1998 1535 2123 1576 sentio,

87 1599 123 1620 se
142 1588 182 1620 fid
202 1586 372 1630 populum
397 1586 535 1619 fidelem
555 1585 738 1618 conserunt
758 1581 865 1616 hodie
884 1581 1004 1615 Iudaei
1023 1582 1077 1614 vel
1132 1583 1299 1618 Ioannem
1327 1583 1541 1617 ταπεινώσει
1571 1595 1693 1628 capere
1726 1583 1849 1624 nasci,
1885 1596 1964 1617 cum
1982 1584 2028 1631 46)
2054 1585 2120 1620 3512

87 1637 217 1677 Turci,
257 1634 295 1669 hi
321 1637 502 1670 voluntate
527 1633 679 1668 humana
706 1646 778 1667 non
802 1633 929 1678 spiritu
965 1632 1077 1666 renati
1130 1635 1287 1668 Verbum
1307 1647 1386 1667 caro
1404 1635 1533 1668 factum
1553 1640 1619 1674 est,
1648 1634 1683 1666 id
1709 1641 1779 1675 est,
1807 1635 1900 1679 quod
1921 1633 2043 1669 Esaias
2061 1636 2121 1677 ait,

86 1695 227 1721 externa
245 1687 290 1731 ⁴⁴)
307 1688 553 1721 observatione
570 1686 656 1729 legis
681 1685 916 1718 communiter
939 1689 1077 1716 utentes
1130 1686 1363 1719 novissimum
1379 1683 1585 1725 hominum3
1610 1691 1642 1718 et
1662 1683 1792 1718 Paulus
1808 1686 1844 1720 2.
1862 1684 1943 1719 Cor.
1962 1684 2022 1721 53:
2050 1685 2120 1720 Pro

86 1751 167 1773 cum
185 1740 315 1783 populo
334 1737 449 1778 fideli,
477 1749 550 1770 non
575 1744 656 1770 sunt
671 1736 734 1769 filii
750 1734 827 1769 Dei.
869 1733 977 1767 Vides
995 1745 1075 1777 ergo
1100 1745 1103 1764 ¹
1130 1737 1232 1769 nobis
1260 1742 1438 1780 peccatum
1459 1736 1569 1770 factus
1587 1742 1646 1769 est.
1687 1733 1734 1769 Et
1751 1734 1866 1770 Galat.
1885 1735 1964 1771 IlL:
1993 1735 2120 1770 Factus

86 1798 248 1825 naturam
277 1797 310 1824 et
335 1789 453 1822 omnia
493 1788 627 1827 studia,
674 1786 793 1819 omnia
827 1785 973 1820 consilia
1001 1785 1076 1817 eius
1129 1800 1192 1831 pro
1212 1787 1315 1820 nobis
1331 1786 1567 1820 maledictum.
1616 1785 1736 1828 Quare
1754 1798 1832 1819 cum
1851 1798 1990 1820 carnem
2009 1795 2121 1829 vocat,

85 1841 258 1876 damnari.
312 1839 471 1873 Primum
499 1839 560 1871 filii
579 1838 642 1872 Dei
667 1849 739 1871 non
764 1843 866 1877 sunt,
902 1835 963 1881 qui
987 1847 1075 1880 quo—
1128 1838 1285 1881 intellige
1309 1844 1497 1870 extremam
1524 1835 1809 1870 humiliationem
1827 1835 1979 1877 Christi,
2005 1839 2044 1870 in
2061 1849 2119 1871 ex-

85 1904 224 1937 cunque
252 1892 356 1925 modo
382 1890 574 1924 secundum
600 1896 760 1922 naturam
783 1893 993 1926 nascuntnr3
1022 1898 1074 1919 se·
1128 1898 1236 1923 trema
1255 1887 1503 1921 humiliatione
1529 1887 1772 1921 remissionem
1793 1889 1923 1932 peccati
1942 1888 1998 1920 vel
2016 1889 2118 1922 satis-

86 1943 222 1983 cundo,
247 1955 290 1975 ne
306 1941 359 1974 illi
383 1941 544 1987 quidem,
572 1940 690 1985 quiex
707 1938 865 1983 patribus
882 1938 954 1971 nati
974 1943 1073 1977 su1¹t3
1126 1940 1335 1977 factionem,
1370 1940 1527 1984 adeoque
1559 1938 1801 1971 effusissimam
1829 1935 2032 1972 charitatem
2057 1951 2119 1983 pa—

87 1993 210 2033 tertio,
238 2005 301 2026 nec
325 1993 395 2032 illi,
428 1991 489 2037 qui
513 1993 660 2024 eandem
684 1990 812 2033 legem,
842 1989 935 2022 idem
953 1985 1074 2021 Evan—
1129 1992 1210 2027 tris,
1246 1990 1305 2034 qui
1334 2002 1397 2033 pro
1423 1989 1525 2021 nobis
1551 1990 1661 2021 fitium
1687 1988 1850 2029 tradidit,
1877 1987 1983 2024 Rom.
2002 1988 2116 2025 vm:

85 2045 215 2087 gelium
236 2044 393 2083 discunt,
428 2043 596 2081 audiunt,
633 2042 821 2074 observant
846 2046 989 2072 externo
1011 2036 1074 2070 ha-
1127 2041 1305 2073 Videntur
1327 2040 1364 2072 in
1390 2036 1531 2073 Christo
1557 2037 1712 2072 thesauri
1739 2039 1948 2083 sapientiae,
1983 2040 2033 2073 ira
2050 2040 2116 2074 Dei

83 2097 170 2129 bitu.
224 2094 321 2127 Haec
352 2093 470 2126 omnia
493 2104 566 2125 uno
589 2091 696 2124 verbo
719 2091 808 2124 dixit
830 2089 960 2124 Psalm.
978 2087 1072 2122 XV·:
1127 2093 1293 2125 adversus
1315 2096 1513 2133 peccatum,
1554 2090 1745 2123 ineffabilis
1774 2090 2018 2123 misericordia
2047 2091 2116 2124 do-

83 2145 164 2180 Non
184 2144 401 2188 congregabo
418 2142 664 2176 conventicula
686 2153 806 2174 eorum
827 2141 870 2172 de
889 2139 1072 2181 sanguini-
1126 2143 1243 2175 nantis
1258 2141 1387 2180 filium,
1414 2141 1500 2173 adeo
1517 2146 1555 2173 ut
1575 2140 1674 2173 nullo
1702 2148 1859 2183 respectu
1884 2153 2029 2184 operum
2049 2154 2114 2174 ῃο..

83 2198 161 2231 buS.
214 2194 261 2229 Et
278 2194 384 2229 Rom.
402 2193 478 2226 IX·:
518 2192 599 2226 Non
623 2192 684 2236 qui
714 2202 832 2224 semen
856 2196 938 2223 sunt
956 2188 1073 2222 Abffi-
1124 2200 1276 2226 strorum
1302 2191 1464 2224 iustificet
1487 2197 1549 2224 etc.
1602 2189 1697 2223 Haec
1720 2188 1853 2224 Christi
1879 2191 2032 2234 cognitio
2058 2192 2112 2226 iu-

82 2246 148 2281 hae
167 2257 289 2281 omnes
307 2245 369 2278 filii
389 2250 484 2278 sunt.
1124 2243 1221 2277 sticia
1238 2249 1306 2283 est,
1334 2254 1405 2275 non
1433 2252 1508 2274 esca
1537 2241 1591 2273 vel
1617 2248 1736 2284 potus,
1769 2248 1830 2275 aut
1854 2242 2112 2288 qualiacunque

338 2319 412 2354 Sed
433 2330 479 2353 m·
505 2316 589 2352 Deo
614 2317 698 2350 nuli
723 2320 819 2351 sunl.
1123 2300 1275 2327 externa·

185 2387 258 2421 Iam
279 2395 359 2422 ante
375 2389 417 2421 de
439 2386 615 2420 nascendo
635 2385 766 2417 dictum
783 2389 849 2422 est;
878 2379 935 2414 hic
957 2380 1070 2414 addit:
1373 2365 1427 2398 El
1456 2364 1643 2398 '‘abilabil
1671 2366 1709 2398 ¹⁹7²
1739 2364 1854 2399 'mhi-5·

84 2437 136 2473 Ex
154 2439 250 2481 Deo,
279 2439 360 2484 qnia
379 2438 487 2472 solius
505 2436 571 2470 Dei
589 2446 677 2478 opus
703 2442 752 2468 est
776 2433 956 2466 renovatio
974 2443 1070 2465 crea·
1223 2435 1374 2469 Carnem
1405 2433 1501 2473 fieri,
1544 2440 1593 2466 est
1623 2434 1849 2466 maledictum
1875 2439 1906 2465 et
1932 2441 2107 2476 peccatum

84 2497 193 2524 turae.
248 2489 346 2523 Sicut
363 2501 443 2532 ergo
461 2495 562 2522 antea
586 2486 690 2519 dixit:
728 2484 768 2517 1¹1
793 2485 868 2528 59⁵0
894 2489 965 2515 0¹⁸³!
988 2482 1070 2522 vita,
1121 2489 1215 2529 fieri,
1252 2494 1289 2520 ut
1319 2485 1502 2520 tolleretur
1536 2484 1737 2517 maledictio
1762 2484 1797 2516 in
1833 2495 1937 2517 carne
1977 2491 2106 2518 nostra.

83 2541 181 2574 item:
210 2539 295 2574 Erat
319 2542 375 2574 lux
401 2551 502 2577 vera,
531 2549 619 2582 qnae
644 2536 821 2569 illuminat
846 2545 985 2568 omnem
1005 2530 1069 2565 ho·-

1092 2592 1096 2649 ἒ

1156 2631 1202 2657 ⁴5]
1222 2629 1270 2653 sed
1287 2627 1341 2658 filii
1361 2640 1393 2644 —
1411 2636 1447 2645 --
1464 2628 1576 2655 sunaus]
1603 2633 1656 2651 non
1679 2626 1808 2657 leguntur
1828 2625 1854 2649 in
1875 2625 1916 2650 ed.
1938 2626 2003 2650 Tul).

120 2678 168 2703 ⁴4)
188 2678 282 2701 secer.
300 2676 447 2700 extrema.
467 2672 603 2697 mendose.
1157 2665 1204 2691 46)
1223 2663 1299 2689 cum]
1320 2662 1384 2685 ΤυΙι.
1405 2661 1537 2728 ιιΐὶὸθιιιιει.
1586 2684 1589 2686 ,
