2409 2915
264 104 311 138 91
844 93 969 128 PHIL.
1008 90 1123 126 MEL.
1151 90 1360 127 SCRPITA
1388 87 1685 125 EXEGETICA.

265 187 467 233 acquiesco,
502 191 536 218 et
566 182 684 217 iudico
715 189 887 213 summam
914 177 1030 222 operis
1055 175 1123 211 hoc
1145 177 1252 210 modo
1278 196 1279 210 ;

615 231 745 265 Totam
780 229 983 262 concionem
1017 239 1090 261 esse
1121 225 1279 262 doctri-³

266 301 368 329 nam,
403 286 585 324 videlicet,
613 280 924 315 Adseverationem
950 280 993 312 de
1019 278 1254 323 providentia,
1278 305 1279 325 ζ

266 245 358 272 recte
390 235 573 271 distribui:

266 351 306 372 ac
335 336 582 372 refutationem
617 333 655 365 in
689 343 757 377 qua
789 329 1047 364 consolationes
1079 336 1179 369 sunt,
1222 334 1254 361 et

265 387 568 422 comminationes.

265 438 378 478 fusio,
404 436 552 481 imperia
575 440 695 468 tenent
712 430 874 466 homines
892 430 1034 470 iniusti,
1061 430 1122 475 qui
1138 428 1254 463 Deum

267 493 517 527 contemnunt,
543 486 672 519 florent
695 483 822 527 opibus
844 481 961 524 impii:
990 479 1146 514 Ecclesia
1162 486 1256 513 recte
1280 497 1282 532 ξ

222 550 225 551 ’
267 540 436 573 invocans
459 537 575 570 Deum
603 533 823 568 horribiliter
854 531 1040 575 premitur,
1074 544 1141 564 vox
1164 537 1256 564 recte

267 651 394 684 magna
416 638 605 672 multitudo
632 641 682 668 est
701 631 888 667 hominum
906 632 1178 673 insanabilium,
1204 638 1256 665 ta-

266 703 349 724 men
380 701 451 723 non
476 694 660 732 propterea
685 684 860 718 existimes
884 683 1018 716 nullam
1042 695 1114 716 esse
1137 682 1257 727 provi-
1282 723 1283 729 ἵ

267 741 441 775 dentiam:
477 738 536 771 sed
562 743 749 769 venturum
774 742 823 768 est
847 734 1018 767 iudicium
1046 734 1082 766 in
1108 745 1177 779 quo
1200 733 1258 766 fiet

268 799 449 825 aeternum
465 787 655 822 discrimen
671 787 847 819 bonorum
868 792 901 818 et
918 784 1105 820 malorum.

369 856 460 891 Sunt
491 862 524 888 et
560 852 820 887 consolationes
855 852 1025 892 intextae,
1060 852 1097 884 in
1129 851 1258 896 quibus

268 911 448 943 ducuntur
464 905 681 948 Argumenta
705 916 724 937 a
747 903 963 943 necessario,
994 915 1012 935 a
1037 902 1197 946 possibili
1225 908 1259 935 et

269 961 314 993 ab
343 958 433 992 utili.
500 955 589 990 Cum
623 965 760 987 necesse
788 954 831 987 sit
856 953 930 988 Deo
955 953 1119 993 obedire,
1153 952 1259 986 facias

269 1010 383 1044 officia
400 1007 614 1046 vocationis,
642 1005 844 1050 quicunque
860 1011 963 1037 erunt
979 1010 1134 1038 eventus.
1186 1002 1258 1036 Nec

270 1067 376 1095 erunt
398 1070 542 1104 prorsus
564 1057 654 1090 irriti
677 1062 834 1090 conatus.

270 1111 384 1150 canti,
418 1117 451 1144 et
478 1110 636 1148 labores,
671 1107 842 1151 pericula,
875 1106 1125 1150 impedimenta
1151 1112 1259 1148 reget,

269 1163 359 1196 sicut
377 1161 538 1195 Psalmus
556 1159 688 1204 inquit:
718 1157 935 1190 Commenda
947 1155 1021 1190 Deo
1040 1158 1132 1190 viam
1150 1163 1258 1194 tuam,

270 1220 302 1247 et
324 1224 424 1257 spera
447 1212 484 1244 in
507 1222 607 1248 eum,
636 1215 667 1242 et
692 1208 765 1251 ipse
785 1207 899 1242 faciet.
952 1207 1023 1241 Nec
1041 1219 1177 1251 semper
1193 1207 1259 1240 erit

269 1264 391 1297 infelix
415 1263 534 1299 labor,
561 1259 826 1304 respondebunt
840 1258 1031 1303 aliquando
1048 1257 1136 1292 boni
1154 1269 1259 1291 even-

268 1321 336 1348 tus.
398 1312 548 1357 Sparge,
588 1311 723 1355 inquit,
764 1321 889 1353 panem
921 1309 1016 1342 velut
1052 1309 1089 1341 in
1123 1320 1260 1353 aquam,

270 1365 352 1411 quia
382 1370 500 1397 tamen
533 1372 654 1394 rursus
680 1359 876 1394 inveniens.
937 1358 1032 1392 Mira
1057 1359 1172 1402 imago
1197 1365 1260 1400 est,

271 1416 369 1450 iubet
385 1424 545 1459 spargere
561 1412 748 1445 salutarem
767 1410 964 1444 doctrinam
980 1417 1012 1444 et
1029 1410 1174 1444 consilia
1185 1437 1194 1450 ,
1221 1421 1260 1443 ac

270 1467 298 1500 si
324 1477 449 1510 panem
476 1465 513 1496 in
536 1475 626 1509 aqua
642 1472 902 1507 spargeremus,
929 1461 990 1506 qui
1008 1461 1122 1506 perire
1138 1461 1189 1495 ibi
1206 1461 1260 1493 vi-

270 1519 385 1551 detur.
453 1515 522 1550 Sed
559 1514 686 1547 melius
724 1512 899 1556 promittit
930 1509 989 1545 hic
1021 1512 1260 1547 concionator.

271 1568 402 1613 Aliqua
420 1579 460 1599 ex
478 1572 574 1610 parte
592 1562 629 1597 hi
646 1564 697 1597 tui
715 1564 868 1603 labores,
896 1560 1091 1601 Ecclesiae,
1120 1563 1262 1607 patriae,

270 1617 468 1663 posteritati
501 1615 676 1659 profuturi
708 1621 811 1653 sunt,
855 1613 991 1646 etiamsi
1024 1626 1097 1647 non
1130 1614 1262 1657 poteris

270 1669 482 1703 constituere
510 1672 639 1699 statum
667 1664 806 1708 qualem
833 1664 1014 1696 constituit
1039 1663 1161 1705 Iosne‚
1196 1664 1261 1697 Sa-

269 1720 383 1759 muel,
414 1716 549 1755 David‚
584 1715 775 1754 Salomon,
813 1712 939 1752 Iosias,
975 1720 1009 1747 at
1035 1713 1165 1746 servies
1189 1714 1260 1747 uti—

269 1772 351 1805 liter
375 1777 434 1804 tuo
458 1769 554 1805 loco,
583 1766 673 1799 sicut
696 1765 733 1797 in
757 1764 885 1797 misera
909 1771 941 1797 et
965 1776 1129 1808 oppressa
1148 1764 1262 1808 patria

272 1821 469 1855 serviebant
488 1814 694 1853 Zacharias,
722 1814 866 1848 Simeon
893 1821 927 1847 et
949 1815 1009 1847 alii
1036 1813 1091 1847 his
1115 1815 1262 1849 inferio-

271 1883 343 1909 res,
368 1881 520 1914 quorum
537 1875 653 1901 tamen
671 1865 739 1898 suit
757 1865 882 1898 similis
900 1865 1074 1900 voluntas,

372 1937 556 1971 Postremo
579 1946 658 1968 cum
682 1945 753 1966 non
780 1933 994 1976 respondent
1019 1938 1182 1971 eventus,
1210 1938 1262 1965 ta-

272 2002 351 2024 men
384 1989 419 2021 in
446 1987 519 2022 Deo
548 1985 779 2030 acquiesciw,
814 1983 902 2016 scias
927 1983 994 2027 ipsi
1019 1990 1050 2016 et
1079 1983 1114 2015 in
1140 1982 1263 2015 officiis

271 2039 486 2079 vocationis,
521 2044 554 2070 et
585 2035 713 2068 deinde
746 2033 783 2066 in
814 2034 999 2066 eventibus
1024 2034 1262 2066 obediendum

271 2104 361 2131 esse,
387 2091 475 2123 sicut
492 2087 659 2131 scriptum
676 2091 741 2118 est:
771 2083 1023 2117 Ilumiliamini
1043 2084 1108 2117 sub
1127 2083 1262 2128 potenti

271 2155 378 2176 mauu
395 2140 475 2175 Dei.

621 381 699 416 Etsi
721 393 845 425 magna
871 387 920 413 est
946 380 982 412 in
998 377 1063 413 hac
1084 380 1152 412 vita
1171 391 1254 412 con-
1278 374 1281 395 ²

890 1053 1015 1088 Aderit
1034 1054 1130 1088 Deus
1154 1053 1257 1087 invo-
1283 1079 1285 1086 Α

2239 90 2289 125 92

1305 176 1415 209 ciatus
1447 174 1485 207 in
1513 187 1655 209 omnem
1689 175 1931 209 aeternitatem
1965 179 2058 207 certo
2092 175 2290 220 propositos

1304 237 1375 259 esse
1393 225 1505 259 novit.

1405 275 1517 309 Addit
1535 273 1703 308 Salomon
1727 282 1759 309 et
1773 276 2085 316 comminationes,
2110 276 2217 310 tradit
2232 287 2289 309 re-

1305 327 1436 370 gulam:
1463 325 1606 359 Atrocia
1622 325 1751 359 scelera
1767 326 1852 360 etin
1869 324 1934 360 hac
1951 327 2021 360 vita
2039 326 2172 371 puniri.
2209 326 2288 360 Non

1307 384 1355 410 est
1373 376 1534 416 iniustis,
1561 375 1679 420 inquit
1695 377 1811 410 evasio
1829 377 1866 409 in
1885 377 2029 421 praelio.
2084 376 2186 410 Item:
2212 374 2291 411 Etsi

1307 428 1521 461 differuntur
1551 438 1701 470 poenae,
1735 434 1852 461 tamen
1877 435 1971 462 certo
1996 435 2178 462 secuturae
2200 434 2291 462 sunt.

1306 479 1402 512 Bene
1418 478 1484 511 erit
1499 477 1707 512 timentibus
1720 478 1843 512 Deum.
1898 478 1950 511 Ac
1964 490 2186 525 nequaquam
2203 479 2293 512 bene

1281 564 1283 572 ,
1307 530 1371 563 erit
1397 529 1525 572 impio,
1554 540 1617 561 nec
1641 528 1809 562 diuturna
1836 529 1910 562 eius
1927 529 1997 563 vita
2014 530 2099 571 erit,
2126 530 2184 563 sed
2204 529 2294 562 sicut

267 590 471 623 docentium
497 594 531 620 et
556 587 648 619 bona
671 582 894 617 suadentium
918 593 1021 626 saepe
1039 588 1088 615 est
1105 581 1257 621 inutilis,
1281 579 1283 582 ⁴

1306 581 1434 615 umbra
1452 579 1636 614 evanescit.

1409 628 1502 663 Haec
1517 636 1599 664 sunt
1615 629 1798 674 praecipua
1815 630 1973 663 membra
1991 629 2028 662 in
2043 627 2109 663 bac
2126 631 2295 663 concione

1309 681 1519 717 Salomonis.
1574 679 1646 713 lam
1672 681 1764 725 apud
1790 692 1861 714 sese
1881 681 1992 714 lector
2009 687 2162 724 reputet,
2189 692 2294 725 quam

1282 761 1285 767 .
1309 734 1353 767 sit
1377 733 1476 766 utilis
1497 731 1676 772 doctrina,
1703 743 1792 776 quae
1816 732 1999 765 confirmat
2025 731 2060 764 in
2079 738 2197 764 mente
2215 743 2296 765 sen-

1282 781 1454 819 'tentiam
1488 783 1531 815 de
1563 782 1802 826 providentia,
1837 790 1869 816 et
1901 783 1943 815 de
1973 788 2121 816 venturo
2153 781 2296 822 iudicio,

1310 847 1398 880 quae
1420 833 1698 867 admonitionem
1719 834 1763 866 de
1781 833 1906 867 officiis
1922 833 2134 874 vocationis,
2161 839 2194 866 et
2212 845 2296 866 con-

1283 898 1284 903 ¹
1310 886 1500 919 solationes
1522 885 1565 917 de
1587 884 1854 918 difficultatibus
1873 892 1906 919 et
1923 884 2105 917 eventibus
2121 884 2298 928 proponit.

1284 944 1285 952 ¹
1309 936 1398 970 Nam
1417 935 1599 969 exordium
1617 935 1653 967 in
1672 935 1769 968 omni
1789 936 1886 978 gravi
1904 935 2157 969 deliberatione
2172 941 2222 969 est
2239 947 2297 968 co-

1309 987 1432 1031 gitatio
1454 987 1496 1019 de
1519 985 1741 1030 providentia
1767 993 1800 1019 et
1824 985 1957 1020 iudicio
1974 984 2060 1026 Dei,
2087 993 2120 1019 et
2139 987 2181 1019 de
2199 986 2299 1019 auxi-

1311 1039 1358 1072 lio
1377 1037 1511 1072 divino.

1413 1087 1507 1122 Sciat
1529 1094 1644 1120 autem
1668 1087 1777 1120 lector
1801 1093 1833 1120 et
1857 1084 1944 1127 hoc,
1971 1085 2033 1120 has
2058 1089 2243 1122 conciones
2260 1088 2298 1120 in

1310 1138 1464 1173 Ecclesia
1481 1137 1548 1172 Dei
1572 1137 1732 1179 recitari,
1760 1137 1821 1171 ubi
1847 1144 1967 1171 notam
1991 1150 2062 1171 esse
2079 1146 2217 1183 oportet
2234 1140 2299 1172 do·

1311 1190 1459 1223 ctrinam
1484 1190 1527 1222 de
1549 1189 1624 1221 veri
1648 1188 1713 1222 Dei
1740 1188 1982 1228 invocatione,
2018 1195 2051 1221 et
2076 1190 2118 1222 de
2141 1188 2299 1223 Redem-

1312 1246 1411 1285 ptore
1428 1239 1521 1273 Filio
1536 1239 1612 1272 Dei.
1666 1237 1871 1271 Praelucere
1888 1239 2104 1281 agnitionem
2122 1238 2205 1272 Filii
2223 1238 2301 1280 Dei,

1311 1298 1343 1324 et
1360 1290 1609 1334 Redemptoris
1633 1296 1771 1333 oportet
1796 1287 1850 1322 his
1876 1289 2078 1330 laboribus,
2106 1291 2148 1322 de
2171 1290 2300 1335 quibus

1311 1339 1396 1374 haec
1423 1341 1545 1374 concio
1570 1340 1744 1385 loquitur:
1774 1338 1822 1373 Ut
1845 1339 1918 1384 ipse
1940 1339 2110 1373 Salomon
2136 1338 2193 1374 hic
2219 1341 2300 1374 uni-

1312 1404 1447 1426 versam
1486 1391 1681 1425 doctrinam
1707 1388 1892 1424 ¹Ecclesiae
1922 1391 2084 1433 cognosci
2119 1398 2151 1424 et
2183 1391 2300 1425 audiri

1312 1443 1498 1487 praecipit,
1531 1449 1563 1475 et
1594 1441 1709 1475 cultus
1739 1441 1884 1474 inutiles
1909 1448 2002 1475 taxat
2026 1442 2208 1487 inquiens:
2241 1441 2302 1475 ln-

1312 1494 1473 1538 grediens
1490 1494 1634 1526 domum
1650 1491 1734 1531 Dei,
1759 1492 1882 1525 accede
1899 1499 1938 1525 ut
1953 1489 2104 1527 audias.
2168 1492 2302 1526 Melior

1313 1552 1362 1578 est
1396 1544 1616 1583 obedientia,
1658 1555 1762 1587 quam
1794 1543 1982 1576 stultorum
2016 1544 2198 1584 victimae,
2240 1545 2301 1589 qui

1313 1596 1475 1629 nesciunt
1494 1601 1665 1640 quantum
1684 1594 1811 1627 faciant
1829 1594 1922 1627 mali.
1977 1593 2084 1627 Vides
2098 1595 2303 1638 gravissime

1314 1647 1484 1691 praecipi,
1518 1652 1556 1679 ut
1578 1645 1774 1679 doctrinam
1801 1645 1837 1677 in
1862 1646 1968 1678 domo
1993 1643 2078 1686 Dei,
2107 1647 2141 1679 id
2169 1653 2237 1687 est,
2265 1646 2302 1678 in

1314 1709 1393 1729 vera
1426 1695 1581 1730 Ecclesia
1612 1702 1796 1729 sonantem
1827 1696 2030 1737 audiamus,
2073 1709 2161 1741 quae
2193 1703 2302 1730 totam

1314 1746 1535 1780 fundamenti
1553 1747 1751 1779 doctrinam
1768 1745 2020 1789 complectitur.
2066 1746 2154 1779 Nam
2171 1754 2201 1780 et
2218 1753 2302 1780 tunc

1314 1809 1452 1831 necesse
1483 1803 1556 1830 erat
1588 1796 1739 1829 discerni
1772 1807 1893 1829 verum
1918 1795 2032 1829 Deum
2065 1798 2109 1830 ab
2142 1797 2302 1831 omnium

1314 1848 1469 1891 gentium
1499 1847 1753 1880 commenticiis
1785 1847 2012 1885 numinibus,
2054 1855 2084 1881 et
2119 1849 2302 1891 oportebat

1315 1898 1566 1942 promissiones
1589 1898 1631 1929 de
1650 1896 1887 1940 Redemptore
1912 1904 2013 1930 notas
2032 1909 2122 1936 esse,
2153 1899 2301 1943 intelligi

1314 1949 1510 1982 doctrinam
1534 1949 1576 1980 de
1601 1947 1737 1980 iusticia
1763 1948 1856 1980 fidei.
1912 1947 2016 1981 'Nulla
2038 1950 2102 1983 suit
2122 1962 2236 1995 neque
2254 1958 2302 1984 est

1317 1999 1497 2033 Invocatio
1513 2005 1608 2041 grata
1626 1997 1700 2031 Deo
1712 2024 1719 2036 ‚
1750 1999 1815 2031 nisi
1834 2011 1930 2032 mens
1947 2008 2109 2043 agnoscat
2125 2013 2302 2035 summum

1314 2051 1536 2085 Sacerdotem
1570 2050 1803 2093 perferentem
1828 2057 1945 2084 nostra
1973 2058 2071 2088 vota,
2109 2059 2140 2085 et
2166 2059 2303 2086 nostros

1314 2101 1462 2144 gemitus
1480 2101 1521 2134 ad
1540 2107 1720 2134 aeternum
1739 2100 1890 2136 Patrem.

1417 2150 1537 2196 ltaque
1555 2158 1637 2184 tnnc
1656 2164 1795 2196 quoque
1805 2150 2002 2196 Prophetae
2013 2154 2186 2188 docebant
2200 2167 2304 2199 agen-

373 2208 451 2242 Non
479 2213 527 2240 est
551 2204 675 2239 similis
701 2211 898 2247 temporum
926 2202 1087 2241 fortuna,
1112 2209 1145 2236 et
1169 2201 1264 2235 Deus
1288 2209 1290 2216 '
1316 2209 1364 2236 tes
1396 2202 1649 2246 poenitentiam
1681 2203 1837 2246 accipere
1872 2203 2115 2238 remissionem
2146 2214 2303 2250 peccato—

273 2264 345 2307 ipse
363 2259 530 2304 praedixit
551 2257 699 2289 maiores
717 2254 948 2298 imperiorum
967 2261 997 2287 et
1016 2251 1192 2286 Ecclesiae
1209 2254 1263 2286 di-
1288 2265 1291 2297 ξ
1315 2265 1412 2293 rum,
1446 2253 1600 2297 reputari
1628 2253 1754 2293 iustos,
1789 2254 1914 2287 donari
1939 2254 2074 2298 Spiritu
2101 2264 2238 2293 sancto,
2273 2266 2302 2290 et

276 2311 504 2347 lacerationes
523 2310 558 2341 in
575 2315 726 2340 extrema
743 2313 880 2338 senecta
898 2304 1021 2337 mundi
1041 2305 1177 2337 suturas
1193 2316 1265 2337 esse
1288 2307 1291 2341 ’.
1316 2302 1481 2338 haeredes
1508 2315 1580 2337 csse
1608 2305 1697 2337 vitae
1715 2311 1876 2338 aeternae
1893 2312 1986 2338 certo
2005 2307 2128 2340 fiducia
2150 2306 2302 2342 Redem-

274 2375 378 2409 quam
410 2362 553 2394 fuerunt
581 2357 723 2391 Patrum
752 2364 783 2389 et
812 2353 1069 2400 Prophetarum
1097 2355 1264 2400 tempori·
1315 2356 1447 2400 ptoris,
1489 2368 1560 2388 non
1595 2362 1738 2399 propter
1767 2356 1944 2400 propriam
1979 2357 2207 2399 «lignitatem,
2247 2367 2305 2394 ant

275 2417 348 2449 bus.
390 2410 434 2447 Et
452 2418 569 2444 tamen
587 2407 765 2453 quaelihet
782 2414 875 2440 aetas
893 2407 1002 2439 multa
1020 2407 1132 2440 tristia
1150 2418 1264 2440 exem—
1316 2407 1436 2448 legem.
1485 2406 1598 2440 Fulsit
1617 2414 1731 2440 autem
1751 2405 1834 2439 haec
1854 2407 1981 2440 noticia
2003 2407 2250 2454 Redemptnris
2268 2411 2304 2445 in

275 2466 330 2509 pla
353 2463 469 2497 habet.
524 2460 592 2495 Sed
618 2471 712 2493 nunc
736 2470 902 2501 urgemur
921 2470 991 2490 non
1010 2457 1125 2491 solum
1143 2458 1265 2491 aetatis
1288 2434 1291 2507 l
1316 2459 1393 2491 aliis
1425 2458 1553 2501 magis,
1589 2458 1624 2490 in
1657 2458 1735 2490 aliis
1769 2458 1902 2496 ininius,
1938 2460 2039 2492 multi
2073 2461 2177 2494 etiam
2205 2469 2241 2495 ut
2268 2463 2303 2497 fit

275 2515 495 2552 infirmitate,
523 2512 581 2545 sed
603 2510 707 2543 etiarn
733 2510 826 2542 mole
853 2521 1069 2553 poenarum,
1096 2521 1185 2554 quae
1203 2521 1264 2542 cu-
1315 2510 1481 2542 omnibus
1514 2509 1686 2543 aetatibus
1718 2515 1855 2542 tantum
1888 2510 2109 2546 somniarunt
2143 2510 2304 2548 homines

275 2567 426 2600 mulatac
446 2570 527 2597 sunt
548 2569 692 2606 propter
709 2560 803 2593 idola
820 2567 852 2594 et
869 2560 935 2592 alia
953 2560 1091 2593 scelera.
1147 2558 1266 2593 Maior
1316 2560 1374 2593 illa
1404 2560 1591 2604 disciplina
1625 2559 1711 2603 legis
1745 2560 1854 2593 iustos
1881 2573 1973 2604 csse,
2007 2569 2038 2596 et
2063 2571 2198 2606 peccata
2226 2565 2302 2598 tolli

275 2618 378 2651 etiam
405 2616 439 2648 in
463 2613 604 2647 diabolo
627 2612 740 2645 rabies
758 2618 828 2651 est,
856 2610 1026 2644 sentiente
1046 2611 1114 2643 iam
1134 2611 1264 2645 instare
1315 2612 1526 2645 mactatione
1544 2611 1779 2646 victimarum.
1833 2611 1901 2645 Sed
1921 2619 2037 2646 tamen
2057 2613 2253 2660 Prophetae
2271 2624 2302 2651 et

276 2677 413 2712 tempus
436 2664 580 2699 extremi
608 2663 748 2702 iudicii,
776 2663 812 2695 in
837 2674 907 2707 quo
933 2661 998 2694 sihi
1019 2661 1168 2695 maiores
1185 2674 1264 2695 crn-
1315 2662 1416 2697 multi
1457 2674 1577 2697 eorum
1621 2662 1800 2696 auditores
1833 2664 1994 2698 custodes
2027 2665 2168 2700 fuerunt
2203 2680 2304 2703 verae
