2409 2915
0 124 8 151 ’.
48 114 121 154 557
296 115 376 153 XII.
429 111 820 152 ANNOTATIONES
847 112 912 149 ET
940 110 1217 150 CONCIONES
1245 113 1296 150 ΙΝ
1322 112 1507 151 EVANG.
1536 111 1814 150 ΜΑΤΤΗΑΕΙ.
1989 112 2065 149 558

47 201 159 236 ctrina
183 202 225 235 ad
252 213 316 235 nos
337 203 500 246 pertinet.
552 198 599 234 Et
616 199 803 243 diligenter
819 208 1029 235 mementote
1056 211 1060 249 ἑ
1084 200 1216 238 victor,
1241 207 1274 234 et
1296 201 1469 234 discamus
1490 212 1557 233 nos
1578 211 1718 245 quoque
1735 206 1897 244 oportere
1915 199 2065 232 vincere.

47 249 131 285 haec
150 253 240 286 dicta
258 251 443 285 Iohannis:
471 250 561 284 Ecce
575 262 684 293 agnus
702 249 781 284 Dei.
1056 253 1059 298 Ι
1084 249 1276 284 Vincemus
1292 259 1406 285 autem
1423 263 1495 283 non
1513 251 1597 288 soli,
1625 250 1699 284 sine
1715 251 1802 284 duce
1818 248 1977 289 Christo,
2005 251 2064 282 sed

152 303 254 336 ltem:
291 301 420 336 Omnis
446 301 648 347 quilcredit
677 301 713 333 in
740 300 891 343 Filium,
926 299 1030 336 habet
1055 305 1058 346 ξ
1083 301 1150 334 fide
1169 307 1202 334 et
1220 301 1443 335 invocatione
1464 300 1547 333 Filii
1567 299 1643 334 Dei.

46 354 154 388 vitam
170 361 355 388 aeternam.
1055 347 1058 362 ¹

148 403 212 437 His
237 403 336 437 dictis
361 403 608 435 confirmemus
633 414 715 440 nos,
742 409 775 436 et
799 403 947 437 sciamus
971 403 1028 436 Io—
1531 392 1614 427 ῙῙῙῙ·

2 445 11 455 .,
47 452 200 488 hannem
228 465 301 487 non
331 465 403 486 esse
434 455 614 486 doctorem
638 453 793 494 sutilem,
827 455 884 486 sed
909 466 926 486 a
954 453 1028 487 Deo
1182 452 1227 486 Et
1247 452 1408 486 mirabile
1427 459 1477 486 est
1495 452 1640 486 bellum.
1695 451 1835 485 Diaboli
1852 460 1932 487 sunt
1950 452 2063 497 Spiri-

45 505 207 545 missum,
233 511 266 537 et
290 505 493 537 mandatum
511 503 575 537 Dei
603 515 692 544 esse,
720 510 758 537 ut
783 504 814 537 ei
834 505 1025 539 credamus.
1081 511 1137 538 tus
1156 503 1388 547 potentissimi
1408 510 1440 537 et
1457 502 1678 540 astutissimi,
1706 500 1901 536 etEcclesia
1921 510 1966 535 est
1985 516 2063 536 coe-

45 555 128 588 ldeo
153 566 371 599 opponamus
398 551 566 587 Iohannis
588 555 810 587 autoritatem
832 553 1028 589 Pharisaeis
1081 561 1136 588 tus
1156 553 1342 587 hominum
1360 554 1679 587 infirmissimorum
1697 560 1729 587 et
1746 553 1951 593 stultorum,
1978 565 2063 596 pue-

45 605 193 645 nostris,
217 605 278 649 qui
299 605 423 639 dicunt
448 602 610 638 homines
635 605 760 638 mereri
785 606 1026 639 remissionem
1082 617 1223 643 rorum,
1261 605 1468 645 mulierum,
1511 611 1544 638 et
1574 604 1723 637 aliorum
1755 604 1964 637 miserorum
1999 601 2063 637 ho-

0 657 2 664 ’
45 655 195 699 propriis
210 656 386 699 operibus,
1052 629 1056 703 l
1081 656 1227 689 minum.
1279 655 1320 689 In
1341 653 1404 688 hos
1420 662 1596 697 grassatur
1613 655 1792 695 diabolus,
1818 661 1857 687 ut
1872 655 1900 688 si
1919 654 1986 686 viri
2005 666 2064 686 ro-

143 704 243 746 hem,
270 707 331 751 qui
347 708 536 740 obscurant
551 706 748 739 doctrinam
766 708 808 739 de
826 708 903 739 fide.
956 706 1025 740 Te·
1052 705 1056 761 ξ
1081 706 1173 740 busti
1205 706 1440 750 irrumperent
1470 706 1508 738 in
1539 712 1675 738 coetum
1709 705 1900 745 infantum,
1942 711 1974 737 et
2004 704 2063 737 alii

0 751 1 758 ¹
42 767 187 790 neamus
216 757 332 800 potius
362 755 452 790 hanc
483 756 773 790 consolationem:
812 756 941 790 Omnis
966 758 1027 802 qui
1052 763 1055 792 Ι
1080 757 1166 790 alios
1185 757 1381 801 arriperent
1397 764 1429 791 et
1444 756 1630 789 alliderent
1648 755 1850 798 parietibus.

0 826 1 835 κ
43 807 154 840 credit
182 807 219 839 in
246 806 396 848 Filium,
431 807 534 840 babet
564 808 669 840 vitam
703 816 888 841 aeternam.
950 807 1027 841 Hoc
1183 815 1223 849 ln
1239 816 1299 850 1311
1319 826 1435 860 pugna
1451 821 1568 848 tamen
1586 825 1649 846 nos
1665 814 1781 846 miseri
1798 813 1981 852 vincimus,
2004 813 2064 845 sed

42 857 175 890 dietum
192 859 353 901 congffllt
369 871 448 891 cum
467 858 568 891 dictis
585 856 718 892 Christi
736 866 768 892 01
787 858 904 892 pflUli³
933 858 1026 892 Haec
1080 879 1152 900 non
1190 867 1363 900 vincimus
1395 866 1523 899 nostris
1554 865 1709 905 viribus,
1752 865 1811 896 sed
1844 862 2065 895 invocatione

43 914 93 941 est
119 908 282 941 voluntas
301 908 384 949 Dei.
411 915 449 942 ut
471 909 586 942 omnis
610 909 668 953 qui
695 910 804 942 credit
830 910 866 942 in
883 909 1026 948 Filium,
1079 917 1162 950 Filii
1183 917 1268 957 Dei,
1297 918 1378 962 quia
1402 917 1480 950 mos
1497 917 1658 950 robustos
1676 916 1718 948 ab
1738 914 1931 948 infantibus
1947 913 2065 956 depel-

43 955 170 992 babeat
190 959 294 992 vitam
314 966 502 992 aeternam.
1080 968 1121 1003 lit
1141 968 1308 1013 quotidie,

143 1008 239 1042 Haec
256 1010 462 1054 principalia
479 1011 521 1043 de
539 1007 696 1042 Iohanne
712 1010 860 1053 cogitate
876 1011 1026 1053 diligen-

41 1065 114 1100 ter,
141 1066 173 1093 et
190 1059 265 1094 Deo
289 1062 416 1103 gratias
441 1061 549 1103 agite,
575 1062 668 1104 quod
695 1068 806 1094 servet
823 1058 1026 1100 Ecclesiam,

42 1116 75 1143 et
93 1117 208 1151 orate,
237 1118 274 1145 ut
292 1108 434 1155 posthac
453 1123 592 1156 quoque
609 1119 731 1144 servet.

1182 1026 1276 1060 Haec
1303 1028 1345 1060 de
1368 1025 1621 1070 applicatione,
1649 1024 1743 1069 quod
1769 1023 1957 1057 debeamus
1981 1035 2065 1056 cou-

1081 1090 1221 1111 currere
1242 1079 1284 1110 ad
1303 1076 1485 1111 Christum
1505 1076 1673 1109 victorem
1691 1076 1728 1107 in
1745 1073 1843 1107 omni
1861 1074 2064 1113 tentatione,

1082 1129 1235 1171 primum
1257 1128 1436 1162 discantur
1462 1127 1498 1159 in
1525 1124 1588 1159 hac
1612 1123 1778 1166 historia,
1804 1131 1921 1169 postca
1946 1125 2064 1157 videa-

1082 1186 1139 1212 tur
1155 1176 1314 1212 historia.

392 1242 529 1294 Caput
580 1243 676 1283 ΠΗ.
1183 1236 1271 1270 Tres
1294 1243 1376 1270 sunt
1403 1235 1610 1279 praecipuae
1633 1235 1908 1282 persecutiones,
1937 1234 2065 1278 quibus

1080 1286 1271 1321 Ecclesiam
1295 1286 1456 1320 diabolus
1472 1286 1698 1329 oppugnavit.
1751 1285 1886 1318 Harum
1906 1296 2065 1328 persecu-

201 1326 264 1358 De
290 1329 420 1358 tenta
433 1326 498 1358 ¹5⁰
510 1336 534 1358 η
545 1323 586 1358 ib
599 1336 648 1358 “S
675 1324 731 1358 Ch
746 1328 811 1359 ’'²⁴²¹''
822 1330 835 1358 ¹
847 1327 871 1358 ’.-
1080 1339 1218 1371 tionum
1234 1338 1309 1383 typi
1325 1336 1495 1381 propositi
1511 1343 1591 1369 sunt
1610 1337 1646 1368 in
1663 1347 1810 1379 persona
1826 1333 1973 1368 Christi.

1052 1284 1054 1314 l

1051 1321 1054 1362 l

414 1390 648 1423 Praefatio·
1134 1399 1166 1430 1.
1201 1395 1402 1429 Persecutio
1419 1394 1628 1438 corporalis,
1655 1394 1763 1426 fames
1780 1399 1812 1426 et
1829 1393 1973 1435 gladius.

1129 1450 1164 1483 2.
1198 1446 1398 1480 Persecutio
1415 1457 1476 1489 per
1494 1442 1661 1477 haereses.

1050 2409 1053 2424 ι

1051 2529 1054 2558 l

143 1457 357 1502 Quanquam
382 1457 461 1490 illae
479 1458 690 1491 tentationes
707 1469 852 1501 magnae
869 1465 969 1499 sunt,
993 1465 1026 1492 et

1131 1498 1165 1534 3.
1200 1496 1400 1531 Persecutio
1420 1507 1481 1540 per
1497 1495 1717 1529 manifestam
1735 1494 1945 1529 idolatriam.

41 1510 224 1549 obscurae,
252 1515 283 1542 ct
303 1520 374 1541 non
394 1508 476 1541 satis
494 1508 643 1551 intelligi
662 1514 722 1542 aut
737 1509 907 1542 declarari
923 1521 942 1542 a
958 1521 1025 1542 no-

0 1571 2 1575 *
39 1560 94 1593 his
110 1566 275 1604 possunt,
302 1566 418 1592 tamen
436 1571 506 1592 non
526 1566 608 1593 sunt
625 1559 754 1592 frustra
771 1560 937 1601 scriptae,
965 1561 1023 1593 sed

40 1611 175 1656 aliquid
201 1611 325 1643 docere
350 1621 414 1642 nos
439 1610 592 1652 Spiritus
616 1617 755 1643 sanctus
780 1611 908 1649 voluit,
945 1623 1023 1644 cum

41 1661 154 1694 voluit
173 1661 232 1692 illa
251 1672 376 1693 arcana
397 1660 513 1693 scribi.

142 1710 302 1744 Primum
325 1717 438 1744 autem
463 1708 529 1744 hoc
554 1717 718 1751 monent,
744 1711 838 1755 quod
858 1723 1023 1755 magnum

40 1763 85 1795 sit
115 1761 246 1794 bellum
277 1762 368 1793 inter
394 1760 522 1791 Filium
546 1762 616 1793 Dei
647 1768 679 1792 et
704 1761 904 1800 diabolum,
938 1763 1025 1794 sicut

41 1811 157 1846 statim
188 1811 224 1842 in
250 1808 379 1842 Genesi
405 1810 619 1853 praedictum
644 1816 710 1842 est:
747 1809 880 1842 Ponam
905 1811 1024 1843 inimi·

40 1862 143 1895 cicias
170 1861 262 1894 inter
289 1867 322 1893 te
353 1866 384 1893 et
416 1871 534 1893 semen
563 1860 731 1893 mulieris.
786 1860 864 1893 ldeo
890 1873 1025 1905 semper

42 1912 204 1946 diabolus
230 1909 420 1944 Ecclesiam
453 1911 547 1944 varie
577 1911 813 1955 oppugnavit,
848 1913 1024 1952 caedibus,

43 1962 240 2003 erroribus,
278 1969 312 1995 et
341 1961 460 1994 multis
492 1962 627 2005 magnis
658 1961 946 2003 confusionibus,
987 1970 1024 1997 ut

42 2013 170 2048 multos
186 2025 205 2046 a
224 2013 368 2046 veritate
387 2019 420 2045 et
438 2024 455 2044 a
475 2012 550 2045 Deo
567 2009 757 2046 abstrahat.

1198 1597 1252 1627 Ita
1272 1596 1419 1636 primum
1441 1597 1589 1626 tentatur
1614 1594 1765 1625 Christus
1787 1593 1825 1624 de
1850 1593 1943 1623 victu.

1181 1665 1218 1700 Si
1236 1679 1271 1699 es
1288 1666 1399 1699 Filius
1409 1665 1475 1699 Dei
1488 1692 1495 1705 ‚
1524 1666 1549 1698 si
1569 1677 1604 1698 es
1614 1664 1776 1705 Messias,
1801 1665 1877 1697 ciba
1893 1670 1936 1697 te.
1988 1663 2063 1697 Iro-

1079 1718 1136 1749 nia
1167 1724 1217 1749 est
1249 1718 1285 1748 in
1308 1717 1417 1749 dicto:
1450 1715 1517 1748 Dic
1539 1723 1576 1748 ut
1600 1716 1656 1748 isti
1680 1715 1812 1757 lapides
1835 1715 1920 1748 fiant
1947 1725 2052 1757 panes

1080 1766 1177 1811 quasi
1203 1767 1312 1806 dicat,
1339 1766 1487 1806 scilicet,
1516 1773 1553 1800 tu
1577 1779 1616 1799 ex
1643 1766 1820 1810 lapidibus
1844 1765 1975 1799 victum
2001 1763 2062 1797 ha-

1078 1817 1188 1851 bebis.

1180 1866 1279 1901 Sicut
1295 1878 1390 1899 nunc
1409 1867 1569 1900 esuriunt
1587 1865 1749 1899 Pastores
1768 1873 1801 1899 et
1819 1866 1880 1899 alii
1897 1866 2062 1904 ministri,

1079 1925 1112 1952 et
1128 1918 1231 1951 multi
1246 1917 1471 1951 deterrentur
1485 1930 1503 1950 a
1522 1916 1718 1950 ministerio
1735 1923 1876 1961 propter
1894 1916 2061 1960 inopiam.

1080 2016 1231 2049 Christus
1253 2015 1384 2056 opponit
1405 2014 1539 2046 verbum
1563 2015 1659 2053 Dei,
1695 2018 1726 2046 er
1745 2013 1810 2055 fide
1832 2025 1867 2045 se
1889 2018 2061 2046 sustentat.

1184 2086 1234 2120 lta
1261 2087 1361 2120 docet
1384 2097 1448 2119 nos
1462 2098 1602 2131 quoque
1623 2086 1804 2130 praeliari,
1833 2087 1976 2119 verbum
1995 2086 2061 2119 Dei

1079 2148 1265 2182 quaerere,
1292 2143 1325 2169 et
1350 2137 1499 2171 excitare
1521 2137 1644 2178 fidem,
1671 2145 1703 2170 et
1726 2137 1855 2170 intueri
1875 2137 1988 2179 ipsum
2008 2137 2060 2168 vi-

1079 2195 1220 2221 ctorem.
1273 2185 1376 2222 Tunc
1395 2200 1467 2221 non
1485 2188 1599 2221 solum
1618 2187 1831 2231 spiritualem
1850 2186 2062 2219 consolatio-

1080 2250 1160 2271 nem
1180 2236 1406 2280 habebimus,
1434 2239 1495 2272 sed
1514 2238 1617 2271 etiam
1637 2237 1842 2281 temporalia
1859 2237 1947 2269 mala
1966 2237 2061 2269 miti-

1078 2290 1266 2332 gabuntur.

512 2103 558 2140 ll.

145 2162 226 2197 Non
240 2163 324 2197 satis
339 2170 388 2196 est
403 2163 490 2196 scire
505 2170 691 2203 certamen,
719 2165 774 2197 sed
791 2165 894 2198 etiam
913 2165 1024 2197 scien-

44 2217 128 2250 dum
159 2221 225 2255 est,
258 2214 436 2259 quomodo
465 2214 635 2256 possimus
661 2216 810 2248 vincere.
882 2214 1025 2248 Praedi-

45 2273 138 2300 ctum
162 2272 212 2298 est
236 2264 362 2308 igitur,
393 2263 486 2308 quod
513 2263 626 2297 Filius
647 2265 710 2298 Dei
735 2266 778 2299 sit
807 2265 926 2298 victor.
980 2264 1027 2299 Et

0 2321 5 2330 '
43 2317 92 2351 sic
122 2315 240 2361 inquit
262 2313 426 2349 Genesis:
461 2312 588 2347 Semen
619 2315 776 2348 mulieris
807 2316 1026 2349 conculcabit

44 2373 148 2410 caput
165 2366 347 2410 serpentis.
393 2364 488 2399 Idem
514 2377 655 2408 prorsus
674 2366 710 2398 in
730 2363 795 2399 hoc
812 2366 905 2399 (licto
923 2367 1026 2400 intel-

43 2418 183 2461 ligitur:
233 2416 345 2450 Filius
381 2414 445 2449 Dei
487 2415 600 2456 venit,
652 2424 689 2450 ut
730 2417 884 2450 destruat
921 2429 1053 2461 opera¹

31 2475 188 2512 diaboli.

1103 2380 1178 2412 Non
1201 2379 1235 2410 in
1258 2378 1324 2411 solo
1344 2389 1430 2419 pane
1454 2378 1530 2409 viril
1552 2378 1658 2415 homo,
1696 2378 1753 2408 sed
1775 2378 1808 2409 ἰη
1833 2378 1921 2409 omni
1946 2376 2038 2408 verbo

1324 2421 1408 2463 quod
1426 2420 1572 2461 procedit
1594 2421 1632 2451 de
1655 2430 1710 2451 ore
1734 2420 1810 2451 Dei.

1183 2489 1313 2533 Magna
1345 2489 1536 2522 consolatio
1558 2495 1626 2528 est,
1659 2489 1752 2533 quod
1777 2488 1929 2531 primum
1955 2499 2060 2532 quae-

504 2559 570 2595 ΠΙ,
1052 2564 1053 2569 ,
1080 2542 1229 2575 rendum
1263 2541 1307 2574 sit
1339 2540 1485 2572 verbum
1513 2536 1607 2582 Dei,
1644 2546 1675 2572 et
1707 2539 1773 2571 fide
1803 2538 2058 2582 accipiendum.

476 2627 483 2634 ,
745 2626 752 2633 ,
791 2627 798 2633 ,
910 2626 918 2633 ,
1007 2626 1015 2634 ,
1051 2591 1054 2635 Ι
1079 2591 1176 2625 Haec
1203 2599 1252 2625 est
1277 2590 1383 2633 magis
1404 2601 1504 2623 causa
1531 2590 1640 2627 vitae,
1676 2601 1780 2633 quam
1810 2589 1981 2623 naturalia
2006 2589 2061 2622 in—

145 2627 228 2660 ldeo
260 2633 424 2660 narratur
447 2625 506 2660 hic
527 2639 641 2671 pugna
667 2624 798 2660 Christi
824 2633 855 2660 et
882 2626 1028 2666 diaboli,
1052 2640 1054 2666 g
1080 2649 1284 2677 strumenta·

49 2681 87 2709 ut
120 2677 315 2722 exemplum
356 2678 555 2718 videamus,
601 2678 695 2723 quod
729 2675 892 2711 Christus
924 2677 1054 2715 fuerit:
