2409 2915
292 83 367 120 665

297 168 479 203 hementer
503 176 603 199 orare
618 165 802 203 debemus,
828 170 868 198 ut
883 163 982 199 Deus
999 166 1156 200 destruat
1179 165 1284 205 idola,

299 221 422 264 perdat
455 218 654 251 defensores
683 215 881 260 idolorum,
918 222 951 249 et
972 216 1136 250 detrudat
1160 217 1282 249 diabo-

299 272 372 303 lum
397 270 435 301 in
461 268 531 301 ima
552 274 700 306 tartara,
727 273 765 301 ut
783 267 828 302 sit
845 266 883 300 in
899 266 1040 312 poenis,
1066 273 1099 301 et
1115 280 1186 301 non
1203 277 1284 312 pos-

299 321 341 354 sit
360 331 496 354 nocere.

399 369 452 404 De
488 367 554 403 hac
588 369 689 404 tertia
718 368 911 402 tentatione
941 368 1009 401 iam
1037 368 1187 402 sciamus
1214 374 1283 401 tam

299 433 465 465 magnum
489 421 622 454 bellum
648 427 782 454 motum
813 430 896 455 esse.
953 417 1126 453 Diabolus
1154 424 1286 462 pugnat

299 473 336 506 in
353 484 416 506 suo
433 478 544 513 coetu,
572 478 611 505 ut
626 471 775 504 retineat
797 470 910 511 idola,
936 475 970 503 et
987 471 1108 505 oculos
1123 469 1237 513 Papae
1253 475 1286 502 et

298 522 457 557 Caesaris
482 529 576 556 tenet
603 522 760 569 captivos
782 521 1016 555 admiratione
1033 527 1142 556 status
1167 519 1285 565 ponti-

299 574 367 608 ficii
387 581 419 609 et
436 573 549 619 pulcri
568 573 718 616 imperii.

398 623 431 658 E
460 630 582 658 contra
614 635 679 657 nos
708 623 768 669 qui
798 623 1007 657 confitemur
1041 621 1287 666 Evangelium,

300 675 491 708 clamamus
509 687 582 708 non
600 686 672 708 esse
688 674 782 708 idola
799 675 990 708 adoranda.

399 724 447 759 Et
481 738 555 759 non
590 725 785 769 poterimus
818 725 976 758 resistere
1011 725 1153 758 diabolo
1167 752 1175 765 ‚
1218 723 1286 756 nisi

302 775 405 810 etiam
415 775 529 809 Filius
549 774 616 810 Dei
636 776 728 809 inter
746 787 810 809 nos
825 776 1033 821 praelietur,
1054 783 1085 809 et
1102 775 1194 809 dicat
1212 775 1289 808 dia-

298 826 400 861 bolo:
429 826 529 860 Vade
545 834 639 861 retro
656 826 795 861 Satana.

399 876 582 911 Postremo
608 875 693 912 haec
719 879 789 911 duo
817 877 992 910 discamus
1015 888 1078 910 nos
1101 876 1287 920 praecipue

297 940 338 962 ex
354 925 418 962 hac
437 929 643 964 tentatione.

402 978 581 1017 Primum,
609 980 705 1023 quod
724 979 866 1024 quando
885 977 979 1011 idola
996 978 1178 1012 manifesta
1195 985 1288 1018 sunt,

299 1036 416 1075 postea
442 1042 515 1063 non
538 1029 583 1063 sit
606 1030 881 1075 disputandum,
915 1030 974 1062 sed
993 1029 1067 1062 zelo
1093 1029 1238 1074 spiritus
1255 1036 1287 1063 et

298 1082 449 1126 quadam
469 1081 731 1124 indignatione,
759 1080 966 1124 simpliciter
988 1080 1154 1124 fugienda
1177 1087 1209 1114 et
1227 1080 1288 1113 de-

298 1132 458 1165 testanda
481 1132 566 1165 sint:
596 1138 629 1166 et
649 1133 745 1177 quod
770 1131 957 1174 fugiendae.
980 1131 1051 1165 sint
1076 1131 1179 1165 etiam
1206 1131 1287 1164 illae

297 1183 456 1227 viperae,
488 1195 577 1228 quae
609 1189 774 1217 excusant
799 1182 913 1224 idola,
948 1182 1037 1216 sicut
1062 1194 1157 1216 nunc
1183 1182 1288 1216 multi

297 1234 383 1268 tales
400 1240 499 1272 sunt,
525 1234 585 1279 qui
608 1233 729 1278 pulcre
753 1234 907 1277 pingunt
927 1233 1074 1267 Missam
1097 1240 1130 1267 et
1153 1233 1287 1267 cultum

297 1284 519 1326 Sanctorum,
546 1291 579 1319 et
598 1285 678 1318 alia.
731 1284 836 1318 Tales
851 1285 1012 1318 diabolos
1025 1285 1211 1328 fugiamus.

400 1343 565 1378 Secundo
589 1344 758 1382 sciamus,
794 1344 887 1389 quod
916 1356 989 1377 non
1020 1344 1085 1377 soli
1113 1343 1287 1387 possimus

300 1394 446 1428 astutiae
472 1394 607 1428 diaboli
630 1395 809 1436 resistere,
837 1395 895 1428 sed
926 1395 1021 1440 quod
1045 1401 1204 1439 oporteat
1223 1406 1287 1428 nos

298 1451 414 1490 petere
432 1445 602 1479 auxilium
619 1444 699 1479 Dei.

400 1493 445 1530 Et
462 1496 565 1529 nobis
581 1508 821 1541 proponamus
837 1496 969 1529 dictum
988 1495 1024 1528 in
1044 1494 1191 1529 Genesi:
1221 1494 1286 1529 Se-

297 1559 376 1580 men
393 1547 551 1580 mulieris
567 1547 787 1580 conculcabit
804 1553 906 1590 caput
925 1547 1108 1591 serpentis.

398 1603 445 1639 Et
471 1617 566 1639 nunc
593 1618 694 1650 saepe
726 1606 824 1639 illam
857 1606 1128 1650 promissionem
1156 1606 1286 1649 cogite-

297 1668 386 1691 mus,
450 1656 495 1690 Et
537 1656 574 1689 in
613 1657 853 1691 consolatione
891 1669 955 1691 nos
989 1658 1031 1691 ad
1067 1659 1285 1704 precandum

297 1715 538 1741 exuscitemns.

400 1757 582 1793 Postremo
599 1765 676 1803 post
693 1758 856 1793 victorias
866 1760 1013 1793 veniunt
1032 1756 1145 1802 angeli
1163 1765 1195 1792 et
1211 1770 1286 1792 ser-

297 1809 409 1843 viunt.
464 1807 510 1843 Et
530 1822 732 1854 quanquam
757 1810 810 1842 illi
832 1811 959 1844 adsunt
982 1811 1088 1844 etiam
1111 1809 1146 1842 in
1172 1816 1286 1843 tenta-

298 1860 404 1898 tione,
433 1867 471 1894 ut
489 1861 759 1900 commilitones,
780 1867 895 1893 tamen
915 1868 990 1904 post
1011 1861 1192 1895 victoriam
1211 1873 1286 1893 ma-

296 1910 347 1954 gis
370 1911 527 1944 cernitur
552 1923 674 1944 eorum
705 1911 914 1958 praesentia.
975 1910 1079 1944 Tunc
1113 1912 1287 1946 laetantur

298 1962 480 1996 nobiscum
493 1986 502 1999 ,
530 1968 563 1995 et
579 1967 688 2005 agunt
704 1961 886 1995 nobiscum
906 1961 1034 2005 gratias
1051 1960 1137 1997 Deo.

399 2063 563 2099 Audiens
579 2067 684 2099 lesus
701 2063 908 2099 Iohannem
925 2075 1004 2099 esse
1021 2069 1182 2110 captum.

403 2138 578 2174 lohannes
613 2141 716 2173 initio
748 2140 962 2188 praedicavit
997 2142 1032 2173 in
1061 2141 1207 2182 Iudaea,
1242 2143 1284 2175 ad

300 2189 552 2232 &thahan-am,
585 2192 700 2236 coepit
722 2198 803 2225 ante
834 2191 1129 2235 praedicationem
1153 2191 1285 2228 Christi

298 2243 369 2276 fere
392 2254 502 2276 unum
528 2255 682 2282 annum,
710 2249 826 2286 postea
854 2242 1010 2277 discessit
1036 2255 1074 2276 ex
1095 2243 1220 2278 Iudaea
1250 2245 1284 2277 in

299 2293 515 2334 Galilaeam‚
542 2294 603 2327 ubi
627 2293 816 2337 baptizavit
839 2295 882 2326 ad
906 2293 1034 2328 Salem.
1089 2294 1140 2328 lbi
1167 2303 1286 2341 captus

297 2345 341 2379 ab
367 2343 529 2385 Herode,
563 2345 623 2378 (liu
647 2346 714 2379 suit
741 2345 777 2378 in
802 2356 949 2380 carcere.
1009 2343 1055 2379 Et
1086 2346 1286 2382 interfectus

298 2403 347 2430 est
363 2396 538 2440 completo
556 2397 708 2430 secundo
725 2408 818 2429 anno
836 2396 1105 2441 praedicationis
1120 2396 1265 2435 Christi.

401 2455 568 2490 Dicemus
594 2462 708 2488 autem
735 2456 778 2487 de
806 2454 967 2499 passione
994 2453 1162 2489 iohannis
1188 2457 1286 2497 alias,

299 2519 388 2551 qnae
410 2506 515 2540 etiam
540 2512 590 2540 est
615 2506 752 2549 insigne
777 2505 989 2551 exemplum,
1016 2508 1110 2552 quod
1139 2514 1286 2542 testatur

299 2555 490 2591 Ecclesiam
524 2557 714 2591 subiectam
744 2568 815 2590 esse
838 2558 951 2596 cruci,
989 2558 1076 2592 sicut
1100 2559 1215 2592 statim
1241 2560 1284 2593 ab

299 2608 388 2641 Abel
411 2609 539 2642 deinde
562 2608 671 2642 multa
697 2608 852 2652 exempla
871 2615 986 2643 secuta
1002 2617 1102 2651 sunt,
1129 2609 1282 2643 filiorum

301 2658 407 2693 lsrael
441 2660 475 2692 in
512 2658 687 2705 Aegypto,
727 2666 759 2693 et
791 2659 955 2705 deinceps
988 2660 1283 2706 persecutionum,

895 75 1020 112 PHIL.
1047 75 1163 116 MEL.
1191 75 1400 113 SCRIPTA
1427 74 1728 114 EXEGETICA.

2247 77 2320 115 564

1334 176 1424 208 quae
1447 171 1583 198 secutae
1607 170 1700 197 sunt.

1334 215 1371 247 in
1395 215 1525 249 nostris
1548 215 1731 259 periculis,
1766 214 1926 260 undique
1949 213 2054 247 nobis
2076 211 2194 247 hostes
2216 215 2322 250 mini-

1334 272 1456 300 tantur
1472 273 1535 300 etc.

1435 315 1598 360 Reliquit
1615 314 1787 350 Nazareth
1805 323 1838 350 et
1854 314 2028 349 habitavit
2044 315 2080 347 in
2090 312 2325 359 Capernaum,

1334 367 1490 401 fortassis
1513 367 1613 407 ideo,
1648 373 1688 400 ut
1711 374 1799 401 esset
1824 367 1952 407 tutior,
1988 366 2071 411 quia
2093 364 2251 400 Romani
2274 372 2325 400 te-

1335 425 1490 452 nuerunt
1512 415 1748 461 Capernaum.
1801 417 1856 451 lbi
1882 418 1948 451 fuit
1967 417 2162 458 Centurio,
2190 417 2233 450 de
2256 428 2326 462 quo

1336 469 1436 503 dicit:
1465 467 1547 502 Non
1564 468 1684 500 inveni
1700 474 1832 502 tantam
1852 469 1954 502 fidem
1974 469 2010 501 in
2027 467 2148 502 Israe'l.

1437 519 1571 553 Locum
1596 531 1636 552 ex
1660 517 1766 552 Esaia
1791 519 1930 559 citavit,
1964 526 1996 553 et
2020 520 2063 551 ad
2091 516 2181 551 hanc
2205 528 2327 550 narra-

1336 571 1470 604 tionem
1500 571 1760 608 accommodat,
1796 570 1931 604 etiamsi
1957 582 2036 615 pars
2061 569 2097 602 in
2120 581 2160 603 eo
2184 569 2261 602 loco
2284 569 2328 601 de

1337 621 1414 654 aliis
1438 618 1594 655 historiis
1618 620 1798 665 loquitur,
1825 622 1884 654 sed
1903 621 1976 665 ipse
1991 619 2114 654 Esaias
2131 631 2212 653 mox
2229 618 2329 653 addit

1337 672 1544 706 concionem
1569 673 1611 705 de
1628 671 1773 704 Messia:
1803 670 1962 716 Populus
1981 671 2043 716 qui
2062 672 2157 705 sedet
2173 671 2210 703 in
2229 677 2327 704 tene-

1338 723 1428 762 bris,
1453 723 1543 757 vidit
1559 723 1670 756 lucem
1688 734 1862 766 magnam.

1505 827 1664 860 Initium
1683 825 1988 870 praedicationis
2010 824 2161 860 Christi.

1439 900 1698 935 poenitentiam
1717 902 1816 945 agite.

1338 963 1445 996 gnum
1464 953 1614 987 coelum.

1441 1002 1536 1037 Haec
1553 1003 1598 1037 sit
1615 1003 1799 1047 praecipua
1816 1015 1895 1047 pars
1912 1004 2104 1039 concionis.

1871 900 2147 947 Appropinquat
2162 901 2256 935 enim
2275 913 2329 935 re·

1665 1106 1724 1140 De
1752 1107 2007 1141 Poenitentia.

1439 1181 1653 1226 Propositio.
1706 1180 1786 1216 Una
1818 1189 1851 1215 et
1883 1182 2001 1215 eadem
2036 1182 2248 1225 praedicatio
2279 1189 2330 1216 est

1337 1230 1524 1276 Evangelii
1549 1232 1632 1266 inde
1656 1245 1767 1278 usque
1788 1233 1832 1266 ab
1855 1232 1958 1266 initio
1982 1239 2060 1276 post
2077 1232 2213 1277 lapsum
2230 1230 2331 1267 Adae

1338 1283 1430 1317 edita
1463 1284 1716 1327 promissione,
1751 1284 1839 1317 sicut
1871 1281 1928 1317 hic
1954 1280 2117 1317 Christus
2142 1283 2331 1328 praedicat.

1340 1333 1390 1367 lta
1420 1346 1564 1378 prorsus
1590 1335 1626 1367 in
1651 1334 1820 1368 Paradiso
1845 1335 1999 1378 primum
2023 1334 2186 1378 obiurgat
2207 1347 2330 1379 pecca-

1338 1391 1432 1426 tum,
1458 1392 1576 1429 postea
1603 1385 1701 1419 addit
1724 1385 2014 1419 consolationem.

1339 1434 1529 1481 Apostolos
1545 1437 1765 1482 praedicare,
1792 1436 1908 1471 Lucae
1925 1436 2062 1470 ultimo.

1811 1529 1857 1565 ΙΙ.

1442 1588 1532 1623 Sunt
1561 1597 1676 1624 autem
1709 1590 1799 1622 duae
1831 1595 1945 1634 partes
1969 1589 2181 1634 principales
2208 1589 2330 1634 poeni·

1338 1640 1468 1674 tentiae
1487 1641 1540 1673 vel
1558 1640 1811 1676 conversionis,

1440 1690 1636 1732 Contritio,
1662 1692 1705 1724 de
1729 1689 1794 1725 hac
1815 1691 1915 1725 dicit:
1944 1690 2204 1726 poenitentiam
2227 1692 2330 1736 agite,

1337 1741 1420 1785 quia
1452 1742 1607 1784 primum
1638 1749 1777 1784 oportet
1808 1743 1906 1784 argui
1930 1747 2129 1785 peccatum,
2163 1748 2201 1775 ut
2225 1742 2328 1777 dicit:

1338 1791 1494 1835 Spiritus
1514 1798 1654 1825 sanctus
1671 1798 1790 1834 arguet
1805 1793 1990 1826 mundum.
2047 1790 2147 1825 ltem:
2176 1791 2247 1827 [bi
2265 1790 2328 1827 ha—

1338 1842 1465 1876 bitabit
1483 1841 1684 1876 Dominus?
1713 1841 1753 1875 ln
1772 1842 1898 1885 spiritu
1917 1842 2082 1877 contrito.

1441 1892 1521 1926 Non
1550 1893 1658 1937 placet
1684 1891 1758 1926 Deo
1781 1893 1966 1933 securitas,
2003 1893 2073 1926 imo
2096 1900 2136 1927 ut
2161 1894 2329 1929 securita-

1338 1951 1406 1978 tem
1426 1944 1528 1977 nobis
1547 1944 1716 1981 excutiat,
1742 1943 1889 1978 subiecit
1906 1942 2099 1978 Ecclesiam
2118 1944 2225 1980 cruci.

1800 2035 1863 2071 111.

1441 2096 1603 2131 Secunda
1623 2107 1701 2140 pars
1725 2103 1774 2130 est
1792 2096 2003 2137 consolatio,
2032 2104 2070 2132 ut
2089 2097 2124 2131 in
2144 2096 2329 2141 Paradiso;

1338 2147 1466 2183 Semeu
1484 2149 1643 2182 mulieris
1659 2148 1879 2182 conculcabit
1895 2156 1997 2192 caput
2017 2149 2200 2196 serpentis.

1441 2197 1486 2234 Et
1525 2198 1685 2235 Christus
1726 2199 1893 2243 praecipit
1924 2199 2120 2244 Apostolis:
2164 2200 2328 2244 Quorum

2067 1382 2114 1420 Et
2137 1386 2186 1420 sic
2209 1385 2330 1420 docuit

1311 2283 1312 2288 ,
1338 2250 1544 2285 remiseritis
1565 2257 1720 2295 peccata,
1749 2250 1979 2284 remittuntur
1997 2251 2057 2286 eis.

1440 2301 1486 2336 Et
1509 2300 1583 2336 hic:
1612 2302 1887 2347 Appropinqnat
1903 2313 2050 2345 regnum
2067 2303 2263 2345 coelorum,
2292 2304 2327 2338 id

1338 2361 1404 2394 est,
1433 2353 1592 2387 remissio
1611 2359 1854 2398 peccatorum,
1882 2351 2020 2387 iusticia
2033 2352 2187 2399 Spiritus
2205 2355 2327 2396 sancti,

1338 2405 1408 2439 vita
1427 2411 1567 2438 aeterna
1588 2412 1732 2449 propter
1747 2401 1941 2438 Christum.

1439 2455 1540 2489 Hanc
1571 2455 1848 2489 consolationem
1882 2455 2075 2497 discamus,
2110 2464 2143 2491 et
2166 2467 2324 2502 oppona-

1336 2518 1415 2541 mus
1448 2507 1614 2541 omnibus
1646 2506 1794 2539 miseriis
1827 2503 2009 2547 humanis,
2043 2507 2178 2542 etiamsi
2204 2518 2324 2541 sumus

1336 2558 1476 2597 afflicti,
1502 2565 1534 2592 et
1564 2569 1582 2591 a
1611 2558 1770 2603 tyrannis
1794 2558 2006 2599 occidimur,
2036 2565 2149 2593 tamen
2175 2557 2325 2591 sciamus

1335 2621 1400 2643 nos
1424 2617 1566 2655 propter
1579 2606 1760 2643 Christum
1780 2608 1910 2642 Filium
1929 2608 1994 2643 Dei
2011 2609 2115 2655 recipi
2133 2621 2149 2643 a
2168 2607 2262 2649 Deo,
2291 2615 2324 2643 et

1335 2661 1442 2695 factos
1461 2673 1532 2696 esse
1551 2658 1717 2695 haeredes
1735 2660 1825 2694 vitae
1842 2667 2010 2695 aeternae.

1752 160 1798 197 Et
1822 174 1917 197 nunc
1941 163 2139 207 exemplum
2164 163 2322 200 videmus
2375 166 2383 170 “

2376 998 2398 1013 'J
2371 739 2401 984 asspassssss‘ssw
2370 682 2389 727 ἶ*
2371 659 2379 669 ⁶
