2409 2915
244 60 284 93 11

242 143 338 189 gelii.
389 135 619 182 Philosophia
636 141 669 169 et
686 132 840 168 humana
861 130 951 164 ratio
969 130 1070 163 aliter
1086 129 1130 162 de
1147 141 1227 162 cau-

241 195 288 229 sis
325 192 448 226 mortis
483 196 517 223 et
547 186 783 221 humanarum
811 181 1050 216 calamitatum
1086 179 1228 217 iudicat,

243 255 349 291 quam
380 253 447 275 vox
476 236 675 280 Evangelii.
736 233 882 268 Necesse
919 239 969 265 est
999 237 1114 264 autem
1147 230 1228 263 sciri

243 305 381 334 causas,
406 296 549 336 propter
573 298 659 332 quas
683 284 841 318 Ecclesia
867 282 1023 316 subiecta
1048 287 1099 314 est
1124 280 1228 314 cruci.

243 345 381 379 Deinde
397 349 429 375 et
447 340 515 373 loci
533 336 814 372 consolationum
829 330 1067 379 philosophici
1080 338 1112 365 et
1122 343 1228 365 evan-

244 395 345 439 gelici
370 389 575 426 conferendi
600 394 694 422 sunt.
748 385 987 420 Discernenda
1008 389 1041 417 et
1060 383 1228 427 patientia

243 443 444 480 Christiana
460 448 493 476 et
512 435 765 485 philosophica.

294 539 435 574 Beatus
452 535 560 572 homo
575 534 640 583 qui
656 533 790 567 incenit
809 531 1032 579 sapientiam
1051 536 1112 567 etc.

347 617 455 653 Redit
475 616 518 649 ad
543 623 747 648 communes
768 609 1051 651 adhortationes,
1075 622 1113 643 ac
1130 621 1229 653 prae-

246 670 347 714 cipit,
374 675 413 701 ut
436 667 610 700 discamus
634 663 830 697 doctrinam
856 674 873 695 a
891 659 966 695 Deo
986 661 1169 701 traditam,
1196 666 1230 694 et

245 721 275 754 ei
300 719 523 755 obediamus,
559 727 623 749 nec
649 714 883 748 anteferamus
908 719 1064 745 nostram
1089 712 1230 755 sapien—

245 771 330 805 tiam
361 776 421 803 aut
452 767 697 806 calliditatem,
733 771 765 798 et
799 763 896 797 addit
921 763 1172 807 promissiones
1198 768 1230 795 et

245 819 546 855 comminationes.
598 815 693 849 Haec
710 815 829 848 omnia
846 819 1076 858 opponuntur
1091 814 1230 857 sapien-

245 873 312 905 tiae
341 868 534 909 humanae,
569 879 657 913 quae
687 864 916 900 audacissime
942 864 1033 898 ludit
1056 864 1230 907 fingendis

245 921 475 967 opinionibus
501 920 544 952 de
560 919 656 955 Deo,
683 916 915 961 religionibus
939 922 973 949 et
995 916 1148 949 cultibus
1165 922 1228 949 etc.

245 980 279 1007 et
303 984 376 1005 non
404 971 480 1005 vult
505 981 576 1003 esse
599 968 740 1011 alligata
764 967 873 1000 verbo
897 965 974 1001 Dei.
1030 965 1116 1000 Item
1141 977 1230 1011 quae

246 1025 283 1056 iu
299 1022 454 1057 consiliis
471 1020 580 1060 vitae,
605 1019 794 1053 calliditate
811 1029 871 1051 sua
888 1017 1024 1062 quaerit
1043 1017 1230 1060 praesidia,

246 1086 309 1108 nec
341 1079 458 1106 manet
491 1072 583 1104 intra
616 1076 724 1103 metas
746 1069 854 1102 verbo
879 1067 946 1100 Dei
969 1068 1123 1101 traditas.
1183 1065 1229 1101 Et

245 1130 446 1168 congruunt
476 1120 541 1155 hae
574 1118 837 1154 adhortationes
866 1130 944 1151 cum
975 1125 1047 1152 toto
1072 1117 1228 1151 Psalmo:

245 1175 345 1209 Beati
371 1172 586 1208 immaculati
607 1178 670 1206 etc.
723 1169 832 1206 Recte
848 1175 963 1202 autem
982 1169 1230 1212 intelliguntur

246 1225 311 1259 hae
342 1224 561 1258 laudationes
588 1221 780 1266 sapientiae
803 1221 846 1253 de
871 1219 1041 1263 sapientia
1066 1221 1230 1261 revelata,

245 1278 279 1310 id
297 1283 363 1316 est,
387 1276 430 1308 de
447 1274 554 1307 verbo
572 1271 638 1306 Dei
657 1272 826 1317 patefacto
845 1270 879 1303 in
899 1268 1074 1311 Ecclesia,
1101 1272 1144 1304 de
1160 1271 1231 1305 De-
1253 1265 1256 1296 Ι

245 1327 365 1370 calogo
380 1332 413 1360 et
422 1324 628 1368 Evangelio.
681 1322 752 1356 Nec
769 1329 885 1356 tamen
899 1321 1054 1355 alienum
1070 1328 1119 1355 est
1135 1323 1229 1367 quod

245 1384 395 1412 vetustas
426 1373 705 1409 accommodavit
737 1371 799 1406 has
828 1373 949 1405 laudes
974 1372 1164 1416 sapientiae
1187 1374 1230 1406 ad

246 1439 451 1473 personam,
479 1438 567 1472 quae
589 1432 639 1458 est
655 1424 767 1458 Filius
783 1423 868 1464 Dei,
896 1422 957 1468 qui
976 1429 1025 1456 est
1042 1424 1231 1467 patefactor

245 1479 343 1513 verbi
376 1477 533 1512 sonantis
562 1476 599 1509 in
624 1473 797 1515 Ecclesia,
831 1480 864 1507 et
893 1480 943 1507 est
970 1473 1087 1507 efficax
1109 1486 1171 1518 per
1195 1475 1229 1508 id

245 1531 412 1570 verbum,
446 1535 477 1562 et
508 1528 546 1560 in
578 1539 617 1560 eo
644 1526 816 1567 ostendit,
850 1524 962 1570 qualis
986 1525 1030 1558 sit
1054 1524 1167 1567 Deus,
1198 1532 1231 1560 et

245 1593 332 1625 quae
350 1581 393 1614 sit
411 1579 484 1613 eius
501 1579 674 1613 voluntas.

580 1691 895 1734 Praecepta.

296 1769 383 1805 Non
414 1765 612 1816 prohibeas
637 1764 844 1812 benefacere
869 1762 995 1804 illum,
1030 1762 1096 1810 qui
1116 1768 1231 1809 potes!
1255 1771 1257 1810 A}

348 1819 572 1868 benefacere,
610 1821 641 1850 et
675 1815 877 1862 benefacite
904 1819 960 1852 tu,
996 1825 1072 1847 cum
1098 1826 1232 1848 manus

348 1876 412 1905 tua
431 1873 556 1917 potest.

347 1947 428 1982 Non
454 1944 623 1989 impedias
648 1943 797 1977 aliorum
825 1943 1062 1982 vocationem,
1099 1948 1130 1974 et
1155 1947 1233 1974 tuae
1255 1943 1258 1974 ἴ

247 1999 423 2034 vocationi
441 1996 597 2031 studiose
615 2001 647 2027 et
664 1993 812 2027 fideliter
831 1993 1060 2036 obtemperes.

300 2091 388 2127 lVon
415 2089 516 2125 dicas
537 2086 710 2136 proximo
726 2090 787 2119 tuo
800 2114 808 2127 ‚
837 2083 925 2119 vade
943 2090 972 2119 et
989 2083 1120 2124 redito,
1150 2096 1231 2118 cras

349 2141 462 2180 dabo,
493 2152 569 2174 cum
588 2138 662 2172 iam
678 2137 799 2183 possis
817 2140 914 2171 dare.
1254 2124 1258 2228 ἰ

1254 2271 1257 2290 ι

296 2202 384 2239 Non
402 2197 621 2235 machineris
637 2197 810 2244 prom'mo
826 2201 886 2230 tuo
903 2194 1055 2234 malum,
1084 2193 1148 2229 sed
1161 2192 1230 2228 ha-

348 2253 432 2288 bitet
448 2248 552 2298 apud
567 2255 597 2283 te
615 2260 744 2284 secure.

347 2329 423 2363 Hoc
454 2333 674 2373 praeceptum
705 2332 736 2358 et
770 2325 949 2370 sequentia
983 2323 1158 2368 pertinent
1186 2324 1227 2356 ad
1253 2309 1257 2374 l

248 2388 485 2426 praeceptum:
531 2377 611 2412 Non
652 2376 801 2410 occidas.
876 2373 1074 2419 Dupliciter
1114 2381 1227 2408 autem

247 2433 392 2465 struitur
408 2431 539 2464 malum
557 2429 634 2462 aliis
647 2455 655 2469 ‚
683 2434 743 2461 aut
760 2426 942 2460 manifesta
961 2425 1145 2465 violentia,
1171 2433 1229 2459 ant

248 2482 451 2520 fraudibus,
477 2479 682 2520 calumniis,
712 2479 814 2512 sortis
838 2484 901 2512 etc.
960 2476 1147 2522 Utrunque
1171 2487 1228 2519 ge-

248 2545 313 2566 nus
342 2530 503 2576 prohibet
532 2529 728 2574 lohannes,
765 2541 844 2563 cum
876 2528 1005 2574 inquit:
1043 2526 1227 2561 Neminem
1254 2537 1255 2559 1

247 2583 451 2617 concutiatis
469 2594 581 2627 neque
598 2580 873 2615 calumniemini.

836 45 958 80 PHIL.
985 41 1100 80 MEL.
1128 42 1339 80 SCRIPTA
1365 40 1665 78 EXEGETICA.

1254 2518 1255 2526 ¹
1283 2511 1363 2546 cies.

2214 50 2260 86 12

1329 124 1418 163 Non
1443 126 1565 174 litiges
1584 139 1662 162 cum
1682 124 1829 162 homine
1843 128 1922 162 sine
1939 139 2072 171 causa,
2099 143 2178 166 cum
2195 132 2265 168 tibi

1381 177 1521 212 malum
1539 191 1611 212 non
1620 178 1763 227 fecerit.

1382 243 1553 280 Prohibet
1574 258 1678 280 omne
1695 258 1804 290 genus
1822 247 2100 289 calumniarum,
2125 258 2158 286 et
2177 264 2261 287 con-

1280 297 1478 332 tentionum
1498 297 1722 332 iniustarum.

1330 371 1419 409 Non
1443 373 1638 409 aemuleris
1657 373 1773 408 virum
1791 373 1978 422 iniquum,
2006 381 2037 410 et
2055 388 2127 411 non
2145 376 2262 424 eligas

1382 437 1460 460 vias
1477 437 1565 461 eius.

1381 491 1578 528 Commune
1604 500 1825 538 praeceptum
1852 501 1920 535 est,
1948 506 1992 529 ne
2015 496 2140 529 offensi
2164 509 2264 531 scan-

1281 544 1361 577 dalo
1386 544 1498 578 crucis
1521 551 1554 578 et
1578 545 1794 578 successibus
1819 545 2009 589 impiorum
2028 547 2229 582 deficiamus
2246 561 2264 582 a

1280 594 1375 635 Deo,
1410 601 1443 628 et
1472 595 1652 629 imitemur
1681 596 1807 640 impios
1832 608 1891 640 spe
1916 598 2112 641 potentiae,
2148 610 2266 643 opum,

1281 645 1547 690 tranquillitatis
1566 653 1598 680 et
1616 647 1766 680 aliorum
1785 648 2064 688 commodorum,
2089 648 2178 683 sicut
2192 661 2267 682 ma-

1281 708 1348 739 gna
1373 709 1411 729 ex
1440 703 1535 739 parte
1557 697 1611 735 fit,
1638 704 1677 731 ut
1692 696 1846 731 Ecclesia
1865 698 1909 731 sit
1927 699 2080 733 subiecta
2096 699 2210 741 cruci,
2236 707 2268 734 et

1281 747 1380 792 impii
1405 747 1647 782 dominentur.
1699 747 1752 782 De
1770 746 1836 782 hoc
1853 750 2019 784 scandalo
2037 750 2268 785 concionatur

1282 805 1374 833 totus
1390 796 1567 831 Psalmus:
1595 797 1677 832 Noli
1695 799 1865 833 aemulari
1883 806 1945 834 etc.

1332 871 1537 908 Stultorum
1556 872 1742 908 exaltatio
1757 874 1823 909 erit
1842 875 2063 922 ignominia.

1383 941 1556 985 Congruit
1573 953 1652 975 cum
1666 943 1776 977 dicto:
1807 943 2003 979 Tolluntur
2020 946 2058 979 in
2076 946 2204 988 altum,
2228 955 2267 982 ut

1281 994 1379 1039 lapsu
1395 992 1555 1036 graviore
1569 998 1684 1027 ruant.

1649 1111 1786 1166 Caput
1823 1113 1898 1156 1V.

1384 1194 1497 1230 Redit
1529 1195 1656 1228 iterum
1685 1195 1728 1227 ad
1758 1205 1964 1229 communes
1993 1193 2272 1238 adhortationes,

1282 1253 1315 1280 et
1337 1246 1508 1291 praecipit
1528 1253 1568 1280 ut
1587 1245 1783 1279 doctrinam
1801 1246 1995 1284 discamus,
2024 1252 2057 1279 et
2075 1246 2106 1279 ei
2125 1247 2271 1282 obedia-

1283 1309 1370 1332 mus.
1440 1295 1615 1339 Quartum
1648 1303 1752 1340 caput
1781 1297 1954 1340 generalis
1985 1294 2186 1331 adhortatio
2220 1306 2271 1333 est

1282 1349 1326 1382 ad
1352 1348 1555 1382 discendam
1575 1347 1789 1389 doctrinam,
1815 1354 1849 1381 et
1865 1348 1908 1381 ad
1925 1348 2081 1381 studium
2101 1348 2271 1382 obedien-

1283 1399 1339 1440 di,
1365 1406 1396 1433 et
1420 1399 1464 1431 ad
1490 1398 1711 1441 diligentiam
1734 1398 1880 1442 regendi
1904 1398 2147 1443 disciplinam,
2174 1405 2207 1433 et
2228 1401 2272 1434 ad

1284 1449 1650 1494 circumspectionem,
1694 1461 1737 1483 ne
1766 1449 1986 1493 decipiamur
2015 1449 2181 1494 exemplis
2206 1450 2274 1484 im-

1284 1501 1443 1545 piorum,
1471 1507 1503 1535 et
1528 1500 1696 1534 inseritur
1719 1501 1851 1534 mentio
1878 1500 2116 1544 praemiorum
2141 1507 2173 1535 et
2190 1513 2273 1546 poe-

1283 1563 1428 1587 narum.'

1386 1600 1596 1636 Obscuritas
1614 1607 1664 1634 est
1682 1601 1719 1633 in
1734 1613 1806 1634 uno
1822 1601 1932 1635 dicto:
1961 1599 2192 1649 Principiam
2209 1615 2273 1637 sa-

1282 1652 1443 1695 pientiae
1468 1656 1518 1685 est
1541 1650 1726 1698 acquirere
1747 1651 1992 1697 sapientiam,
2021 1655 2078 1686 sed
2102 1654 2206 1694 plana
2223 1661 2274 1687 est

1284 1699 1457 1733 sententia
1481 1703 1525 1731 de
1551 1703 1656 1731 modo
1680 1705 1713 1731 et
1738 1700 1940 1732 incoatione
1964 1701 2205 1736 conversionis
2229 1705 2272 1736 ad

1285 1749 1418 1789 Deum,
1453 1749 1575 1782 audire
1599 1748 1817 1787 doctrinam,
1846 1755 1877 1781 et
1899 1760 1973 1782 eam
1997 1762 2078 1783 vere
2102 1759 2274 1796 expetere,

1285 1807 1317 1834 et
1342 1806 1460 1843 petere
1482 1799 1774 1841 gubernationem
1792 1810 1810 1831 a
1829 1798 1923 1837 Deo,
1952 1799 2045 1835 iuxta
2063 1802 2273 1843 doctrinam,

1285 1858 1335 1884 est
1355 1850 1508 1883 incoatio
1529 1849 1788 1887 conversionis,
1816 1850 1906 1883 sicut
1922 1850 2006 1884 alibi
2025 1852 2170 1887 dicitur:
2200 1853 2273 1888 Da—

1286 1901 1335 1935 bit
1360 1900 1533 1944 Spiritum
1558 1907 1717 1933 sanctum
1743 1901 1954 1944 petentibus.
2030 1902 2074 1936 Et
2099 1903 2273 1950 Propheta

1286 1952 1417 1996 inquit:
1455 1950 1631 1984 Converte
1663 1963 1718 1984 me
1748 1959 1779 1984 et
1805 1960 2000 1988 convertar.
2054 1951 2099 1988 Et
2123 1955 2273 2000 Sapien-

1256 2003 1257 2006 ’
1287 2003 1353 2035 tiae
1370 2002 1419 2037 6.:
1457 2001 1641 2035 Invenitur
1665 2003 1709 2035 ab
1735 1999 1811 2044 his,
1839 2003 1900 2047 qui
1923 2011 2096 2049 quaerunt
2120 2018 2215 2048 eam,
2239 2015 2271 2042 et

1288 2054 1384 2096 prior
1399 2053 1549 2086 occurrit
1568 2053 1811 2096 expetentibus
1827 2065 1914 2089 earn.
1954 2052 1998 2088 Et
2015 2066 2118 2099 snpra
2136 2069 2209 2102 cap.
2221 2059 2271 2093 2..-

1286 2104 1323 2138 si
1348 2105 1538 2149 quaesieris
1561 2115 1656 2143 eam,
1687 2104 1858 2139 invenies.
1920 2104 2035 2139 lacobi
2059 2107 2105 2142 l.:
2134 2107 2172 2141 Si
2194 2109 2274 2154 quis

1286 2156 1417 2197 indiget
1442 2155 1612 2199 sapientia
1639 2161 1733 2197 petat
1757 2167 1774 2187 a
1801 2153 1876 2188 Deo
1895 2163 1957 2190 etc.
2013 2155 2114 2190 Item:
2144 2157 2272 2193 Trahit

1286 2206 1395 2246 Deus,
1423 2206 1482 2239 sed
1504 2206 1680 2239 volentem
1699 2203 1813 2239 trahit.

1662 2324 1799 2379 Caput
1841 2326 1892 2367 V.

1384 2408 1499 2454 Caput
1533 2409 1695 2453 quintum
1728 2408 1769 2440 ad
1801 2409 1872 2441 dno
1897 2417 2079 2455 praecepta
2107 2410 2270 2457 Decalogi

1284 2461 1442 2503 pertinet.
1498 2459 1577 2493 Non
1603 2455 1863 2497 moechaberis.
1892 2468 1943 2497 et.
1972 2460 2052 2495 Non
2069 2462 2202 2497 furtum
2220 2465 2271 2498 sa-

1418 2511 1525 2545 lnitio
1552 2510 1644 2543 enim
1670 2510 1785 2554 quinti
1806 2511 1929 2554 capitis
1951 2510 2115 2557 prohihet
2132 2515 2272 2550 adulte-

1254 2568 1255 2582 ³
1285 2563 1335 2595 ria
1365 2569 1395 2596 et
1420 2573 1542 2595 omnes
1567 2571 1669 2603 vagas
1695 2560 1879 2598 libidines.
1908 2570 1939 2596 et
1964 2564 2061 2597 addit
2085 2565 2271 2599 conciones

1254 2646 1257 2649 Δ
1284 2614 1326 2646 dc
1347 2613 1487 2657 poenis¹
1512 2612 1592 2657 qnia
1612 2611 1686 2643 sim·
1705 2612 1775 2644 ulla
1795 2613 2015 2648 dubitatione
2034 2613 2114 2648 hnic
2132 2616 2273 2650 divinae
