2409 2915
125 113 193 148 141
687 111 750 148 xl.

123 199 222 233 nitur
245 195 301 232 hic
320 199 434 242 imago
452 198 577 237 foetus,
604 197 692 230 sicut
708 197 895 237 nescimus,
924 199 1104 243 quomodo

123 250 161 283 in
185 250 264 283 alvo
288 250 408 283 matris
430 249 642 288 formemur,
668 248 717 280 sic
739 249 948 291 gubernatio
973 250 1104 283 multo-

123 313 201 334 rum
231 308 417 334 eventuum
440 298 592 343 prospici
618 310 689 331 non
714 306 836 342 potest.
888 298 934 333 Et
959 298 1015 333 hic
1032 301 1104 341 2ad-

123 353 237 385 denda
253 358 301 384 est
317 349 521 389 consolatio,
548 349 636 382 sicut
654 349 690 381 in
709 346 773 383 hac
790 350 863 394 ipsa
881 350 1032 393 imagine
1051 351 1105 384 vi-

124 403 246 436 demus
272 400 345 434 Deo
378 411 481 434 curae
512 411 584 433 esse
613 399 768 444 foetum,
804 401 934 434 servari
958 408 1102 435 matrem

125 453 324 497 gravidam,
357 451 433 484 dari
458 450 564 484 vitam
595 451 752 483 nascenti
780 451 816 483 in
841 458 959 495 utero,
994 453 1103 486 creari

123 504 326 538 alimentum
351 503 388 534 in
416 501 602 542 uberibus,
636 501 844 535 mirabiliter
868 503 997 546 aperiri
1022 503 1103 537 iun-

122 561 235 588 cturas
253 564 331 585 cum
355 559 472 597 partus
488 552 621 585 editur:
651 553 697 585 ita
714 552 862 586 sciamus
879 560 911 587 et
932 554 1102 599 reliquam

121 604 226 637 vitam
251 601 327 636 Deo
355 615 456 636 curae
479 614 569 643 esse,
604 603 697 636 iuxta
723 603 783 635 illa
809 604 918 637 dicta:
962 605 1003 638 Iu
1026 605 1101 652 ipso

119 666 250 695 sumus,
279 654 429 687 vivimus
447 660 479 687 et
496 665 689 686 movemur.
735 653 840 687 Item:
872 654 946 699 lpse
965 662 1015 689 est
1031 656 1101 688 vita

121 713 180 739 tua
204 712 237 739 et
261 705 447 748 longitudo
475 705 612 737 dierum
637 711 791 739 tuorum.
841 703 885 738 Et
918 707 953 738 in
981 706 1101 739 multis

119 756 254 799 magnis
274 756 441 803 periculis
461 763 572 789 servat
589 766 698 798 genus
719 753 909 789 humanum
928 757 1002 790 sine
1020 769 1101 789 cau-

119 808 165 840 sis
180 807 361 847 secundis,
389 807 476 840 sicut
501 805 648 840 dicitur:
678 804 814 839 Omnes
839 807 957 852 capilli
980 807 1102 852 capitis

121 859 225 892 vestri
242 857 417 891 numerati
434 863 526 892 sunt.

168 948 292 985 Mane
306 950 486 984 seminato
504 961 623 983 semen
639 954 740 983 tuum
760 955 790 984 ei
812 962 947 998 vespere
964 955 1024 985 etc.

219 1028 363 1073 Repetit
390 1028 525 1072 priores
551 1028 812 1061 admonitiones
835 1035 867 1062 et
890 1027 1104 1061 consolatio·

119 1092 198 1122 neS,
230 1087 264 1114 et
287 1080 409 1113 intexit
435 1078 640 1111 concionem
666 1080 708 1111 (le
736 1086 845 1113 morte
871 1086 904 1112 et
934 1080 976 1112 de
1009 1079 1102 1112 iudi-

121 1133 187 1167 cio.
240 1130 321 1164 Non
344 1130 516 1172 frangaris
535 1129 672 1170 animo,
701 1130 837 1162 etiamsi
865 1142 953 1175 quae
979 1130 1103 1162 adver-

120 1183 274 1217 sationes
296 1181 513 1225 impediunt,
541 1187 578 1213 tu
605 1186 718 1213 tamen
743 1180 848 1213 facito
871 1180 986 1213 officia
1001 1191 1102 1213 voca-

120 1233 239 1269 tionis.
292 1231 401 1265 Mane
428 1237 461 1264 et
487 1242 629 1273 vespere
657 1231 828 1264 seminato
853 1243 969 1264 semen
989 1238 1101 1270 tuum,

120 1286 155 1318 id
177 1291 245 1322 est,
269 1282 434 1316 redimito
452 1289 607 1325 tempus,
636 1289 674 1315 ut
692 1280 823 1314 Paulus
840 1282 970 1327 inquit:
999 1277 1101 1327 Quia

121 1333 197 1369 dt'es
213 1331 309 1366 mali
323 1337 426 1371 sunl,
455 1333 492 1364 id
511 1339 578 1375 est,
608 1343 686 1364 cum
711 1331 781 1365 sint
801 1344 926 1375 magna
953 1332 1103 1376 impedi-

118 1394 250 1426 menta,
277 1396 338 1417 vos
351 1384 425 1417 sitis
444 1383 570 1416 intenti
588 1382 626 1414 in
644 1383 842 1416 occasiones
857 1384 945 1416 bene
964 1395 1103 1415 meren-

120 1439 176 1477 di,
213 1437 388 1480 iuvandae
412 1433 608 1474 Ecclesiae,
647 1435 894 1478 propagandae
920 1434 1102 1467 doctrinae

121 1496 183 1523 etc.

217 1537 356 1573 Deinde
373 1535 567 1569 consolatio
584 1535 742 1569 additur:
760 1533 883 1568 Dulce
902 1539 951 1568 est
969 1533 1103 1575 lumen,

119 1589 259 1624 laetare
282 1587 320 1621 in
342 1584 588 1620 adolescentia
614 1590 697 1626 lua,
723 1587 758 1619 id
784 1593 852 1627 est,
879 1588 992 1620 donec
1007 1586 1103 1619 Deus

121 1640 299 1680 concedit,
326 1644 526 1671 reverenter
543 1637 652 1669 utaris
669 1637 778 1680 ipsius
796 1637 916 1677 donis,
944 1649 1022 1670 cum
1039 1649 1103 1669 au-

121 1693 207 1730 fert,
232 1690 406 1734 patienter
431 1688 461 1720 ei
485 1687 648 1726 obedias,
677 1693 709 1720 et
734 1687 770 1720 in
787 1687 863 1730 ipso
879 1687 1103 1732 acquiescite,

120 1744 208 1777 sicut
225 1741 357 1774 Paulus
375 1737 506 1783 inquit:
535 1737 607 1770 Pax
625 1735 691 1769 Dei
715 1734 849 1770 habitet
873 1739 911 1770 in
939 1738 1104 1771 cordibus

119 1793 256 1827 vestris.
317 1789 420 1823 Item:
459 1787 548 1820 lram
579 1786 725 1820 Domini
761 1789 930 1834 portabo,
966 1796 998 1822 et
1025 1800 1103 1822 cum

119 1843 249 1878 sedebo
266 1841 302 1874 in
319 1838 485 1879 tenebris,
511 1835 700 1871 Dominus
717 1838 775 1871 lux
796 1850 870 1872 mea
889 1846 949 1874 est.

482 1954 619 2008 Caput
650 1954 747 1995 XII.

172 2047 362 2084 Memento
379 2045 554 2080 creatoris
571 2045 638 2081 lui.

225 2126 265 2160 ln
288 2127 392 2159 rebus
416 2123 578 2157 secundis
596 2130 629 2157 et
643 2122 798 2156 adversis
816 2128 990 2155 memento
1010 2133 1107 2154 crea-

123 2179 209 2213 toris
235 2177 306 2215 tui,
334 2176 552 2218 obtemperes
569 2174 619 2212 ei,
648 2181 682 2208 et
706 2174 742 2206 in
760 2185 800 2207 eo
817 2173 1046 2218 acquiescito,
1075 2178 1106 2205 et

123 2232 191 2264 fide
207 2229 300 2261 iuxta
322 2226 429 2270 ipsius
447 2225 717 2269 promissiones,
743 2236 830 2269 quas
847 2224 1016 2257 immensa
1042 2224 1105 2255 bo-

125 2282 235 2315 nitate
250 2285 396 2323 propter
406 2275 640 2309 Mediatorem
652 2273 829 2308 Ecclesiae
845 2274 1002 2312 tradidit,
1020 2274 1106 2306 scias

125 2331 307 2365 verissime
326 2327 491 2362 exaudire
510 2339 589 2359 eum
606 2326 827 2364 invocantes,
856 2333 888 2358 et
904 2325 1060 2358 volentes
1076 2324 1105 2357 ei

124 2383 280 2422 obedire,
307 2388 339 2414 et
359 2377 579 2412 horribiliter
597 2377 722 2420 punire
738 2383 970 2410 contumaces.
1025 2375 1106 2408 Ideo

124 2433 250 2479 repetit
280 2428 652 2465 commonesactionem
687 2429 729 2460 de
759 2426 912 2467 iudicio,
945 2433 978 2459 et
1010 2426 1107 2459 addit

126 2485 343 2520 mentionem
362 2486 519 2515 senectae
537 2486 568 2513 et
586 2479 727 2521 mortis,
756 2485 793 2512 ut
810 2475 877 2510 hoc
900 2483 1106 2520 argumento

127 2537 308 2571 confirmet
327 2531 627 2566 adseverationem
646 2531 689 2563 de
706 2527 950 2574 providentia,
975 2534 1006 2561 et
1024 2525 1108 2571 hor-

126 2595 220 2622 tetur
245 2597 310 2619 nos
335 2585 377 2617 ad
404 2583 565 2617 timorem
594 2581 681 2619 Dei,
709 2581 751 2613 ad
775 2580 877 2613 fidem
902 2585 935 2612 et
956 2579 998 2611 ad
1024 2579 1108 2611 obe-

128 2638 309 2672 dientiam.
368 2634 419 2668 Ne
450 2645 592 2666 securus
625 2638 829 2665 contemnas
859 2628 992 2666 Deum,
1025 2630 1107 2674 quia

128 2689 242 2724 morbi
261 2695 292 2722 et
311 2697 404 2720 mors
421 2685 612 2720 ostendunt
637 2690 791 2716 nostram
817 2680 1108 2714 imbecillitatem.
1131 2703 1134 2718 ι

804 109 1102 149 ENARRATIO
1130 113 1180 148 IN
1203 113 1576 154 ECCLESIASTEN.

2068 125 2138 160 142

1156 196 1305 233 Etiamsi
1323 213 1356 235 es
1374 202 1491 236 ebrius
1507 204 1723 248 indulgentia
1740 206 1914 247 fortunae,
1941 214 1974 241 et
1992 219 2134 252 magnas

1155 262 1231 294 spes
1259 249 1385 293 habes,
1420 259 1536 286 tamen
1570 252 1654 289 haec
1682 258 1817 291 somnia
1843 257 1959 292 subito
1984 260 2133 293 excutiet

1156 298 1242 334 hora
1262 303 1394 336 mortis.
1445 301 1491 337 Et
1516 304 1545 337 si
1562 308 1776 341 contemsisti
1794 307 1907 342 Deum
1932 309 1968 342 in
1993 309 2134 349 iudicio,

1155 363 1234 385 rues
1264 352 1301 385 in
1331 361 1509 387 aeternam
1543 355 1649 396 iram,
1685 364 1717 389 et
1750 358 1787 390 in
1813 366 1971 393 aeternas
1993 373 2131 405 poenas.

1155 401 1255 435 Hanc
1277 405 1649 439 commonefactionem
1673 407 1715 439 de
1739 416 1851 442 morte
1875 417 1908 443 et
1933 411 1975 444 de
2002 411 2132 445 iudicio

1155 455 1338 497 proponit,
1365 462 1405 488 ut
1430 467 1494 488 nos
1517 454 1671 490 retrahat
1692 468 1710 489 a
1728 459 1860 491 carnali
1878 461 2082 502 securitate,
2101 469 2132 495 et

1154 516 1171 537 a
1190 505 1473 538 dubitationibus
1492 508 1533 540 ad
1546 508 1862 542 considerationem
1882 512 2134 553 providentiae,

1155 555 1197 588 ad
1218 555 1381 589 timorem
1402 555 1486 595 Dei,
1516 559 1558 591 ad
1577 559 1680 591 fidem
1705 565 1738 592 et
1754 561 1796 592 ad
1816 560 2065 595 obedientiam.

1255 604 1318 639 Est
1336 613 1452 640 autem
1470 609 1658 656 descriptio
1676 617 1833 644 senectae
1851 611 2011 654 figurata,
2029 624 2133 657 quam

1153 664 1298 701 apparet
1321 669 1360 690 ex
1385 664 1507 692 natura
1528 660 1600 703 ipsa
1619 667 1650 694 et
1675 657 1828 705 physicis
1855 662 1962 705 signis
1986 670 2134 696 sumtam

1154 719 1237 743 esse.
1291 707 1360 741 Sed
1385 720 1458 741 nou
1483 721 1604 743 omnes
1627 709 1852 755 metaphorae
1876 713 1978 756 plane
2003 713 2135 747 intelli-

1153 765 1295 802 guntur.

1205 833 1410 881 Antequam
1436 833 1504 868 Sol
1534 839 1563 868 et
1590 832 1706 869 Luna
1741 841 1771 870 et
1799 837 1928 872 stellae
1962 839 2134 874 obscura-

1257 884 1404 920 buntur.

1270 943 1308 978 Id
1328 952 1396 984 est,
1424 946 1566 979 senibus
1585 954 1745 991 aspectus
1773 949 1880 982 totius
1902 957 2048 984 naturae
2075 948 2135 983 he-

1154 995 1268 1028 betior
1284 1003 1317 1029 et
1336 996 1470 1030 tristior
1491 1003 1552 1030 est.

1205 1069 1258 1104 Et
1278 1069 1370 1105 redit
1387 1071 1500 1105 nubes
1514 1081 1598 1119 post
1613 1072 1794 1120 pluviam.

1258 1131 1295 1164 Id
1316 1138 1384 1172 est,
1412 1133 1563 1165 subinde
1581 1145 1692 1166 novae
1710 1135 1888 1174 miseriae,
1916 1150 2027 1171 novae
2043 1139 2135 1171 cala-

1155 1181 1289 1215 mitates
1316 1183 1481 1223 veniunt,
1519 1187 1594 1216 cuin
1619 1186 1799 1228 praeteriit
1822 1187 1966 1232 aliquod
1994 1189 2137 1227 malum,

1154 1233 1252 1265 venit
1280 1233 1389 1265 aliud.
1442 1233 1540 1267 Sicut
1566 1235 1602 1266 in
1624 1237 1764 1279 querela
1783 1236 1971 1272 Homerica
1990 1239 2135 1273 dicitur:

1153 1280 1202 1321 (ὃς
1215 1281 1278 1326 μοὶ
1296 1281 1439 1327 δέχεται
1459 1282 1575 1319 κακὸν
1594 1284 1632 1318 ἐκ
1647 1289 1765 1321 κακοῦ
1782 1285 1862 1322 αἰεί.

1259 1334 1363 1367 Item:
1390 1331 1515 1379 φόβου
1533 1333 1572 1369 τὸ
1587 1338 1721 1382 γῆρας,
1752 1337 1795 1372 οὐ
1812 1336 1886 1386 γὰρ
1905 1338 2044 1384 ἔρχεται
2062 1336 2136 1384 μό-

1152 1396 1230 1418 νον.
1284 1384 1388 1417 Time
1405 1393 1578 1418 senectam
1594 1413 1602 1426 ,
1631 1399 1704 1420 non
1722 1389 1816 1422 enim
1840 1390 1935 1423 venit
1952 1391 2036 1426 sola.

1203 1456 1381 1492 Tremunl
1399 1457 1560 1494 custodes
1579 1458 1717 1498 domus.

1256 1518 1293 1551 Id
1314 1527 1380 1560 est,
1408 1532 1551 1554 manus:
1581 1521 1661 1565 quia
1680 1523 1797 1563 nervi,
1822 1524 1984 1558 tendines
2002 1531 2033 1558 et
2051 1524 2136 1568 liga-

1154 1575 1269 1603 menta
1288 1570 1377 1604 fiunt
1396 1571 1618 1614 languidiora
1639 1583 1699 1606 seu
1715 1573 1871 1610 flaccida.

1202 1641 1352 1678 Natant
1371 1642 1585 1690 wiriforles.

1259 1702 1296 1735 ld
1316 1709 1383 1743 est,
1408 1701 1521 1736 Crura
1538 1710 1570 1737 et
1588 1704 1706 1738 tibiae.

1206 1764 1363 1802 Ociosae
1380 1773 1483 1802 erunt
1501 1768 1672 1804 molentes
1692 1775 1722 1804 et
1736 1771 1939 1819 pauciores.

1258 1826 1298 1860 ld
1311 1834 1373 1868 est,
1391 1828 1522 1862 Dentes
1534 1836 1637 1863 erunt
1655 1830 1904 1866 imbecilliores
1919 1840 1950 1867 et
1968 1835 2138 1872 excident.

1206 1887 1440 1937 Caligabunt
1458 1891 1616 1927 videntes
1630 1895 1916 1943 persoramina.

1259 1951 1298 1985 ld
1318 1959 1387 1994 est,
1414 1952 1522 1988 Oculi
1540 1962 1643 1989 erunt
1662 1953 1869 1991 hebetiores.

1209 2025 1444 2063 Claudentur
1461 2030 1570 2066 ostia.

1261 2087 1300 2121 ld
1318 2096 1387 2128 est,
1416 2089 1531 2124 Labra
1549 2092 1695 2127 arefient
1712 2100 1744 2127 et
1760 2101 1863 2129 erunt
1882 2096 2039 2132 flaccida.

1209 2152 1370 2200 Sur-gent
1389 2153 1444 2188 ad
1460 2168 1573 2190 rocem
1593 2156 1759 2193 volucris.

1260 2215 1300 2247 Id
1321 2221 1387 2255 est,
1415 2214 1568 2249 Somnus
1592 2217 1657 2251 erit
1675 2219 1832 2259 brevior,
1862 2228 1895 2255 et
1913 2223 2013 2256 facile
2035 2232 2138 2258 cantu

1157 2264 1240 2308 galli
1258 2266 1454 2299 excitantur
1472 2278 1582 2302 senes,

1206 2330 1418 2366 Inclinatae
1434 2332 1642 2379 suntfiliae
1658 2336 1846 2374 carminis.

1260 2391 1300 2425 Id
1317 2400 1384 2434 est,
1412 2394 1465 2426 vel
1483 2406 1584 2427 aures
1600 2395 1688 2429 fiunt
1714 2398 1856 2437 surdae,
1885 2399 1938 2432 vel
1964 2401 2057 2434 vocis
2081 2414 2138 2434 or—

1157 2454 1246 2485 gana
1273 2451 1519 2487 corrogantur.
1574 2444 1666 2488 Quia
1691 2447 1727 2480 in
1746 2449 1888 2482 senibus
1905 2456 1936 2482 et
1954 2451 2071 2484 minus
2089 2461 2138 2486 est

1158 2493 1345 2538 spirituum
1364 2496 1497 2537 cordis,
1525 2503 1557 2529 et
1573 2497 1694 2540 pulmo
1719 2505 1751 2531 et
1771 2497 1909 2532 trachea
1931 2501 1984 2534 vel
2011 2503 2137 2546 frigida

1160 2542 1392 2585 humiditate,
1419 2547 1473 2579 vel
1491 2547 1642 2585 siccitate
1659 2548 1746 2582 fiunt
1764 2550 1963 2584 debiliores.

1209 2618 1375 2654 Excelsa
1387 2620 1655 2669 formidabunt
1674 2621 1711 2654 in
1732 2622 1801 2657 cia.

1263 2680 1301 2716 ld
1323 2688 1390 2724 est,
1418 2681 1528 2725 Caput
1547 2681 1610 2714 erit
1628 2682 1818 2716 tremulum
1836 2685 2016 2728 vertigine.
