<?xml version="1.0" encoding="UTF-8"?>
<!DOCTYPE html PUBLIC "-//W3C//DTD XHTML 1.0 Transitional//EN"
    "http://www.w3.org/TR/xhtml1/DTD/xhtml1-transitional.dtd">
<html xmlns="http://www.w3.org/1999/xhtml" xml:lang="en" lang="en">
 <head>
  <title>
</title>
<meta http-equiv="Content-Type" content="text/html;charset=utf-8" />
  <meta name='ocr-system' content='tesseract 3.04.00' />
  <meta name='ocr-capabilities' content='ocr_page ocr_carea ocr_par ocr_line ocrx_word'/>
</head>
<body>
  <div class='ocr_page' id='page_1' title='image "./operaquaesupersu14melauoft/operaquaesupersu14melauoft_0145.png"; bbox 0 0 2409 2915; ppageno 0'>
   <div class='ocr_carea' id='block_1_1' title="bbox 68 988 1054 1034">
    <p class='ocr_par' dir='ltr' id='par_1_1' title="bbox 6 988 1054 1034">
     <span class='ocr_line' id='line_1_1' title="bbox 68 988 1054 1034; baseline -0.002 -10.118"><span class='ocrx_word' id='word_1_1' title='bbox 68 993 135 1026; x_wconf 91' lang='lat' dir='ltr'>dus</span> <span class='ocrx_word' id='word_1_2' title='bbox 151 991 304 1023; x_wconf 86' lang='lat' dir='ltr'>offensus</span> <span class='ocrx_word' id='word_1_3' title='bbox 327 990 438 1034; x_wconf 90' lang='lat' dir='ltr'>specie</span> <span class='ocrx_word' id='word_1_4' title='bbox 462 990 711 1023; x_wconf 80' lang='lat' dir='ltr'>imbecillitatis</span> <span class='ocrx_word' id='word_1_5' title='bbox 727 988 859 1024; x_wconf 85' lang='lat' dir='ltr'>Christi</span> <span class='ocrx_word' id='word_1_6' title='bbox 884 997 917 1024; x_wconf 88' lang='lat' dir='ltr'>et</span> <span class='ocrx_word' id='word_1_7' title='bbox 934 988 1054 1023; x_wconf 89' lang='lat' dir='ltr'>Evan-</span> 
     </span>
    </p>
   </div>
   <div class='ocr_carea' id='block_1_2' title="bbox 0 0 55 1800">
    <p class='ocr_par' dir='ltr' id='par_1_2' title="bbox 0 0 55 1800">
     <span class='ocr_line' id='line_1_2' title="bbox 0 0 55 1800; baseline 0 0"><span class='ocrx_word' id='word_1_8' title='bbox 0 0 55 1800; x_wconf 95' lang='lat' dir='ltr'> </span> 
     </span>
    </p>
   </div>
   <div class='ocr_carea' id='block_1_3' title="bbox 7 2621 10 2641">
    <p class='ocr_par' dir='ltr' id='par_1_3' title="bbox 7 2621 10 2641">
     <span class='ocr_line' id='line_1_3' title="bbox 7 2621 10 2641; baseline 0 0"><span class='ocrx_word' id='word_1_9' title='bbox 7 2621 10 2641; x_wconf 75' lang='grc' dir='ltr'>Ι</span> 
     </span>
    </p>
   </div>
   <div class='ocr_carea' id='block_1_4' title="bbox 6 2371 12 2915">
    <p class='ocr_par' dir='ltr' id='par_1_4' title="bbox 6 2371 12 2915">
     <span class='ocr_line' id='line_1_4' title="bbox 6 2371 12 2915; baseline 0 0"><span class='ocrx_word' id='word_1_10' title='bbox 6 2371 12 2915; x_wconf 95' lang='lat' dir='ltr'> </span> 
     </span>
    </p>
   </div>
   <div class='ocr_carea' id='block_1_5' title="bbox 67 96 712 140">
    <p class='ocr_par' dir='ltr' id='par_1_5' title="bbox 67 96 712 140">
     <span class='ocr_line' id='line_1_5' title="bbox 67 96 712 140; baseline -0.006 -2"><span class='ocrx_word' id='word_1_11' title='bbox 67 100 141 140; x_wconf 75' lang='lat'>273</span> <span class='ocrx_word' id='word_1_12' title='bbox 621 96 698 134; x_wconf 83' lang='grc' dir='ltr'>ΧΠ.</span> <span class='ocrx_word' id='word_1_13' title='bbox 708 96 712 99; x_wconf 55' lang='grc'><strong>“</strong></span> 
     </span>
    </p>
   </div>
   <div class='ocr_carea' id='block_1_6' title="bbox 70 182 1081 277">
    <p class='ocr_par' dir='ltr' id='par_1_6' title="bbox 70 182 1081 277">
     <span class='ocr_line' id='line_1_6' title="bbox 70 182 1081 226; baseline -0.003 -4.936"><span class='ocrx_word' id='word_1_14' title='bbox 70 194 104 221; x_wconf 87' lang='lat' dir='ltr'>et</span> <span class='ocrx_word' id='word_1_15' title='bbox 120 197 237 220; x_wconf 84' lang='lat' dir='ltr'>veram</span> <span class='ocrx_word' id='word_1_16' title='bbox 255 184 531 225; x_wconf 84' lang='lat' dir='ltr'>invocationem,</span> <span class='ocrx_word' id='word_1_17' title='bbox 559 183 637 216; x_wconf 89' lang='lat' dir='ltr'>ideo</span> <span class='ocrx_word' id='word_1_18' title='bbox 655 182 755 226; x_wconf 87' lang='lat' dir='ltr'>fingit</span> <span class='ocrx_word' id='word_1_19' title='bbox 769 182 883 216; x_wconf 88' lang='lat' dir='ltr'>cultus</span> <span class='ocrx_word' id='word_1_20' title='bbox 905 194 965 216; x_wconf 90' lang='lat' dir='ltr'>sua</span> <span class='ocrx_word' id='word_1_21' title='bbox 991 195 1054 218; x_wconf 90' lang='lat' dir='ltr'>au-</span> <span class='ocrx_word' id='word_1_22' title='bbox 1077 188 1081 222; x_wconf 94' lang='grc'>1</span> 
     </span>
     <span class='ocr_line' id='line_1_7' title="bbox 70 233 1081 277; baseline -0.004 -6"><span class='ocrx_word' id='word_1_23' title='bbox 70 238 180 271; x_wconf 87' lang='lat' dir='ltr'>dacia.</span> <span class='ocrx_word' id='word_1_24' title='bbox 237 235 331 269; x_wconf 91' lang='lat' dir='ltr'>Hinc</span> <span class='ocrx_word' id='word_1_25' title='bbox 356 242 436 269; x_wconf 88' lang='lat' dir='ltr'>sunt</span> <span class='ocrx_word' id='word_1_26' title='bbox 460 234 620 267; x_wconf 90' lang='lat' dir='ltr'>omnium</span> <span class='ocrx_word' id='word_1_27' title='bbox 643 234 798 277; x_wconf 85' lang='lat' dir='ltr'>gentium</span> <span class='ocrx_word' id='word_1_28' title='bbox 821 233 1055 269; x_wconf 86' lang='lat' dir='ltr'>idololatriae.</span> <span class='ocrx_word' id='word_1_29' title='bbox 1079 237 1081 261; x_wconf 78' lang='lat' dir='ltr'>i</span> 
     </span>
    </p>
   </div>
   <div class='ocr_carea' id='block_1_7' title="bbox 70 282 1084 352">
    <p class='ocr_par' dir='ltr' id='par_1_7' title="bbox 70 282 1084 352">
     <span class='ocr_line' id='line_1_8' title="bbox 70 282 1084 352; baseline -0.004 -31"><span class='ocrx_word' id='word_1_30' title='bbox 70 287 144 321; x_wconf 85' lang='lat' dir='ltr'>Has</span> <span class='ocrx_word' id='word_1_31' title='bbox 178 288 320 320; x_wconf 90' lang='lat' dir='ltr'>damnat</span> <span class='ocrx_word' id='word_1_32' title='bbox 351 292 384 319; x_wconf 90' lang='lat' dir='ltr'>et</span> <span class='ocrx_word' id='word_1_33' title='bbox 407 284 521 328; x_wconf 84' lang='lat' dir='ltr'>arguit</span> <span class='ocrx_word' id='word_1_34' title='bbox 546 282 631 317; x_wconf 87' lang='lat' dir='ltr'>haec</span> <span class='ocrx_word' id='word_1_35' title='bbox 653 296 720 317; x_wconf 87' lang='lat' dir='ltr'>vox</span> <span class='ocrx_word' id='word_1_36' title='bbox 746 283 900 328; x_wconf 76' lang='lat' dir='ltr'>Spiritus</span> <span class='ocrx_word' id='word_1_37' title='bbox 929 285 1051 323; x_wconf 87' lang='lat' dir='ltr'>sancti,</span> <span class='ocrx_word' id='word_1_38' title='bbox 1077 291 1084 352; x_wconf 66' lang='lat'><strong>¹</strong></span> 
     </span>
    </p>
   </div>
   <div class='ocr_carea' id='block_1_8' title="bbox 69 334 1054 632">
    <p class='ocr_par' dir='ltr' id='par_1_8' title="bbox 69 334 1054 632">
     <span class='ocr_line' id='line_1_9' title="bbox 71 334 1054 383; baseline -0.003 -12"><span class='ocrx_word' id='word_1_39' title='bbox 71 350 159 383; x_wconf 90' lang='lat' dir='ltr'>quae</span> <span class='ocrx_word' id='word_1_40' title='bbox 182 338 335 371; x_wconf 89' lang='lat' dir='ltr'>clamitat</span> <span class='ocrx_word' id='word_1_41' title='bbox 360 342 537 379; x_wconf 88' lang='lat' dir='ltr'>peccatum</span> <span class='ocrx_word' id='word_1_42' title='bbox 565 346 654 372; x_wconf 88' lang='lat' dir='ltr'>esse,</span> <span class='ocrx_word' id='word_1_43' title='bbox 682 346 755 368; x_wconf 88' lang='lat' dir='ltr'>non</span> <span class='ocrx_word' id='word_1_44' title='bbox 778 334 946 368; x_wconf 87' lang='lat' dir='ltr'>credere</span> <span class='ocrx_word' id='word_1_45' title='bbox 938 347 973 367; x_wconf 88' lang='lat' dir='ltr'>m</span> <span class='ocrx_word' id='word_1_46' title='bbox 993 335 1054 368; x_wconf 89' lang='lat' dir='ltr'>Fi-</span> 
     </span>
     <span class='ocr_line' id='line_1_10' title="bbox 71 385 1052 429; baseline -0.003 -7"><span class='ocrx_word' id='word_1_47' title='bbox 71 389 158 422; x_wconf 92' lang='lat' dir='ltr'>lium</span> <span class='ocrx_word' id='word_1_48' title='bbox 176 387 241 421; x_wconf 88' lang='lat' dir='ltr'>Dei</span> <span class='ocrx_word' id='word_1_49' title='bbox 254 413 263 426; x_wconf 87' lang='lat'>‚</span> <span class='ocrx_word' id='word_1_50' title='bbox 290 393 321 419; x_wconf 88' lang='lat' dir='ltr'>et</span> <span class='ocrx_word' id='word_1_51' title='bbox 340 397 404 419; x_wconf 90' lang='lat' dir='ltr'>nos</span> <span class='ocrx_word' id='word_1_52' title='bbox 423 385 553 424; x_wconf 90' lang='lat' dir='ltr'>iustus,</span> <span class='ocrx_word' id='word_1_53' title='bbox 571 386 604 418; x_wconf 89' lang='lat' dir='ltr'>id</span> <span class='ocrx_word' id='word_1_54' title='bbox 622 392 689 425; x_wconf 88' lang='lat' dir='ltr'>est,</span> <span class='ocrx_word' id='word_1_55' title='bbox 705 391 863 428; x_wconf 89' lang='lat' dir='ltr'>acceptos</span> <span class='ocrx_word' id='word_1_56' title='bbox 879 396 951 418; x_wconf 87' lang='lat' dir='ltr'>esse</span> <span class='ocrx_word' id='word_1_57' title='bbox 972 397 1052 429; x_wconf 89' lang='lat' dir='ltr'>pro-</span> 
     </span>
     <span class='ocr_line' id='line_1_11' title="bbox 71 434 1053 483; baseline -0.004 -10"><span class='ocrx_word' id='word_1_58' title='bbox 71 447 148 483; x_wconf 91' lang='lat' dir='ltr'>pter</span> <span class='ocrx_word' id='word_1_59' title='bbox 164 437 389 471; x_wconf 84' lang='lat' dir='ltr'>mediatorem</span> <span class='ocrx_word' id='word_1_60' title='bbox 407 434 610 479; x_wconf 85' lang='lat' dir='ltr'>Christum,</span> <span class='ocrx_word' id='word_1_61' title='bbox 637 442 670 469; x_wconf 88' lang='lat' dir='ltr'>et</span> <span class='ocrx_word' id='word_1_62' title='bbox 695 436 820 468; x_wconf 90' lang='lat' dir='ltr'>donari</span> <span class='ocrx_word' id='word_1_63' title='bbox 847 435 917 468; x_wconf 81' lang='lat' dir='ltr'>vita</span> <span class='ocrx_word' id='word_1_64' title='bbox 942 443 1053 469; x_wconf 87' lang='lat' dir='ltr'>aeter-</span> 
     </span>
     <span class='ocr_line' id='line_1_12' title="bbox 69 484 1054 533; baseline -0.003 -11"><span class='ocrx_word' id='word_1_65' title='bbox 69 501 134 529; x_wconf 89' lang='lat' dir='ltr'>na,</span> <span class='ocrx_word' id='word_1_66' title='bbox 160 487 240 533; x_wconf 89' lang='lat' dir='ltr'>quia</span> <span class='ocrx_word' id='word_1_67' title='bbox 258 484 420 520; x_wconf 88' lang='lat' dir='ltr'>Christus</span> <span class='ocrx_word' id='word_1_68' title='bbox 436 486 524 519; x_wconf 90' lang='lat' dir='ltr'>abiit</span> <span class='ocrx_word' id='word_1_69' title='bbox 541 487 583 519; x_wconf 93' lang='lat' dir='ltr'>ad</span> <span class='ocrx_word' id='word_1_70' title='bbox 609 493 741 529; x_wconf 88' lang='lat' dir='ltr'>patrem</span> <span class='ocrx_word' id='word_1_71' title='bbox 759 493 822 520; x_wconf 87' lang='lat' dir='ltr'>etc.</span> <span class='ocrx_word' id='word_1_72' title='bbox 875 484 963 519; x_wconf 91' lang='lat' dir='ltr'>Cum</span> <span class='ocrx_word' id='word_1_73' title='bbox 987 484 1054 519; x_wconf 88' lang='lat' dir='ltr'>hoc</span> 
     </span>
     <span class='ocr_line' id='line_1_13' title="bbox 69 535 1052 580; baseline -0.002 -8"><span class='ocrx_word' id='word_1_74' title='bbox 69 539 174 572; x_wconf 90' lang='lat' dir='ltr'>modo</span> <span class='ocrx_word' id='word_1_75' title='bbox 198 537 407 580; x_wconf 87' lang='lat' dir='ltr'>agnovimus</span> <span class='ocrx_word' id='word_1_76' title='bbox 439 535 590 578; x_wconf 87' lang='lat' dir='ltr'>Filium,</span> <span class='ocrx_word' id='word_1_77' title='bbox 625 548 705 569; x_wconf 89' lang='lat' dir='ltr'>vere</span> <span class='ocrx_word' id='word_1_78' title='bbox 735 548 918 580; x_wconf 91' lang='lat' dir='ltr'>possumus</span> <span class='ocrx_word' id='word_1_79' title='bbox 951 537 1052 570; x_wconf 91' lang='lat' dir='ltr'>invo-</span> 
     </span>
     <span class='ocr_line' id='line_1_14' title="bbox 70 587 995 632; baseline 0.001 -10"><span class='ocrx_word' id='word_1_80' title='bbox 70 600 146 623; x_wconf 81' lang='lat' dir='ltr'>care</span> <span class='ocrx_word' id='word_1_81' title='bbox 164 595 296 632; x_wconf 81' lang='lat' dir='ltr'>patrem</span> <span class='ocrx_word' id='word_1_82' title='bbox 308 614 317 628; x_wconf 93' lang='lat'>,</span> <span class='ocrx_word' id='word_1_83' title='bbox 343 594 378 621; x_wconf 87' lang='lat' dir='ltr'>et</span> <span class='ocrx_word' id='word_1_84' title='bbox 401 587 594 621; x_wconf 80' lang='lat' dir='ltr'>liberamur</span> <span class='ocrx_word' id='word_1_85' title='bbox 612 599 631 620; x_wconf 87' lang='lat' dir='ltr'>a</span> <span class='ocrx_word' id='word_1_86' title='bbox 648 587 743 620; x_wconf 88' lang='lat' dir='ltr'>falsis</span> <span class='ocrx_word' id='word_1_87' title='bbox 760 587 913 621; x_wconf 86' lang='lat' dir='ltr'>cultibus</span> <span class='ocrx_word' id='word_1_88' title='bbox 931 594 995 623; x_wconf 77' lang='lat' dir='ltr'>etc,</span> 
     </span>
    </p>
   </div>
   <div class='ocr_carea' id='block_1_9' title="bbox 115 669 342 707">
    <p class='ocr_par' dir='ltr' id='par_1_9' title="bbox 115 669 342 707">
     <span class='ocr_line' id='line_1_15' title="bbox 115 669 342 707; baseline -0.004 -2"><span class='ocrx_word' id='word_1_89' title='bbox 115 670 176 705; x_wconf 81' lang='lat' dir='ltr'>De</span> <span class='ocrx_word' id='word_1_90' title='bbox 196 669 342 707; x_wconf 81' lang='lat' dir='ltr'>iudicio.</span> 
     </span>
    </p>
   </div>
   <div class='ocr_carea' id='block_1_10' title="bbox 68 736 1055 983">
    <p class='ocr_par' dir='ltr' id='par_1_10' title="bbox 68 736 1055 983">
     <span class='ocr_line' id='line_1_16' title="bbox 169 736 1052 783; baseline 0.001 -12"><span class='ocrx_word' id='word_1_91' title='bbox 169 737 266 772; x_wconf 79' lang='lat' dir='ltr'>Dixit</span> <span class='ocrx_word' id='word_1_92' title='bbox 289 739 331 771; x_wconf 95' lang='lat' dir='ltr'>de</span> <span class='ocrx_word' id='word_1_93' title='bbox 352 749 488 771; x_wconf 91' lang='lat' dir='ltr'>summa</span> <span class='ocrx_word' id='word_1_94' title='bbox 513 736 720 781; x_wconf 86' lang='lat' dir='ltr'>Evangelii,</span> <span class='ocrx_word' id='word_1_95' title='bbox 744 738 926 779; x_wconf 80' lang='lat' dir='ltr'>videlicet,</span> <span class='ocrx_word' id='word_1_96' title='bbox 959 739 1052 783; x_wconf 89' lang='lat' dir='ltr'>quod</span> 
     </span>
     <span class='ocr_line' id='line_1_17' title="bbox 69 788 1054 833; baseline -0.002 -9"><span class='ocrx_word' id='word_1_97' title='bbox 69 795 195 824; x_wconf 86' lang='lat' dir='ltr'>natura</span> <span class='ocrx_word' id='word_1_98' title='bbox 219 795 336 821; x_wconf 90' lang='lat' dir='ltr'>nostra</span> <span class='ocrx_word' id='word_1_99' title='bbox 354 788 398 822; x_wconf 89' lang='lat' dir='ltr'>sit</span> <span class='ocrx_word' id='word_1_100' title='bbox 415 789 480 821; x_wconf 89' lang='lat' dir='ltr'>sub</span> <span class='ocrx_word' id='word_1_101' title='bbox 499 795 638 832; x_wconf 90' lang='lat' dir='ltr'>peccato</span> <span class='ocrx_word' id='word_1_102' title='bbox 650 815 658 829; x_wconf 89' lang='lat'>‚</span> <span class='ocrx_word' id='word_1_103' title='bbox 677 795 709 821; x_wconf 90' lang='lat' dir='ltr'>et</span> <span class='ocrx_word' id='word_1_104' title='bbox 727 790 820 833; x_wconf 88' lang='lat' dir='ltr'>quod</span> <span class='ocrx_word' id='word_1_105' title='bbox 836 795 973 822; x_wconf 88' lang='lat' dir='ltr'>tantum</span> <span class='ocrx_word' id='word_1_106' title='bbox 986 788 1054 823; x_wconf 86' lang='lat' dir='ltr'>fide</span> 
     </span>
     <span class='ocr_line' id='line_1_18' title="bbox 69 837 1054 884; baseline -0.001 -10"><span class='ocrx_word' id='word_1_107' title='bbox 69 841 106 874; x_wconf 90' lang='lat' dir='ltr'>in</span> <span class='ocrx_word' id='word_1_108' title='bbox 124 837 302 874; x_wconf 81' lang='lat' dir='ltr'>Christum</span> <span class='ocrx_word' id='word_1_109' title='bbox 320 850 337 871; x_wconf 93' lang='lat' dir='ltr'>a</span> <span class='ocrx_word' id='word_1_110' title='bbox 355 845 494 882; x_wconf 87' lang='lat' dir='ltr'>peccato</span> <span class='ocrx_word' id='word_1_111' title='bbox 513 839 724 872; x_wconf 85' lang='lat' dir='ltr'>liberemur:</span> <span class='ocrx_word' id='word_1_112' title='bbox 754 839 835 872; x_wconf 88' lang='lat' dir='ltr'>item</span> <span class='ocrx_word' id='word_1_113' title='bbox 849 866 857 879; x_wconf 93' lang='lat'>,</span> <span class='ocrx_word' id='word_1_114' title='bbox 885 841 978 884; x_wconf 88' lang='lat' dir='ltr'>quod</span> <span class='ocrx_word' id='word_1_115' title='bbox 1001 840 1054 873; x_wconf 89' lang='lat' dir='ltr'>iu-</span> 
     </span>
     <span class='ocr_line' id='line_1_19' title="bbox 68 886 1053 930; baseline -0.001 -6"><span class='ocrx_word' id='word_1_116' title='bbox 68 892 113 925; x_wconf 87' lang='lat' dir='ltr'>sti</span> <span class='ocrx_word' id='word_1_117' title='bbox 131 897 165 923; x_wconf 90' lang='lat' dir='ltr'>et</span> <span class='ocrx_word' id='word_1_118' title='bbox 182 889 268 923; x_wconf 85' lang='lat' dir='ltr'>salvi</span> <span class='ocrx_word' id='word_1_119' title='bbox 284 889 394 922; x_wconf 92' lang='lat' dir='ltr'>simus</span> <span class='ocrx_word' id='word_1_120' title='bbox 410 889 560 922; x_wconf 85' lang='lat' dir='ltr'>transitu</span> <span class='ocrx_word' id='word_1_121' title='bbox 580 886 732 930; x_wconf 88' lang='lat' dir='ltr'>Christi,</span> <span class='ocrx_word' id='word_1_122' title='bbox 758 901 853 921; x_wconf 86' lang='lat' dir='ltr'>nune</span> <span class='ocrx_word' id='word_1_123' title='bbox 871 891 967 923; x_wconf 83' lang='lat' dir='ltr'>addit</span> <span class='ocrx_word' id='word_1_124' title='bbox 984 896 1053 923; x_wconf 89' lang='lat' dir='ltr'>ter-</span> 
     </span>
     <span class='ocr_line' id='line_1_20' title="bbox 69 939 1055 983; baseline -0.003 -8"><span class='ocrx_word' id='word_1_125' title='bbox 69 942 157 976; x_wconf 86' lang='lat' dir='ltr'>tium</span> <span class='ocrx_word' id='word_1_126' title='bbox 175 941 218 973; x_wconf 90' lang='lat' dir='ltr'>de</span> <span class='ocrx_word' id='word_1_127' title='bbox 237 940 386 979; x_wconf 91' lang='lat' dir='ltr'>iudicio,</span> <span class='ocrx_word' id='word_1_128' title='bbox 413 939 447 972; x_wconf 92' lang='lat' dir='ltr'>id</span> <span class='ocrx_word' id='word_1_129' title='bbox 474 946 542 979; x_wconf 88' lang='lat' dir='ltr'>est,</span> <span class='ocrx_word' id='word_1_130' title='bbox 569 941 612 972; x_wconf 91' lang='lat' dir='ltr'>de</span> <span class='ocrx_word' id='word_1_131' title='bbox 635 939 889 983; x_wconf 85' lang='lat' dir='ltr'>persecutione.</span> <span class='ocrx_word' id='word_1_132' title='bbox 944 939 1055 973; x_wconf 88' lang='lat' dir='ltr'>Mun-</span> 
     </span>
    </p>
   </div>
   <div class='ocr_carea' id='block_1_11' title="bbox 1078 353 1083 544">
    <p class='ocr_par' dir='ltr' id='par_1_11' title="bbox 1078 353 1083 544">
     <span class='ocr_line' id='line_1_21' title="bbox 1078 353 1083 544; baseline 0 2371"><span class='ocrx_word' id='word_1_133' title='bbox 1078 353 1083 544; x_wconf 95' lang='lat' dir='ltr'> </span> 
     </span>
    </p>
   </div>
   <div class='ocr_carea' id='block_1_12' title="bbox 1078 545 1083 741">
    <p class='ocr_par' dir='ltr' id='par_1_12' title="bbox 1078 545 1083 741">
     <span class='ocr_line' id='line_1_22' title="bbox 1078 545 1083 741; baseline 0 2174"><span class='ocrx_word' id='word_1_134' title='bbox 1078 545 1083 741; x_wconf 95' lang='lat' dir='ltr'> </span> 
     </span>
    </p>
   </div>
   <div class='ocr_carea' id='block_1_13' title="bbox 1078 767 1084 1011">
    <p class='ocr_par' dir='ltr' id='par_1_13' title="bbox 1078 767 1084 1011">
     <span class='ocr_line' id='line_1_23' title="bbox 1079 767 1084 900; baseline 0 0"><span class='ocrx_word' id='word_1_135' title='bbox 1079 767 1084 900; x_wconf 74' lang='lat' dir='ltr'>l</span> 
     </span>
     <span class='ocr_line' id='line_1_24' title="bbox 1078 901 1082 1011; baseline 0 0"><span class='ocrx_word' id='word_1_136' title='bbox 1078 901 1082 1011; x_wconf 67' lang='grc' dir='ltr'><strong><em>ἒ</em></strong></span> 
     </span>
    </p>
   </div>
   <div class='ocr_carea' id='block_1_14' title="bbox 68 1034 1089 2658">
    <p class='ocr_par' dir='ltr' id='par_1_14' title="bbox 68 1034 1080 1590">
     <span class='ocr_line' id='line_1_25' title="bbox 68 1034 1080 1096; baseline -0.001 -21"><span class='ocrx_word' id='word_1_137' title='bbox 68 1042 169 1086; x_wconf 87' lang='lat' dir='ltr'>gelii,</span> <span class='ocrx_word' id='word_1_138' title='bbox 203 1047 332 1083; x_wconf 81' lang='lat' dir='ltr'>negant</span> <span class='ocrx_word' id='word_1_139' title='bbox 365 1038 454 1073; x_wconf 78' lang='lat' dir='ltr'>hanc</span> <span class='ocrx_word' id='word_1_140' title='bbox 484 1052 604 1073; x_wconf 88' lang='lat' dir='ltr'>vocem</span> <span class='ocrx_word' id='word_1_141' title='bbox 635 1052 706 1073; x_wconf 91' lang='lat' dir='ltr'>esse</span> <span class='ocrx_word' id='word_1_142' title='bbox 737 1042 883 1074; x_wconf 78' lang='lat' dir='ltr'>verbum</span> <span class='ocrx_word' id='word_1_143' title='bbox 909 1039 995 1081; x_wconf 88' lang='lat' dir='ltr'>Dei,</span> <span class='ocrx_word' id='word_1_144' title='bbox 1022 1034 1080 1096; x_wconf 45' lang='lat' dir='ltr'>eti¹</span> 
     </span>
     <span class='ocr_line' id='line_1_26' title="bbox 70 1088 1080 1134; baseline -0.002 -8"><span class='ocrx_word' id='word_1_145' title='bbox 70 1091 233 1126; x_wconf 88' lang='lat' dir='ltr'>diabolus</span> <span class='ocrx_word' id='word_1_146' title='bbox 250 1088 358 1124; x_wconf 87' lang='lat' dir='ltr'>hostis</span> <span class='ocrx_word' id='word_1_147' title='bbox 377 1090 458 1123; x_wconf 85' lang='lat' dir='ltr'>Filii</span> <span class='ocrx_word' id='word_1_148' title='bbox 474 1090 539 1124; x_wconf 92' lang='lat' dir='ltr'>Dei</span> <span class='ocrx_word' id='word_1_149' title='bbox 563 1091 714 1134; x_wconf 85' lang='lat' dir='ltr'>impellit</span> <span class='ocrx_word' id='word_1_150' title='bbox 737 1102 798 1124; x_wconf 89' lang='lat' dir='ltr'>sua</span> <span class='ocrx_word' id='word_1_151' title='bbox 817 1091 990 1132; x_wconf 86' lang='lat' dir='ltr'>membra,</span> <span class='ocrx_word' id='word_1_152' title='bbox 1015 1098 1053 1124; x_wconf 84' lang='lat' dir='ltr'>ut</span> <span class='ocrx_word' id='word_1_153' title='bbox 1077 1099 1080 1127; x_wconf 63' lang='grc' dir='ltr'>ἢ</span> 
     </span>
     <span class='ocr_line' id='line_1_27' title="bbox 69 1129 1079 1185; baseline -0.002 -9"><span class='ocrx_word' id='word_1_154' title='bbox 69 1143 168 1177; x_wconf 90' lang='lat' dir='ltr'>omni</span> <span class='ocrx_word' id='word_1_155' title='bbox 185 1141 324 1175; x_wconf 84' lang='lat' dir='ltr'>saevitia</span> <span class='ocrx_word' id='word_1_156' title='bbox 342 1141 483 1174; x_wconf 86' lang='lat' dir='ltr'>deleant</span> <span class='ocrx_word' id='word_1_157' title='bbox 498 1140 742 1184; x_wconf 63' lang='lat' dir='ltr'>Evangelfflm,</span> <span class='ocrx_word' id='word_1_158' title='bbox 768 1148 801 1174; x_wconf 91' lang='lat' dir='ltr'>et</span> <span class='ocrx_word' id='word_1_159' title='bbox 818 1142 853 1173; x_wconf 91' lang='lat' dir='ltr'>in</span> <span class='ocrx_word' id='word_1_160' title='bbox 875 1148 969 1174; x_wconf 84' lang='lat' dir='ltr'>tanta</span> <span class='ocrx_word' id='word_1_161' title='bbox 990 1153 1050 1185; x_wconf 90' lang='lat' dir='ltr'>po—</span> <span class='ocrx_word' id='word_1_162' title='bbox 1076 1129 1079 1185; x_wconf 65' lang='lat' dir='ltr'>l</span> 
     </span>
     <span class='ocr_line' id='line_1_28' title="bbox 69 1189 1079 1255; baseline -0.002 -28"><span class='ocrx_word' id='word_1_163' title='bbox 69 1193 179 1227; x_wconf 85' lang='lat' dir='ltr'>tentia</span> <span class='ocrx_word' id='word_1_164' title='bbox 202 1191 393 1235; x_wconf 82' lang='lat' dir='ltr'>impiorum</span> <span class='ocrx_word' id='word_1_165' title='bbox 419 1192 558 1224; x_wconf 89' lang='lat' dir='ltr'>videtur</span> <span class='ocrx_word' id='word_1_166' title='bbox 589 1191 738 1224; x_wconf 85' lang='lat' dir='ltr'>subinde</span> <span class='ocrx_word' id='word_1_167' title='bbox 771 1192 954 1224; x_wconf 85' lang='lat' dir='ltr'>interitura</span> <span class='ocrx_word' id='word_1_168' title='bbox 980 1199 1051 1225; x_wconf 82' lang='lat' dir='ltr'>tota</span> <span class='ocrx_word' id='word_1_169' title='bbox 1076 1189 1079 1255; x_wconf 81' lang='grc' dir='ltr'>Ι</span> 
     </span>
     <span class='ocr_line' id='line_1_29' title="bbox 69 1242 1051 1285; baseline -0.003 -8"><span class='ocrx_word' id='word_1_170' title='bbox 69 1242 245 1282; x_wconf 84' lang='lat' dir='ltr'>Ecclesia,</span> <span class='ocrx_word' id='word_1_171' title='bbox 273 1243 331 1274; x_wconf 93' lang='lat' dir='ltr'>sed</span> <span class='ocrx_word' id='word_1_172' title='bbox 353 1242 497 1284; x_wconf 85' lang='lat' dir='ltr'>emergit</span> <span class='ocrx_word' id='word_1_173' title='bbox 513 1248 648 1281; x_wconf 87' lang='lat' dir='ltr'>tamen,</span> <span class='ocrx_word' id='word_1_174' title='bbox 676 1248 709 1274; x_wconf 90' lang='lat' dir='ltr'>et</span> <span class='ocrx_word' id='word_1_175' title='bbox 732 1242 860 1274; x_wconf 87' lang='lat' dir='ltr'>resistit</span> <span class='ocrx_word' id='word_1_176' title='bbox 878 1243 1051 1285; x_wconf 87' lang='lat' dir='ltr'>potentiae</span> 
     </span>
     <span class='ocr_line' id='line_1_30' title="bbox 70 1290 1051 1332; baseline -0.003 -5"><span class='ocrx_word' id='word_1_177' title='bbox 70 1293 204 1327; x_wconf 90' lang='lat' dir='ltr'>diaboli</span> <span class='ocrx_word' id='word_1_178' title='bbox 226 1299 259 1326; x_wconf 89' lang='lat' dir='ltr'>et</span> <span class='ocrx_word' id='word_1_179' title='bbox 275 1293 417 1329; x_wconf 89' lang='lat' dir='ltr'>mundi,</span> <span class='ocrx_word' id='word_1_180' title='bbox 446 1298 477 1324; x_wconf 88' lang='lat' dir='ltr'>et</span> <span class='ocrx_word' id='word_1_181' title='bbox 495 1298 611 1324; x_wconf 89' lang='lat' dir='ltr'>manet</span> <span class='ocrx_word' id='word_1_182' title='bbox 636 1303 707 1324; x_wconf 92' lang='lat' dir='ltr'>non</span> <span class='ocrx_word' id='word_1_183' title='bbox 726 1290 890 1325; x_wconf 89' lang='lat' dir='ltr'>humanis</span> <span class='ocrx_word' id='word_1_184' title='bbox 906 1292 1051 1332; x_wconf 85' lang='lat' dir='ltr'>viribus,</span> 
     </span>
     <span class='ocr_line' id='line_1_31' title="bbox 69 1339 1052 1386; baseline -0.002 -9"><span class='ocrx_word' id='word_1_185' title='bbox 69 1351 129 1377; x_wconf 87' lang='lat' dir='ltr'>aut</span> <span class='ocrx_word' id='word_1_186' title='bbox 146 1342 323 1385; x_wconf 89' lang='lat' dir='ltr'>consiliis,</span> <span class='ocrx_word' id='word_1_187' title='bbox 349 1343 409 1375; x_wconf 91' lang='lat' dir='ltr'>sed</span> <span class='ocrx_word' id='word_1_188' title='bbox 425 1342 506 1386; x_wconf 92' lang='lat' dir='ltr'>quia</span> <span class='ocrx_word' id='word_1_189' title='bbox 519 1339 680 1375; x_wconf 89' lang='lat' dir='ltr'>Christus</span> <span class='ocrx_word' id='word_1_190' title='bbox 693 1341 852 1386; x_wconf 84' lang='lat' dir='ltr'>reprimit</span> <span class='ocrx_word' id='word_1_191' title='bbox 869 1341 1052 1375; x_wconf 91' lang='lat' dir='ltr'>diabolum</span> 
     </span>
     <span class='ocr_line' id='line_1_32' title="bbox 69 1392 1053 1436; baseline -0.003 -9"><span class='ocrx_word' id='word_1_192' title='bbox 69 1394 138 1427; x_wconf 88' lang='lat' dir='ltr'>iam</span> <span class='ocrx_word' id='word_1_193' title='bbox 153 1393 347 1426; x_wconf 90' lang='lat' dir='ltr'>iudicatum</span> <span class='ocrx_word' id='word_1_194' title='bbox 364 1399 396 1426; x_wconf 90' lang='lat' dir='ltr'>et</span> <span class='ocrx_word' id='word_1_195' title='bbox 413 1393 700 1425; x_wconf 87' lang='lat' dir='ltr'>condemnatum.</span> <span class='ocrx_word' id='word_1_196' title='bbox 752 1392 832 1425; x_wconf 75' lang='lat' dir='ltr'>Non</span> <span class='ocrx_word' id='word_1_197' title='bbox 851 1399 964 1436; x_wconf 88' lang='lat' dir='ltr'>potest</span> <span class='ocrx_word' id='word_1_198' title='bbox 988 1393 1053 1435; x_wconf 88' lang='lat' dir='ltr'>igi-</span> 
     </span>
     <span class='ocr_line' id='line_1_33' title="bbox 69 1442 1052 1486; baseline -0.002 -8"><span class='ocrx_word' id='word_1_199' title='bbox 69 1452 127 1478; x_wconf 88' lang='lat' dir='ltr'>tur</span> <span class='ocrx_word' id='word_1_200' title='bbox 150 1443 312 1477; x_wconf 89' lang='lat' dir='ltr'>diabolus</span> <span class='ocrx_word' id='word_1_201' title='bbox 333 1442 482 1486; x_wconf 85' lang='lat' dir='ltr'>grassari</span> <span class='ocrx_word' id='word_1_202' title='bbox 506 1450 677 1486; x_wconf 88' lang='lat' dir='ltr'>quantum</span> <span class='ocrx_word' id='word_1_203' title='bbox 701 1442 796 1483; x_wconf 88' lang='lat' dir='ltr'>vult,</span> <span class='ocrx_word' id='word_1_204' title='bbox 822 1454 886 1475; x_wconf 89' lang='lat' dir='ltr'>nec</span> <span class='ocrx_word' id='word_1_205' title='bbox 909 1444 1052 1486; x_wconf 90' lang='lat' dir='ltr'>perdere</span> 
     </span>
     <span class='ocr_line' id='line_1_34' title="bbox 70 1492 1053 1538; baseline -0.002 -10"><span class='ocrx_word' id='word_1_206' title='bbox 70 1493 280 1533; x_wconf 80' lang='lat' dir='ltr'>Ecclesiam,</span> <span class='ocrx_word' id='word_1_207' title='bbox 307 1505 395 1538; x_wconf 90' lang='lat' dir='ltr'>quae</span> <span class='ocrx_word' id='word_1_208' title='bbox 418 1492 670 1536; x_wconf 83' lang='lat' dir='ltr'>glorificabitur</span> <span class='ocrx_word' id='word_1_209' title='bbox 694 1504 757 1525; x_wconf 90' lang='lat' dir='ltr'>suo</span> <span class='ocrx_word' id='word_1_210' title='bbox 779 1499 955 1537; x_wconf 89' lang='lat' dir='ltr'>tempore,</span> <span class='ocrx_word' id='word_1_211' title='bbox 982 1494 1053 1526; x_wconf 90' lang='lat' dir='ltr'>imo</span> 
     </span>
     <span class='ocr_line' id='line_1_35' title="bbox 69 1541 945 1590; baseline -0.001 -12"><span class='ocrx_word' id='word_1_212' title='bbox 69 1557 183 1590; x_wconf 90' lang='lat' dir='ltr'>neque</span> <span class='ocrx_word' id='word_1_213' title='bbox 197 1544 235 1576; x_wconf 89' lang='lat' dir='ltr'>in</span> <span class='ocrx_word' id='word_1_214' title='bbox 252 1541 317 1576; x_wconf 84' lang='lat' dir='ltr'>hac</span> <span class='ocrx_word' id='word_1_215' title='bbox 335 1544 405 1577; x_wconf 89' lang='lat' dir='ltr'>vita</span> <span class='ocrx_word' id='word_1_216' title='bbox 421 1543 582 1576; x_wconf 88' lang='lat' dir='ltr'>funditus</span> <span class='ocrx_word' id='word_1_217' title='bbox 598 1554 671 1582; x_wconf 85' lang='lat' dir='ltr'>eam</span> <span class='ocrx_word' id='word_1_218' title='bbox 688 1543 804 1576; x_wconf 88' lang='lat' dir='ltr'>delere</span> <span class='ocrx_word' id='word_1_219' title='bbox 819 1550 945 1587; x_wconf 89' lang='lat' dir='ltr'>potest.</span> 
     </span>
    </p>

    <p class='ocr_par' dir='ltr' id='par_1_15' title="bbox 69 1591 1055 1988">
     <span class='ocr_line' id='line_1_36' title="bbox 173 1591 1055 1638; baseline -0.001 -11"><span class='ocrx_word' id='word_1_220' title='bbox 173 1594 222 1628; x_wconf 90' lang='lat' dir='ltr'>Ita</span> <span class='ocrx_word' id='word_1_221' title='bbox 248 1594 284 1626; x_wconf 93' lang='lat' dir='ltr'>in</span> <span class='ocrx_word' id='word_1_222' title='bbox 311 1591 374 1626; x_wconf 88' lang='lat' dir='ltr'>hac</span> <span class='ocrx_word' id='word_1_223' title='bbox 399 1593 568 1627; x_wconf 89' lang='lat' dir='ltr'>concione</span> <span class='ocrx_word' id='word_1_224' title='bbox 595 1593 693 1638; x_wconf 91' lang='lat' dir='ltr'>quasi</span> <span class='ocrx_word' id='word_1_225' title='bbox 718 1594 853 1637; x_wconf 90' lang='lat' dir='ltr'>pictura</span> <span class='ocrx_word' id='word_1_226' title='bbox 877 1592 1055 1627; x_wconf 88' lang='lat' dir='ltr'>Ecclesiae</span> 
     </span>
     <span class='ocr_line' id='line_1_37' title="bbox 69 1641 1054 1691; baseline -0.002 -12"><span class='ocrx_word' id='word_1_227' title='bbox 69 1645 299 1691; x_wconf 86' lang='lat' dir='ltr'>proponitur,</span> <span class='ocrx_word' id='word_1_228' title='bbox 326 1656 403 1677; x_wconf 93' lang='lat' dir='ltr'>cum</span> <span class='ocrx_word' id='word_1_229' title='bbox 422 1644 553 1688; x_wconf 89' lang='lat' dir='ltr'>inquit:</span> <span class='ocrx_word' id='word_1_230' title='bbox 582 1641 715 1686; x_wconf 85' lang='lat' dir='ltr'>Arguet</span> <span class='ocrx_word' id='word_1_231' title='bbox 733 1645 925 1682; x_wconf 88' lang='lat' dir='ltr'>mundum,</span> <span class='ocrx_word' id='word_1_232' title='bbox 950 1651 1054 1678; x_wconf 88' lang='lat' dir='ltr'>testa-</span> 
     </span>
     <span class='ocr_line' id='line_1_38' title="bbox 69 1694 1053 1734; baseline -0.004 -4"><span class='ocrx_word' id='word_1_233' title='bbox 69 1704 129 1730; x_wconf 88' lang='lat' dir='ltr'>tur</span> <span class='ocrx_word' id='word_1_234' title='bbox 145 1707 221 1729; x_wconf 90' lang='lat' dir='ltr'>eam</span> <span class='ocrx_word' id='word_1_235' title='bbox 239 1695 346 1728; x_wconf 83' lang='lat' dir='ltr'>verbo</span> <span class='ocrx_word' id='word_1_236' title='bbox 365 1694 488 1734; x_wconf 91' lang='lat' dir='ltr'>condi,</span> <span class='ocrx_word' id='word_1_237' title='bbox 515 1694 639 1727; x_wconf 89' lang='lat' dir='ltr'>deinde</span> <span class='ocrx_word' id='word_1_238' title='bbox 664 1694 831 1727; x_wconf 88' lang='lat' dir='ltr'>discernit</span> <span class='ocrx_word' id='word_1_239' title='bbox 857 1695 1053 1727; x_wconf 83' lang='lat' dir='ltr'>doctrinam</span> 
     </span>
     <span class='ocr_line' id='line_1_39' title="bbox 71 1745 1055 1790; baseline -0.003 -10"><span class='ocrx_word' id='word_1_240' title='bbox 71 1760 90 1781; x_wconf 91' lang='lat' dir='ltr'>a</span> <span class='ocrx_word' id='word_1_241' title='bbox 114 1747 205 1790; x_wconf 86' lang='lat' dir='ltr'>lege,</span> <span class='ocrx_word' id='word_1_242' title='bbox 233 1746 327 1790; x_wconf 89' lang='lat' dir='ltr'>quod</span> <span class='ocrx_word' id='word_1_243' title='bbox 352 1757 425 1777; x_wconf 88' lang='lat' dir='ltr'>non</span> <span class='ocrx_word' id='word_1_244' title='bbox 449 1745 640 1777; x_wconf 87' lang='lat' dir='ltr'>liberemur</span> <span class='ocrx_word' id='word_1_245' title='bbox 666 1756 684 1776; x_wconf 91' lang='lat' dir='ltr'>a</span> <span class='ocrx_word' id='word_1_246' title='bbox 712 1751 869 1787; x_wconf 88' lang='lat' dir='ltr'>peccato,</span> <span class='ocrx_word' id='word_1_247' title='bbox 896 1745 963 1777; x_wconf 90' lang='lat' dir='ltr'>nisi</span> <span class='ocrx_word' id='word_1_248' title='bbox 988 1745 1055 1777; x_wconf 85' lang='lat' dir='ltr'>fide</span> 
     </span>
     <span class='ocr_line' id='line_1_40' title="bbox 70 1793 1054 1839; baseline -0.004 -8"><span class='ocrx_word' id='word_1_249' title='bbox 70 1796 155 1831; x_wconf 80' lang='lat' dir='ltr'>Filii</span> <span class='ocrx_word' id='word_1_250' title='bbox 175 1795 253 1830; x_wconf 88' lang='lat' dir='ltr'>Dei.</span> <span class='ocrx_word' id='word_1_251' title='bbox 306 1794 412 1833; x_wconf 88' lang='lat' dir='ltr'>Item,</span> <span class='ocrx_word' id='word_1_252' title='bbox 441 1796 534 1839; x_wconf 89' lang='lat' dir='ltr'>quod</span> <span class='ocrx_word' id='word_1_253' title='bbox 552 1795 632 1827; x_wconf 88' lang='lat' dir='ltr'>iusti</span> <span class='ocrx_word' id='word_1_254' title='bbox 655 1794 764 1827; x_wconf 87' lang='lat' dir='ltr'>simus</span> <span class='ocrx_word' id='word_1_255' title='bbox 787 1802 929 1838; x_wconf 86' lang='lat' dir='ltr'>propter</span> <span class='ocrx_word' id='word_1_256' title='bbox 950 1793 1054 1828; x_wconf 80' lang='lat' dir='ltr'>Chri-</span> 
     </span>
     <span class='ocr_line' id='line_1_41' title="bbox 71 1845 1055 1890; baseline -0.004 -8"><span class='ocrx_word' id='word_1_257' title='bbox 71 1854 162 1882; x_wconf 85' lang='lat' dir='ltr'>stum</span> <span class='ocrx_word' id='word_1_258' title='bbox 179 1846 406 1879; x_wconf 87' lang='lat' dir='ltr'>mediatorem</span> <span class='ocrx_word' id='word_1_259' title='bbox 419 1872 429 1885; x_wconf 84' lang='lat'>,</span> <span class='ocrx_word' id='word_1_260' title='bbox 456 1852 487 1878; x_wconf 93' lang='lat' dir='ltr'>et</span> <span class='ocrx_word' id='word_1_261' title='bbox 505 1846 597 1890; x_wconf 88' lang='lat' dir='ltr'>quod</span> <span class='ocrx_word' id='word_1_262' title='bbox 616 1846 720 1878; x_wconf 88' lang='lat' dir='ltr'>detur</span> <span class='ocrx_word' id='word_1_263' title='bbox 736 1845 805 1878; x_wconf 85' lang='lat' dir='ltr'>vita</span> <span class='ocrx_word' id='word_1_264' title='bbox 822 1852 960 1878; x_wconf 88' lang='lat' dir='ltr'>aeterna</span> <span class='ocrx_word' id='word_1_265' title='bbox 981 1846 1055 1890; x_wconf 93' lang='lat' dir='ltr'>ipso</span> 
     </span>
     <span class='ocr_line' id='line_1_42' title="bbox 72 1896 1055 1940; baseline -0.004 -8"><span class='ocrx_word' id='word_1_266' title='bbox 72 1905 175 1932; x_wconf 85' lang='lat' dir='ltr'>eunte</span> <span class='ocrx_word' id='word_1_267' title='bbox 206 1898 249 1930; x_wconf 88' lang='lat' dir='ltr'>ad</span> <span class='ocrx_word' id='word_1_268' title='bbox 278 1903 430 1940; x_wconf 85' lang='lat' dir='ltr'>patrem,</span> <span class='ocrx_word' id='word_1_269' title='bbox 465 1896 500 1928; x_wconf 91' lang='lat' dir='ltr'>id</span> <span class='ocrx_word' id='word_1_270' title='bbox 526 1903 597 1939; x_wconf 89' lang='lat' dir='ltr'>est,</span> <span class='ocrx_word' id='word_1_271' title='bbox 633 1902 800 1938; x_wconf 87' lang='lat' dir='ltr'>regnante</span> <span class='ocrx_word' id='word_1_272' title='bbox 831 1902 864 1929; x_wconf 86' lang='lat' dir='ltr'>et</span> <span class='ocrx_word' id='word_1_273' title='bbox 890 1897 1055 1929; x_wconf 88' lang='lat' dir='ltr'>resuscci-</span> 
     </span>
     <span class='ocr_line' id='line_1_43' title="bbox 71 1954 354 1988; baseline -0.007 -5"><span class='ocrx_word' id='word_1_274' title='bbox 71 1955 165 1983; x_wconf 89' lang='lat' dir='ltr'>tante</span> <span class='ocrx_word' id='word_1_275' title='bbox 181 1959 264 1988; x_wconf 92' lang='lat' dir='ltr'>nos,</span> <span class='ocrx_word' id='word_1_276' title='bbox 291 1954 354 1981; x_wconf 85' lang='lat' dir='ltr'>etc.</span> 
     </span>
    </p>

    <p class='ocr_par' dir='ltr' id='par_1_16' title="bbox 73 1994 1089 2658">
     <span class='ocr_line' id='line_1_44' title="bbox 171 1994 1057 2041; baseline -0.005 -9"><span class='ocrx_word' id='word_1_277' title='bbox 171 1998 242 2032; x_wconf 94' lang='lat' dir='ltr'>Iam</span> <span class='ocrx_word' id='word_1_278' title='bbox 267 1996 352 2031; x_wconf 89' lang='lat' dir='ltr'>haec</span> <span class='ocrx_word' id='word_1_279' title='bbox 377 2009 455 2031; x_wconf 89' lang='lat' dir='ltr'>cum</span> <span class='ocrx_word' id='word_1_280' title='bbox 479 1997 662 2041; x_wconf 74' lang='lat' dir='ltr'>profitetur</span> <span class='ocrx_word' id='word_1_281' title='bbox 688 1994 863 2037; x_wconf 83' lang='lat' dir='ltr'>Ecclesia,</span> <span class='ocrx_word' id='word_1_282' title='bbox 895 1996 1057 2029; x_wconf 88' lang='lat' dir='ltr'>diabolus</span> 
     </span>
     <span class='ocr_line' id='line_1_45' title="bbox 73 2046 1055 2092; baseline -0.004 -9"><span class='ocrx_word' id='word_1_283' title='bbox 73 2049 198 2083; x_wconf 81' lang='lat' dir='ltr'>excitat</span> <span class='ocrx_word' id='word_1_284' title='bbox 228 2049 382 2092; x_wconf 89' lang='lat' dir='ltr'>ingentia</span> <span class='ocrx_word' id='word_1_285' title='bbox 411 2049 619 2089; x_wconf 87' lang='lat' dir='ltr'>certamina,</span> <span class='ocrx_word' id='word_1_286' title='bbox 654 2054 686 2080; x_wconf 92' lang='lat' dir='ltr'>et</span> <span class='ocrx_word' id='word_1_287' title='bbox 713 2049 867 2080; x_wconf 90' lang='lat' dir='ltr'>mundus</span> <span class='ocrx_word' id='word_1_288' title='bbox 898 2046 1055 2080; x_wconf 85' lang='lat' dir='ltr'>defendit</span> 
     </span>
     <span class='ocr_line' id='line_1_46' title="bbox 74 2098 1056 2143; baseline -0.004 -10"><span class='ocrx_word' id='word_1_289' title='bbox 74 2110 153 2133; x_wconf 89' lang='lat' dir='ltr'>suas</span> <span class='ocrx_word' id='word_1_290' title='bbox 168 2099 372 2143; x_wconf 87' lang='lat' dir='ltr'>opiniones,</span> <span class='ocrx_word' id='word_1_291' title='bbox 400 2098 617 2131; x_wconf 86' lang='lat' dir='ltr'>idololatrias</span> <span class='ocrx_word' id='word_1_292' title='bbox 638 2105 671 2132; x_wconf 90' lang='lat' dir='ltr'>et</span> <span class='ocrx_word' id='word_1_293' title='bbox 695 2098 781 2131; x_wconf 88' lang='lat' dir='ltr'>alios</span> <span class='ocrx_word' id='word_1_294' title='bbox 799 2109 950 2131; x_wconf 89' lang='lat' dir='ltr'>errores:</span> <span class='ocrx_word' id='word_1_295' title='bbox 979 2099 1056 2130; x_wconf 91' lang='lat' dir='ltr'>ideo</span> 
     </span>
     <span class='ocr_line' id='line_1_47' title="bbox 74 2148 1085 2189; baseline -0.005 -5"><span class='ocrx_word' id='word_1_296' title='bbox 74 2148 230 2184; x_wconf 85' lang='lat' dir='ltr'>Ecclesia</span> <span class='ocrx_word' id='word_1_297' title='bbox 249 2149 388 2182; x_wconf 85' lang='lat' dir='ltr'>interim</span> <span class='ocrx_word' id='word_1_298' title='bbox 414 2149 478 2181; x_wconf 90' lang='lat' dir='ltr'>sub</span> <span class='ocrx_word' id='word_1_299' title='bbox 495 2161 594 2181; x_wconf 91' lang='lat' dir='ltr'>cruce</span> <span class='ocrx_word' id='word_1_300' title='bbox 618 2156 685 2189; x_wconf 88' lang='lat' dir='ltr'>est,</span> <span class='ocrx_word' id='word_1_301' title='bbox 712 2150 771 2181; x_wconf 89' lang='lat' dir='ltr'>sed</span> <span class='ocrx_word' id='word_1_302' title='bbox 799 2149 906 2182; x_wconf 90' lang='lat' dir='ltr'>vincit</span> <span class='ocrx_word' id='word_1_303' title='bbox 931 2155 1058 2188; x_wconf 83' lang='lat' dir='ltr'>tamen,</span> <span class='ocrx_word' id='word_1_304' title='bbox 1082 2153 1085 2183; x_wconf 81' lang='grc' dir='ltr'>Ι</span> 
     </span>
     <span class='ocr_line' id='line_1_48' title="bbox 76 2199 1085 2244; baseline -0.004 -10"><span class='ocrx_word' id='word_1_305' title='bbox 76 2207 110 2234; x_wconf 86' lang='lat' dir='ltr'>et</span> <span class='ocrx_word' id='word_1_306' title='bbox 135 2199 402 2244; x_wconf 83' lang='lat' dir='ltr'>glorificabitur,</span> <span class='ocrx_word' id='word_1_307' title='bbox 430 2199 511 2243; x_wconf 85' lang='lat' dir='ltr'>quia</span> <span class='ocrx_word' id='word_1_308' title='bbox 536 2199 698 2232; x_wconf 87' lang='lat' dir='ltr'>diabolus</span> <span class='ocrx_word' id='word_1_309' title='bbox 723 2200 975 2232; x_wconf 89' lang='lat' dir='ltr'>condemnatus</span> <span class='ocrx_word' id='word_1_310' title='bbox 1000 2205 1058 2231; x_wconf 89' lang='lat' dir='ltr'>est.</span> <span class='ocrx_word' id='word_1_311' title='bbox 1082 2200 1085 2219; x_wconf 86' lang='lat'><em>¹</em></span> 
     </span>
     <span class='ocr_line' id='line_1_49' title="bbox 75 2249 1058 2291; baseline -0.003 -7"><span class='ocrx_word' id='word_1_312' title='bbox 75 2250 148 2284; x_wconf 89' lang='lat' dir='ltr'>Has</span> <span class='ocrx_word' id='word_1_313' title='bbox 165 2250 419 2283; x_wconf 85' lang='lat' dir='ltr'>consolationes</span> <span class='ocrx_word' id='word_1_314' title='bbox 436 2250 621 2291; x_wconf 86' lang='lat' dir='ltr'>diligenter</span> <span class='ocrx_word' id='word_1_315' title='bbox 638 2249 921 2289; x_wconf 84' lang='lat' dir='ltr'>meminerimus,</span> <span class='ocrx_word' id='word_1_316' title='bbox 948 2256 986 2282; x_wconf 91' lang='lat' dir='ltr'>ut</span> <span class='ocrx_word' id='word_1_317' title='bbox 1005 2249 1058 2281; x_wconf 83' lang='lat' dir='ltr'>‹li-</span> 
     </span>
     <span class='ocr_line' id='line_1_50' title="bbox 77 2299 1059 2346; baseline -0.003 -12"><span class='ocrx_word' id='word_1_318' title='bbox 77 2313 228 2341; x_wconf 87' lang='lat' dir='ltr'>scamus,</span> <span class='ocrx_word' id='word_1_319' title='bbox 261 2301 439 2346; x_wconf 89' lang='lat' dir='ltr'>quomodo</span> <span class='ocrx_word' id='word_1_320' title='bbox 463 2299 640 2341; x_wconf 84' lang='lat' dir='ltr'>contingat</span> <span class='ocrx_word' id='word_1_321' title='bbox 672 2299 833 2333; x_wconf 81' lang='lat' dir='ltr'>liberatio</span> <span class='ocrx_word' id='word_1_322' title='bbox 867 2312 884 2332; x_wconf 93' lang='lat' dir='ltr'>a</span> <span class='ocrx_word' id='word_1_323' title='bbox 911 2307 1059 2342; x_wconf 87' lang='lat' dir='ltr'>peccato,</span> 
     </span>
     <span class='ocr_line' id='line_1_51' title="bbox 77 2348 1060 2392; baseline -0.003 -7"><span class='ocrx_word' id='word_1_324' title='bbox 77 2352 225 2392; x_wconf 86' lang='lat' dir='ltr'>scilicet,</span> <span class='ocrx_word' id='word_1_325' title='bbox 251 2351 318 2384; x_wconf 70' lang='lat' dir='ltr'>fide</span> <span class='ocrx_word' id='word_1_326' title='bbox 336 2351 372 2383; x_wconf 92' lang='lat' dir='ltr'>in</span> <span class='ocrx_word' id='word_1_327' title='bbox 390 2350 520 2384; x_wconf 84' lang='lat' dir='ltr'>Filium</span> <span class='ocrx_word' id='word_1_328' title='bbox 536 2348 614 2384; x_wconf 79' lang='lat' dir='ltr'>Dei.</span> <span class='ocrx_word' id='word_1_329' title='bbox 667 2348 848 2382; x_wconf 88' lang='lat' dir='ltr'>Discamus</span> <span class='ocrx_word' id='word_1_330' title='bbox 870 2350 971 2390; x_wconf 88' lang='lat' dir='ltr'>item,</span> <span class='ocrx_word' id='word_1_331' title='bbox 997 2361 1060 2382; x_wconf 92' lang='lat' dir='ltr'>nos</span> 
     </span>
     <span class='ocr_line' id='line_1_52' title="bbox 78 2400 1061 2445; baseline -0.002 -10"><span class='ocrx_word' id='word_1_332' title='bbox 78 2414 150 2436; x_wconf 90' lang='lat' dir='ltr'>non</span> <span class='ocrx_word' id='word_1_333' title='bbox 170 2413 240 2435; x_wconf 88' lang='lat' dir='ltr'>esse</span> <span class='ocrx_word' id='word_1_334' title='bbox 257 2402 365 2435; x_wconf 91' lang='lat' dir='ltr'>iustos</span> <span class='ocrx_word' id='word_1_335' title='bbox 384 2407 526 2445; x_wconf 88' lang='lat' dir='ltr'>propter</span> <span class='ocrx_word' id='word_1_336' title='bbox 552 2407 687 2434; x_wconf 86' lang='lat' dir='ltr'>nostras</span> <span class='ocrx_word' id='word_1_337' title='bbox 705 2400 868 2440; x_wconf 74' lang='lat' dir='ltr'>virtutes,</span> <span class='ocrx_word' id='word_1_338' title='bbox 895 2401 953 2433; x_wconf 87' lang='lat' dir='ltr'>sed</span> <span class='ocrx_word' id='word_1_339' title='bbox 978 2412 1061 2443; x_wconf 88' lang='lat' dir='ltr'>pro·</span> 
     </span>
     <span class='ocr_line' id='line_1_53' title="bbox 78 2451 1060 2500; baseline -0.004 -14"><span class='ocrx_word' id='word_1_340' title='bbox 78 2460 156 2500; x_wconf 83' lang='lat' dir='ltr'>pter</span> <span class='ocrx_word' id='word_1_341' title='bbox 173 2452 322 2493; x_wconf 84' lang='lat' dir='ltr'>Filium,</span> <span class='ocrx_word' id='word_1_342' title='bbox 350 2453 409 2497; x_wconf 84' lang='lat' dir='ltr'>qui</span> <span class='ocrx_word' id='word_1_343' title='bbox 431 2452 528 2485; x_wconf 76' lang='lat' dir='ltr'>vadit</span> <span class='ocrx_word' id='word_1_344' title='bbox 552 2453 596 2485; x_wconf 88' lang='lat' dir='ltr'>ad</span> <span class='ocrx_word' id='word_1_345' title='bbox 620 2458 771 2494; x_wconf 78' lang='lat' dir='ltr'>patrem,</span> <span class='ocrx_word' id='word_1_346' title='bbox 802 2451 835 2483; x_wconf 93' lang='lat' dir='ltr'>id</span> <span class='ocrx_word' id='word_1_347' title='bbox 855 2458 923 2491; x_wconf 90' lang='lat' dir='ltr'>est,</span> <span class='ocrx_word' id='word_1_348' title='bbox 952 2451 1060 2483; x_wconf 77' lang='lat' dir='ltr'>iuter-</span> 
     </span>
     <span class='ocr_line' id='line_1_54' title="bbox 80 2500 1088 2547; baseline -0.003 -11"><span class='ocrx_word' id='word_1_349' title='bbox 80 2503 171 2537; x_wconf 87' lang='lat' dir='ltr'>cedit</span> <span class='ocrx_word' id='word_1_350' title='bbox 191 2515 255 2547; x_wconf 87' lang='lat' dir='ltr'>pro</span> <span class='ocrx_word' id='word_1_351' title='bbox 279 2503 398 2543; x_wconf 86' lang='lat' dir='ltr'>nobis,</span> <span class='ocrx_word' id='word_1_352' title='bbox 425 2502 585 2535; x_wconf 81' lang='lat' dir='ltr'>iustificat</span> <span class='ocrx_word' id='word_1_353' title='bbox 603 2508 633 2534; x_wconf 88' lang='lat' dir='ltr'>et</span> <span class='ocrx_word' id='word_1_354' title='bbox 652 2501 802 2534; x_wconf 73' lang='lat' dir='ltr'>viviticat</span> <span class='ocrx_word' id='word_1_355' title='bbox 826 2508 888 2536; x_wconf 85' lang='lat' dir='ltr'>etc.</span> <span class='ocrx_word' id='word_1_356' title='bbox 940 2500 1061 2534; x_wconf 90' lang='lat' dir='ltr'>Disca-</span> <span class='ocrx_word' id='word_1_357' title='bbox 1084 2513 1088 2539; x_wconf 82' lang='grc' dir='ltr'><strong>ι</strong></span> 
     </span>
     <span class='ocr_line' id='line_1_55' title="bbox 80 2541 1088 2596; baseline -0.002 -9"><span class='ocrx_word' id='word_1_358' title='bbox 80 2564 158 2587; x_wconf 89' lang='lat' dir='ltr'>mus</span> <span class='ocrx_word' id='word_1_359' title='bbox 180 2554 261 2587; x_wconf 84' lang='lat' dir='ltr'>item</span> <span class='ocrx_word' id='word_1_360' title='bbox 288 2554 324 2586; x_wconf 89' lang='lat' dir='ltr'>in</span> <span class='ocrx_word' id='word_1_361' title='bbox 350 2553 457 2586; x_wconf 86' lang='lat' dir='ltr'>tantis</span> <span class='ocrx_word' id='word_1_362' title='bbox 482 2553 644 2596; x_wconf 89' lang='lat' dir='ltr'>periculis</span> <span class='ocrx_word' id='word_1_363' title='bbox 669 2564 740 2584; x_wconf 91' lang='lat' dir='ltr'>non</span> <span class='ocrx_word' id='word_1_364' title='bbox 767 2553 986 2585; x_wconf 85' lang='lat' dir='ltr'>interituram</span> <span class='ocrx_word' id='word_1_365' title='bbox 1011 2541 1088 2585; x_wconf 84' lang='lat' dir='ltr'>ta-¹</span> 
     </span>
     <span class='ocr_line' id='line_1_56' title="bbox 83 2578 1089 2658; baseline 0 -22"><span class='ocrx_word' id='word_1_366' title='bbox 83 2615 163 2637; x_wconf 89' lang='lat' dir='ltr'>men</span> <span class='ocrx_word' id='word_1_367' title='bbox 181 2615 252 2637; x_wconf 88' lang='lat' dir='ltr'>esse</span> <span class='ocrx_word' id='word_1_368' title='bbox 268 2601 480 2644; x_wconf 79' lang='lat' dir='ltr'>Ecclesiam,</span> <span class='ocrx_word' id='word_1_369' title='bbox 507 2603 640 2636; x_wconf 87' lang='lat' dir='ltr'>etiamsi</span> <span class='ocrx_word' id='word_1_370' title='bbox 662 2603 801 2636; x_wconf 80' lang='lat' dir='ltr'>rabies</span> <span class='ocrx_word' id='word_1_371' title='bbox 794 2603 1005 2647; x_wconf 79' lang='lat' dir='ltr'>impiorum,</span> <span class='ocrx_word' id='word_1_372' title='bbox 1031 2609 1063 2636; x_wconf 88' lang='lat' dir='ltr'>et</span> <span class='ocrx_word' id='word_1_373' title='bbox 1085 2578 1089 2658; x_wconf 61' lang='lat' dir='ltr'>l</span> 
     </span>
    </p>
   </div>
   <div class='ocr_carea' id='block_1_15' title="bbox 85 2653 1089 2738">
    <p class='ocr_par' dir='ltr' id='par_1_17' title="bbox 85 2653 1089 2738">
     <span class='ocr_line' id='line_1_57' title="bbox 85 2653 1089 2697; baseline -0.001 -10"><span class='ocrx_word' id='word_1_374' title='bbox 85 2655 238 2697; x_wconf 79' lang='lat' dir='ltr'>potentia</span> <span class='ocrx_word' id='word_1_375' title='bbox 264 2654 432 2694; x_wconf 84' lang='lat' dir='ltr'>Tureica,</span> <span class='ocrx_word' id='word_1_376' title='bbox 471 2660 504 2687; x_wconf 88' lang='lat' dir='ltr'>et</span> <span class='ocrx_word' id='word_1_377' title='bbox 528 2654 658 2687; x_wconf 87' lang='lat' dir='ltr'>multae</span> <span class='ocrx_word' id='word_1_378' title='bbox 688 2653 911 2687; x_wconf 86' lang='lat' dir='ltr'>confusiones</span> <span class='ocrx_word' id='word_1_379' title='bbox 945 2665 1061 2687; x_wconf 90' lang='lat' dir='ltr'>rerum</span> <span class='ocrx_word' id='word_1_380' title='bbox 1085 2659 1089 2693; x_wconf 67' lang='lat' dir='ltr'>l</span> 
     </span>
     <span class='ocr_line' id='line_1_58' title="bbox 145 2703 664 2738; baseline 0 -2"><span class='ocrx_word' id='word_1_381' title='bbox 145 2706 441 2738; x_wconf 59' lang='lat' dir='ltr'>Mnaxeri-rr..</span> <span class='ocrx_word' id='word_1_382' title='bbox 471 2706 553 2737; x_wconf 74' lang='lat' dir='ltr'>V.01</span> <span class='ocrx_word' id='word_1_383' title='bbox 574 2703 664 2737; x_wconf 68' lang='lat' dir='ltr'>XIV.</span> 
     </span>
    </p>
   </div>
   <div class='ocr_carea' id='block_1_16' title="bbox 1075 1257 1080 1365">
    <p class='ocr_par' dir='ltr' id='par_1_18' title="bbox 1075 1257 1080 1365">
     <span class='ocr_line' id='line_1_59' title="bbox 1075 1257 1080 1365; baseline 0 1550"><span class='ocrx_word' id='word_1_384' title='bbox 1075 1257 1080 1365; x_wconf 95' lang='lat' dir='ltr'> </span> 
     </span>
    </p>
   </div>
   <div class='ocr_carea' id='block_1_17' title="bbox 1076 1371 1080 1470">
    <p class='ocr_par' dir='ltr' id='par_1_19' title="bbox 1076 1371 1080 1470">
     <span class='ocr_line' id='line_1_60' title="bbox 1076 1371 1080 1470; baseline 0 1445"><span class='ocrx_word' id='word_1_385' title='bbox 1076 1371 1080 1470; x_wconf 95' lang='lat' dir='ltr'> </span> 
     </span>
    </p>
   </div>
   <div class='ocr_carea' id='block_1_18' title="bbox 1082 2224 1086 2341">
    <p class='ocr_par' dir='ltr' id='par_1_20' title="bbox 1082 2224 1086 2341">
     <span class='ocr_line' id='line_1_61' title="bbox 1082 2224 1086 2341; baseline 0 574"><span class='ocrx_word' id='word_1_386' title='bbox 1082 2224 1086 2341; x_wconf 95' lang='lat' dir='ltr'> </span> 
     </span>
    </p>
   </div>
   <div class='ocr_carea' id='block_1_19' title="bbox 750 94 1548 136">
    <p class='ocr_par' dir='ltr' id='par_1_21' title="bbox 750 94 1548 136">
     <span class='ocr_line' id='line_1_62' title="bbox 750 94 1548 136; baseline 0.005 -5"><span class='ocrx_word' id='word_1_387' title='bbox 750 94 1143 136; x_wconf 83' lang='lat' dir='ltr'>ANNOTATIONES</span> <span class='ocrx_word' id='word_1_388' title='bbox 1171 97 1221 132; x_wconf 85' lang='lat' dir='ltr'>IN</span> <span class='ocrx_word' id='word_1_389' title='bbox 1247 96 1548 136; x_wconf 85' lang='lat' dir='ltr'>EVANGELIA.</span> 
     </span>
    </p>
   </div>
   <div class='ocr_carea' id='block_1_20' title="bbox 1083 2319 1319 2361">
    <p class='ocr_par' dir='ltr' id='par_1_22' title="bbox 1083 2319 1319 2361">
     <span class='ocr_line' id='line_1_63' title="bbox 1083 2319 1319 2361; baseline -0.004 -10"><span class='ocrx_word' id='word_1_390' title='bbox 1083 2343 1086 2361; x_wconf 87' lang='grc'>,</span> <span class='ocrx_word' id='word_1_391' title='bbox 1113 2319 1192 2352; x_wconf 87' lang='lat' dir='ltr'>satis</span> <span class='ocrx_word' id='word_1_392' title='bbox 1211 2324 1260 2351; x_wconf 88' lang='lat' dir='ltr'>est</span> <span class='ocrx_word' id='word_1_393' title='bbox 1271 2330 1286 2357; x_wconf 90' lang='lat'>,·</span> <span class='ocrx_word' id='word_1_394' title='bbox 1299 2326 1319 2350; x_wconf 56' lang='lat' dir='ltr'>‘z</span> 
     </span>
    </p>
   </div>
   <div class='ocr_carea' id='block_1_21' title="bbox 2015 102 2089 136">
    <p class='ocr_par' dir='ltr' id='par_1_23' title="bbox 2015 102 2089 136">
     <span class='ocr_line' id='line_1_64' title="bbox 2015 102 2089 136; baseline 0 0"><span class='ocrx_word' id='word_1_395' title='bbox 2015 102 2089 136; x_wconf 81' lang='lat'>274</span> 
     </span>
    </p>
   </div>
   <div class='ocr_carea' id='block_1_22' title="bbox 1105 181 2089 268">
    <p class='ocr_par' dir='ltr' id='par_1_24' title="bbox 1105 181 2089 268">
     <span class='ocr_line' id='line_1_65' title="bbox 1105 181 2089 268; baseline 0.002 -52"><span class='ocrx_word' id='word_1_396' title='bbox 1105 181 1360 268; x_wconf 47' lang='lat' dir='ltr'>gumanarum‚</span> <span class='ocrx_word' id='word_1_397' title='bbox 1396 184 1562 218; x_wconf 85' lang='lat' dir='ltr'>videntur</span> <span class='ocrx_word' id='word_1_398' title='bbox 1591 185 1730 230; x_wconf 77' lang='lat' dir='ltr'>penitus</span> <span class='ocrx_word' id='word_1_399' title='bbox 1756 183 1884 220; x_wconf 86' lang='lat' dir='ltr'>minari</span> <span class='ocrx_word' id='word_1_400' title='bbox 1909 185 2089 220; x_wconf 89' lang='lat' dir='ltr'>interitum</span> 
     </span>
     <span class='ocr_line' id='line_1_66' title="bbox 1139 234 1280 268; baseline 0.007 -1"><span class='ocrx_word' id='word_1_401' title='bbox 1139 234 1280 268; x_wconf 86' lang='lat' dir='ltr'>eclesiae</span> 
     </span>
    </p>
   </div>
   <div class='ocr_carea' id='block_1_23' title="bbox 1234 340 1959 456">
    <p class='ocr_par' dir='ltr' id='par_1_25' title="bbox 1234 340 1959 456">
     <span class='ocr_line' id='line_1_67' title="bbox 1234 340 1959 385; baseline 0.006 -6"><span class='ocrx_word' id='word_1_402' title='bbox 1234 340 1452 381; x_wconf 82' lang='lat' dir='ltr'>Dominica</span> <span class='ocrx_word' id='word_1_403' title='bbox 1486 341 1644 381; x_wconf 85' lang='lat' dir='ltr'>Vocem</span> <span class='ocrx_word' id='word_1_404' title='bbox 1674 343 1959 385; x_wconf 81' lang='lat' dir='ltr'>Iucunditatis.</span> 
     </span>
     <span class='ocr_line' id='line_1_68' title="bbox 1351 411 1847 456; baseline 0.004 -10"><span class='ocrx_word' id='word_1_405' title='bbox 1351 411 1584 456; x_wconf 78' lang='lat' dir='ltr'>Evangelium</span> <span class='ocrx_word' id='word_1_406' title='bbox 1604 412 1772 447; x_wconf 87' lang='lat' dir='ltr'>Iohannis</span> <span class='ocrx_word' id='word_1_407' title='bbox 1790 415 1847 449; x_wconf 86' lang='lat'>16.</span> 
     </span>
    </p>
   </div>
   <div class='ocr_carea' id='block_1_24' title="bbox 1158 482 2097 1087">
    <p class='ocr_par' dir='ltr' id='par_1_26' title="bbox 1158 482 2097 1087">
     <span class='ocr_line' id='line_1_69' title="bbox 1158 482 2090 534; baseline 0.004 -17"><span class='ocrx_word' id='word_1_408' title='bbox 1158 482 1271 518; x_wconf 80' lang='lat' dir='ltr'>Amen</span> <span class='ocrx_word' id='word_1_409' title='bbox 1289 497 1394 518; x_wconf 82' lang='lat' dir='ltr'>amen</span> <span class='ocrx_word' id='word_1_410' title='bbox 1419 484 1499 520; x_wconf 82' lang='lat' dir='ltr'>dico</span> <span class='ocrx_word' id='word_1_411' title='bbox 1522 485 1639 527; x_wconf 65' lang='lat' dir='ltr'>vobis,</span> <span class='ocrx_word' id='word_1_412' title='bbox 1664 498 1895 534; x_wconf 77' lang='lat' dir='ltr'>quaecunque</span> <span class='ocrx_word' id='word_1_413' title='bbox 1916 488 2090 533; x_wconf 81' lang='lat' dir='ltr'>pelierilis</span> 
     </span>
     <span class='ocr_line' id='line_1_70' title="bbox 1205 536 2091 582; baseline 0.003 -14"><span class='ocrx_word' id='word_1_414' title='bbox 1205 540 1345 582; x_wconf 83' lang='lat' dir='ltr'>patrem</span> <span class='ocrx_word' id='word_1_415' title='bbox 1358 537 1395 569; x_wconf 84' lang='lat' dir='ltr'>in</span> <span class='ocrx_word' id='word_1_416' title='bbox 1407 536 1551 570; x_wconf 84' lang='lat' dir='ltr'>nomine</span> <span class='ocrx_word' id='word_1_417' title='bbox 1560 549 1646 575; x_wconf 83' lang='lat' dir='ltr'>meo,</span> <span class='ocrx_word' id='word_1_418' title='bbox 1659 536 1763 570; x_wconf 81' lang='lat' dir='ltr'>dabit</span> <span class='ocrx_word' id='word_1_419' title='bbox 1776 537 1887 572; x_wconf 64' lang='lat' dir='ltr'>vobis.</span> <span class='ocrx_word' id='word_1_420' title='bbox 1904 538 2091 571; x_wconf 74' lang='lat' dir='ltr'>Hactenus</span> 
     </span>
     <span class='ocr_line' id='line_1_71' title="bbox 1208 586 2093 635; baseline 0.003 -17"><span class='ocrx_word' id='word_1_421' title='bbox 1208 599 1280 619; x_wconf 88' lang='lat' dir='ltr'>non</span> <span class='ocrx_word' id='word_1_422' title='bbox 1297 586 1454 633; x_wconf 76' lang='lat' dir='ltr'>petiistis</span> <span class='ocrx_word' id='word_1_423' title='bbox 1468 587 1662 635; x_wconf 75' lang='lat' dir='ltr'>quicquam</span> <span class='ocrx_word' id='word_1_424' title='bbox 1680 588 1718 621; x_wconf 85' lang='lat' dir='ltr'>in</span> <span class='ocrx_word' id='word_1_425' title='bbox 1735 588 1879 621; x_wconf 81' lang='lat' dir='ltr'>nomine</span> <span class='ocrx_word' id='word_1_426' title='bbox 1895 600 1980 622; x_wconf 85' lang='lat' dir='ltr'>meo.</span> <span class='ocrx_word' id='word_1_427' title='bbox 2024 586 2062 621; x_wconf 73' lang='grc' dir='ltr'>Ι)</span> <span class='ocrx_word' id='word_1_428' title='bbox 2076 610 2093 615; x_wconf 87' lang='grc'><strong>-</strong></span> 
     </span>
     <span class='ocr_line' id='line_1_72' title="bbox 1209 637 2093 684; baseline 0.002 -15"><span class='ocrx_word' id='word_1_429' title='bbox 1209 637 1270 669; x_wconf 74' lang='lat' dir='ltr'>tite</span> <span class='ocrx_word' id='word_1_430' title='bbox 1299 642 1328 670; x_wconf 82' lang='lat' dir='ltr'>el</span> <span class='ocrx_word' id='word_1_431' title='bbox 1359 638 1561 684; x_wconf 81' lang='lat' dir='ltr'>accipietis,</span> <span class='ocrx_word' id='word_1_432' title='bbox 1596 643 1633 672; x_wconf 79' lang='lat' dir='ltr'>ul</span> <span class='ocrx_word' id='word_1_433' title='bbox 1662 637 1842 684; x_wconf 80' lang='lat' dir='ltr'>gaudium</span> <span class='ocrx_word' id='word_1_434' title='bbox 1867 644 2020 672; x_wconf 67' lang='lat' dir='ltr'>cestrum</span> <span class='ocrx_word' id='word_1_435' title='bbox 2045 637 2093 672; x_wconf 82' lang='lat' dir='ltr'>sit</span> 
     </span>
     <span class='ocr_line' id='line_1_73' title="bbox 1207 687 2091 735; baseline 0.001 -15"><span class='ocrx_word' id='word_1_436' title='bbox 1207 687 1417 734; x_wconf 77' lang='lat' dir='ltr'>per-sectam.</span> <span class='ocrx_word' id='word_1_437' title='bbox 1454 687 1555 721; x_wconf 76' lang='lat' dir='ltr'>Haec</span> <span class='ocrx_word' id='word_1_438' title='bbox 1569 700 1632 734; x_wconf 80' lang='lat' dir='ltr'>per</span> <span class='ocrx_word' id='word_1_439' title='bbox 1646 689 1837 735; x_wconf 67' lang='lat' dir='ltr'>proverbia</span> <span class='ocrx_word' id='word_1_440' title='bbox 1856 687 1996 723; x_wconf 80' lang='lat' dir='ltr'>loculus</span> <span class='ocrx_word' id='word_1_441' title='bbox 2010 701 2091 722; x_wconf 83' lang='lat' dir='ltr'>sum</span> 
     </span>
     <span class='ocr_line' id='line_1_74' title="bbox 1210 737 2093 786; baseline 0.003 -16"><span class='ocrx_word' id='word_1_442' title='bbox 1210 737 1325 777; x_wconf 65' lang='lat' dir='ltr'>vobis,</span> <span class='ocrx_word' id='word_1_443' title='bbox 1369 737 1497 772; x_wconf 78' lang='lat' dir='ltr'>Veniet</span> <span class='ocrx_word' id='word_1_444' title='bbox 1526 743 1679 785; x_wconf 79' lang='lat' dir='ltr'>tempus,</span> <span class='ocrx_word' id='word_1_445' title='bbox 1722 751 1798 772; x_wconf 82' lang='lat' dir='ltr'>cum</span> <span class='ocrx_word' id='word_1_446' title='bbox 1825 739 1900 772; x_wconf 82' lang='lat' dir='ltr'>iam</span> <span class='ocrx_word' id='word_1_447' title='bbox 1933 752 2005 773; x_wconf 85' lang='lat' dir='ltr'>non</span> <span class='ocrx_word' id='word_1_448' title='bbox 2030 751 2093 786; x_wconf 83' lang='lat' dir='ltr'>per</span> 
     </span>
     <span class='ocr_line' id='line_1_75' title="bbox 1207 787 2092 835; baseline 0.003 -16"><span class='ocrx_word' id='word_1_449' title='bbox 1207 787 1399 834; x_wconf 64' lang='lat' dir='ltr'>proverbia</span> <span class='ocrx_word' id='word_1_450' title='bbox 1425 787 1558 835; x_wconf 73' lang='lat' dir='ltr'>loquar</span> <span class='ocrx_word' id='word_1_451' title='bbox 1582 789 1702 829; x_wconf 66' lang='lat' dir='ltr'>cobis,</span> <span class='ocrx_word' id='word_1_452' title='bbox 1729 788 1796 823; x_wconf 79' lang='lat' dir='ltr'>sed</span> <span class='ocrx_word' id='word_1_453' title='bbox 1813 789 1942 835; x_wconf 84' lang='lat' dir='ltr'>palam</span> <span class='ocrx_word' id='word_1_454' title='bbox 1962 788 2003 822; x_wconf 80' lang='lat' dir='ltr'>de</span> <span class='ocrx_word' id='word_1_455' title='bbox 2024 802 2092 835; x_wconf 83' lang='lat' dir='ltr'>pa-</span> 
     </span>
     <span class='ocr_line' id='line_1_76' title="bbox 1209 838 2093 880; baseline 0.002 -9"><span class='ocrx_word' id='word_1_456' title='bbox 1209 843 1260 871; x_wconf 75' lang='lat' dir='ltr'>tre</span> <span class='ocrx_word' id='word_1_457' title='bbox 1275 851 1350 871; x_wconf 83' lang='lat' dir='ltr'>meo</span> <span class='ocrx_word' id='word_1_458' title='bbox 1366 839 1603 872; x_wconf 81' lang='lat' dir='ltr'>annunciabo</span> <span class='ocrx_word' id='word_1_459' title='bbox 1621 839 1730 880; x_wconf 70' lang='lat' dir='ltr'>cobis,</span> <span class='ocrx_word' id='word_1_460' title='bbox 1758 841 1796 872; x_wconf 82' lang='lat' dir='ltr'>in</span> <span class='ocrx_word' id='word_1_461' title='bbox 1814 839 1881 872; x_wconf 80' lang='lat' dir='ltr'>illo</span> <span class='ocrx_word' id='word_1_462' title='bbox 1898 838 1954 873; x_wconf 79' lang='lat' dir='ltr'>die</span> <span class='ocrx_word' id='word_1_463' title='bbox 1970 839 2008 872; x_wconf 85' lang='lat' dir='ltr'>in</span> <span class='ocrx_word' id='word_1_464' title='bbox 2027 852 2093 873; x_wconf 83' lang='lat' dir='ltr'>no-</span> 
     </span>
     <span class='ocr_line' id='line_1_77' title="bbox 1209 888 2097 937; baseline 0.002 -16"><span class='ocrx_word' id='word_1_465' title='bbox 1209 889 1303 922; x_wconf 80' lang='lat' dir='ltr'>mine</span> <span class='ocrx_word' id='word_1_466' title='bbox 1321 901 1396 922; x_wconf 77' lang='lat' dir='ltr'>meo</span> <span class='ocrx_word' id='word_1_467' title='bbox 1411 889 1547 935; x_wconf 69' lang='lat' dir='ltr'>petetis.</span> <span class='ocrx_word' id='word_1_468' title='bbox 1583 889 1635 923; x_wconf 83' lang='lat' dir='ltr'>Et</span> <span class='ocrx_word' id='word_1_469' title='bbox 1654 902 1726 922; x_wconf 88' lang='lat' dir='ltr'>non</span> <span class='ocrx_word' id='word_1_470' title='bbox 1747 888 1825 923; x_wconf 87' lang='lat' dir='ltr'>dico</span> <span class='ocrx_word' id='word_1_471' title='bbox 1851 890 1968 929; x_wconf 65' lang='lat' dir='ltr'>cobis,</span> <span class='ocrx_word' id='word_1_472' title='bbox 1997 888 2097 937; x_wconf 74' lang='lat' dir='ltr'>quod</span> 
     </span>
     <span class='ocr_line' id='line_1_78' title="bbox 1207 939 2094 987; baseline 0.002 -16"><span class='ocrx_word' id='word_1_473' title='bbox 1207 951 1270 984; x_wconf 77' lang='lat' dir='ltr'>ego</span> <span class='ocrx_word' id='word_1_474' title='bbox 1288 945 1484 985; x_wconf 78' lang='lat' dir='ltr'>rogaturus</span> <span class='ocrx_word' id='word_1_475' title='bbox 1501 941 1570 974; x_wconf 83' lang='lat' dir='ltr'>sim</span> <span class='ocrx_word' id='word_1_476' title='bbox 1591 945 1731 987; x_wconf 68' lang='lat' dir='ltr'>patrem</span> <span class='ocrx_word' id='word_1_477' title='bbox 1752 952 1820 987; x_wconf 84' lang='lat' dir='ltr'>pro</span> <span class='ocrx_word' id='word_1_478' title='bbox 1843 940 1955 976; x_wconf 77' lang='lat' dir='ltr'>vobis.</span> <span class='ocrx_word' id='word_1_479' title='bbox 2008 939 2094 987; x_wconf 82' lang='lat' dir='ltr'>Ipse</span> 
     </span>
     <span class='ocr_line' id='line_1_79' title="bbox 1208 990 2093 1037; baseline 0.002 -15"><span class='ocrx_word' id='word_1_480' title='bbox 1208 990 1301 1022; x_wconf 81' lang='lat' dir='ltr'>enim</span> <span class='ocrx_word' id='word_1_481' title='bbox 1327 994 1430 1034; x_wconf 83' lang='lat' dir='ltr'>paler</span> <span class='ocrx_word' id='word_1_482' title='bbox 1446 994 1549 1023; x_wconf 84' lang='lat' dir='ltr'>amal</span> <span class='ocrx_word' id='word_1_483' title='bbox 1568 1003 1647 1032; x_wconf 62' lang='lat' dir='ltr'>vos,</span> <span class='ocrx_word' id='word_1_484' title='bbox 1674 990 1762 1037; x_wconf 80' lang='lat' dir='ltr'>quia</span> <span class='ocrx_word' id='word_1_485' title='bbox 1789 1002 1842 1023; x_wconf 80' lang='lat' dir='ltr'>me</span> <span class='ocrx_word' id='word_1_486' title='bbox 1861 991 2034 1029; x_wconf 79' lang='lat' dir='ltr'>amasiis,</span> <span class='ocrx_word' id='word_1_487' title='bbox 2063 995 2093 1024; x_wconf 86' lang='lat' dir='ltr'>el</span> 
     </span>
     <span class='ocr_line' id='line_1_80' title="bbox 1209 1039 1878 1087; baseline 0.001 -14"><span class='ocrx_word' id='word_1_488' title='bbox 1209 1039 1414 1074; x_wconf 75' lang='lat' dir='ltr'>credidistis</span> <span class='ocrx_word' id='word_1_489' title='bbox 1435 1039 1536 1087; x_wconf 78' lang='lat' dir='ltr'>qaod</span> <span class='ocrx_word' id='word_1_490' title='bbox 1552 1053 1574 1073; x_wconf 89' lang='lat' dir='ltr'>a</span> <span class='ocrx_word' id='word_1_491' title='bbox 1591 1039 1674 1074; x_wconf 84' lang='lat' dir='ltr'>Deo</span> <span class='ocrx_word' id='word_1_492' title='bbox 1692 1041 1878 1076; x_wconf 53' lang='lat' dir='ltr'>entia-erim.</span> 
     </span>
    </p>
   </div>
   <div class='ocr_carea' id='block_1_25' title="bbox 1105 1124 2094 1269">
    <p class='ocr_par' dir='ltr' id='par_1_27' title="bbox 1105 1124 2094 1269">
     <span class='ocr_line' id='line_1_81' title="bbox 1155 1124 2090 1172; baseline 0.004 -15"><span class='ocrx_word' id='word_1_493' title='bbox 1155 1124 1302 1168; x_wconf 86' lang='lat' dir='ltr'>Semper</span> <span class='ocrx_word' id='word_1_494' title='bbox 1317 1127 1360 1158; x_wconf 89' lang='lat' dir='ltr'>de</span> <span class='ocrx_word' id='word_1_495' title='bbox 1378 1127 1536 1159; x_wconf 89' lang='lat' dir='ltr'>oratione</span> <span class='ocrx_word' id='word_1_496' title='bbox 1553 1124 1806 1172; x_wconf 77' lang='lat' dir='ltr'>haecqualaor</span> <span class='ocrx_word' id='word_1_497' title='bbox 1822 1128 1972 1159; x_wconf 81' lang='lat' dir='ltr'>tenenda</span> <span class='ocrx_word' id='word_1_498' title='bbox 1992 1134 2090 1161; x_wconf 87' lang='lat' dir='ltr'>sunt:</span> 
     </span>
     <span class='ocr_line' id='line_1_82' title="bbox 1106 1174 2094 1219; baseline 0.004 -12"><span class='ocrx_word' id='word_1_499' title='bbox 1106 1174 1331 1219; x_wconf 87' lang='lat' dir='ltr'>Praeceptum</span> <span class='ocrx_word' id='word_1_500' title='bbox 1349 1176 1434 1218; x_wconf 87' lang='lat' dir='ltr'>Dei,</span> <span class='ocrx_word' id='word_1_501' title='bbox 1462 1177 1652 1210; x_wconf 85' lang='lat' dir='ltr'>Promissio</span> <span class='ocrx_word' id='word_1_502' title='bbox 1671 1177 1791 1209; x_wconf 90' lang='lat' dir='ltr'>divina</span> <span class='ocrx_word' id='word_1_503' title='bbox 1804 1204 1812 1217; x_wconf 96' lang='lat'>,</span> <span class='ocrx_word' id='word_1_504' title='bbox 1842 1177 1964 1218; x_wconf 84' lang='lat' dir='ltr'>Fides,</span> <span class='ocrx_word' id='word_1_505' title='bbox 1991 1185 2023 1211; x_wconf 89' lang='lat' dir='ltr'>et</span> <span class='ocrx_word' id='word_1_506' title='bbox 2041 1189 2094 1211; x_wconf 85' lang='lat' dir='ltr'>res</span> 
     </span>
     <span class='ocr_line' id='line_1_83' title="bbox 1105 1227 1265 1269; baseline 0 -11"><span class='ocrx_word' id='word_1_507' title='bbox 1105 1227 1265 1269; x_wconf 90' lang='lat' dir='ltr'>petenda.</span> 
     </span>
    </p>
   </div>
   <div class='ocr_carea' id='block_1_26' title="bbox 1463 1307 1744 1338">
    <p class='ocr_par' dir='ltr' id='par_1_28' title="bbox 1463 1307 1744 1338">
     <span class='ocr_line' id='line_1_84' title="bbox 1463 1307 1744 1338; baseline 0.004 -7"><span class='ocrx_word' id='word_1_508' title='bbox 1463 1307 1509 1331; x_wconf 88' lang='lat' dir='ltr'>De</span> <span class='ocrx_word' id='word_1_509' title='bbox 1529 1307 1744 1338; x_wconf 77' lang='lat' dir='ltr'>Praecepto.</span> 
     </span>
    </p>
   </div>
   <div class='ocr_carea' id='block_1_27' title="bbox 1107 1356 2094 1452">
    <p class='ocr_par' dir='ltr' id='par_1_29' title="bbox 1107 1356 2094 1452">
     <span class='ocr_line' id='line_1_85' title="bbox 1206 1356 2094 1402; baseline -0.002 -11"><span class='ocrx_word' id='word_1_510' title='bbox 1206 1357 1366 1392; x_wconf 90' lang='lat' dir='ltr'>Sciamus</span> <span class='ocrx_word' id='word_1_511' title='bbox 1384 1356 1450 1391; x_wconf 89' lang='lat' dir='ltr'>hoc</span> <span class='ocrx_word' id='word_1_512' title='bbox 1467 1370 1642 1391; x_wconf 89' lang='lat' dir='ltr'>summum</span> <span class='ocrx_word' id='word_1_513' title='bbox 1654 1358 1807 1391; x_wconf 82' lang='lat' dir='ltr'>officium</span> <span class='ocrx_word' id='word_1_514' title='bbox 1821 1369 1906 1395; x_wconf 86' lang='lat' dir='ltr'>esse,</span> <span class='ocrx_word' id='word_1_515' title='bbox 1935 1358 1976 1389; x_wconf 92' lang='lat' dir='ltr'>ad</span> <span class='ocrx_word' id='word_1_516' title='bbox 1999 1359 2094 1402; x_wconf 88' lang='lat' dir='ltr'>quod</span> 
     </span>
     <span class='ocr_line' id='line_1_86' title="bbox 1107 1406 2094 1452; baseline -0.001 -10"><span class='ocrx_word' id='word_1_517' title='bbox 1107 1410 1239 1442; x_wconf 87' lang='lat' dir='ltr'>conditi</span> <span class='ocrx_word' id='word_1_518' title='bbox 1256 1421 1393 1447; x_wconf 87' lang='lat' dir='ltr'>sumus,</span> <span class='ocrx_word' id='word_1_519' title='bbox 1410 1420 1597 1452; x_wconf 87' lang='lat' dir='ltr'>agnoscere</span> <span class='ocrx_word' id='word_1_520' title='bbox 1616 1416 1647 1442; x_wconf 90' lang='lat' dir='ltr'>et</span> <span class='ocrx_word' id='word_1_521' title='bbox 1665 1409 1829 1441; x_wconf 86' lang='lat' dir='ltr'>invocare</span> <span class='ocrx_word' id='word_1_522' title='bbox 1845 1406 1978 1448; x_wconf 78' lang='lat' dir='ltr'>Deum,</span> <span class='ocrx_word' id='word_1_523' title='bbox 1996 1409 2094 1441; x_wconf 86' lang='lat' dir='ltr'>ideo-</span> 
     </span>
    </p>
   </div>
   <div class='ocr_carea' id='block_1_28' title="bbox 1078 1456 2096 1504">
    <p class='ocr_par' dir='ltr' id='par_1_30' title="bbox 1078 1456 2096 1504">
     <span class='ocr_line' id='line_1_87' title="bbox 1078 1456 2096 1504; baseline -0.001 -12"><span class='ocrx_word' id='word_1_524' title='bbox 1078 1473 1079 1484; x_wconf 59' lang='lat'><em>*</em></span> <span class='ocrx_word' id='word_1_525' title='bbox 1106 1472 1173 1504; x_wconf 83' lang='lat' dir='ltr'>que</span> <span class='ocrx_word' id='word_1_526' title='bbox 1191 1461 1374 1503; x_wconf 86' lang='lat' dir='ltr'>praecipua</span> <span class='ocrx_word' id='word_1_527' title='bbox 1393 1469 1423 1492; x_wconf 84' lang='lat' dir='ltr'>et</span> <span class='ocrx_word' id='word_1_528' title='bbox 1442 1460 1552 1503; x_wconf 90' lang='lat' dir='ltr'>prima</span> <span class='ocrx_word' id='word_1_529' title='bbox 1570 1460 1623 1492; x_wconf 86' lang='lat' dir='ltr'>lex</span> <span class='ocrx_word' id='word_1_530' title='bbox 1641 1466 1689 1492; x_wconf 89' lang='lat' dir='ltr'>est</span> <span class='ocrx_word' id='word_1_531' title='bbox 1705 1460 1747 1492; x_wconf 84' lang='lat' dir='ltr'>de</span> <span class='ocrx_word' id='word_1_532' title='bbox 1770 1459 1948 1501; x_wconf 84' lang='lat' dir='ltr'>agnitione</span> <span class='ocrx_word' id='word_1_533' title='bbox 1964 1456 2041 1491; x_wconf 83' lang='lat' dir='ltr'>Dei</span> <span class='ocrx_word' id='word_1_534' title='bbox 2063 1465 2096 1491; x_wconf 87' lang='lat' dir='ltr'>et</span> 
     </span>
    </p>
   </div>
   <div class='ocr_carea' id='block_1_29' title="bbox 1107 1509 2095 2360">
    <p class='ocr_par' dir='ltr' id='par_1_31' title="bbox 1107 1509 2095 1897">
     <span class='ocr_line' id='line_1_88' title="bbox 1107 1509 2093 1551; baseline -0.001 -9"><span class='ocrx_word' id='word_1_535' title='bbox 1107 1510 1347 1551; x_wconf 88' lang='lat' dir='ltr'>invocatione,</span> <span class='ocrx_word' id='word_1_536' title='bbox 1374 1516 1412 1543; x_wconf 92' lang='lat' dir='ltr'>ut</span> <span class='ocrx_word' id='word_1_537' title='bbox 1429 1517 1575 1543; x_wconf 89' lang='lat' dir='ltr'>testatur</span> <span class='ocrx_word' id='word_1_538' title='bbox 1591 1510 1738 1543; x_wconf 87' lang='lat' dir='ltr'>dictum:</span> <span class='ocrx_word' id='word_1_539' title='bbox 1766 1509 1960 1542; x_wconf 90' lang='lat' dir='ltr'>Dominum</span> <span class='ocrx_word' id='word_1_540' title='bbox 1981 1509 2093 1543; x_wconf 82' lang='lat' dir='ltr'>Deum</span> 
     </span>
     <span class='ocr_line' id='line_1_89' title="bbox 1108 1558 2095 1604; baseline -0.001 -11"><span class='ocrx_word' id='word_1_541' title='bbox 1108 1569 1207 1594; x_wconf 91' lang='lat' dir='ltr'>tuum</span> <span class='ocrx_word' id='word_1_542' title='bbox 1235 1560 1420 1597; x_wconf 78' lang='lat' dir='ltr'>adorabis,</span> <span class='ocrx_word' id='word_1_543' title='bbox 1449 1567 1480 1593; x_wconf 91' lang='lat' dir='ltr'>et</span> <span class='ocrx_word' id='word_1_544' title='bbox 1506 1561 1537 1592; x_wconf 90' lang='lat' dir='ltr'>ei</span> <span class='ocrx_word' id='word_1_545' title='bbox 1565 1561 1628 1593; x_wconf 91' lang='lat' dir='ltr'>soli</span> <span class='ocrx_word' id='word_1_546' title='bbox 1655 1560 1794 1594; x_wconf 78' lang='lat' dir='ltr'>servies,</span> <span class='ocrx_word' id='word_1_547' title='bbox 1849 1558 1970 1604; x_wconf 91' lang='lat' dir='ltr'>ltaque</span> <span class='ocrx_word' id='word_1_548' title='bbox 1994 1571 2095 1602; x_wconf 90' lang='lat' dir='ltr'>saepe</span> 
     </span>
     <span class='ocr_line' id='line_1_90' title="bbox 1108 1609 2094 1655; baseline -0.002 -11"><span class='ocrx_word' id='word_1_549' title='bbox 1108 1611 1293 1655; x_wconf 88' lang='lat' dir='ltr'>repetitum</span> <span class='ocrx_word' id='word_1_550' title='bbox 1320 1617 1371 1643; x_wconf 79' lang='lat' dir='ltr'>est</span> <span class='ocrx_word' id='word_1_551' title='bbox 1396 1617 1617 1653; x_wconf 89' lang='lat' dir='ltr'>praeceptum</span> <span class='ocrx_word' id='word_1_552' title='bbox 1635 1611 1678 1643; x_wconf 92' lang='lat' dir='ltr'>de</span> <span class='ocrx_word' id='word_1_553' title='bbox 1696 1610 1936 1649; x_wconf 83' lang='lat' dir='ltr'>invocatione,</span> <span class='ocrx_word' id='word_1_554' title='bbox 1964 1617 2002 1642; x_wconf 90' lang='lat' dir='ltr'>ut</span> <span class='ocrx_word' id='word_1_555' title='bbox 2020 1609 2094 1642; x_wconf 89' lang='lat' dir='ltr'>Lu-</span> 
     </span>
     <span class='ocr_line' id='line_1_91' title="bbox 1108 1658 2092 1704; baseline -0.001 -10"><span class='ocrx_word' id='word_1_556' title='bbox 1108 1674 1166 1694; x_wconf 87' lang='lat' dir='ltr'>cae</span> <span class='ocrx_word' id='word_1_557' title='bbox 1186 1661 1260 1694; x_wconf 89' lang='lat'>18.:</span> <span class='ocrx_word' id='word_1_558' title='bbox 1289 1658 1441 1704; x_wconf 89' lang='lat' dir='ltr'>Oportet</span> <span class='ocrx_word' id='word_1_559' title='bbox 1456 1672 1593 1703; x_wconf 87' lang='lat' dir='ltr'>semper</span> <span class='ocrx_word' id='word_1_560' title='bbox 1610 1672 1720 1694; x_wconf 83' lang='lat' dir='ltr'>orare.</span> <span class='ocrx_word' id='word_1_561' title='bbox 1755 1658 1800 1693; x_wconf 87' lang='lat' dir='ltr'>Et</span> <span class='ocrx_word' id='word_1_562' title='bbox 1820 1660 1856 1692; x_wconf 92' lang='lat' dir='ltr'>in</span> <span class='ocrx_word' id='word_1_563' title='bbox 1877 1658 2092 1693; x_wconf 81' lang='lat' dir='ltr'>Psalm.49.:</span> 
     </span>
     <span class='ocr_line' id='line_1_92' title="bbox 1110 1708 2092 1744; baseline -0.001 0"><span class='ocrx_word' id='word_1_564' title='bbox 1110 1711 1236 1744; x_wconf 90' lang='lat' dir='ltr'>lnvoca</span> <span class='ocrx_word' id='word_1_565' title='bbox 1268 1723 1322 1743; x_wconf 88' lang='lat' dir='ltr'>me</span> <span class='ocrx_word' id='word_1_566' title='bbox 1353 1711 1389 1743; x_wconf 89' lang='lat' dir='ltr'>in</span> <span class='ocrx_word' id='word_1_567' title='bbox 1419 1711 1475 1743; x_wconf 92' lang='lat' dir='ltr'>die</span> <span class='ocrx_word' id='word_1_568' title='bbox 1506 1709 1756 1744; x_wconf 85' lang='lat' dir='ltr'>tribulationis.</span> <span class='ocrx_word' id='word_1_569' title='bbox 1819 1709 1862 1743; x_wconf 80' lang='lat' dir='ltr'>Et</span> <span class='ocrx_word' id='word_1_570' title='bbox 1887 1708 2014 1743; x_wconf 71' lang='lat' dir='ltr'>Matth.</span> <span class='ocrx_word' id='word_1_571' title='bbox 2039 1709 2092 1744; x_wconf 89' lang='lat'>7.:</span> 
     </span>
     <span class='ocr_line' id='line_1_93' title="bbox 1110 1759 2093 1804; baseline -0.003 -9"><span class='ocrx_word' id='word_1_572' title='bbox 1110 1762 1218 1795; x_wconf 84' lang='lat' dir='ltr'>Petite</span> <span class='ocrx_word' id='word_1_573' title='bbox 1243 1769 1274 1795; x_wconf 91' lang='lat' dir='ltr'>et</span> <span class='ocrx_word' id='word_1_574' title='bbox 1299 1761 1473 1804; x_wconf 88' lang='lat' dir='ltr'>accipietis</span> <span class='ocrx_word' id='word_1_575' title='bbox 1499 1768 1561 1795; x_wconf 89' lang='lat' dir='ltr'>etc.</span> <span class='ocrx_word' id='word_1_576' title='bbox 1614 1759 1709 1794; x_wconf 85' lang='lat' dir='ltr'>Haec</span> <span class='ocrx_word' id='word_1_577' title='bbox 1736 1767 1915 1804; x_wconf 86' lang='lat' dir='ltr'>praecepta</span> <span class='ocrx_word' id='word_1_578' title='bbox 1941 1772 2004 1792; x_wconf 92' lang='lat' dir='ltr'>nos</span> <span class='ocrx_word' id='word_1_579' title='bbox 2029 1761 2093 1793; x_wconf 87' lang='lat' dir='ltr'>do-</span> 
     </span>
     <span class='ocr_line' id='line_1_94' title="bbox 1109 1810 2093 1856; baseline -0.002 -11"><span class='ocrx_word' id='word_1_580' title='bbox 1109 1819 1225 1853; x_wconf 86' lang='lat' dir='ltr'>ceant,</span> <span class='ocrx_word' id='word_1_581' title='bbox 1252 1812 1477 1856; x_wconf 86' lang='lat' dir='ltr'>praecipuum</span> <span class='ocrx_word' id='word_1_582' title='bbox 1497 1818 1529 1844; x_wconf 89' lang='lat' dir='ltr'>et</span> <span class='ocrx_word' id='word_1_583' title='bbox 1545 1822 1722 1844; x_wconf 89' lang='lat' dir='ltr'>summum</span> <span class='ocrx_word' id='word_1_584' title='bbox 1739 1810 1871 1843; x_wconf 90' lang='lat' dir='ltr'>cultum</span> <span class='ocrx_word' id='word_1_585' title='bbox 1897 1821 1968 1843; x_wconf 89' lang='lat' dir='ltr'>esse</span> <span class='ocrx_word' id='word_1_586' title='bbox 1992 1811 2093 1844; x_wconf 80' lang='lat' dir='ltr'>invo-</span> 
     </span>
     <span class='ocr_line' id='line_1_95' title="bbox 1109 1863 1292 1897; baseline -0.005 -1"><span class='ocrx_word' id='word_1_587' title='bbox 1109 1863 1292 1897; x_wconf 85' lang='lat' dir='ltr'>cationem.</span> 
     </span>
    </p>

    <p class='ocr_par' dir='ltr' id='par_1_32' title="bbox 1111 1909 2095 2360">
     <span class='ocr_line' id='line_1_96' title="bbox 1211 1909 2094 1955; baseline -0.002 -10"><span class='ocrx_word' id='word_1_588' title='bbox 1211 1912 1287 1945; x_wconf 89' lang='lat' dir='ltr'>Hoc</span> <span class='ocrx_word' id='word_1_589' title='bbox 1320 1924 1408 1955; x_wconf 89' lang='lat' dir='ltr'>opus</span> <span class='ocrx_word' id='word_1_590' title='bbox 1439 1911 1606 1945; x_wconf 86' lang='lat' dir='ltr'>discernit</span> <span class='ocrx_word' id='word_1_591' title='bbox 1639 1923 1755 1944; x_wconf 80' lang='lat' dir='ltr'>veram</span> <span class='ocrx_word' id='word_1_592' title='bbox 1786 1909 1998 1950; x_wconf 81' lang='lat' dir='ltr'>Ecclesiam,</span> <span class='ocrx_word' id='word_1_593' title='bbox 2035 1921 2094 1943; x_wconf 89' lang='lat' dir='ltr'>seu</span> 
     </span>
     <span class='ocr_line' id='line_1_97' title="bbox 1112 1959 2094 2007; baseline -0.002 -11"><span class='ocrx_word' id='word_1_594' title='bbox 1112 1964 1279 2007; x_wconf 90' lang='lat' dir='ltr'>populum</span> <span class='ocrx_word' id='word_1_595' title='bbox 1307 1962 1392 2001; x_wconf 78' lang='lat' dir='ltr'>Dei,</span> <span class='ocrx_word' id='word_1_596' title='bbox 1434 1963 1477 1995; x_wconf 81' lang='lat' dir='ltr'>ab</span> <span class='ocrx_word' id='word_1_597' title='bbox 1508 1962 1674 1995; x_wconf 89' lang='lat' dir='ltr'>omnibus</span> <span class='ocrx_word' id='word_1_598' title='bbox 1702 1962 1846 2006; x_wconf 90' lang='lat' dir='ltr'>reliquis</span> <span class='ocrx_word' id='word_1_599' title='bbox 1876 1959 2094 1995; x_wconf 82' lang='lat' dir='ltr'>hominibus.</span> 
     </span>
     <span class='ocr_line' id='line_1_98' title="bbox 1111 2011 2094 2059; baseline -0.002 -14"><span class='ocrx_word' id='word_1_600' title='bbox 1111 2015 1322 2059; x_wconf 78' lang='lat' dir='ltr'>Quanquam</span> <span class='ocrx_word' id='word_1_601' title='bbox 1351 2011 1510 2046; x_wconf 87' lang='lat' dir='ltr'>homines</span> <span class='ocrx_word' id='word_1_602' title='bbox 1536 2013 1744 2046; x_wconf 84' lang='lat' dir='ltr'>naturaliter</span> <span class='ocrx_word' id='word_1_603' title='bbox 1768 2012 1970 2055; x_wconf 86' lang='lat' dir='ltr'>intelligunt</span> <span class='ocrx_word' id='word_1_604' title='bbox 1994 2023 2094 2055; x_wconf 88' lang='lat' dir='ltr'>prae-</span> 
     </span>
     <span class='ocr_line' id='line_1_99' title="bbox 1111 2061 2095 2108; baseline -0.004 -11"><span class='ocrx_word' id='word_1_605' title='bbox 1111 2073 1266 2108; x_wconf 84' lang='lat' dir='ltr'>ceptum,</span> <span class='ocrx_word' id='word_1_606' title='bbox 1295 2065 1388 2108; x_wconf 86' lang='lat' dir='ltr'>quod</span> <span class='ocrx_word' id='word_1_607' title='bbox 1413 2064 1510 2096; x_wconf 87' lang='lat' dir='ltr'>iubet</span> <span class='ocrx_word' id='word_1_608' title='bbox 1534 2061 1645 2095; x_wconf 91' lang='lat' dir='ltr'>Deum</span> <span class='ocrx_word' id='word_1_609' title='bbox 1675 2064 1856 2101; x_wconf 85' lang='lat' dir='ltr'>invocare,</span> <span class='ocrx_word' id='word_1_610' title='bbox 1885 2070 1999 2096; x_wconf 85' lang='lat' dir='ltr'>tamen</span> <span class='ocrx_word' id='word_1_611' title='bbox 2027 2062 2095 2093; x_wconf 92' lang='lat' dir='ltr'>im-</span> 
     </span>
     <span class='ocr_line' id='line_1_100' title="bbox 1112 2112 2094 2159; baseline -0.003 -12"><span class='ocrx_word' id='word_1_612' title='bbox 1112 2116 1157 2159; x_wconf 89' lang='lat' dir='ltr'>pii</span> <span class='ocrx_word' id='word_1_613' title='bbox 1177 2127 1238 2147; x_wconf 93' lang='lat' dir='ltr'>nec</span> <span class='ocrx_word' id='word_1_614' title='bbox 1262 2116 1443 2154; x_wconf 83' lang='lat' dir='ltr'>invocant,</span> <span class='ocrx_word' id='word_1_615' title='bbox 1463 2126 1526 2146; x_wconf 90' lang='lat' dir='ltr'>nec</span> <span class='ocrx_word' id='word_1_616' title='bbox 1547 2121 1700 2154; x_wconf 84' lang='lat' dir='ltr'>norunt,</span> <span class='ocrx_word' id='word_1_617' title='bbox 1727 2115 1904 2158; x_wconf 87' lang='lat' dir='ltr'>quomodo</span> <span class='ocrx_word' id='word_1_618' title='bbox 1929 2113 1972 2145; x_wconf 83' lang='lat' dir='ltr'>sit</span> <span class='ocrx_word' id='word_1_619' title='bbox 1991 2112 2094 2144; x_wconf 71' lang='lat' dir='ltr'>invo-</span> 
     </span>
     <span class='ocr_line' id='line_1_101' title="bbox 1111 2162 2095 2200; baseline -0.005 -1"><span class='ocrx_word' id='word_1_620' title='bbox 1111 2167 1253 2200; x_wconf 86' lang='lat' dir='ltr'>candus.</span> <span class='ocrx_word' id='word_1_621' title='bbox 1307 2164 1390 2197; x_wconf 88' lang='lat' dir='ltr'>Ideo</span> <span class='ocrx_word' id='word_1_622' title='bbox 1412 2165 1446 2197; x_wconf 92' lang='lat' dir='ltr'>in</span> <span class='ocrx_word' id='word_1_623' title='bbox 1466 2164 1604 2197; x_wconf 85' lang='lat' dir='ltr'>Psalmo</span> <span class='ocrx_word' id='word_1_624' title='bbox 1626 2165 1772 2197; x_wconf 86' lang='lat' dir='ltr'>dicitur:</span> <span class='ocrx_word' id='word_1_625' title='bbox 1801 2163 1913 2196; x_wconf 89' lang='lat' dir='ltr'>Deum</span> <span class='ocrx_word' id='word_1_626' title='bbox 1938 2175 2009 2195; x_wconf 88' lang='lat' dir='ltr'>non</span> <span class='ocrx_word' id='word_1_627' title='bbox 2034 2162 2095 2193; x_wconf 91' lang='lat' dir='ltr'>in-</span> 
     </span>
     <span class='ocr_line' id='line_1_102' title="bbox 1114 2213 2094 2258; baseline -0.004 -10"><span class='ocrx_word' id='word_1_628' title='bbox 1114 2223 1337 2250; x_wconf 84' lang='lat' dir='ltr'>vocaverunt.</span> <span class='ocrx_word' id='word_1_629' title='bbox 1396 2214 1472 2249; x_wconf 85' lang='lat' dir='ltr'>Etsi</span> <span class='ocrx_word' id='word_1_630' title='bbox 1499 2222 1614 2248; x_wconf 90' lang='lat' dir='ltr'>autem</span> <span class='ocrx_word' id='word_1_631' title='bbox 1647 2226 1811 2256; x_wconf 81' lang='lat' dir='ltr'>maguum</span> <span class='ocrx_word' id='word_1_632' title='bbox 1838 2213 2004 2258; x_wconf 76' lang='lat' dir='ltr'>quiddam</span> <span class='ocrx_word' id='word_1_633' title='bbox 2034 2219 2094 2252; x_wconf 88' lang='lat' dir='ltr'>est,</span> 
     </span>
     <span class='ocr_line' id='line_1_103' title="bbox 1115 2264 2092 2310; baseline -0.005 -11"><span class='ocrx_word' id='word_1_634' title='bbox 1115 2279 1213 2300; x_wconf 87' lang='lat' dir='ltr'>nosse</span> <span class='ocrx_word' id='word_1_635' title='bbox 1231 2274 1451 2310; x_wconf 78' lang='lat' dir='ltr'>praeceptum</span> <span class='ocrx_word' id='word_1_636' title='bbox 1470 2267 1512 2298; x_wconf 86' lang='lat' dir='ltr'>de</span> <span class='ocrx_word' id='word_1_637' title='bbox 1530 2266 1769 2302; x_wconf 78' lang='lat' dir='ltr'>invocatione,</span> <span class='ocrx_word' id='word_1_638' title='bbox 1799 2272 1913 2297; x_wconf 61' lang='lat' dir='ltr'>tamen</span> <span class='ocrx_word' id='word_1_639' title='bbox 1933 2264 2092 2296; x_wconf 84' lang='lat' dir='ltr'>nondum</span> 
     </span>
     <span class='ocr_line' id='line_1_104' title="bbox 1324 2315 1980 2360; baseline -0.003 -10"><span class='ocrx_word' id='word_1_640' title='bbox 1324 2318 1362 2350; x_wconf 91' lang='lat' dir='ltr'>ed</span> <span class='ocrx_word' id='word_1_641' title='bbox 1384 2322 1518 2360; x_wconf 87' lang='lat' dir='ltr'>oportet</span> <span class='ocrx_word' id='word_1_642' title='bbox 1539 2316 1680 2358; x_wconf 83' lang='lat' dir='ltr'>adiungi</span> <span class='ocrx_word' id='word_1_643' title='bbox 1700 2315 1980 2359; x_wconf 76' lang='lat' dir='ltr'>promissionem.</span> 
     </span>
    </p>
   </div>
   <div class='ocr_carea' id='block_1_30' title="bbox 1485 2399 1726 2423">
    <p class='ocr_par' dir='ltr' id='par_1_33' title="bbox 1485 2399 1726 2423">
     <span class='ocr_line' id='line_1_105' title="bbox 1485 2399 1726 2423; baseline 0 -1"><span class='ocrx_word' id='word_1_644' title='bbox 1485 2399 1532 2423; x_wconf 87' lang='lat' dir='ltr'>Dc</span> <span class='ocrx_word' id='word_1_645' title='bbox 1558 2399 1726 2423; x_wconf 84' lang='lat' dir='ltr'>secundo.</span> 
     </span>
    </p>
   </div>
   <div class='ocr_carea' id='block_1_31' title="bbox 1114 2446 2097 2693">
    <p class='ocr_par' dir='ltr' id='par_1_34' title="bbox 1114 2446 2097 2693">
     <span class='ocr_line' id='line_1_106' title="bbox 1212 2446 2093 2495; baseline -0.008 -10"><span class='ocrx_word' id='word_1_646' title='bbox 1212 2453 1363 2486; x_wconf 72' lang='lat' dir='ltr'>Accedat</span> <span class='ocrx_word' id='word_1_647' title='bbox 1381 2463 1460 2494; x_wconf 84' lang='lat' dir='ltr'>ergo</span> <span class='ocrx_word' id='word_1_648' title='bbox 1478 2451 1681 2495; x_wconf 87' lang='lat' dir='ltr'>promissio,</span> <span class='ocrx_word' id='word_1_649' title='bbox 1709 2461 1796 2495; x_wconf 85' lang='lat' dir='ltr'>quae</span> <span class='ocrx_word' id='word_1_650' title='bbox 1818 2454 1962 2482; x_wconf 84' lang='lat' dir='ltr'>testatur</span> <span class='ocrx_word' id='word_1_651' title='bbox 1981 2446 2093 2479; x_wconf 83' lang='lat' dir='ltr'>Deum</span> 
     </span>
     <span class='ocr_line' id='line_1_107' title="bbox 1114 2498 2094 2546; baseline -0.007 -11"><span class='ocrx_word' id='word_1_652' title='bbox 1114 2503 1236 2536; x_wconf 86' lang='lat' dir='ltr'>audire</span> <span class='ocrx_word' id='word_1_653' title='bbox 1251 2511 1387 2536; x_wconf 63' lang='lat' dir='ltr'>nostris</span> <span class='ocrx_word' id='word_1_654' title='bbox 1406 2514 1533 2546; x_wconf 83' lang='lat' dir='ltr'>preces,</span> <span class='ocrx_word' id='word_1_655' title='bbox 1559 2509 1591 2535; x_wconf 81' lang='lat' dir='ltr'>et</span> <span class='ocrx_word' id='word_1_656' title='bbox 1610 2509 1802 2546; x_wconf 84' lang='lat' dir='ltr'>praestare,</span> <span class='ocrx_word' id='word_1_657' title='bbox 1830 2509 1917 2543; x_wconf 86' lang='lat' dir='ltr'>quae</span> <span class='ocrx_word' id='word_1_658' title='bbox 1934 2498 2094 2539; x_wconf 86' lang='lat' dir='ltr'>petimus.</span> 
     </span>
     <span class='ocr_line' id='line_1_108' title="bbox 1116 2549 2094 2597; baseline -0.007 -12"><span class='ocrx_word' id='word_1_659' title='bbox 1116 2553 1256 2587; x_wconf 73' lang='lat' dir='ltr'>Norunt</span> <span class='ocrx_word' id='word_1_660' title='bbox 1271 2562 1388 2597; x_wconf 82' lang='lat' dir='ltr'>gentes</span> <span class='ocrx_word' id='word_1_661' title='bbox 1405 2559 1642 2597; x_wconf 83' lang='lat' dir='ltr'>praeceptum,</span> <span class='ocrx_word' id='word_1_662' title='bbox 1671 2552 1727 2584; x_wconf 79' lang='lat' dir='ltr'>sed</span> <span class='ocrx_word' id='word_1_663' title='bbox 1755 2549 1937 2588; x_wconf 78' lang='lat' dir='ltr'>dubitant,</span> <span class='ocrx_word' id='word_1_664' title='bbox 1967 2560 2008 2579; x_wconf 89' lang='lat' dir='ltr'>an</span> <span class='ocrx_word' id='word_1_665' title='bbox 2031 2559 2094 2579; x_wconf 90' lang='lat' dir='ltr'>au-</span> 
     </span>
     <span class='ocr_line' id='line_1_109' title="bbox 1116 2599 2095 2646; baseline -0.005 -11"><span class='ocrx_word' id='word_1_666' title='bbox 1116 2604 1277 2642; x_wconf 84' lang='lat' dir='ltr'>diantur,</span> <span class='ocrx_word' id='word_1_667' title='bbox 1305 2612 1341 2638; x_wconf 86' lang='lat' dir='ltr'>ut</span> <span class='ocrx_word' id='word_1_668' title='bbox 1361 2604 1531 2644; x_wconf 56' lang='lat' dir='ltr'>Virgilius</span> <span class='ocrx_word' id='word_1_669' title='bbox 1551 2603 1679 2646; x_wconf 87' lang='lat' dir='ltr'>inquit:</span> <span class='ocrx_word' id='word_1_670' title='bbox 1710 2601 1922 2643; x_wconf 59' lang='lat' dir='ltr'>Famamque</span> <span class='ocrx_word' id='word_1_671' title='bbox 1939 2599 2095 2631; x_wconf 64' lang='lat' dir='ltr'>fovemus</span> 
     </span>
     <span class='ocr_line' id='line_1_110' title="bbox 1118 2649 2097 2693; baseline -0.008 -5"><span class='ocrx_word' id='word_1_672' title='bbox 1118 2656 1270 2689; x_wconf 80' lang='lat' dir='ltr'>inanem.</span> <span class='ocrx_word' id='word_1_673' title='bbox 1331 2654 1398 2688; x_wconf 88' lang='lat' dir='ltr'>Sed</span> <span class='ocrx_word' id='word_1_674' title='bbox 1424 2653 1598 2687; x_wconf 73' lang='lat' dir='ltr'>Ecclesiae</span> <span class='ocrx_word' id='word_1_675' title='bbox 1621 2659 1701 2685; x_wconf 90' lang='lat' dir='ltr'>sunt</span> <span class='ocrx_word' id='word_1_676' title='bbox 1726 2651 1872 2685; x_wconf 79' lang='lat' dir='ltr'>traditae</span> <span class='ocrx_word' id='word_1_677' title='bbox 1896 2649 2097 2693; x_wconf 87' lang='lat' dir='ltr'>promissio-</span> 
     </span>
    </p>
   </div>
   <div class='ocr_carea' id='block_1_32' title="bbox 1552 2702 1597 2737">
    <p class='ocr_par' dir='ltr' id='par_1_35' title="bbox 1552 2702 1597 2737">
     <span class='ocr_line' id='line_1_111' title="bbox 1552 2702 1597 2737; baseline -0.067 0"><span class='ocrx_word' id='word_1_678' title='bbox 1552 2702 1597 2737; x_wconf 84' lang='lat'>18</span> 
     </span>
    </p>
   </div>
  </div>
 </body>
</html>
