2409 2915
258 88 332 125 899

859 73 986 111 PHIL.
1013 70 1130 111 MEL.
1157 68 1365 109 SCRIPTA
1389 65 1690 107 ExEGE'rlcfts

2222 65 2298 102 900

365 167 411 204 Et
439 177 539 211 saepe
572 163 656 199 alias
679 162 811 196 dictum
837 165 904 193 est:
945 156 1100 201 Quando
1127 157 1258 202 inipis
1313 167 1439 200 magna
1474 152 1668 200 profanitas
1703 147 1916 194 nunc'est)
1952 163 2024 185 non
2056 151 2300 186 adsuefaciunt

269 231 363 258 tuam
384 217 631 263 precationem,
649 213 762 257 cogita
773 210 830 244 vel
845 208 1115 255 patefactionem
1132 209 1259 242 factam
1314 218 1350 241 se
1374 204 1537 241 homines
1560 205 1605 239 ad
1629 203 1888 250 precationem,
1918 202 1997 236 ileo
2021 214 2153 247 poenae
2173 201 2301 236 mundi

271 274 309 305 in
331 270 502 314 baptismo
526 264 679 304 Christi,
705 263 760 296 vel
785 262 910 295 factam
937 259 975 292 in
999 265 1139 298 monte,
1167 259 1261 292 iuxta
1315 269 1390 291 non
1414 256 1634 300 mitigantur.
1685 253 1821 288 Hortor
1842 262 1960 288 autem
1984 264 2046 287 vos
2068 253 2112 286 ad
2128 252 2213 286 tales
2228 263 2303 285 me-

272 321 364 356 hanc
384 319 588 356 historiam,
623 316 666 349 de
689 325 756 359 qua
776 312 846 345 iarn
863 311 962 351 dico,
993 317 1026 344 et
1043 310 1212 344 exsuscita
1230 315 1263 342 te

1316 307 1507 342 ditationes
1529 311 1564 339 et
1585 304 1817 350 precationes,
1876 303 2019 337 Dictum
2044 310 2094 337 est
2117 303 2160 337 de
2187 302 2302 348 primo

275 373 318 407 ad
335 369 398 404 has
413 368 656 413 cogitationes:
685 364 856 398 Discerno
873 372 985 394 meam
1005 359 1263 394 invocationem
1317 357 1487 398 articulo,
1514 367 1623 402 quare
1637 355 1708 390 sint
1722 356 1830 390 factae
1845 354 2106 403 patefactione-s,

277 423 322 457 ab
346 419 569 455 invocatione
594 414 766 452 Ethnica,
809 413 914 446 credo
950 422 1024 444 non
1048 422 1121 444 esse
1146 410 1266 443 irritos

278 479 418 506 nostros
435 470 583 514 gemitus
608 474 642 500 et
657 472 750 500 vota.
803 462 916 498 Credo
934 473 989 495 me
1006 461 1163 495 exaudiri
1182 472 1267 504 pro-

279 529 358 568 pter
390 522 520 560 filium,
570 517 652 563 quia
685 516 764 549 ideo
805 520 886 547 sunt
918 512 1028 546 factae
1065 510 1268 556 patefactio-

281 585 362 612 nes,
397 579 438 606 ut
467 570 634 609 sciamus,
668 566 747 612 quis
770 564 815 598 sit
838 575 941 597 verus
964 562 1076 606 Deus,
1105 568 1137 594 et
1161 572 1268 606 quare

283 623 457 658 exaudiat.

385 672 453 706 Hic
480 681 565 705 usus
595 666 722 702 harum
744 664 973 700 historiarum
1004 659 1271 696 commonefacit

284 736 370 764 nos,
396 734 504 768 quare
519 719 586 755 hae
602 718 784 753 mirandae
799 727 854 749 res
881 715 991 747 factae
1014 713 1104 750 sint,
1132 718 1165 745 et
1184 711 1272 744 scia-

285 786 364 809 mus
388 774 493 807 factas
516 783 606 811 esse,
641 781 713 802 non
738 773 875 801 tanturn
901 770 1043 808 propter
1067 769 1149 796 tunc
1173 773 1273 805 prae-

288 832 420 863 sentes,
447 824 506 857 sed
533 821 696 855 universa
712 817 867 851 Ecclesia
891 814 1020 857 cogitet
1042 824 1078 846 se
1102 818 1274 856 spectato-

287 888 361 910 rem
377 886 461 909 esse.
514 872 572 906 Tu
596 871 669 915 ipse
686 867 772 902 haec
793 866 970 909 cogitans,
994 870 1064 897 stas
1087 863 1131 895 ad
1153 861 1274 896 lorda-

288 939 390 970 nem,
418 925 473 958 vel
491 930 560 957 stas
582 921 618 954 in
634 919 700 953 hoc
718 924 855 954 monte,
882 922 916 948 et
941 913 1052 948 oculis
1075 920 1108 947 et
1130 913 1276 946 auribus

290 985 324 1012 et
340 982 456 1010 mente
473 973 600 1017 accipis
616 969 701 1003 haec
727 967 907 1001 manifesta
921 963 1132 998 testimonia.

393 1025 452 1060 Sic
479 1025 523 1057 ad
554 1033 656 1056 usum
692 1025 851 1052 nostrum
891 1015 1148 1050 transferantur
1181 1018 1277 1057 pate-

290 1077 458 1111 factiones
475 1084 614 1113 omnes,
648 1077 681 1104 et
701 1067 784 1102 haec
802 1066 962 1101 doctrina
985 1065 1082 1099 utilis
1104 1071 1136 1097 et
1160 1075 1278 1096 neces-

294 1129 385 1171 saria
402 1133 471 1166 est,
499 1131 532 1158 et
550 1123 651 1156 valde
667 1120 850 1155 confirmat
867 1117 970 1150 fidem
987 1116 1024 1148 in
1040 1114 1218 1154 cordibus,
1247 1120 1279 1147 et

293 1177 445 1221 seiungit
474 1186 538 1208 nos
560 1174 604 1207 ab
627 1169 790 1206 Ethnicis
816 1175 849 1203 et
876 1167 955 1201 aliis
977 1166 1108 1214 impiis.
1169 1164 1280 1208 Saepe

294 1229 399 1263 etiam
414 1226 542 1271 gratias
565 1223 699 1267 agimus
715 1220 808 1261 Deo,
836 1218 931 1264 quod
955 1217 1123 1250 immensa
1142 1215 1281 1248 miseri-

295 1279 414 1314 cordia
439 1289 474 1310 se
496 1277 544 1309 sic
568 1271 787 1319 patefecerit,
822 1277 855 1303 et
881 1269 975 1314 quod
1000 1267 1113 1302 filium
1137 1266 1282 1306 miserit,

296 1331 389 1376 quod
409 1327 659 1372 promissiones
674 1321 830 1364 dederit,
857 1325 921 1353 etc.

397 1378 493 1412 Haec
516 1375 676 1410 doctrina
701 1374 744 1406 de
767 1370 823 1404 his
853 1367 1025 1403 exercitiis
1049 1367 1187 1400 videtur
1211 1377 1283 1399 esse

298 1430 396 1476 parvi
421 1426 608 1466 momenti,
643 1424 702 1458 sed
727 1422 880 1467 profecto
904 1426 954 1453 est
974 1418 1224 1459 saluberrima,
1251 1423 1284 1449 et
1308 1445 1309 1448 ,

298 1481 448 1515 maxime
476 1473 726 1512 assuefaciendi
753 1478 833 1505 sunt
858 1470 905 1514 pii
930 1470 972 1502 ad
999 1467 1083 1502 haec
1111 1467 1284 1505 exercitia,

297 1533 334 1566 in
352 1531 480 1576 quibus
504 1535 538 1561 et
561 1526 626 1571 ipsi
649 1523 837 1558 utilitatem
866 1520 1108 1564 experientur,
1135 1517 1285 1551 sentient

298 1584 402 1616 fidem
422 1578 564 1614 accendi
587 1583 620 1610 et
637 1572 857 1613 confirmari,
891 1577 924 1604 et
947 1581 1027 1603 vere
1049 1569 1140 1613 pasci
1168 1568 1285 1601 corda.

301 1632 426 1676 Qualis
456 1630 559 1663 etiam
590 1625 806 1670 ingratitudo
837 1628 907 1662 est,
948 1632 1027 1654 cum
1051 1619 1146 1653 Deus
1185 1618 1286 1652 toties

299 1682 485 1728 prodierit,
512 1686 544 1713 et
561 1685 656 1712 tanta
673 1673 912 1708 misericordia
929 1669 1152 1704 renovaverit
1166 1667 1287 1701 Eccle-

300 1735 406 1774 siam,
433 1739 463 1765 et
487 1741 541 1764 res
558 1727 734 1762 mirandas
760 1724 896 1763 fecerit,
923 1721 1019 1755 nolle
1044 1733 1100 1754 eas
1124 1719 1288 1762 cogitare,

301 1792 360 1819 aut
376 1781 579 1825 imaginari,
607 1776 698 1812 nihil
717 1787 773 1809 eas
791 1774 966 1819 pertinere
983 1772 1027 1806 ad
1046 1770 1134 1805 nos?
1184 1770 1288 1803 Absit

303 1848 321 1870 a
340 1835 442 1869 nobis
459 1831 542 1865 haec
561 1829 674 1874 turpis
690 1826 920 1870 ingratitudo.

404 1882 573 1928 Quotidie
589 1892 658 1915 una
682 1889 760 1923 pars
778 1876 1016 1920 precationum
1039 1884 1111 1906 esse
1127 1871 1289 1910 debebat,

303 1937 436 1970 dicere:
472 1934 548 1977 Ago
574 1930 639 1965 tihi
661 1929 789 1972 gratias
815 1938 895 1958 vere
911 1924 1026 1962 Dens,
1053 1922 1289 1966 omnipotens,

304 1995 445 2021 aeterne
468 1990 567 2028 pater
588 1979 732 2015 Domini
757 1976 866 2010 nostri
894 1974 969 2008 lesu
986 1971 1138 2011 Christi,
1165 1972 1287 2005 condi-

305 2045 362 2072 tor
378 2036 465 2070 cocli
493 2041 525 2067 et
550 2040 680 2068 terrae,
708 2037 739 2062 et
756 2026 938 2060 hominum
957 2032 989 2058 et
1007 2022 1180 2057 Ecclesiae
1199 2030 1289 2062 tuae,

304 2099 374 2122 una
393 2099 471 2120 cum
490 2084 561 2117 filio
583 2090 643 2116 tuo
659 2079 813 2114 Domino
840 2083 960 2110 nostro
978 2075 1052 2108 lesu
1070 2071 1230 2113 Christo,
1256 2079 1289 2106 et

305 2138 441 2182 Spiritu
459 2142 598 2174 sancto,
626 2132 717 2177 quod
741 2136 772 2162 te
795 2129 962 2161 immensa
981 2124 1216 2158 misericordia
1236 2130 1289 2157 to·
1314 2137 1316 2147 ·

305 2190 370 2223 ties
387 2185 595 2232 patefecisti,
623 2189 656 2216 et
681 2181 733 2213 vis
760 2178 898 2221 agnosci
919 2190 937 2210 a
957 2177 1077 2215 nobis,
1105 2183 1136 2209 et
1157 2175 1208 2207 vis
1227 2185 1289 2207 nos
1314 2177 1317 2222 Ι

308 2241 344 2273 in
372 2251 452 2272 vera
480 2236 659 2281 agnitione
683 2231 732 2265 tui
755 2231 817 2263 tibi
843 2228 1022 2271 copulatos
1045 2239 1133 2265 esse,
1167 2233 1198 2259 et
1224 2239 1289 2257 n..-

306 2291 379 2325 sisti
405 2290 531 2327 filium,
559 2292 591 2319 et
622 2286 731 2316 dunas
756 2293 818 2313 nos
834 2279 967 2323 Spiritu
991 2285 1109 2309 sam-to
1138 2284 1217 2314 tuo,
1253 2283 1290 2310 ut

309 2354 388 2374 vera
408 2341 457 2373 tui
476 2338 606 2380 agnitio
626 2336 660 2368 in
680 2333 782 2365 nubis
806 2331 1023 2364 accendatur.
1067 2327 1143 2359 (lro
1160 2334 1192 2358 te
1209 2340 1290 2369 pro-

308 2400 386 2438 pter
413 2391 543 2424 fllium,
569 2387 716 2419 nrt-vnde
742 2383 845 2415 corda
872 2387 989 2413 nostra
1010 2379 1144 2419 Spiritu
1171 2385 1290 2409 sancto

306 2451 381 2481 tun„
409 2448 445 2474 ut
464 2448 495 2473 tc·
514 2451 592 2471 vert·
608 2445 852 2478 agnoscamus,
882 2443 959 2463 vere
981 2430 1200 2467 invocemus,
1227 2429 1290 2461 tibi

307 2506 390 2527 vere
405 2491 627 2524 obediamus,
655 2486 717 2519 tibi
735 2484 862 2526 gratias
877 2492 1028 2522 agamus.

410 2542 510 2575 Talia
529 2540 581 2573 vel
598 2537 723 2571 simili..
745 2535 846 2567 verba
873 2546 973 2575 sau-pe
997 2531 1088 2573 apud
1114 2541 1176 2561 nos
1195 2542 1291 2573 repe-

309 2596 412 2628 tcuda
431 2599 548 2629 erant,
578 2589 718 2635 quando
735 2585 927 2626 surgimus,
950 2583 1091 2627 quando
1118 2581 1206 2612 imus
1233 2594 1292 2612 ru-

311 2648 442 2685 hitum,
471 2643 612 2688 quando
629 2638 825 2672 accedimus
849 2636 890 2668 ad
915 2646 1047 2679 operas.

1101 2632 1169 2666 Sed
1189 2631 1292 2664 nimis
1316 2659 1319 2667 ,

1599 454 1646 479 De
1670 454 1826 478 secundo
1851 452 2019 478 articulo.

1531 504 1720 539 Doctrina
1739 501 1781 537 de
1800 501 1904 544 Iesu,
1931 503 2013 552 quis
2029 501 2103 539 sit:

1424 580 1467 615 In
1494 579 1593 614 omni
1619 578 1850 624 patefactione
1878 578 2087 622 proponitur
2108 578 2226 624 aliqua
2243 579 2309 613 do-

1323 632 1455 673 ctrina,
1488 631 1544 664 vel
1574 628 1785 675 promissio,
1821 628 1876 662 vel
1909 628 2120 670 consolatio,
2151 629 2239 663 sicut
2270 629 2310 662 in

1325 682 1426 719 Sinai
1451 681 1665 730 proponitur
1687 679 1771 715 Lex.
1825 677 1866 712 ln
1888 679 2065 722 colloquio
2088 691 2167 713 cum
2194 678 2311 713 Abra-

1326 732 1407 767 ham
1437 732 1591 766 traditur
1624 730 1829 775 promissio:
1860 728 1899 762 ln
1923 729 2055 762 semiue
2078 735 2137 763 tuo
2165 730 2312 763 benedi-

1327 790 1451 818 centur
1464 793 1586 816 omnes
1602 787 1731 825 gentes.
1784 779 2055 814 Consideremus
2070 779 2197 822 igitur,
2224 780 2312 825 quid

1327 836 1385 868 fiat
1408 834 1445 866 in
1467 831 1532 866 hac
1548 831 1793 876 patefactione.
1845 829 2014 863 Doctrina
2033 831 2076 863 de
2092 830 2164 863 filio
2181 831 2313 864 confir-

1328 892 1465 922 matur,
1492 889 1526 916 et
1557 888 1676 927 postea
1703 881 1846 916 additur
1868 880 2073 914 mandatum
2098 880 2141 913 de
2164 881 2315 915 audien-

1329 937 1375 969 do
1392 934 1476 968 filio.

1432 983 1571 1028 Cogites
1607 983 1714 1026 igitur
1746 979 1814 1015 hoc
1841 980 2063 1026 ,colloquium
2095 980 2179 1023 Dei,
2219 980 2316 1023 Filii,

1332 1034 1478 1076 Moisis,
1518 1032 1638 1072 Eliae,
1680 1044 1752 1066 esse
1789 1033 1963 1077 synodum
1994 1031 2236 1075 praecipuam,
2278 1033 2316 1066 in

1333 1099 1400 1132 qua
1427 1087 1470 1119 de
1493 1096 1628 1118 summa
1646 1083 1826 1117 doctrinae
1842 1080 2025 1125 Evangelii
2046 1082 2132 1116 tales
2148 1095 2316 1127 personae

1333 1137 1605 1181 colloquuntur,
1632 1134 1859 1169 audientibus
1883 1139 1914 1166 ct
1938 1133 2177 1176 spectantibus
2199 1134 2318 1167 omni-

1333 1188 1400 1221 bus
1415 1187 1577 1230 Angelis,
1611 1192 1644 1219 et
1666 1185 1846 1229 aliquibus
1863 1181 2061 1226 Apostolis,
2095 1195 2181 1228 quos
2203 1185 2319 1219 voluit

1334 1238 1429 1273 Deus
1446 1248 1518 1270 esse
1538 1236 1681 1270 nuntios
1698 1242 1731 1269 et
1751 1241 1854 1268 testes
1872 1235 1914 1266 (le
1933 1231 1999 1266 hoc
2013 1233 2202 1278 colloquio.

1436 1288 1620 1320 Discamus
1643 1286 1749 1329 igitur
1771 1283 1828 1318 hic
1845 1284 2032 1317 articulum
2051 1285 2160 1326 tradi,
2186 1286 2230 1319 de
2246 1285 2319 1319 filio

1335 1336 1412 1371 Dei.
1465 1335 1627 1370 Affirmat
1642 1336 1736 1370 Deus
1760 1336 1852 1381 ipse,
1878 1332 1972 1367 hunc
1992 1333 2105 1367 lesum
2131 1342 2254 1369 natum
2278 1347 2319 1369 ex

1338 1388 1452 1422 Maria
1476 1387 1632 1430 virgine,
1656 1398 1728 1419 esse
1746 1385 1912 1418 Messiam
1938 1385 2169 1426 promissum,
2196 1393 2230 1420 et
2246 1397 2320 1419 esse

1338 1438 1449 1471 silium
1471 1437 1602 1471 aeterni
1622 1436 1755 1476 Patris,
1781 1437 1823 1468 de
1842 1446 1910 1479 quo
1929 1435 2064 1468 locutae
2079 1435 2149 1468 sint
2167 1436 2320 1480 promis—

1338 1489 1454 1522 siones
1477 1495 1509 1521 et
1528 1485 1735 1534 Prophetae.
1786 1484 1887 1518 Hanc
1912 1485 2107 1518 doctrinam
2129 1492 2323 1529 teneamus,

1339 1546 1371 1573 et
1388 1540 1424 1571 in
1441 1536 1504 1571 hac
1520 1539 1656 1583 synodo
1675 1536 1856 1580 repetitam
1874 1546 1945 1568 esse
1962 1535 2122 1569 sciamus.

1441 1587 1624 1622 Discamus
1646 1594 1761 1620 autem
1784 1583 1840 1619 hic
1858 1592 1969 1619 totum
1985 1585 2172 1619 articulum
2191 1585 2233 1618 de
2249 1584 2324 1619 filio

1311 1655 1314 1681 ρ
1340 1639 1426 1680 Dei,
1454 1639 1547 1684 quod
1568 1639 1604 1671 in
1622 1636 1764 1671 Christo
1782 1637 1853 1670 siut
1870 1637 1959 1669 duae
1976 1642 2139 1676 naturae,
2166 1636 2261 1680 quod
2279 1635 2325 1670 sit

1312 1687 1313 1696 ¹
1340 1691 1451 1724 factus
1479 1702 1541 1734 pro
1575 1689 1678 1722 nobis
1710 1688 1871 1727 victima,
1913 1687 2005 1731 quod
2039 1686 2138 1719 Deus
2167 1685 2324 1719 mirabili

1313 1759 1315 1765 ·
1341 1740 1488 1774 consilio
1513 1740 1561 1773 sic
1585 1746 1615 1773 et
1641 1751 1714 1772 non
1743 1739 1863 1778 aliter,
1890 1737 2041 1770 voluerit
2065 1736 2217 1770 iustitiae
2238 1747 2324 1770 suae

1341 1791 1516 1830 satisfieri,
1543 1798 1575 1824 et
1603 1789 1731 1834 placari
1758 1789 1862 1827 iram,
1890 1796 1921 1821 et
1945 1788 2037 1832 quod
2063 1794 2156 1821 certo
2181 1793 2325 1831 propter

1342 1840 1436 1875 hunc
1461 1842 1572 1874 filium
1591 1840 1819 1883 recipiamur,
1846 1846 1878 1873 et
1895 1839 1988 1884 quod
2008 1837 2074 1872 fide
2093 1844 2250 1882 oporteat
2267 1849 2324 1871 ac-

1342 1893 1410 1937 cipi
1430 1893 1503 1925 eius
1524 1891 1688 1924 beneficia
1702 1917 1710 1929 ,
1738 1898 1800 1923 etc.

1444 1942 1536 1976 Sunt
1559 1949 1673 1975 autem
1697 1939 1899 1973 dulcissima
1922 1939 2044 1971 verba:
2074 1936 2142 1971 Hic
2164 1945 2211 1971 est
2231 1938 2325 1972 filius

1343 2004 1440 2025 mous
1465 1993 1630 2031 dilectus,
1669 2001 1710 2025 (ιη
1735 1992 1875 2031 meldum
1901 1989 1943 2031 id)
1967 1988 2120 2032 bertglidn·
2145 1988 2236 2031 frent>
2261 1992 2325 2025 nnb

1342 2053 1456 2078 monne
1483 2043 1571 2085 bube-
1624 2042 1788 2075 'l'estatur
1809 2040 1900 2074 hunc
1923 2040 2033 2073 fitium
2053 2039 2151 2081 diligi
2169 2051 2186 2073 a
2206 2051 2257 2078 se.
2285 2048 2325 2075 ut

1343 2095 1493 2128 sciamus
1517 2101 1547 2127 rt
1574 2094 1648 2126 eius
1670 2094 1826 2125 membra
1853 2091 1971 2132 diligi,
2003 2091 2091 2124 sicut
2114 2090 2242 2123 Paulus
2269 2091 2324 2123 iu-

1314 2159 1316 2173 ι
1343 2145 1418 2190 quit
1447 2146 1488 2177 ad
1514 2142 1641 2189 Ephe&
1663 2145 1708 2177 1.;
1744 2142 1873 2177 nih-xit
1909 2153 1971 2174 nos
2004 2141 2039 2174 in
2064 2139 2207 2175 Christo
2235 2141 2324 2175 dile-

1343 2203 1411 2237 ctu,
1442 2203 1502 2229 etc.

1445 2303 1591 2328 ‘tertius
1615 2299 1798 2326 articulus
1825 2298 1987 2323 continet
2014 2298 2225 2323 mandatum:

1700 2351 1808 2385 [lunc
1835 2348 1971 2386 audac.

1316 2449 1319 2461 ,
1448 2422 1540 2455 llaec
1573 2429 1621 2455 est
1653 2433 1717 2453 vox
1751 2432 1851 2462 saepe
1882 2418 2026 2461 repetita
2059 2418 2093 2450 iu
2130 2416 2327 2463 Prophetis,

1316 2486 1318 2520 j
1347 2474 1449 2509 Dent.
1472 2475 1541 2509 18.:
1576 2471 1761 2505 suscitabo
1785 2470 1848 2502 tihi
1876 2469 1910 2501 in
1938 2469 2052 2501 medio
2077 2469 2223 2502 fratrum
2247 2477 2326 2503 tuo-

1347 2539 1424 2559 rum
1444 2532 1507 2558 rte.
1533 2523 1591 2568 qui
1616 2534 1685 2554 nnn
1713 2521 1862 2554 audierit
1892 2519 2010 2558 illum,
2036 2518 2110 2561 Ego
2136 2519 2230 2554 ultor
2251 2532 2325 2556 ero.

1349 2575 1431 2609 ltem
1451 2575 1575 2608 l‘salm.
1591 2573 1640 2605 2.:
1672 2571 1742 2613 ligo
1768 2570 1933 2604 mustitui
1959 2581 2071 2611 regem
2092 2581 2205 2603 meum
2222 2563 2327 2615 suffit

1346 2625 1609 2662 montcmSion,
1638 2623 1838 2668 praedicare
1856 2627 2078 2667 praeceptum
2095 2628 2155 2655 etc.
2210 2620 2327 2656 Oseu-
