2409 2915
265 111 338 145 679

271 206 327 231 tur
359 194 560 240 hypocritae
595 198 766 235 praestare
792 203 899 235 opera
932 191 1061 223 similia
1090 191 1256 235 operibus

271 248 430 291 piorum,
459 256 521 278 nec
538 243 709 277 disserunt
732 242 866 275 externi
889 248 1020 285 gestus,
1053 241 1123 275 imo
1146 248 1256 287 potest

271 297 365 336 fieri,
393 303 431 329 ut
448 293 600 329 Ethnica
626 293 818 327 liberalitas
837 293 940 335 longe
965 299 1103 336 superet
1121 293 1256 336 magni-

271 346 407 380 ficentia
439 345 535 389 pium
568 356 656 389 opus
687 345 812 377 viduae
836 343 1065 386 sareptanae,
1107 355 1195 388 quae
1221 344 1256 376 in

273 409 407 430 summa
438 395 584 440 penuria
614 395 807 439 pauxillum
838 393 971 426 farinae
996 393 1135 438 praebet
1157 392 1257 427 Eliae

274 446 438 480 exulanti.
492 446 561 480 Sed
587 446 666 479 finis
691 445 772 478 facit
793 444 1000 485 discrimen,
1040 444 1119 489 quia
1144 451 1259 478 motus

275 498 459 532 interiores
476 497 592 529 cordis
609 497 711 539 plane
727 501 809 528 sunt
823 494 1022 528 dissimiles.
1071 494 1173 539 Impii
1186 522 1195 535 ,
1223 496 1258 528 id

276 556 344 587 est,
382 545 526 581 Ethnici
555 555 586 580 et
611 544 814 592 hypocritae
838 557 910 579 non
933 545 1157 579 benefaciunt
1181 546 1260 578 aliis

276 605 418 643 propter
442 597 574 638 Deum,
615 608 692 637 seu,
734 603 774 630 ut
795 594 869 629 Deo
895 596 1080 639 obediant,
1124 597 1181 629 sed
1205 596 1258 629 vel

276 649 509 682 ostentatione
527 649 676 693 quadam
696 654 729 681 et
744 647 894 690 aucupio
916 647 1047 690 gloriae
1069 647 1261 691 popularis,

279 700 332 732 vel
351 699 431 744 quia
452 699 589 742 fingunt
604 710 639 731 se
656 709 717 732 sua
735 697 962 731 beneficentia
986 697 1111 731 mereri
1137 697 1261 730 remis-

278 752 411 783 sionem
430 756 673 797 peccatmum,
698 755 730 782 et
747 748 856 781 iustos
873 759 945 781 esse
961 760 1076 781 coram
1094 746 1187 788 Deo,
1213 748 1262 780 si—

278 808 336 834 cut
357 798 539 834 Mahomet
561 806 594 833 et
616 798 776 843 Papistae
802 799 927 832 docent
950 800 993 831 de
1016 798 1261 832 satisfactioni—

279 852 343 884 bus
362 858 393 884 et
409 850 694 895 compensatione
710 849 929 883 delictorum.

382 925 420 959 ln
438 922 505 958 hoc
522 924 679 967 exemplo
699 923 920 967 perspicuum
940 928 1008 962 est,
1043 933 1146 965 opera
1165 922 1262 955 simi-

281 978 324 1009 lia
343 984 482 1010 externa
501 975 613 1018 specie
630 975 821 1017 prudenter
844 985 883 1005 ac
903 973 1026 1016 procul
1044 983 1114 1005 esse
1133 973 1263 1005 discer-

279 1028 404 1061 nenda.
457 1025 537 1058 Alia
559 1025 652 1057 enim
678 1023 765 1056 fiunt
789 1035 871 1056 vero
896 1029 994 1056 motu
1019 1023 1134 1055 cordis
1155 1034 1263 1065 agno-

279 1077 406 1111 scentis
423 1076 534 1109 Deum
547 1102 556 1115 ‚
581 1081 614 1107 et
632 1081 774 1118 propter
795 1074 999 1106 mandatum
1017 1071 1102 1113 Dei,
1124 1074 1166 1106 de
1184 1073 1264 1117 qui-

279 1130 344 1161 bus
366 1127 530 1171 operibus
553 1123 619 1158 hoc
643 1125 718 1157 loco
746 1124 853 1158 tradit
869 1123 1048 1157 Dominus
1066 1124 1262 1167 generalem

278 1178 451 1221 regulam:
494 1176 648 1219 Quando
682 1187 742 1208 cor
773 1182 822 1208 est
854 1172 1131 1219 hypocriticam,
1179 1181 1264 1208 tunc

279 1230 381 1262 etiam
402 1235 582 1261 externum
601 1237 690 1270 opus
715 1231 764 1259 est
788 1225 972 1258 simulatus
994 1231 1125 1268 gestus,
1154 1231 1187 1258 et
1208 1226 1264 1257 su-

279 1292 354 1313 cosa
374 1277 568 1324 hypocrisis
585 1277 687 1321 plena
707 1276 837 1320 peccati
854 1275 1000 1320 Deoque
1016 1275 1213 1320 displicens.

382 1355 476 1388 Haec
503 1354 621 1397 regula
646 1352 892 1395 complectitur
916 1351 1069 1395 plurima
1095 1350 1263 1393 exempla,

279 1408 426 1446 scilicet,
469 1415 591 1437 omnes
626 1409 785 1436 externas
820 1401 1045 1434 ceremonias.
1113 1398 1201 1434 Cain
1231 1407 1264 1434 et

279 1458 387 1495 Abel,
415 1455 499 1489 Saul
520 1461 552 1488 et
569 1452 684 1487 David
707 1452 861 1485 offerunt
885 1451 1068 1491 sacrificia,
1093 1457 1126 1484 et
1144 1451 1264 1484 multis

279 1507 432 1552 imponit
445 1505 640 1538 similitudo
659 1503 829 1548 quaedam
846 1501 979 1535 externi
996 1501 1128 1545 operis,
1154 1507 1192 1534 ut
1208 1501 1264 1533 ni-

277 1557 327 1591 hil
347 1558 489 1590 differre
507 1555 681 1592 iudicent,
709 1554 767 1586 sed
786 1553 890 1585 corda
911 1563 1056 1596 prorsus
1079 1551 1262 1584 dissimilia

276 1615 367 1642 sunt.
421 1606 532 1639 Porro
550 1605 702 1648 primum
719 1610 750 1636 et
767 1614 943 1636 summum
967 1608 1191 1649 praeceptum
1209 1602 1264 1634 di-

277 1661 339 1693 cit:
372 1657 504 1700 Diliges
521 1654 717 1689 Dominum
732 1653 846 1687 Deum
873 1660 971 1686 tuum
995 1664 1035 1685 ex
1061 1659 1134 1686 toto
1159 1653 1265 1685 corde

277 1718 347 1745 tuo.
401 1707 506 1747 Item,
540 1704 646 1740 Rom.
668 1705 740 1739 10.:
775 1702 890 1738 Corde
917 1703 1073 1737 creditur
1095 1703 1137 1735 ad
1163 1703 1264 1735 iusti-

277 1763 360 1794 tiam
379 1766 442 1793 etc.
500 1755 545 1790 Et
561 1755 683 1789 Esaiae
698 1755 757 1790 29.
787 1755 963 1798 vituperat
986 1761 1018 1787 et
1041 1753 1154 1786 reiicit
1170 1752 1264 1786 Deus

277 1809 480 1855 hypocrisin
504 1805 568 1840 hac
595 1819 693 1840 voce:
729 1805 1002 1850 Appropinquat
1026 1805 1088 1837 iste
1114 1804 1264 1848 populus

277 1851 337 1895 ore
365 1873 444 1900 suo,
485 1865 519 1892 et
543 1858 645 1891 labiis
670 1855 822 1890 honorat
845 1867 918 1895 me,
962 1867 1022 1888 cor
1046 1861 1162 1888 autem
1189 1855 1264 1888 eius

279 1914 380 1952 longe
398 1917 447 1944 est
470 1922 488 1942 a
511 1920 584 1947 me,
613 1915 652 1941 ut
668 1906 775 1943 Cain,
803 1905 908 1944 Saul,
936 1903 1104 1944 Ethnici‚
1133 1912 1163 1938 et
1182 1904 1264 1937 Mo-

277 1961 379 1996 nachi
405 1968 476 1993 arte
499 1958 665 1992 simulant
695 1964 854 1989 externos
885 1961 1018 1997 gestus,
1061 1956 1119 1987 sed
1144 1967 1204 1987 cor
1227 1956 1261 1987 in

278 2015 361 2057 ipsis
380 2019 426 2045 est
446 2010 589 2055 plenum
607 2007 770 2041 sordibus
786 2019 823 2039 ac
842 2005 1084 2045 immunditie,
1111 2017 1183 2037 nou
1209 2017 1262 2038 re-

276 2065 369 2104 gitur
387 2064 462 2095 luce
479 2073 538 2094 seu
556 2071 636 2091 vera
659 2058 839 2101 agnitione
857 2055 938 2094 Dei,
964 2063 1013 2089 est
1039 2056 1112 2088 sire
1137 2056 1262 2089 timore

281 2114 363 2152 Dei,
401 2113 477 2146 sine
498 2112 583 2147 fide,
621 2110 763 2152 plenum
784 2107 976 2139 invidentia
995 2113 1026 2139 et
1045 2106 1156 2144 odiis,
1192 2107 1262 2139 imo

277 2166 345 2198 ruit
364 2166 398 2197 in
417 2163 538 2196 caedes
561 2167 593 2194 et
618 2157 862 2204 blasphemias.
918 2157 1129 2190 Huiusmodi
1154 2157 1261 2190 sacri-

278 2217 350 2248 ficia
377 2223 406 2247 et
432 2213 563 2246 externi
582 2217 697 2253 gestus
715 2216 792 2243 sunt
812 2215 896 2241 tetra
917 2215 1072 2251 peccata,
1101 2215 1132 2241 et
1149 2208 1262 2241 cultus

278 2265 495 2299 horribiliter
518 2262 673 2295 damuati
701 2273 738 2293 ac
763 2259 900 2298 reiecti,
928 2259 1014 2291 sieut
1041 2265 1071 2291 et
1092 2259 1260 2291 Salomon

277 2319 423 2349 affirmat
445 2314 612 2348 Pron-orb,
628 2313 703 2347 28:
737 2309 864 2343 Oratio
881 2310 955 2342 eius
972 2309 1031 2354 qui
1056 2310 1177 2341 avc-riti
1199 2322 1260 2342 au—

276 2381 347 2403 res,
383 2380 425 2399 nv
451 2365 594 2397 audiant
624 2364 753 2403 legem,
789 2361 854 2394 erit
879 2360 1112 2393 exsecrabilis.
1175 2359 1259 2392 ltem

276 2415 539 2452 Ecclesiasi.4.:
569 2414 699 2447 leior
721 2419 767 2445 est
795 2411 996 2445 ohedientia
1025 2423 1128 2455 quam
1157 2411 1259 2443 vieti-

274 2483 348 2501 mae
367 2469 565 2503 stultorum,
583 2466 641 2510 qni
662 2464 816 2496 nesciunt
835 2469 1005 2508 quantum
1024 2461 1149 2493 saciant
1165 2462 1258 2496 mali,
1284 2475 1286 2502 ς

867 105 990 140 PHIL.
1020 103 1132 139 MEL.
1162 102 1369 140 SCRIPTA
1398 101 1693 138 EXEGETICA.

2212 105 2288 139 680

1409 187 1561 221 'l'antam
1578 189 1776 222 coecitatem
1794 199 1929 232 semper
1952 188 1990 221 in
2011 190 2144 223 mundo
2160 190 2289 224 confir-

1309 239 1416 271 mavit
1435 238 1615 279 diabolus,
1639 239 1687 272 sic
1703 239 1832 283 impuri
1851 239 2034 273 sacrificuli
2050 238 2213 284 Papistici
2236 241 2289 273 vi-

1309 295 1434 322 xerunt
1450 289 1486 321 in
1504 289 1684 323 manifesta
1701 289 1932 334 turpitudine,
1961 290 2021 334 qui
2039 297 2154 323 tamen
2165 289 2290 324 Missas

1311 340 1527 372 celebrantes
1550 339 1774 383 impudenter
1790 341 2012 374 somniarunt
2034 347 2067 374 et
2091 341 2291 374 iactitarunt

1311 401 1346 423 se
1362 389 1498 433 placare
1516 389 1603 422 iram
1620 389 1684 423 Dei
1705 392 1901 424 ceremonia
1925 403 2005 425 suae
2023 391 2231 431 oblationis,
2258 397 2291 424 et

1312 439 1422 484 ipsam
1442 439 1625 472 lectionem
1646 439 1836 475 Missarum
1856 442 1982 475 mereri
2009 442 2163 485 ingentia
2186 442 2292 475 bene-

1312 491 1386 524 ficia
1402 491 1586 524 universae
1601 488 1786 524 Ecclesiae.

1414 550 1469 582 De
1487 549 1617 583 talibus
1636 550 1767 583 insanis
1784 557 1818 583 et
1834 552 1943 585 coecis
1960 548 2150 597 hypocritis
2175 550 2293 597 loqui-

1314 607 1369 634 tur
1387 600 1554 634 Salomon
1575 596 1754 644 inquiens:
1788 599 1950 642 Hiistulti
1968 603 2147 641 nesciunt,
2178 613 2293 646 quan-

1315 657 1388 684 tum
1413 650 1496 683 mali
1525 651 1665 684 saciant.
1734 650 1910 686 Aberrant
1941 652 2034 686 enim
2064 664 2082 685 a
2114 664 2194 685 vero
2217 650 2293 684 Deo

1315 701 1426 744 ignari
1447 701 1636 735 voluntatis
1652 701 1810 742 divinae,
1837 713 1876 734 ac
1890 714 1933 735 ne
1947 714 2007 736 sua
2024 704 2165 748 quidem
2189 713 2294 745 opera

1316 752 1537 795 intelligunt,
1571 752 1629 784 sed
1657 752 1812 795 ipsorum
1837 752 1950 786 cultus
1976 760 2009 787 et
2028 753 2192 786 sacrificia
2213 758 2294 785 sunt

1316 802 1575 846 superstitiosae
1591 803 1780 835 cacozeliae
1796 809 1828 835 et
1844 799 2029 836 horribilia
2045 810 2192 847 peccata.
2227 801 2296 835 Ita-

1317 865 1384 897 que
1402 853 1445 885 de
1464 849 1528 885 hac
1546 853 1710 885 coecitate
1727 852 1900 886 Dominus
1923 851 1980 886 hic
2005 854 2086 886 dicit
2112 854 2147 886 in
2171 863 2296 896 genere

1317 910 1349 936 et
1367 903 1628 936 universaliter:
1666 902 1704 937 Si
1725 903 1847 936 oculus
1866 909 1945 937 tuus
1961 904 2072 936 malus
2093 904 2215 943 suerit,
2243 910 2296 936 to-

1318 960 1390 986 tum
1407 965 1533 997 corpus
1549 953 1615 986 erit
1638 953 1822 991 tenebrae,
1845 952 1910 987 hoc
1926 961 1993 994 est,
2022 961 2159 997 oportet
2178 961 2296 987 tenere

1317 1004 1504 1036 discrimen
1535 1010 1758 1037 externorum
1784 1016 1940 1047 operum.
2003 1003 2212 1049 Ubicunque
2238 1015 2298 1036 cor

1317 1061 1365 1087 est
1394 1054 1490 1096 pium
1515 1061 1547 1087 et
1573 1054 1767 1092 sincerum,
1802 1055 1850 1087 ibi
1873 1061 1904 1087 et
1930 1061 2069 1088 externa
2090 1066 2193 1098 opera
2217 1061 2296 1086 sunt

1317 1105 1518 1148 incorrupta
1542 1111 1574 1137 et
1599 1105 1796 1149 impolluta.
1851 1104 1918 1139 Sed
1942 1105 2001 1138 ubi
2028 1117 2087 1137 cor
2111 1112 2161 1138 est
2184 1105 2299 1148 impu-

1316 1167 1395 1189 rum
1422 1162 1454 1188 et
1480 1152 1754 1199 hypocriticum‚
1789 1155 1849 1187 ubi
1882 1156 2048 1189 cacozelia
2075 1162 2299 1188 externorum

1316 1217 1461 1250 operum
1478 1216 1537 1238 seu
1552 1205 1722 1238 factorum
1742 1207 1968 1250 quantumvis
1984 1206 2177 1249 magnifica,
2197 1205 2300 1253 plau-

1317 1256 1429 1289 sibilis
1448 1263 1479 1289 et
1503 1256 1675 1299 speciosa,
1701 1263 1751 1289 est
1777 1257 2014 1290 commentitia
2039 1256 2240 1300 superstitio
2267 1262 2300 1289 et

1315 1318 1420 1349 grave
1439 1313 1628 1349 peccatum.
1682 1305 1749 1339 Hie
1766 1313 1815 1339 est
1834 1307 1977 1351 simplex
1996 1314 2027 1341 et
2052 1307 2215 1351 proprius
2242 1306 2299 1338 in-

1316 1357 1473 1391 tellectus
1491 1354 1617 1389 horum
1638 1357 1826 1389 verborum
1845 1354 1988 1390 Christi.

1715 1448 1896 1477 Quaestio.

1418 1509 1464 1542 At
1487 1509 1590 1541 dicis:
1634 1508 1788 1551 Quando
1817 1509 1922 1551 igitur
1947 1521 2006 1542 cor
2029 1516 2075 1542 est
2099 1509 2301 1542 sincerum?

1316 1566 1347 1592 et
1374 1561 1553 1603 quomodo
1577 1560 1657 1592 sciri
1685 1566 1817 1606 potest,
1841 1566 1959 1592 utrum
1986 1560 2053 1593 sint
2077 1559 2156 1603 puri
2184 1566 2300 1592 motus

1316 1609 1456 1642 cordis?

1706 1692 1914 1724 Responsio.

1419 1751 1576 1785 Primum
1600 1763 1737 1785 necesse
1756 1759 1823 1792 est,
1851 1759 1889 1785 ut
1909 1764 1969 1785 cor
1994 1753 2086 1786 norit
2111 1759 2141 1786 et
2168 1753 2301 1787 intelli—

1314 1810 1371 1847 gat
1394 1803 1540 1836 verbum
1566 1802 1651 1843 Dei,
1679 1803 1774 1835 iuxta
1798 1813 1936 1836 versum
1961 1801 2107 1836 Psalmi:
2141 1802 2300 1837 Lucerna

1315 1854 1464 1897 pedibus
1483 1854 1569 1886 meis
1588 1853 1734 1886 verbum
1759 1860 1878 1892 tuum,
1906 1859 1938 1886 et
1961 1853 2019 1886 lux
2044 1854 2177 1887 semitis
2203 1854 2299 1888 meis.

1316 1904 1416 1938 Hanc
1431 1904 1543 1936 lucem
1562 1904 1660 1947 prius
1677 1909 1814 1947 oportet
1831 1903 1973 1936 accendi
1998 1904 2034 1936 in
2059 1904 2177 1944 nobis,
2204 1916 2299 1937 eam—

1315 1967 1382 2000 que
1399 1966 1479 1987 vera
1495 1961 1528 1988 et
1546 1955 1643 1987 firma
1668 1954 1735 1986 fide
1758 1954 1874 1986 cordis
1891 1953 2000 1998 accipi
2020 1961 2052 1987 et
2071 1952 2301 1998 apprehendi,

1314 2007 1372 2037 sed
1391 2017 1488 2043 vere,
1515 2006 1635 2038 dextre
1658 2016 1696 2037 ac
1720 2004 1774 2047 pie
1799 2004 2032 2045 intellectam,
2059 2017 2102 2037 ne
2120 2005 2300 2049 pertraha—

1313 2067 1393 2087 mur
1409 2055 1709 2098 speculationibus
1727 2055 1932 2087 monstrosis
1947 2061 1979 2087 et
1999 2055 2245 2089 aberrantibus
2262 2057 2299 2089 in

1314 2103 1488 2145 haereses,
1518 2106 1666 2138 fanatica
1691 2105 1833 2143 deliria,
1862 2104 2057 2138 Monastica
2079 2107 2235 2146 somnia,
2267 2114 2300 2142 et

1313 2154 1517 2200 sophisticas
1534 2156 1778 2201 perplexitates
1791 2183 1798 2192 ,
1823 2157 2121 2200 quemadmodum
2137 2157 2301 2191 diabolus

1314 2208 1433 2240 incitat
1459 2207 1625 2239 omnibus
1650 2207 1869 2250 temporibus
1895 2215 1927 2241 et
1954 2207 2102 2251 impellit
2128 2208 2297 2252 quosdam

1314 2259 1507 2302 petulantes
1533 2270 1570 2291 ac
1598 2258 1738 2291 insanos
1765 2255 1944 2296 homines,
1985 2264 2024 2291 ut
2048 2257 2248 2291 deficientes
2279 2270 2298 2292 a

1313 2309 1419 2341 verbo
1446 2307 1511 2341 Dei
1536 2309 1762 2352 implicentur
1784 2308 1991 2352 corruptelis
2023 2308 2223 2350 doctrinae,
2263 2316 2298 2344 et

1312 2361 1568 2403 amplectuutur
1586 2359 1801 2403 perniciosos
1823 2369 1958 2391 errores
1981 2370 2019 2391 ac
2042 2357 2296 2403 sophismatum

1314 2411 1526 2454 praestigias.

1413 2462 1708 2506 Quandocunque
1744 2460 1848 2501 igitur
1881 2457 1986 2491 hoino
2023 2460 2155 2502 regitur
2189 2460 2295 2492 verbo

276 2518 503 2563 Exemplum,
540 2514 682 2550 Ethnit‘i
709 2516 849 2547 suerunt
876 2514 951 2546 sine
977 2524 1056 2545 vera
1080 2512 1258 2552 agnitione
1282 2508 1285 2542 ἕ
1311 2511 1395 2554 Dei,
1425 2525 1486 2544 nee
1503 2513 1594 2545 deest
1614 2512 1770 2544 sincerus
1793 2523 1830 2542 ac
1855 2522 1956 2543 verus
1981 2511 2177 2544 intellectus
2201 2511 2295 2543 vocis

275 2570 358 2609 Dei,
387 2571 479 2613 pleni
502 2566 783 2611 turpitudinum,
810 2564 1086 2603 adulteriorum,
1114 2563 1257 2596 incesta-
1282 2564 1284 2623 1
1310 2564 1450 2596 divinae
1478 2575 1538 2595 seu
1566 2569 1655 2595 recta
1680 2561 1871 2598 sententia,
1909 2574 2013 2606 quam
2039 2561 2121 2594 fides
2147 2561 2295 2595 firmiter

274 2635 420 2665 rumque
456 2619 665 2655 libidinum,
715 2616 856 2649 interim
891 2623 1006 2649 tamen
1033 2614 1256 2647 cumularunt
1309 2615 1464 2657 amplexa
1487 2613 1610 2646 retinet
1636 2625 1674 2645 ae
1698 2613 1863 2648 laetatur.
1893 2619 1976 2645 tunc
1998 2611 2163 2645 illucescit
2183 2612 2296 2653 cordi,

270 2673 454 2709 sacrificia,
481 2671 610 2714 quibus
629 2668 736 2702 deleri
756 2674 892 2711 peccata
913 2666 1094 2709 putabant.
1281 2629 1285 2706 l
1310 2665 1394 2709 quid
1415 2665 1456 2698 sit
1475 2665 1526 2697 lex
1540 2689 1547 2701 ‚
1574 2664 1657 2708 quid
1677 2671 1815 2696 aeterna
1835 2662 2019 2708 promissio
2035 2670 2065 2697 et
2084 2662 2294 2697 reconcilia-
