2409 2915
151 116 206 150 33
577 114 622 149 X.
673 111 977 149 EXPLICATIO
1005 111 1416 151 PROVERBIORUM
1443 114 1743 158 SALOMONIS.
2116 131 2163 164 54

141 201 208 234 mis
224 200 453 244 flagrantibus
467 198 577 233 addit.
629 197 734 232 Tales
754 198 885 232 multae
903 206 985 233 sunt
1006 200 1122 234 tribu-

139 251 249 285 nitiae
271 257 437 289 naturae,
472 248 651 293 inquietae
684 255 718 283 et
749 249 947 289 rixatrices‚
982 257 1022 284 ut
1046 250 1122 286 Ro-

138 301 236 335 mani
259 301 360 336 multi
384 299 538 340 tribuni,
574 306 606 333 et
628 299 666 332 in
690 297 846 334 Ecclesia
870 301 972 335 multi
999 298 1121 335 haere-

139 352 211 387 tici.
263 351 316 387 Ac
345 351 472 384 citatur
495 349 628 383 dictum
655 357 754 384 vetus
784 351 822 384 in
847 350 1016 393 Stobaeo,
1050 365 1120 398 quo

139 403 310 447 significat
333 401 561 444 cupiditatem
585 401 845 443 contentionis,
882 414 1020 436 causam
1049 415 1120 436 esse

139 452 333 497 ingentium
350 452 607 492 calamitatum,
634 449 679 485 τὰ
696 449 840 499 μεγάλα
855 451 953 487 κακὰ
971 452 1039 488 οὐκ
1057 453 1119 488 ἄλ-

138 506 224 548 λως,
242 499 266 547 ἢ
283 501 323 536 ἐκ
339 499 563 548 φιλονεικίας
579 500 810 539 συνίσταται,

238 551 326 587 Cum
345 553 452 596 igitur
468 553 674 596 fugiendum
693 554 738 587 sit
763 551 830 587 hoc
848 553 993 595 vitium,
1018 555 1120 589 Salo-

135 615 221 638 mon
244 603 352 637 tradit
375 604 656 637 admonitionem
678 605 721 637 de
743 605 861 640 modo,
914 604 1038 639 Mollis
1062 618 1117 639 re-

132 654 277 699 sponsio
307 655 438 698 frangit
468 654 574 695 iram,
606 655 641 688 id
669 661 736 696 est,
770 667 844 689 non
875 656 988 689 solum
1019 657 1118 701 prior

132 706 241 740 alium
259 717 332 739 non
350 705 478 739 afficias
495 705 644 745 iniuria,
669 706 729 739 sed
747 706 850 740 etiam
869 719 947 740 cum
968 719 1115 751 respon·

133 758 213 800 des,
239 756 350 790 lenire
365 756 498 802 aliquid
517 757 669 791 studeas.
721 755 774 790 Ac
791 758 900 791 multa
919 765 1001 792 sunt
1019 757 1115 791 simi-

132 808 180 841 lia
199 814 401 852 praecepta,
428 819 517 853 quae
535 808 680 849 docent,
706 820 785 841 cum
815 808 912 842 iratis
935 820 1007 842 non
1031 820 1116 842 con-

131 859 349 893 tendendum
368 869 459 899 esse,
486 865 541 892 ut:
570 858 690 902 Ignem
709 859 826 903 gladio
844 871 887 892 ne
903 860 1027 893 fodias.
1068 857 1116 892 Et

131 909 322 942 laudantur
352 905 390 941 hi
421 921 556 943 versus:
595 907 704 944 δυοῖν
735 906 923 957 λεγόντοιν
951 907 1115 954 θατίρου

130 957 396 1004 θυμουμένου,
418 957 437 994 ὁ
452 957 504 1005 μὴ
520 958 737 995 ἀντιτείνων
761 961 836 999 τοῖς
857 957 977 1008 λόγοις
992 956 1115 1006 σοφώ-

130 1022 242 1057 τερος.

233 1060 302 1095 Sed
319 1058 507 1095 hiccontra
519 1061 692 1096 obiiciunt
706 1061 836 1107 aliqui,
853 1061 998 1109 Increpa
1010 1073 1115 1106 opor-

131 1119 233 1153 tune,
258 1112 463 1156 importune
479 1119 540 1146 etc.
565 1118 599 1145 et
621 1113 832 1156 praetexitur
854 1114 948 1146 zelus
971 1113 1116 1156 privatis

130 1162 242 1203 odiis,
264 1163 466 1207 superbiae,
490 1169 550 1196 aut
572 1162 650 1195 aliis
671 1163 864 1198 affectibus.
917 1163 985 1197 Sed
1004 1164 1116 1196 sciant

129 1214 245 1247 bonae
262 1219 414 1253 mentes,
443 1213 480 1245 in
498 1210 564 1246 hoc
587 1224 712 1256 genere
736 1214 874 1259 regulas
897 1226 915 1246 a
939 1214 1018 1247 Deo
1042 1221 1115 1247 tra-

130 1264 221 1297 ditas
237 1264 432 1308 sequendas
449 1274 531 1298 esse.
581 1261 751 1297 Doctores
769 1275 831 1296 suo
851 1265 927 1296 loco
946 1271 1035 1298 recte
1049 1265 1114 1297 do-

130 1320 247 1354 ceant,
280 1320 313 1347 et
337 1314 480 1358 quidem
501 1314 711 1354 necessaria,
745 1326 818 1347 non
851 1321 968 1348 serant
992 1315 1115 1348 inanes

128 1360 371 1411 λογομαχίας,
399 1375 473 1397 non
500 1364 640 1407 litigent
658 1366 700 1397 de
718 1363 914 1412 παρέργοις
933 1372 991 1399 aut
1009 1367 1115 1399 rebus

128 1415 254 1449 alienis
278 1426 296 1447 a
320 1426 382 1448 suo
407 1414 541 1455 officio,
568 1415 745 1449 auditores
762 1417 968 1459 interrogati
989 1418 1031 1450 de
1049 1417 1114 1449 do-

128 1465 241 1500 ctrina
265 1465 519 1510 respondeant,
552 1466 641 1500 sicut
664 1466 790 1500 Petrus
823 1467 957 1511 inquit:
994 1466 1114 1500 Parati
1140 1494 1141 1498 ,

128 1517 172 1551 ad
198 1516 369 1550 rationem
388 1517 605 1551 reddendam
622 1518 788 1552 omnibus
806 1518 866 1563 qui
884 1518 1113 1561 interrogant,

128 1579 207 1602 cum
222 1567 506 1603 mansuetudine.

181 1646 349 1685 Victima
387 1648 581 1695 impiorum
606 1648 836 1683 abominatio
861 1647 1048 1693 Domino,
1083 1656 1114 1685 et

231 1697 390 1745 precatio
408 1703 581 1731 rectorum
599 1698 717 1744 placet
741 1699 784 1734 ei.

229 1766 341 1809 Saepe
356 1766 500 1808 repetita
516 1772 565 1798 est
584 1763 667 1798 haec
685 1767 844 1799 doctrina
860 1767 898 1798 in
916 1765 1113 1810 Prophetis,

127 1817 171 1849 de
197 1815 311 1849 tribus
334 1816 521 1859 generibus
546 1827 710 1859 operum,
747 1817 790 1848 de
816 1817 1041 1856 ceremoniis,
1069 1819 1112 1850 de

127 1866 293 1911 operibus
312 1865 525 1905 moralibus,
551 1872 583 1898 et
605 1867 646 1898 de
670 1866 749 1901 fide.
800 1865 895 1900 Haec
916 1867 1038 1900 concio
1063 1874 1113 1901 est

128 1918 234 1952 totius
251 1916 382 1950 Psalmi
399 1916 475 1952 49.:
500 1915 581 1950 Non
596 1917 820 1949 manducabo
845 1929 966 1951 carnes
991 1924 1111 1951 tauro-

126 1981 205 2002 rum
221 1975 284 2002 etc.
302 1975 423 2002 taxans
442 1967 590 2000 abusum
614 1968 906 2001 ceremoniarum.
959 1967 1006 2002 Et
1021 1969 1111 2002 Hie-

125 2019 255 2053 remiae
265 2018 300 2052 7.
317 2019 462 2051 dicitur:
490 2017 570 2051 Non
587 2019 748 2062 praecepi
766 2019 866 2052 vobis
883 2020 926 2052 de
942 2017 1111 2054 holocau-

124 2070 197 2105 stis.
250 2068 296 2104 Et
309 2068 433 2103 Esaiae
449 2069 574 2102 ultimo
591 2069 735 2102 dicitur:
764 2069 924 2104 Mactans
941 2072 1109 2114 pecudem

125 2128 176 2155 est
201 2121 299 2155 velut
330 2121 552 2164 strangulans
585 2132 715 2154 canem.
769 2119 816 2154 Et
839 2119 1029 2155 Ecclesiast
1056 2121 1105 2155 4.:

125 2171 258 2205 Melior
282 2179 332 2204 est
355 2171 554 2204 obedientia
568 2197 577 2210 ,
603 2183 707 2216 quam
726 2171 914 2205 stultorum
935 2173 1108 2214 victimae,

125 2223 186 2268 qui
210 2222 370 2255 nesciunt
395 2222 480 2267 quid
500 2221 638 2255 saciant.
691 2220 737 2255 Et
754 2220 868 2255 Oseae
884 2223 936 2258 6.:
966 2223 1108 2256 Miseri-

124 2273 282 2306 cordiam
298 2273 393 2313 volo,
419 2284 492 2305 non
511 2272 736 2311 sacrificium,
765 2280 797 2307 et
815 2274 1030 2317 agnitionem
1041 2273 1108 2307 Dei

124 2324 235 2368 magis
258 2336 365 2369 quam
390 2321 603 2356 holocausta.
657 2321 781 2356 Iohan.
798 2324 847 2359 4.:
876 2324 958 2358 Veri
983 2326 1106 2358 adora-

124 2381 217 2409 tores
239 2375 438 2409 adorabunt
454 2373 593 2408 Patrem
618 2373 653 2406 in
673 2372 809 2417 Spiritu
833 2381 867 2408 et
883 2376 1047 2415 veritate,
1072 2376 1108 2409 id

124 2433 192 2467 est,
219 2437 300 2459 vera
325 2425 504 2468 agnitione
521 2425 616 2458 iuxta
634 2425 781 2457 verbum
797 2425 878 2465 Dei,
905 2433 938 2459 et
955 2427 1108 2460 motibus

124 2477 258 2518 cordis,
287 2477 430 2514 timore,
458 2476 543 2515 fide,
570 2487 640 2519 spe.
693 2475 788 2509 Haec
813 2483 845 2510 et
863 2476 991 2510 similia
1016 2477 1106 2511 dicta

123 2528 397 2562 familiarissime
415 2533 497 2560 nota
515 2526 585 2560 sint
602 2527 786 2568 omnibus,
813 2534 847 2561 et
863 2527 975 2561 sciant
991 2528 1108 2562 iunio-

125 2590 198 2619 reS‚
226 2586 295 2613 tres
312 2590 384 2611 esse
399 2578 527 2621 gradus
545 2589 691 2621 operum
708 2590 767 2612 seu
786 2579 956 2614 cultuum.

227 2629 386 2668 Primus,
414 2627 666 2672 Ceremoniae,
694 2629 728 2662 id
746 2636 814 2670 est,
841 2636 981 2663 externa
999 2630 1108 2674 signa.
1134 2667 1135 2671 ,

1133 2677 1135 2696 ⁴
1161 2682 1264 2715 nobis
1280 2684 1444 2716 adversus
1464 2683 1587 2718 Deum.

126 2680 286 2716 Instituit
302 2681 395 2714 enim
415 2680 508 2713 enim
528 2680 626 2713 Deus
643 2680 778 2725 aliquas
793 2681 1007 2715 ceremonias
1029 2693 1109 2726 pro-

181 2733 359 2765 Mecum.
379 2733 482 2764 Ortn.
511 2733 595 2765 Von.
616 2730 710 2765 XIV.

1173 200 1352 256 pter-duas
1372 213 1502 243 causas,
1518 211 1551 238 et
1566 213 1605 240 ut
1622 207 1692 241 sint
1709 208 1805 252 signa
1823 212 2109 254 promissionum,
2128 222 2160 248 et

1172 256 1211 283 ut
1235 257 1307 284 sint
1328 252 1426 284 nervi
1453 254 1614 296 publicae
1639 261 1938 304 congregationis,
1973 264 2035 309 qui
2060 264 2158 298 Deus

1171 300 1246 334 vult
1263 299 1456 335 Ecclesiam
1475 315 1547 337 non
1565 317 1637 340 esse
1662 308 1699 341 in
1724 311 1886 352 latebris,
1912 315 1970 347 sed
1997 315 2154 359 conspici

1171 357 1204 384 et
1220 350 1373 385 discerni
1389 364 1408 386 a
1425 356 1569 388 caeteris
1586 359 1765 401 gentibus,
1791 375 1873 396 voce
1889 370 1921 397 et
1938 366 2156 401 ceremoniis,

1271 410 1470 447 Prudenter
1493 422 1608 449 autem
1642 419 1936 457 considerandum
1963 433 2031 465 est,
2066 439 2155 472 quo-

1171 462 1277 495 modo
1293 465 1464 497 utendum
1483 466 1525 499 sit
1543 470 1762 508 ceremoniis,
1792 473 1872 517 quia
1892 471 2053 510 homines
2069 490 2153 525 pro-

1170 512 1206 544 ni
1224 520 1305 546 sunt
1322 515 1366 547 ad
1385 515 1491 549 falsos
1509 517 1640 556 cultus,
1669 526 1702 553 et
1720 524 1923 568 praesertim
1939 527 1982 559 ad
2005 528 2152 562 abusum

1169 574 1460 599 ceremoniarum.

1271 620 1408 657 Amissa
1432 625 1525 657 enim
1558 627 1686 661 noticia
1710 632 2006 676 promissionum,
2035 643 2069 670 et
2096 649 2152 671 ex-

1168 672 1276 707 tincta
1292 673 1368 706 luce
1386 675 1483 715 fidei,
1502 676 1646 712 flectunt
1663 680 1783 714 oculos
1801 684 1843 715 ad
1864 687 2098 728 ceremonias,
2119 695 2151 722 et

1169 720 1231 756 has
1254 724 1406 767 cogitant
1427 727 1553 759 mereri
1576 729 1817 764 remissionem
1844 742 2066 780 peccatorum
2092 750 2151 771 co-

1168 785 1241 806 ram
1267 773 1360 813 Deo,
1396 782 1428 809 et
1450 788 1522 809 esse
1547 778 1733 814 iusticiam.
1792 780 1887 816 Haec
1910 788 2087 831 persuasio
2115 789 2151 821 in

1168 835 1293 866 genere
1312 823 1466 859 humano
1484 829 1649 863 omnibus
1666 833 1884 878 temporibus
1909 835 2074 870 latissime
2091 852 2152 872 va-

1167 881 1279 916 gatur.
1332 875 1390 909 Sic
1415 878 1458 910 de
1484 879 1555 911 suis
1577 881 1753 914 sacrificiis
1775 881 1919 918 Ethnici
1944 888 2152 931 sentiebant,

1168 925 1216 958 sic
1243 926 1280 958 in
1304 927 1435 973 populo
1458 928 1566 963 Isra'c'l
1591 942 1715 974 magna
1751 946 1830 977 pars
1856 937 2039 972 sentiebat.
2093 939 2151 974 Sic

1168 977 1339 1010 docebant
1359 975 1562 1020 Pharisaei,
1597 981 1645 1014 sic
1671 981 1839 1017 Monachi
1869 988 1911 1019 de
1942 987 2072 1030 Missa,
2109 992 2151 1025 de

1168 1027 1277 1069 votis,
1307 1034 1340 1061 et
1365 1028 1443 1061 aliis
1458 1032 1664 1064 ceremoniis
1682 1034 1887 1072 docuerunt.

1270 1094 1376 1128 Hunc
1397 1104 1512 1130 autem
1545 1110 1768 1133 communem
1796 1114 1949 1137 errorem
1982 1108 2150 1142 acerrime

1167 1153 1286 1180 taxant
1310 1145 1526 1192 Prophetae,
1561 1155 1600 1183 ut
1625 1150 1756 1184 dictum
1782 1160 1832 1187 est
1857 1155 1899 1187 de
1922 1155 2062 1191 Psalmo
2090 1159 2151 1194 49.

1167 1204 1198 1230 et
1215 1197 1292 1229 aliis
1317 1198 1537 1231 testimoniis.
1591 1199 1666 1234 Imo
1689 1209 1721 1235 et
1744 1201 1889 1238 Ethnici
1913 1206 2151 1254 reprehende-

1167 1254 1250 1280 runt
1275 1245 1365 1280 hanc
1388 1250 1690 1292 superstitionem,
1725 1266 1812 1299 quae
1837 1259 2051 1292 ceremonias
2077 1272 2149 1294 ser-

1167 1305 1244 1338 vat,
1271 1298 1345 1331 sine
1362 1299 1464 1332 bonis
1481 1301 1647 1347 operibus
1669 1305 1877 1345 moralibus,
1906 1314 1944 1341 ut
1968 1308 2069 1343 Plato
2095 1313 2150 1344 di-

1167 1349 1229 1382 cit:
1258 1347 1409 1393 Oportet
1425 1351 1538 1384 colere
1553 1352 1688 1393 Deum,
1716 1366 1788 1388 non
1805 1364 1923 1401 gestus
1940 1366 2013 1393 arte
2039 1361 2149 1395 simu—

1166 1400 1297 1441 lantes,
1329 1401 1387 1433 sed
1421 1413 1500 1434 vere
1533 1400 1747 1438 honorantes
1770 1407 1955 1448 virtutem,
1994 1408 2036 1445 οὐ
2063 1409 2150 1457 σχή-

1164 1460 1256 1494 μασι
1278 1447 1540 1495 τεχνάζοντος,
1564 1451 1654 1488 ἀλλὰ
1678 1453 1834 1503 ἀληθείᾳ
1860 1462 2047 1502 τιμῶντας
2065 1449 2148 1508 εἰοε-

1164 1499 1244 1546 τὴν.
1296 1501 1364 1535 Sed
1390 1499 1474 1536 haec
1498 1501 1636 1538 ethnica
1660 1505 1885 1550 reprehensio
1911 1522 1983 1544 non
2011 1513 2149 1548 sufficit.

1139 1575 1141 1578 -
1165 1550 1241 1585 Etsi
1269 1553 1362 1585 enim
1386 1565 1508 1587 verum
1531 1562 1580 1588 est
1603 1563 1764 1600 oportere
1788 1560 1824 1592 in
1850 1558 2055 1596 bominibus
2079 1576 2150 1597 esse

1167 1603 1339 1636 iusticiam
1361 1604 1489 1637 bonam
1513 1607 1762 1649 conscientiae,
1790 1617 1906 1643 tamen
1930 1613 1966 1644 in
1993 1612 2148 1648 Ecclesia

1165 1654 1312 1692 scimus,
1340 1666 1414 1687 non
1439 1661 1573 1689 tantum
1599 1658 1641 1689 de
1664 1658 1767 1701 legali
1783 1662 1940 1694 doctrina
1959 1663 2148 1698 dicendum

1167 1715 1258 1743 esse,
1293 1706 1351 1735 sed
1385 1705 1489 1735 etiarn
1521 1707 1564 1736 de
1588 1708 1798 1749 mediatore,
1839 1712 1883 1742 de
1913 1714 2148 1754 promissione

1166 1752 1295 1794 gratiae
1313 1759 1346 1786 et
1363 1753 1404 1785 de
1422 1753 1499 1787 fide.
1554 1752 1705 1798 Oportet
1723 1759 1816 1791 enim
1843 1762 2008 1795 omnibus
2031 1766 2148 1808 operi-

1164 1804 1229 1835 bus
1251 1803 1442 1835 moralibus
1459 1809 1491 1836 et
1509 1806 1801 1842 ceremoniali'bus
1828 1811 2028 1853 praelucere
2052 1816 2148 1849 noti-

1164 1853 1251 1885 ciam
1270 1854 1472 1886 mediatoris
1499 1861 1531 1887 et
1547 1857 1810 1902 promissionis,
1837 1868 1869 1895 et
1892 1862 2054 1897 fiduciam
2073 1878 2147 1899 me-

1163 1903 1329 1944 diatoriS,
1364 1910 1402 1937 ut
1435 1906 1540 1938 corda
1572 1908 1713 1942 credant
1745 1922 1781 1943 se
1805 1913 1911 1955 recipi
1934 1921 1967 1947 et
1989 1917 2147 1950 exaudiri

1163 1960 1307 2001 propter
1335 1955 1582 1997 mediatorem,
1617 1970 1819 2007 quanquam
1853 1964 1990 2007 indigni
2015 1977 2146 2006 sumus,

1162 2012 1194 2038 et
1212 2002 1275 2037 hac
1294 2006 1360 2038 fide
1377 2007 1419 2038 ad
1436 2005 1548 2039 Deum
1569 2011 1752 2051 accedant,
1781 2013 1869 2048 sicut
1888 2015 2003 2060 inquit
2019 2016 2146 2051 Domi-

1161 2067 1241 2088 nus:
1259 2055 1371 2089 Nemo
1383 2058 1477 2090 venit
1497 2059 1538 2090 ad
1552 2066 1682 2100 patrem
1704 2062 1770 2095 nisi
1790 2076 1850 2106 per
1868 2065 2010 2102 Filium.
2040 2066 2143 2101 Item:

1160 2106 1339 2151 Quicquid
1360 2108 1529 2154 petieritis
1553 2116 1684 2153 patrem
1708 2112 1744 2145 in
1763 2116 1906 2149 nomine
1924 2129 2018 2158 meo,
2047 2119 2144 2153 dabit

1132 2158 1133 2170 ¹
1160 2157 1270 2191 vobis.

1260 2215 1361 2249 Hanc
1379 2217 1480 2250 fidem
1498 2218 1532 2251 in
1553 2219 1774 2256 invocatione
1800 2231 1832 2257 et
1850 2225 1884 2257 iu
1904 2232 1972 2259 tota
1993 2227 2062 2261 vita
2080 2241 2144 2275 po-

1159 2267 1264 2300 stulat
1286 2268 1401 2308 Deus,
1429 2275 1461 2300 et
1480 2269 1515 2301 in
1533 2271 1702 2313 petitione
1728 2275 1850 2307 auxilii
1868 2278 2021 2322 postulat
2046 2292 2140 2325 spem

1160 2324 1193 2351 et
1218 2318 1491 2365 expectationem
1505 2347 1514 2358 ,
1552 2321 1645 2355 iuxta
1678 2325 1828 2358 dictum:
1872 2326 1963 2368 Quia
1998 2330 2140 2362 veniens

1161 2369 1288 2407 veniet,
1312 2376 1343 2403 et
1360 2381 1434 2401 non
1453 2372 1604 2406 tardabit
1624 2380 1686 2408 etc.
1741 2375 1844 2409 Item:
1873 2376 2070 2412 Sacrificate
2087 2392 2139 2413 sa-

1159 2419 1327 2453 crificium
1347 2420 1503 2453 iusticiae
1521 2429 1552 2455 ct
1568 2431 1702 2470 sperate
1719 2426 1755 2458 in
1774 2425 1938 2460 Domino.

1236 2489 1242 2495 ·
1261 2478 1383 2512 Postea
1410 2480 1548 2523 placent
1575 2483 1665 2516 bona
1681 2497 1785 2528 opera
1811 2487 1956 2519 moralia
1977 2487 2043 2521 hoc
2061 2490 2141 2531 fine,

1160 2541 1233 2562 non
1257 2536 1294 2563 ut
1320 2538 1519 2564 mereantur
1542 2534 1782 2568 remissionem
1809 2544 2049 2582 peccatorum,
2082 2542 2138 2573 sed

1161 2587 1199 2614 ut
1223 2579 1298 2614 Deo
1323 2581 1546 2623 obediamus,
1575 2591 1606 2616 et
1634 2585 1692 2617 alii
1717 2586 1853 2620 discant
1869 2588 2082 2631 doctrinam,
2109 2599 2141 2625 et

1161 2631 1338 2665 celebrent
1362 2632 1497 2672 Deum,
1533 2641 1564 2667 et
1588 2647 1658 2668 non
1688 2635 1879 2681 triumphet
1911 2640 2073 2674 diabolus
2107 2643 2141 2675 in

1619 2736 1641 2768 3
