2409 2915
267 104 363 140 1067

506 183 560 219 Et
584 182 653 218 hoc
676 186 726 216 est
751 179 1012 217 testimonium.

370 246 513 291 Repetit
546 243 695 278 Ioannes
727 239 990 280 testimonium,
1022 239 1118 284 quod
1150 248 1255 282 supra

271 302 322 334 bis
337 296 470 332 citavit.
524 294 616 338 Quia
633 292 728 326 enim
746 290 895 324 loannes
911 303 929 323 a
945 289 1020 324 Deo
1039 289 1163 322 missus
1179 288 1256 328 suit,

270 359 307 386 ut
333 348 577 383 testificaretur
601 345 644 378 de
662 341 823 381 Christe,
850 340 1044 375 necessario
1067 337 1135 373 hoc
1159 339 1256 373 testi-

270 400 430 435 monium
455 396 574 441 urgeri
598 394 732 429 debuit.
783 390 831 426 Et
853 403 914 426 cur
935 391 1133 436 oportuerit
1154 402 1256 434 prae-

269 451 360 486 mitti
381 455 521 489 testem,
549 458 654 491 supra
671 445 804 478 dictum
823 450 884 478 est.
936 440 981 476 Et
998 442 1080 488 quia
1097 441 1256 475 doctrina

268 501 402 537 Christi
425 509 518 533 nova
541 504 610 536 est,
638 495 770 530 scilicet
786 493 937 537 gratuita
955 492 1114 526 remissio
1132 502 1256 536 pecca-

268 562 406 593 torum,
441 557 474 586 et
504 549 586 595 quia
617 546 779 591 apparuit
800 543 962 579 Christus
986 544 1024 577 in
1049 541 1254 577 huiusmodi

268 603 411 643 formis,
437 612 523 646 quas
547 610 626 633 caro
648 596 894 637 abominatur,
921 595 1088 639 arguebat
1107 592 1256 626 loannes

269 652 496 691 Pharisaeos,
532 650 622 684 sicut
645 645 774 682 Matth.
791 645 856 682 III.
879 652 1034 691 apparet.
1105 643 1188 677 Ideo
1211 643 1253 676 ad

270 717 347 739 eum
386 703 533 736 mittunt
565 700 822 742 interrogantes
855 698 899 731 de
931 696 1136 730 auctoritate
1168 693 1253 727 eius.

271 756 329 789 Sic
344 752 525 789 Christum
551 749 817 794 interrogabant
835 745 964 783 Maith.
981 745 1094 781 RVL:
1124 744 1166 778 In
1188 756 1255 789 qua

270 812 438 850 potestate
455 801 542 837 haec
561 801 669 835 facis?
722 799 880 833 Verbum
899 804 1052 843 spectare
1070 795 1257 835 debebant,

270 864 303 891 et
341 868 381 890 ex
418 855 526 888 verbo
566 851 811 886 auctoritatem
851 860 1020 894 personae
1060 846 1255 880 aestimare.

268 907 371 941 Nunc
395 906 478 951 quia
501 904 650 937 verbum
673 903 825 935 oderunt
849 907 882 933 et
899 900 1067 932 damnare
1085 908 1158 930 non
1175 907 1256 940 pos-

269 965 369 999 sunt,
411 957 492 989 ideo
531 955 574 988 de
612 952 818 987 auctoritate
856 961 1026 995 personae
1063 949 1255 991 disputant.

268 1007 359 1042 Aliis
380 1006 504 1041 formis
528 1009 697 1049 apparent
720 1001 869 1035 loannes
893 1008 925 1034 et
941 997 1121 1039 Christus,
1149 1009 1255 1042 quam

268 1059 435 1092 volebant
465 1054 663 1094 Pharisaei3
700 1053 779 1086 ideo
813 1053 983 1085 damnant
1005 1061 1075 1085 eos,
1136 1048 1256 1083 sicin

267 1110 472 1144 universum
507 1107 677 1140 damnant
717 1103 835 1147 impii,
883 1102 966 1147 quia
991 1102 1092 1135 aliter
1114 1105 1256 1144 apparet

267 1158 430 1194 Christus
455 1169 560 1202 quam
585 1155 725 1189 vellent.
780 1153 937 1187 Damnat
962 1164 1041 1186 eum
1058 1163 1155 1192 caro;
1183 1162 1256 1183 non

267 1211 344 1245 vult
362 1207 584 1243 mortificari:
611 1206 691 1239 ideo
714 1205 912 1238 venientem
930 1201 1110 1237 Christum
1129 1199 1258 1234 exhor-

268 1268 332 1296 ret.
393 1258 439 1294 Et
470 1256 538 1291 hoc
564 1264 612 1290 est
637 1255 879 1291 testimonium
905 1254 1066 1291 Ioannis,
1102 1259 1135 1286 et
1161 1252 1256 1297 quod

270 1314 342 1357 ipse
362 1323 433 1344 non
453 1310 496 1344 sit
513 1307 676 1343 Christus
692 1313 726 1342 et
742 1307 820 1353 quis
839 1306 896 1340 sit.

535 1381 748 1419 Sacerdotes
771 1387 801 1415 et
824 1379 990 1421 Levitas,

268 1446 530 1492 potentissimos
553 1450 586 1476 et
609 1441 884 1486 sapientissimos
910 1439 1052 1484 populi,
1086 1446 1124 1473 ut
1147 1439 1256 1472 inter-

269 1503 435 1541 rogarent
459 1507 560 1533 eum,
588 1494 624 1527 id
648 1500 698 1526 est
719 1493 793 1525 eius
817 1490 1080 1528 auctoritatem,
1109 1501 1171 1523 cur
1195 1490 1257 1522 ba-

270 1550 415 1594 ptizaret
432 1554 463 1579 et
481 1545 699 1589 praedicaret
715 1549 836 1576 contra
853 1541 1031 1585 principes
1047 1540 1182 1585 populi.

452 1617 656 1669 Confessus
683 1622 733 1652 es!
759 1622 788 1651 el
814 1628 886 1651 non
913 1615 1070 1662 negavit.

344 1681 564 1717 ‚Xsfirmzative
582 1679 686 1712 dixit:
715 1677 893 1711 consessus
911 1683 961 1709 est
977 1683 1090 1710 etnon
1109 1676 1259 1719 negavit,

271 1748 348 1770 cum
375 1734 538 1766 videatur
560 1730 675 1775 aptius
690 1728 734 1773 '‘3)
760 1728 829 1761 dici
853 1727 1025 1771 potuisse,
1060 1727 1199 1769 negavit
1223 1738 1258 1760 se

270 1798 342 1821 esse
365 1782 558 1819 Christum.

273 1895 444 1922 retractet.
500 1883 583 1917 Ideo
599 1883 663 1916 ait:
692 1880 884 1915 Confessus
901 1887 951 1913 est
970 1888 1001 1913 et
1020 1891 1090 1912 non
1110 1879 1260 1923 negavit,

272 1941 305 1971 id
325 1946 394 1977 est,
419 1941 619 1969 constanter
638 1933 812 1976 professus
829 1939 877 1964 est
898 1931 1045 1963 verbnm
1062 1942 1175 1963 suum.

461 2008 592 2045 Helias
616 2020 650 2041 es
676 2006 740 2039 lus)
775 2010 804 2039 el
831 2003 933 2038 dicit:
968 2003 1069 2040 Non.

372 2068 526 2106 Malach.
542 2067 607 2104 Ill.
632 2066 851 2111 promittitur
875 2072 1042 2098 venturus
1061 2063 1200 2103 ilelias,
1228 2071 1260 2098 et

274 2124 368 2157 lnmc
384 2121 545 2157 Christus
561 2119 646 2153 dicit
665 2117 831 2151 loannem
850 2127 933 2147 esse.

273 2183 330 2208 tur
355 2175 503 2208 loannes
527 2169 583 2204 liic
610 2175 711 2211 negat
734 2179 768 2200 se
791 2178 863 2199 esse
880 2164 1044 2198 Heliam?
1098 2164 1260 2209 llespon-
1289 2200 1291 2211 ἰ

275 2228 357 2259 deo:
399 2219 613 2257 Malachiam
652 2230 724 2253 esse
761 2217 957 2261 expositum
998 2229 1057 2260 per
1098 2217 1259 2259 angelum

277 2276 358 2310 Luc.
377 2275 416 2310 1.;
449 2273 488 2307 1η
513 2272 636 2316 spiritu
657 2277 687 2303 et
709 2269 838 2302 virtute
857 2268 992 2301 Heliae.
1048 2266 1167 2312 ltaque
1189 2280 1259 2301 non

276 2329 338 2359 snit
366 2325 484 2359 llelias
512 2323 680 2360 loannes,
715 2331 917 2365 quanquam
950 2319 984 2351 in
1018 2330 1057 2351 eo
1093 2319 1202 2351 virtus
1229 2326 1261 2351 et

275 2378 415 2420 <piritus
435 2374 557 2408 lleliae
574 2372 690 2406 suerit.

590 2447 644 2481 Iis
671 2452 708 2480 Iu
733 2443 915 2493 Propheta
940 2445 945 2459 ¹

379 2509 588 2554 prophetam
614 2506 669 2541 hic
689 2507 832 2552 quidam
850 2514 970 2550 putant
993 2505 1259 2549 intelligendum

276 2575 360 2598 usse.
396 2563 454 2606 qui
487 2559 679 2605 promissus
715 2566 764 2593 est
793 2556 935 2592 Denter.
962 2555 1094 2592 λΥΙΙΙ.
1126 2556 1193 2590 Sed
1229 2565 1259 2590 et

311 2689 356 2709 ΓιΊι
377 2688 432 2709 Tnt·
467 2688 593 2711 :urrun-

862 94 990 133 PHlL.
1014 92 1132 130 MEL.
1165 91 1376 130 SCRIPTA
1409 90 1707 131 EXEGETICA.

611 1780 681 1815 Sed
706 1777 772 1813 hoc
798 1778 1052 1822 significantius
1077 1785 1146 1817 est,
1176 1778 1257 1822 quia
1286 1807 1289 1816 ,

271 1838 395 1871 volunt
419 1832 617 1873 Pharisaei,
653 1839 692 1865 ut
724 1830 925 1864 universam
961 1829 1258 1873 praedicationem
1286 1839 1288 1864 f

1287 1931 1288 1942 ,
1312 1905 1371 1938 dio
1397 1905 1472 1937 viae
1489 1902 1534 1950 ⁵¹)
1556 1904 1816 1947 impedimenta.

1288 1984 1289 2003 ἶ
1313 1963 1365 1989 cat
1383 1955 1512 1988 ibidem
1532 1953 1671 1988 les-aias:
1701 1953 1832 1989 Omnis
1849 1969 1928 1990 caro
1945 1957 2105 1995 foenum,
2132 1963 2163 1989 et
2180 1957 2300 1989 omnia

989 2117 1178 2157 Quomodo
1196 2115 1259 2158 igi·
1288 2147 1290 2155 ,

2197 98 2293 135 1068

1310 191 1389 213 eum
1407 179 1651 223 intelligebant
1659 178 1872 226 Prophetam
1883 178 2005 214 Iudaei
2014 178 2195 217 Christum
2211 195 2292 219 esse.

1309 228 1394 263 Ideo
1416 241 1490 264 non
1509 231 1648 265 videtur
1663 243 1703 266 eo
1721 231 1946 265 referendum
1965 243 2040 266 esse
2055 230 2151 267 hunc
2165 233 2293 268 locum.

1309 279 1428 323 Quare
1452 292 1534 328 ergo
1552 288 1674 325 negat,
1701 293 1736 316 se
1752 293 1824 316 esse
1839 279 2079 326 prophetam?
2130 282 2294 329 Respon—

1309 332 1389 364 deo:
1422 331 1520 364 aliud
1544 343 1617 365 esse
1634 331 1797 374 Ioannis,
1823 333 1921 366 aliud
1939 331 2198 378 Prophetarum
2216 335 2294 368 offi-

1309 382 1420 423 cium3
1456 381 1536 415 ideo
1572 381 1722 416 Ioannes
1759 395 1795 417 se
1829 390 1932 427 negat
1964 395 2037 417 esse
2068 382 2294 429 Prophetam.

1309 430 1508 477 Prophetae
1525 433 1568 466 ad
1587 439 1686 467 vetus
1700 440 1947 468 testamentum
1966 435 2162 479 pertinent,
2189 436 2295 470 Ioan—

1309 495 1370 516 nes
1389 484 1431 516 ad
1449 495 1593 517 novum.
1648 482 1862 520 Mattb.x1.:
1892 482 2028 519 Omnes
2047 483 2244 530 Prophetae
2261 493 2295 520 et

1308 534 1362 567 lex
1381 545 1493 579 usque
1509 535 1552 567 ad
1575 534 1754 569 loannem.
1805 533 1852 568 Et
1869 542 1969 570 erant
1986 537 2054 569 iam
2072 548 2296 571 consumma-

1309 592 1362 618 tae
1391 582 1611 629 prophetiae.
1665 582 1864 628 Prophetae
1894 586 1936 619 de
1967 593 2117 621 venturo
2149 585 2294 622 Christo

1310 635 1567 677 vaticinantur3
1612 635 1761 669 Ioannes
1800 635 1954 669 ostendit
1985 646 2220 680 praesentem,
2262 645 2296 672 et

1309 692 1566 719 consummatas
1589 698 1661 719 esse
1683 684 1887 731 prophetias
1909 687 2130 730 testificatur;
2160 690 2238 724 ideo
2261 701 2296 722 se

1309 744 1428 781 negat,
1457 735 1668 781 Prophetam
1686 748 1770 772 esse.

1590 819 1678 868 Ego
1702 834 1772 856 soa:
1797 821 2008 859 clamantis.

1411 890 1518 932 Quod
1536 890 1581 923 sit
1599 888 1742 923 Ioannis
1759 889 1915 923 officium
1932 897 1964 924 et
1982 891 2066 936 quid
2084 892 2129 926 sit
2143 892 2216 925 eius
2232 892 2295 925 ba-

1310 939 1475 985 ptismus,
1503 952 1542 973 ex
1569 938 1636 974 hoc
1662 941 1739 974 loco
1762 947 1917 985 apparet.
1970 939 2019 975 Et
2041 942 2192 986 primum
2216 943 2297 988 qui-

1310 993 1390 1024 dem
1417 991 1614 1024 vocationis
1637 1003 1718 1025 suae
1735 991 1978 1025 testimonium
1996 1000 2028 1026 et
2045 993 2141 1026 verbi
2159 993 2241 1027 citat
2256 1005 2297 1026 ex

1313 1041 1419 1075 [esaia
1443 1039 1640 1085 Propheta,
1664 1049 1704 1076 ut
1725 1042 1858 1076 indicet
1883 1043 2100 1077 vocationem
2126 1043 2179 1077 sui
2204 1043 2298 1077 divi-

1311 1093 1407 1126 nitus
1425 1104 1495 1126 esse
1514 1092 1658 1133 factam,
1686 1093 1769 1126 item
1788 1093 1936 1127 verbum
1953 1105 2055 1127 suum
2072 1095 2217 1129 verbum
2230 1092 2297 1128 Dei

1311 1155 1394 1178 esse.
1447 1141 1523 1187 Ego
1545 1155 1620 1177 sum
1647 1156 1712 1177 vox
1735 1144 1940 1184 clamantis,
1976 1145 2011 1178 id
2036 1152 2104 1183 est,
2137 1157 2203 1178 vox
2226 1145 2298 1178 cla-

1313 1206 1411 1227 mans
1442 1206 1502 1227 seu
1532 1195 1763 1238 praedicator.
1827 1194 1901 1228 Vox
1927 1205 2022 1234 sum,
2058 1208 2130 1229 non
2159 1195 2297 1235 lumem

1312 1245 1395 1279 item
1413 1258 1497 1284 vox,
1526 1245 1607 1289 quia
1626 1246 1780 1278 alienum
1801 1246 1950 1287 nuncio,
1979 1259 2050 1280 non
2070 1258 2200 1280 novum
2220 1257 2299 1279 ver-

1313 1297 1398 1330 bum
1419 1296 1564 1329 invenio
1582 1309 1641 1330 seu
1659 1297 1778 1332 doceo.

1692 1378 1741 1413 In
1767 1379 1917 1416 deserto.

1416 1447 1494 1481 Vox
1511 1447 1548 1480 in
1569 1448 1719 1482 deserto.
1774 1447 1851 1482 Hoc
1870 1449 1912 1482 ad
1933 1445 2116 1481 historiam
2135 1449 2296 1492 pertinet,

1312 1499 1394 1543 quia
1416 1497 1564 1531 loannes
1587 1498 1622 1530 in
1642 1499 1780 1532 deserto
1798 1499 2062 1542 praedicaturus
2079 1507 2171 1537 erat.
2199 1507 2232 1534 et
2250 1500 2298 1533 sic

1312 1561 1330 1581 a
1352 1546 1529 1592 Propheta
1555 1549 1771 1592 praedictum
1794 1556 1845 1582 est
1864 1555 2007 1593 propter
2023 1549 2299 1583 confirmandam

1286 1606 1287 1610 ’
1312 1599 1556 1633 auctoritatem
1584 1597 1745 1636 loannis,
1775 1601 1869 1644 quod
1894 1601 1936 1632 atl
1962 1599 2165 1641 allegoriam
2190 1600 2299 1644 perti-

1314 1657 1382 1685 net.
1435 1648 1621 1683 Desertum
1637 1650 1761 1692 figurat
1778 1650 2073 1693 praedicationem
2089 1651 2180 1685 eius:
2210 1652 2300 1685 iuret

1312 1701 1406 1733 enim
1427 1699 1576 1734 loannes
1595 1700 1685 1733 visun
1705 1696 1826 1744 parare
1844 1699 1999 1734 Domini.

1566 1782 1732 1830 Dirigite
1755 1785 1851 1819 viam
1877 1784 2048 1819 Ihmu'ru’.

1313 1855 1347 1887 id
1374 1860 1445 1893 est,
1472 1860 1636 1896 apparate
1653 1854 1764 1891 viam,
1791 1855 2033 1898 complanate‚
2062 1853 2176 1888 tollite
2193 1867 2210 1887 e
2227 1866 2299 1888 me—

1869 1903 1913 1939 Et
1933 1906 2016 1950 quid
2036 1903 2099 1938 hoc
2116 1905 2180 1946 sit,
2205 1905 2300 1938 indi-

1315 2006 1425 2049 gloria
1449 2007 1524 2039 eins
1549 2007 1648 2050 qnasi
1674 2006 1738 2039 llos
1761 2007 1845 2049 agri.
1903 2006 1960 2040 list
1983 2013 2100 2040 autem
2117 2004 2200 2040 haec
2219 2018 2299 2040 sen-

1288 2073 1290 2082 *
1315 2057 1437 2090 tentia:
1469 2057 1670 2089 mortificari
1696 2069 1834 2090 caruem
1854 2065 1884 2091 et
1903 2069 2043 2091 omnem
2060 2057 2207 2100 gloriam
2224 2058 2299 2091 eius

1313 2114 1450 2151 oportet
1476 2107 1679 2152 priusquam
1697 2105 1859 2141 Christus
1883 2108 1998 2141 veniat
2017 2115 2047 2141 et
2067 2108 2215 2141 vivificet
2235 2121 2300 2142 no-

1314 2170 1391 2191 vam
1416 2165 1631 2197 creaturam,
1659 2158 1681 2191 i.
1701 2170 1728 2194 e.
1747 2159 1951 2204 priusquam
1970 2159 2181 2202 accipiamus
2195 2159 2300 2203 spiri-

1314 2216 1388 2242 tum
1406 2207 1551 2241 Christi.
1608 2207 1669 2242 Est
1694 2221 1775 2251 ergo
1798 2209 1938 2243 loannsss
1961 2210 2134 2249 officinm,
2162 2210 2299 2254 praedi—

1314 2272 1390 2293 care
1419 2259 1690 2308 poenitentiam,
1717 2261 1804 2293 sicut
1829 2261 1886 2293 alii
1908 2260 2148 2303 liz-angelistae
2167 2261 2300 2295 dicunt.

1317 2310 1373 2343 list
1395 2317 1509 2343 :nutem
1530 2322 1608 2343 vera
1628 2311 1863 2354 poenitentia,
1891 2323 1968 2344 vera
1988 2311 2210 2345 mortificatio
2224 2324 2299 2345 car-

1290 2362 1370 2395 ¹nis
1402 2372 1481 2395 cnm
1513 2361 1680 2395 omnibns
1713 2361 1785 2395 suis
1814 2361 2123 2405 cuncupiscentiis„
2157 2369 2189 2395 et
2219 2374 2298 2395 (um

1315 2412 1410 2445 omni
1445 2412 1554 2455 gloria
1588 2424 1660 2445 sua.
1715 2411 1835 2457 ltaque
1858 2413 2004 2446 loannes
2035 2413 2177 2446 damnat
2199 2412 2297 2458 quic-

1288 2490 1290 2503 :
1313 2464 1397 2509 quid
1423 2463 1457 2495 in
1482 2475 1585 2495 carine
1603 2470 1650 2496 est
1664 2490 1672 2501 .
1700 2471 1735 2496 ut
1753 2463 1809 2497 fiat
1830 2463 1882 2496 xia
1903 2460 2062 2503 Christo,
2091 2463 2111 2496 i.
2131 2477 2159 2497 e.
2178 2460 2296 2497 Evan-

1313 2514 1402 2557 gelio
1428 2526 1488 2547 sen
1508 2513 1741 2547 consolationi
1759 2522 1791 2548 et
1811 2513 2035 2547 vivificationi
2050 2540 2057 2552 ,
2085 2513 2165 2560 quin
2183 2513 2296 2559 prius—

1313 2577 1418 2610 quam
1439 2577 1518 2598 raro
1536 2564 1739 2598 mortificata
1759 2572 1827 2601 est,
1857 2579 1926 2598 non
1945 2566 2140 2599 vivificatur
2157 2577 2174 2598 a
2191 2561 2296 2599 Chri-

1346 2684 1395 2708 Μ)
1415 2683 1494 2709 rien!
1514 2683 1580 2707 Tui»,
1601 2683 1694 2705 οηιηιή
