2409 2915
7 1504 16 1507 ,
65 1466 252 1506 sariarum,
281 1478 385 1511 quam
403 1477 541 1506 earum,
567 1477 655 1510 quae
671 1471 753 1498 sunt
772 1465 873 1498 valde
890 1476 1048 1498 necessa-

81 127 155 163 821

70 217 132 246 tet.
166 209 220 244 Sit
239 221 324 243 vero
343 210 379 242 in
397 214 583 253 conspectu
602 207 733 241 dictum
751 206 880 240 Psalmi
900 220 1057 242 commu-

68 261 276 301 nissimum,
303 261 397 306 quod
416 259 614 292 citavimus:
642 257 857 291 Commenda
875 257 948 292 Deo
965 259 1056 290 viam

68 318 184 350 tuam,
212 318 245 345 et
260 323 320 344 ora
340 322 438 349 eum,
462 315 495 342 et
511 309 584 351 ipse
601 308 713 341 faciet.
765 308 844 341 Non
862 321 920 342 ero
940 309 975 341 in
992 306 1056 342 hac

70 361 402 395 commemoratione
419 359 607 403 prolixior,
633 359 693 391 sed
717 370 842 392 moneo
867 360 1056 399 auditores,

68 419 109 446 ut
124 412 368 446 usitatissimae
385 409 584 446 tentationi,
613 420 702 453 quae
719 409 853 446 deserta
873 410 1055 443 vocatione

69 474 133 496 suo
151 463 296 496 consilio
314 467 404 494 certa
422 459 690 503 tranquillitatis
713 460 886 506 praesidia
907 460 1055 505 quaerit,

69 524 246 557 opponere
270 511 405 544 discant
425 509 632 543 mandatum
660 510 703 542 de
735 511 917 543 retinenda
952 523 1054 544 voca-

67 563 182 603 tione,
214 569 247 596 et
271 562 337 594 fide
367 566 502 605 petente
531 566 564 594 et
581 567 799 606 exspectante
818 567 984 602 eventus,
1016 567 1054 595 ut

68 613 234 647 diximus.

99 693 210 730 Alius
220 699 339 729 autem
353 691 394 728 de
404 693 597 741 discipulis
612 694 687 729 eius
697 694 764 728 ait:
784 693 956 733 Domine,
970 705 1053 741 per-

167 745 267 779 mitte
282 758 336 780 me
355 746 515 793 primum
540 745 660 786 abire,
687 750 718 779 et
743 744 891 790 sepelire
911 750 1052 792 patrem

166 808 293 833 meum.
345 796 452 830 Iesus
475 802 594 830 autem
617 795 671 829 ait
700 794 780 829 illi:
815 794 965 843 Sequere
990 808 1053 837 me,

166 851 197 881 et
214 845 353 881 dimitte
369 852 529 881 mortuos
540 845 689 894 sepelire
704 851 865 880 mortuos
880 858 976 884 suos,
994 851 1053 880 etc.

164 912 421 958 Praecipuum,
451 914 546 959 quod
568 913 604 946 in
631 910 695 946 hac
718 913 1051 946 commemoratione

64 964 290 1010 proponitur,
314 963 380 998 hoc
399 971 468 997 est:
496 963 544 998 Ut
567 963 785 997 vocationem
813 971 845 998 et
861 964 973 996 officia
990 975 1051 996 seu

68 1026 172 1060 opera
204 1015 400 1049 vocationis
423 1014 566 1059 propria
592 1014 763 1047 anteferas
787 1014 952 1047 omnibus
972 1013 1051 1046 aliis

64 1065 233 1110 operibus
258 1066 484 1110 quantumvis
506 1064 702 1108 splendidis
727 1075 766 1097 ac
790 1064 972 1108 speciosis,
1006 1065 1050 1097 ad

65 1116 287 1149 vocationem
306 1128 378 1149 non
396 1115 665 1159 pertinentibus.
718 1115 770 1147 Ac
789 1126 923 1148 summa
945 1112 1050 1147 huius

65 1166 414 1200 commonefactionis
446 1165 598 1200 traditur
628 1165 666 1197 in
694 1165 813 1208 regula
850 1165 1049 1198 notissima:

66 1215 225 1250 Tantum
242 1217 434 1249 necessaria
457 1216 616 1249 facienda
637 1222 736 1253 sunt,
764 1226 836 1248 non
854 1215 1048 1248 necessaria

65 1278 210 1311 prorsus
225 1267 419 1300 omittenda
438 1273 539 1303 sunt,
562 1277 600 1298 ac
619 1276 691 1297 non
707 1265 898 1298 necessaria
917 1277 1049 1309 nequa-

66 1328 174 1362 quam
195 1317 364 1360 impedire
379 1328 432 1349 res
449 1316 658 1349 necessarias
674 1315 812 1349 debent.
865 1313 934 1348 Sed
950 1315 1050 1347 aulae

63 1367 276 1410 principum,
298 1373 329 1399 et
344 1366 501 1408 singulae
511 1366 727 1409 privatorum
738 1364 891 1397 familiae
908 1365 1048 1397 abunde

65 1423 257 1456 testantur,
281 1417 449 1448 maiorem
468 1427 539 1448 esse
557 1426 675 1448 curam
698 1426 814 1447 rerum
835 1426 908 1447 uon
929 1426 1048 1447 neces-

316 122 398 158 XII.
455 119 845 158 ANNOTATIONES
872 120 939 157 ET
967 119 1248 157 CONCIONES
1282 120 1331 156 IN
1371 119 1554 157 EVANG.
1584 121 1861 159 MATTIIAEI.

61 1517 156 1557 riae,
189 1528 229 1550 ac
253 1517 460 1561 plerumque
486 1516 578 1556 fieri,
619 1516 712 1560 quod
743 1515 889 1549 dicitur:
936 1513 1048 1549 πλείω

62 1563 229 1613 πάρεργα
250 1569 327 1600 τῶν
344 1565 475 1613 ἔργων.
535 1565 584 1600 Ut
604 1566 717 1613 prima
739 1578 778 1598 ac
803 1577 939 1599 summa
966 1578 1047 1599 cura

63 1618 266 1662 principum
290 1628 362 1650 esse
386 1618 535 1650 debebat
562 1614 647 1649 haec
672 1616 882 1658 solicitudo,
916 1623 956 1650 ut
980 1628 1047 1650 vox

2030 129 2102 163 822

1111 218 1190 239 rum
1207 205 1408 248 infantium,
1434 208 1477 240 de
1496 207 1623 253 quibus
1639 214 1754 242 tamen
1771 208 1902 244 Paulus
1921 211 1962 244 ad
1981 209 2101 254 Ephe—

1111 257 1178 289 sios
1191 256 1224 290 6.
1235 258 1345 301 capite
1356 258 1570 291 severissime
1580 259 1743 303 praecipit
1756 262 1975 303 parentibus:
1999 261 2099 295 Edu-

1111 314 1183 341 cate
1207 308 1337 340 liberos
1365 309 1401 340 in
1420 308 1603 351 disciplina
1622 316 1653 342 et
1672 311 1886 344 correctione
1904 311 2060 345 Domini.

1209 355 1372 391 Christus
1390 370 1471 390 vero
1489 356 1555 390 hoc
1573 359 1609 390 in
1626 359 1703 392 loco
1721 361 1959 405 principaliter
1970 376 2007 396 ac
2025 364 2096 406 pri-

1108 419 1204 440 mum
1227 407 1386 452 loquitur
1405 409 1446 440 de
1471 409 1653 441 vocatione
1671 409 1911 444 ministrorum
1934 412 2095 455 Evange-

1109 458 1164 497 lii,
1183 470 1332 502 quorum
1352 459 1463 491 officia
1481 459 1622 502 propria
1639 470 1678 491 ac
1695 463 1886 495 necessaria
1904 471 2002 497 sunt:
2032 477 2094 497 vo-

1108 520 1180 541 cem
1203 506 1385 551 Evangelii
1404 509 1642 552 incorruptam
1659 520 1800 550 sonare,
1828 518 1859 544 et
1876 523 2092 548 sacramenta

1108 559 1278 592 divinitus
1305 560 1463 592 instituta
1489 559 1752 599 administrare,
1787 562 1875 594 etin
1900 574 1962 596 usu
1989 565 2093 597 insti-

1107 615 1181 643 tuto
1202 621 1372 652 usurpare
1404 621 1442 642 ac
1473 621 1690 643 conservare.
1750 609 1844 644 Haec
1875 613 1986 646 officia
2017 615 2092 648 vult

1106 658 1279 692 Dominus
1295 660 1342 693 ita
1361 671 1378 692 a
1397 660 1567 693 ministris
1582 660 1675 700 fieri,
1701 666 1741 694 ut
1759 662 1891 696 maiore
1909 674 2009 704 cura,
2036 676 2093 697 so-

1106 710 1289 743 licitudine
1306 722 1343 743 ac
1364 711 1431 743 fide
1451 722 1488 750 ea
1510 718 1759 754 exsequantur,
1789 724 1891 756 quam
1916 714 1987 747 ulla
2013 715 2093 755 alia,

1107 767 1419 805 quantumcunque
1435 760 1618 804 splendida
1645 767 1705 794 aut
1721 763 1873 804 speciosa
1893 763 2092 798 videantur.

1106 810 1157 844 Ac
1174 812 1351 856 quomodo
1369 809 1534 854 Episcopi
1556 811 1719 844 mandato
1739 808 1870 847 Christi
1890 815 2010 848 multis
2026 828 2090 848 an-

1105 862 1159 894 nis
1183 861 1522 906 obtemperaverint,
1557 868 1590 895 et
1614 872 1709 894 nunc
1742 874 1882 907 qnoque
1908 865 2090 906 obediant,

1105 912 1141 944 in
1175 919 1363 956 conspectu
1395 919 1444 945 est
1474 911 1646 945 omnium.
1723 910 1847 955 Negari
1883 915 1976 947 enim
2015 928 2090 949 non

1105 969 1215 1006 potest
1237 963 1345 1005 magis
1373 962 1478 995 fuisse
1503 969 1535 995 et
1558 973 1653 995 nunc
1681 973 1752 995 esse
1781 964 1933 997 solicitos
1961 967 2003 999 de
2027 979 2090 999 ne-

1101 1013 1202 1056 gotiis
1220 1013 1381 1057 politicae
1397 1012 1676 1056 gubernationis,
1699 1019 1731 1046 et
1748 1015 1856 1057 magis
1873 1017 1951 1058 angi
1970 1028 2088 1049 rernm

1103 1063 1332 1097 levicularum
1358 1075 1459 1103 cura,
1486 1075 1590 1108 quam
1616 1062 1802 1096 ministerii
1827 1064 2026 1099 difficillimi
2049 1079 2089 1100 ac

1102 1114 1244 1148 maximi
1262 1114 1497 1148 solicitudine.
1543 1112 1870 1148 Manifestissimum
1892 1123 1941 1149 est
1957 1118 2087 1150 multos

1102 1164 1290 1197 ministerii
1309 1176 1423 1197 curam
1451 1174 1594 1207 prorsus
1621 1163 1803 1200 abiecisse,
1832 1166 1886 1198 vel
1910 1164 2024 1201 hostes
2047 1180 2086 1200 ac

1102 1221 1338 1259 persecutores
1350 1212 1534 1257 Evangelii
1546 1214 1654 1247 factos
1667 1226 1749 1249 esse.
1785 1213 1902 1249 Etiam
1914 1217 2004 1251 inter
2021 1230 2086 1251 uos

1103 1266 1193 1298 idem
1203 1265 1348 1305 accidit,
1381 1276 1462 1297 nam
1487 1264 1762 1298 innumerabiles
1780 1263 1972 1310 Evangelio
1990 1270 2085 1316 apud

1102 1328 1165 1349 nos
1182 1315 1369 1347 servientes
1387 1312 1628 1347 vehementius
1644 1322 1822 1357 anguntur
1831 1317 1873 1349 de
1889 1318 1960 1351 suis
1970 1319 2084 1359 bonis,

1100 1372 1159 1398 aut
1183 1362 1417 1408 provehendis
1436 1364 1506 1397 suis
1530 1364 1651 1397 liberis
1673 1376 1712 1397 ac
1735 1367 1949 1408 domesticis,
1979 1382 2085 1413 quam

1099 1421 1279 1458 anguntur
1294 1415 1337 1447 de
1355 1414 1478 1448 officiis
1493 1415 1547 1448 sui
1569 1415 1776 1456 ministerii,
1804 1417 1846 1449 ad
1867 1421 1961 1463 quod
1984 1431 2086 1463 prae-

1099 1466 1200 1511 cipue
1221 1465 1334 1498 vocati
1353 1471 1446 1500 sunt.

1201 1515 1360 1549 Sciamus
1392 1515 1499 1559 igitur
1528 1515 1564 1548 in
1597 1513 1662 1549 hac
1698 1517 1900 1551 narratione
1931 1520 2086 1564 praecipi

1100 1565 1265 1599 omnibus
1291 1573 1323 1599 et
1348 1566 1515 1608 singulis,
1550 1573 1587 1599 ut
1620 1566 1731 1609 prima
1764 1574 1797 1601 et
1830 1570 2012 1613 praecipua
2040 1572 2086 1604 sit

1100 1628 1181 1649 cura
1204 1617 1397 1649 vocationis
1422 1624 1512 1650 recte
1539 1623 1571 1650 et
1599 1617 1748 1650 fideliter
1777 1619 2085 1661 administrandae,

63 1666 250 1711 Evangelii
286 1668 488 1711 incorrupta
523 1667 559 1699 in
584 1664 750 1699 Ecclesiis
782 1673 814 1699 et
845 1664 974 1699 scholis
1003 1667 1047 1699 ab
1072 1705 1074 1712 ἲ
1100 1678 1188 1711 quae
1216 1667 1320 1699 rebus
1348 1666 1427 1699 aliis
1451 1666 1616 1699 omnibus
1646 1678 1717 1699 non
1746 1669 1948 1702 necessariis
1981 1671 2085 1714 longe

63 1718 202 1752 idoneis
219 1725 251 1751 et
268 1717 432 1751 fidelibus
454 1717 626 1750 ministris
651 1724 682 1750 et
705 1717 908 1749 doctoribus
930 1717 1047 1749 trade-
1071 1719 1075 1796 ι

65 1775 180 1808 retur3
230 1774 347 1811 postea
373 1774 412 1801 ut
448 1774 480 1800 et
511 1767 715 1800 cancellaria
748 1778 808 1799 seu
839 1767 1046 1809 gubernatio

65 1818 209 1863 politica
226 1818 275 1850 sic
295 1817 483 1851 constituta
499 1824 603 1857 esset,
629 1829 715 1862 quae
738 1828 857 1850 causas
873 1829 910 1850 ac
930 1817 1048 1862 queri-

66 1868 205 1901 monias
228 1868 452 1901 subditorum
478 1868 626 1900 fideliter
648 1874 869 1910 cognosceret
890 1879 929 1900 ac
955 1868 1048 1900 iudi·
1072 1905 1074 1915 ν

66 1925 177 1958 caret;
203 1918 331 1951 deinde
352 1924 392 1951 ut
415 1924 502 1951 esset
525 1929 588 1960 pax
612 1918 768 1960 publica,
796 1915 988 1961 prohibens
1011 1929 1050 1950 ac
1072 1930 1075 1960 ᾗ

67 1969 232 2003 severiter
246 1968 396 2012 puniens
415 1968 858 2008 latrociniainitineribns,
883 1975 921 2001 nt
936 1974 1049 2002 essent
1072 1961 1074 2023 Ε

66 2019 292 2063 rapinarum,
317 2019 514 2057 furtorum,
542 2019 702 2052 caedium
726 2030 765 2051 ac
789 2019 956 2052 similium
976 2030 1048 2051 sce·
1072 2033 1074 2068 Ι

68 2070 182 2103 lerum
199 2080 333 2113 poenae
349 2069 508 2113 publicae
524 2075 556 2102 et
571 2080 727 2102 severae:
747 2070 806 2102 sed
826 2067 909 2102 haec
924 2081 1048 2112 magna
1072 2071 1074 2112 ]

68 2127 103 2154 et
125 2119 317 2153 necessaria
344 2119 456 2152 officia
484 2119 696 2163 pertinentia
718 2120 762 2152 ad
794 2119 993 2164 principum
1019 2126 1052 2153 et
1073 2157 1075 2168 Ι

67 2170 290 2205 subditorum
307 2169 604 2210 incolumitatem,
624 2170 735 2203 multo
759 2170 869 2203 levius
893 2182 932 2203 ac
952 2170 1050 2212 frigi·
1073 2174 1075 2183 '

66 2220 146 2255 dius
163 2227 341 2259 curantur,
365 2231 470 2264 quam
487 2219 584 2253 stulti
603 2227 634 2253 et
651 2232 723 2253 non
740 2221 925 2254 necessarii
943 2232 1050 2264 appa-

67 2279 164 2306 ratus
189 2270 226 2304 in
251 2270 387 2314 pompis
408 2270 594 2310 inanibus,
629 2270 665 2302 in
691 2268 984 2311 helluationibus,
1011 2270 1048 2302 iu
1072 2288 1075 2306 ς

69 2321 392 2366 gesticulationibus
422 2318 636 2353 histrionicis
661 2327 720 2354 aut
744 2321 977 2362 gladiatoriis,
1010 2320 1047 2352 in
1072 2317 1075 2333 ¹

69 2424 167 2457 ribus
184 2429 244 2456 aut
261 2422 353 2455 curis
370 2421 534 2466 parcitur.

70 2474 108 2507 in
125 2479 183 2507 tua
201 2473 271 2506 vita
288 2479 320 2506 et
335 2471 468 2505 familia
492 2471 684 2505 considera.

72 2574 268 2608 cationibus
277 2572 525 2616 splendidis,in
536 2572 670 2606 deliciis
679 2584 716 2605 ac
727 2573 860 2607 delectu
873 2585 1054 2617 equorum,

74 2632 107 2658 et
115 2624 282 2657 similium
293 2635 409 2656 rerum
419 2623 636 2663 frivolarnm,
648 2623 758 2656 multo
768 2623 881 2656 maior
891 2631 939 2657 est
949 2635 1053 2667 quam
1076 2617 1078 2654 l

1072 2347 1076 2385 Ι

69 2373 199 2418 quibus
220 2371 432 2416 apparandis
458 2370 566 2403 nullis
595 2371 786 2411 sumtibus,
820 2371 928 2404 nullis
950 2371 1050 2404 labo-
1073 2390 1076 2421 ὁ

588 2419 693 2463 Quod
712 2421 747 2453 in
765 2421 852 2454 aulis
875 2421 929 2460 fit,
958 2422 1050 2454 idem
1074 2428 1075 2435 ¹

739 2470 978 2505 Plurimorum
996 2483 1053 2504 so·
1074 2494 1077 2508 2

72 2524 218 2558 licitudo
239 2535 277 2556 ac
295 2534 376 2555 cura
395 2522 431 2554 in
448 2522 563 2555 stultis
575 2529 605 2556 et
624 2533 698 2555 non
715 2523 918 2555 necessariis
933 2522 1053 2555 aedifi·
1074 2523 1077 2558 ξ

1100 1717 1323 1749 anteferenda
1348 1723 1416 1754 est,
1451 1717 1539 1750 sicut
1566 1714 1630 1750 hac
1657 1717 1730 1761 ipsa
1752 1719 1794 1750 de
1820 1731 1856 1751 re
1881 1721 2084 1762 gravissime

1102 1773 1221 1800 monet
1235 1766 1365 1800 Paulus
1396 1769 1426 1801 1.
1443 1764 1602 1801 Thessal.
1620 1766 1673 1801 4.;
1703 1766 1945 1803 Adhortamur
1966 1778 2083 1805 autem

1100 1818 1241 1857 fratres,
1269 1823 1308 1850 ut
1325 1817 1361 1849 in
1378 1829 1418 1850 eo
1443 1817 1609 1850 excellere
1627 1818 1812 1859 studeatis,
1840 1826 1871 1853 et
1889 1818 1954 1854 hoc
1970 1822 2083 1855 ambi-

1100 1868 1185 1901 tiose
1200 1868 1324 1910 agatis,
1351 1874 1391 1901 ut
1407 1867 1514 1911 quieti
1530 1868 1604 1901 sitis
1620 1876 1651 1902 ct
1676 1868 1808 1901 faciatis
1831 1871 1985 1916 propria.
2037 1872 2082 1906 Et

1099 1917 1224 1951 Petrus
1248 1919 1278 1950 1.
1295 1917 1390 1950 Petri
1404 1916 1439 1950 4.
1463 1917 1598 1962 inquit:
1626 1917 1736 1951 Nemo
1761 1926 1913 1953 vestrum
1931 1922 2083 1965 patiatur

1100 1968 1198 2012 quasi
1236 1966 1435 2008 homicida,
1479 1975 1538 2001 aut
1573 1969 1645 2006 fur,
1693 1976 1753 2002 aut
1788 1971 1983 2013 maleficus,
2023 1981 2082 2008 aut

1101 2016 1476 2065 ἅλλοτριοεπίσκοπος.
1531 2017 1657 2052 Monet
1682 2017 1805 2052 Petrus
1831 2022 2007 2065 singulos,
2043 2031 2082 2058 nt

1101 2081 1181 2102 suae
1198 2069 1391 2102 vocationis
1409 2069 1550 2113 propria
1567 2069 1678 2102 officia
1696 2070 1844 2104 fideliter
1861 2084 1900 2105 ac
1917 2081 2080 2107 constan-

1100 2126 1152 2153 ter
1168 2119 1319 2159 faciant,
1345 2131 1409 2153 nec
1425 2131 1460 2152 se
1477 2120 1600 2153 alienis
1619 2121 1766 2163 negotiis
1784 2122 2019 2163 immisceant,
2048 2131 2081 2158 et

1101 2170 1249 2203 affirmat
1273 2181 1404 2213 poenas
1428 2171 1525 2215 sequi
1552 2171 1723 2205 divinitus
1745 2173 1924 2205 audaciam
1950 2174 2081 2208 irrum-

1100 2227 1238 2264 pentem
1257 2220 1293 2253 in
1309 2220 1459 2254 aliorum
1480 2221 1709 2256 vocationem.

1152 2300 1206 2335 Et
1223 2299 1434 2335 ascendente
1449 2313 1487 2335 ευ
1505 2301 1542 2334 ἱη
1555 2300 1762 2335 naviculam
1780 2305 1892 2337 secuti
1902 2312 1986 2340 sunt
2004 2320 2081 2342 enm

1202 2350 1378 2400 discipuli
1398 2353 1486 2386 eius.
1528 2350 1581 2384 Et
1604 2364 1673 2385 ecce
1695 2357 1812 2387 motus
1835 2367 1992 2401 magnus
2018 2360 2082 2403 sa-

1203 2408 1279 2437 ctus
1296 2408 1345 2438 est
1361 2403 1399 2436 in
1416 2403 1534 2443 mari,
1563 2401 1615 2434 ita
1636 2407 1672 2434 nt
1690 2403 1863 2438 navicula
1887 2401 2082 2452 operiretur

1203 2453 1381 2495 fluctibus.
1428 2451 1514 2499 Ipse
1531 2463 1609 2485 cero
1627 2450 1847 2493 dormiebat,
1875 2461 1935 2492 etc.

1206 2519 1415 2566 Exemplum
1436 2527 1468 2554 et
1488 2521 1602 2564 imago
1617 2527 1666 2554 est
1683 2521 1828 2565 pingens
1845 2524 1945 2557 nobis
1960 2526 2083 2560 faciem

1104 2570 1297 2612 Ecclesiae,
1316 2574 1426 2605 donec
1443 2571 1478 2603 in
1496 2568 1560 2604 hoc
1577 2583 1786 2605 aerumnoso
1802 2574 1976 2608 curriculo
1994 2578 2084 2611 vitae

1104 2623 1295 2667 corporalis
1340 2621 1524 2665 colligitur.
1602 2619 1654 2654 Ac
1689 2623 1858 2665 significat
1887 2632 2086 2672 utrumqne,

74 2674 113 2707 in
129 2674 185 2719 pia
199 2674 405 2709 educatione
420 2679 453 2707 et
467 2673 688 2708 institutione
702 2674 894 2708 necessaria
911 2674 1056 2708 misero·
1076 2672 1081 2719 l
1110 2674 1250 2720 quantis
1267 2673 1431 2719 periculis
1448 2679 1480 2705 et
1498 2672 1681 2707 doloribus
1697 2672 1734 2706 in
1758 2670 1821 2707 hac
1847 2674 1916 2709 vita
1931 2676 2086 2713 Ecclesia

1402 2720 1483 2758 52*
