<?xml version="1.0" encoding="UTF-8"?>
<!DOCTYPE html PUBLIC "-//W3C//DTD XHTML 1.0 Transitional//EN"
    "http://www.w3.org/TR/xhtml1/DTD/xhtml1-transitional.dtd">
<html xmlns="http://www.w3.org/1999/xhtml" xml:lang="en" lang="en">
 <head>
  <title>
</title>
<meta http-equiv="Content-Type" content="text/html;charset=utf-8" />
  <meta name='ocr-system' content='tesseract 3.04.00' />
  <meta name='ocr-capabilities' content='ocr_page ocr_carea ocr_par ocr_line ocrx_word'/>
</head>
<body>
  <div class='ocr_page' id='page_1' title='image "./operaquaesupersu14melauoft/operaquaesupersu14melauoft_0138.png"; bbox 0 0 2409 2915; ppageno 0'>
   <div class='ocr_carea' id='block_1_1' title="bbox 298 109 371 144">
    <p class='ocr_par' dir='ltr' id='par_1_1' title="bbox 298 109 371 144">
     <span class='ocr_line' id='line_1_1' title="bbox 298 109 371 144; baseline -0.014 0"><span class='ocrx_word' id='word_1_1' title='bbox 298 109 371 144; x_wconf 75' lang='lat'>259</span> 
     </span>
    </p>
   </div>
   <div class='ocr_carea' id='block_1_2' title="bbox 296 181 1308 1097">
    <p class='ocr_par' dir='ltr' id='par_1_2' title="bbox 298 181 1308 287">
     <span class='ocr_line' id='line_1_2' title="bbox 301 181 1308 253; baseline -0.01 -26"><span class='ocrx_word' id='word_1_2' title='bbox 301 192 508 238; x_wconf 71' lang='lat' dir='ltr'>Prophetas,</span> <span class='ocrx_word' id='word_1_3' title='bbox 537 189 740 233; x_wconf 86' lang='lat' dir='ltr'>Baptistam,</span> <span class='ocrx_word' id='word_1_4' title='bbox 763 184 942 220; x_wconf 79' lang='lat' dir='ltr'>Christum</span> <span class='ocrx_word' id='word_1_5' title='bbox 961 185 1190 229; x_wconf 87' lang='lat' dir='ltr'>etApostolos</span> <span class='ocrx_word' id='word_1_6' title='bbox 1207 196 1281 217; x_wconf 86' lang='lat' dir='ltr'>ma·</span> <span class='ocrx_word' id='word_1_7' title='bbox 1304 181 1308 253; x_wconf 43' lang='lat' dir='ltr'>l</span> 
     </span>
     <span class='ocr_line' id='line_1_3' title="bbox 298 240 746 287; baseline -0.016 -10"><span class='ocrx_word' id='word_1_8' title='bbox 298 245 349 287; x_wconf 80' lang='lat' dir='ltr'>gis</span> <span class='ocrx_word' id='word_1_9' title='bbox 366 244 541 286; x_wconf 84' lang='lat' dir='ltr'>magisque</span> <span class='ocrx_word' id='word_1_10' title='bbox 561 240 746 274; x_wconf 87' lang='lat' dir='ltr'>declarata.</span> 
     </span>
    </p>

    <p class='ocr_par' dir='ltr' id='par_1_3' title="bbox 296 294 1307 889">
     <span class='ocr_line' id='line_1_4' title="bbox 376 294 1280 341; baseline -0.009 -8"><span class='ocrx_word' id='word_1_11' title='bbox 376 299 421 333; x_wconf 88' lang='lat' dir='ltr'>Ut</span> <span class='ocrx_word' id='word_1_12' title='bbox 445 299 551 341; x_wconf 82' lang='lat' dir='ltr'>igitur</span> <span class='ocrx_word' id='word_1_13' title='bbox 565 296 721 331; x_wconf 86' lang='lat' dir='ltr'>Ecclesia</span> <span class='ocrx_word' id='word_1_14' title='bbox 738 295 802 330; x_wconf 90' lang='lat' dir='ltr'>Dei</span> <span class='ocrx_word' id='word_1_15' title='bbox 819 295 936 329; x_wconf 88' lang='lat' dir='ltr'>statim</span> <span class='ocrx_word' id='word_1_16' title='bbox 952 300 1028 339; x_wconf 88' lang='lat' dir='ltr'>post</span> <span class='ocrx_word' id='word_1_17' title='bbox 1048 294 1184 338; x_wconf 84' lang='lat' dir='ltr'>lapsum</span> <span class='ocrx_word' id='word_1_18' title='bbox 1201 303 1280 326; x_wconf 88' lang='lat' dir='ltr'>rur-</span> 
     </span>
     <span class='ocr_line' id='line_1_5' title="bbox 299 343 1280 390; baseline -0.01 -5"><span class='ocrx_word' id='word_1_19' title='bbox 299 363 355 385; x_wconf 87' lang='lat' dir='ltr'>sus</span> <span class='ocrx_word' id='word_1_20' title='bbox 373 352 562 383; x_wconf 85' lang='lat' dir='ltr'>instaurata</span> <span class='ocrx_word' id='word_1_21' title='bbox 580 354 648 390; x_wconf 87' lang='lat' dir='ltr'>est,</span> <span class='ocrx_word' id='word_1_22' title='bbox 666 347 713 380; x_wconf 85' lang='lat' dir='ltr'>ita</span> <span class='ocrx_word' id='word_1_23' title='bbox 738 359 817 380; x_wconf 87' lang='lat' dir='ltr'>mox</span> <span class='ocrx_word' id='word_1_24' title='bbox 835 346 1034 379; x_wconf 89' lang='lat' dir='ltr'>institutum</span> <span class='ocrx_word' id='word_1_25' title='bbox 1054 352 1104 378; x_wconf 89' lang='lat' dir='ltr'>est</span> <span class='ocrx_word' id='word_1_26' title='bbox 1122 343 1280 376; x_wconf 86' lang='lat' dir='ltr'>ministe-</span> 
     </span>
     <span class='ocr_line' id='line_1_6' title="bbox 299 394 1281 442; baseline -0.009 -8"><span class='ocrx_word' id='word_1_27' title='bbox 299 402 390 434; x_wconf 87' lang='lat' dir='ltr'>rium</span> <span class='ocrx_word' id='word_1_28' title='bbox 410 399 608 442; x_wconf 77' lang='lat' dir='ltr'><strong>Evangelii,</strong></span> <span class='ocrx_word' id='word_1_29' title='bbox 636 409 701 431; x_wconf 88' lang='lat' dir='ltr'>nec</span> <span class='ocrx_word' id='word_1_30' title='bbox 723 398 789 430; x_wconf 83' lang='lat' dir='ltr'>alia</span> <span class='ocrx_word' id='word_1_31' title='bbox 808 396 968 430; x_wconf 82' lang='lat' dir='ltr'>doctrina</span> <span class='ocrx_word' id='word_1_32' title='bbox 986 396 1022 428; x_wconf 89' lang='lat' dir='ltr'>in</span> <span class='ocrx_word' id='word_1_33' title='bbox 1041 394 1207 427; x_wconf 78' lang='lat' dir='ltr'>paradiso</span> <span class='ocrx_word' id='word_1_34' title='bbox 1225 404 1281 426; x_wconf 89' lang='lat' dir='ltr'>so-</span> 
     </span>
     <span class='ocr_line' id='line_1_7' title="bbox 300 444 1280 494; baseline -0.007 -10"><span class='ocrx_word' id='word_1_35' title='bbox 300 452 395 489; x_wconf 75' lang='lat' dir='ltr'>nuit,</span> <span class='ocrx_word' id='word_1_36' title='bbox 413 451 480 484; x_wconf 89' lang='lat' dir='ltr'>nisi</span> <span class='ocrx_word' id='word_1_37' title='bbox 498 448 581 482; x_wconf 88' lang='lat' dir='ltr'>haec</span> <span class='ocrx_word' id='word_1_38' title='bbox 599 461 703 494; x_wconf 85' lang='lat' dir='ltr'>quam</span> <span class='ocrx_word' id='word_1_39' title='bbox 722 444 1018 486; x_wconf 82' lang='lat' dir='ltr'>traditCln·istus,</span> <span class='ocrx_word' id='word_1_40' title='bbox 1035 446 1160 479; x_wconf 89' lang='lat' dir='ltr'>iubens</span> <span class='ocrx_word' id='word_1_41' title='bbox 1180 456 1280 488; x_wconf 86' lang='lat' dir='ltr'>prae-</span> 
     </span>
     <span class='ocr_line' id='line_1_8' title="bbox 299 497 1281 545; baseline -0.009 -10"><span class='ocrx_word' id='word_1_42' title='bbox 299 502 406 535; x_wconf 88' lang='lat' dir='ltr'>dicari</span> <span class='ocrx_word' id='word_1_43' title='bbox 426 500 692 545; x_wconf 81' lang='lat' dir='ltr'>poenitentiam,</span> <span class='ocrx_word' id='word_1_44' title='bbox 728 505 759 532; x_wconf 91' lang='lat' dir='ltr'>et</span> <span class='ocrx_word' id='word_1_45' title='bbox 786 497 1025 531; x_wconf 71' lang='lat' dir='ltr'>remissionem</span> <span class='ocrx_word' id='word_1_46' title='bbox 1047 502 1281 540; x_wconf 85' lang='lat' dir='ltr'>peccatorum.</span> 
     </span>
     <span class='ocr_line' id='line_1_9' title="bbox 299 545 1280 592; baseline -0.01 -6"><span class='ocrx_word' id='word_1_47' title='bbox 299 552 485 586; x_wconf 74' lang='lat' dir='ltr'>Accusavit</span> <span class='ocrx_word' id='word_1_48' title='bbox 499 552 594 584; x_wconf 85' lang='lat' dir='ltr'>Deus</span> <span class='ocrx_word' id='word_1_49' title='bbox 611 550 724 592; x_wconf 86' lang='lat' dir='ltr'>lapsos</span> <span class='ocrx_word' id='word_1_50' title='bbox 744 555 915 592; x_wconf 84' lang='lat' dir='ltr'>parentes,</span> <span class='ocrx_word' id='word_1_51' title='bbox 932 553 963 580; x_wconf 88' lang='lat' dir='ltr'>et</span> <span class='ocrx_word' id='word_1_52' title='bbox 977 547 1114 579; x_wconf 75' lang='lat' dir='ltr'>addidit</span> <span class='ocrx_word' id='word_1_53' title='bbox 1131 545 1280 589; x_wconf 88' lang='lat' dir='ltr'>promis-</span> 
     </span>
     <span class='ocr_line' id='line_1_10' title="bbox 299 589 1307 654; baseline -0.009 -18"><span class='ocrx_word' id='word_1_54' title='bbox 299 603 432 636; x_wconf 90' lang='lat' dir='ltr'>sionem</span> <span class='ocrx_word' id='word_1_55' title='bbox 466 603 508 634; x_wconf 93' lang='lat' dir='ltr'>de</span> <span class='ocrx_word' id='word_1_56' title='bbox 536 600 711 633; x_wconf 82' lang='lat' dir='ltr'>reddenda</span> <span class='ocrx_word' id='word_1_57' title='bbox 738 600 806 633; x_wconf 84' lang='lat' dir='ltr'>vita</span> <span class='ocrx_word' id='word_1_58' title='bbox 831 605 991 637; x_wconf 85' lang='lat' dir='ltr'>aeterna,</span> <span class='ocrx_word' id='word_1_59' title='bbox 1026 609 1092 642; x_wconf 88' lang='lat' dir='ltr'>qua</span> <span class='ocrx_word' id='word_1_60' title='bbox 1116 607 1280 639; x_wconf 78' lang='lat' dir='ltr'>agnosce-</span> <span class='ocrx_word' id='word_1_61' title='bbox 1303 589 1307 654; x_wconf 72' lang='grc' dir='ltr'>Ι</span> 
     </span>
     <span class='ocr_line' id='line_1_11' title="bbox 298 646 1307 694; baseline -0.009 -7"><span class='ocrx_word' id='word_1_62' title='bbox 298 655 381 687; x_wconf 91' lang='lat' dir='ltr'>baut</span> <span class='ocrx_word' id='word_1_63' title='bbox 413 653 505 685; x_wconf 92' lang='lat' dir='ltr'>sein</span> <span class='ocrx_word' id='word_1_64' title='bbox 537 651 682 693; x_wconf 84' lang='lat' dir='ltr'>gratiam</span> <span class='ocrx_word' id='word_1_65' title='bbox 707 650 834 694; x_wconf 79' lang='lat' dir='ltr'>recipi,</span> <span class='ocrx_word' id='word_1_66' title='bbox 865 660 943 681; x_wconf 90' lang='lat' dir='ltr'>cum</span> <span class='ocrx_word' id='word_1_67' title='bbox 971 647 1115 680; x_wconf 88' lang='lat' dir='ltr'>dicitur:</span> <span class='ocrx_word' id='word_1_68' title='bbox 1152 646 1280 680; x_wconf 83' lang='lat' dir='ltr'>Semen</span> <span class='ocrx_word' id='word_1_69' title='bbox 1304 655 1307 670; x_wconf 84' lang='lat'><strong>¹</strong></span> 
     </span>
     <span class='ocr_line' id='line_1_12' title="bbox 298 698 1280 745; baseline -0.008 -9"><span class='ocrx_word' id='word_1_70' title='bbox 298 703 456 737; x_wconf 86' lang='lat' dir='ltr'>mulieris</span> <span class='ocrx_word' id='word_1_71' title='bbox 479 700 698 735; x_wconf 73' lang='lat' dir='ltr'>conculcabit</span> <span class='ocrx_word' id='word_1_72' title='bbox 724 708 827 745; x_wconf 83' lang='lat' dir='ltr'>caput</span> <span class='ocrx_word' id='word_1_73' title='bbox 847 699 1037 742; x_wconf 87' lang='lat' dir='ltr'>serpentis,</span> <span class='ocrx_word' id='word_1_74' title='bbox 1066 698 1099 730; x_wconf 92' lang='lat' dir='ltr'>id</span> <span class='ocrx_word' id='word_1_75' title='bbox 1127 704 1194 737; x_wconf 88' lang='lat' dir='ltr'>est,</span> <span class='ocrx_word' id='word_1_76' title='bbox 1222 709 1280 729; x_wconf 81' lang='lat' dir='ltr'>ve-</span> 
     </span>
     <span class='ocr_line' id='line_1_13' title="bbox 298 748 1281 797; baseline -0.008 -10"><span class='ocrx_word' id='word_1_77' title='bbox 298 755 370 788; x_wconf 87' lang='lat' dir='ltr'>niet</span> <span class='ocrx_word' id='word_1_78' title='bbox 394 764 532 792; x_wconf 88' lang='lat' dir='ltr'>semen,</span> <span class='ocrx_word' id='word_1_79' title='bbox 563 752 657 797; x_wconf 83' lang='lat' dir='ltr'>quod</span> <span class='ocrx_word' id='word_1_80' title='bbox 679 752 832 784; x_wconf 87' lang='lat' dir='ltr'>destruet</span> <span class='ocrx_word' id='word_1_81' title='bbox 851 761 996 792; x_wconf 82' lang='lat' dir='ltr'>regnum</span> <span class='ocrx_word' id='word_1_82' title='bbox 1017 748 1167 786; x_wconf 87' lang='lat' dir='ltr'>diaboli,</span> <span class='ocrx_word' id='word_1_83' title='bbox 1195 748 1281 780; x_wconf 84' lang='lat' dir='ltr'>abo-</span> 
     </span>
     <span class='ocr_line' id='line_1_14' title="bbox 297 798 1279 847; baseline -0.008 -9"><span class='ocrx_word' id='word_1_84' title='bbox 297 805 383 838; x_wconf 88' lang='lat' dir='ltr'>lebit</span> <span class='ocrx_word' id='word_1_85' title='bbox 410 809 587 847; x_wconf 86' lang='lat' dir='ltr'>peccatum</span> <span class='ocrx_word' id='word_1_86' title='bbox 611 809 643 835; x_wconf 89' lang='lat' dir='ltr'>et</span> <span class='ocrx_word' id='word_1_87' title='bbox 667 809 838 842; x_wconf 87' lang='lat' dir='ltr'>mortem,</span> <span class='ocrx_word' id='word_1_88' title='bbox 878 812 915 833; x_wconf 88' lang='lat' dir='ltr'>ac</span> <span class='ocrx_word' id='word_1_89' title='bbox 939 799 1147 833; x_wconf 75' lang='lat' dir='ltr'>instaurabit</span> <span class='ocrx_word' id='word_1_90' title='bbox 1172 798 1279 831; x_wconf 84' lang='lat' dir='ltr'>vitam</span> 
     </span>
     <span class='ocr_line' id='line_1_15' title="bbox 296 862 483 889; baseline -0.005 0"><span class='ocrx_word' id='word_1_91' title='bbox 296 862 483 889; x_wconf 83' lang='lat' dir='ltr'>aeternam.</span> 
     </span>
    </p>

    <p class='ocr_par' dir='ltr' id='par_1_4' title="bbox 296 906 1281 1055">
     <span class='ocr_line' id='line_1_16' title="bbox 399 906 1281 952; baseline -0.009 -5"><span class='ocrx_word' id='word_1_92' title='bbox 399 912 493 946; x_wconf 81' lang='lat' dir='ltr'>Haec</span> <span class='ocrx_word' id='word_1_93' title='bbox 523 912 644 945; x_wconf 90' lang='lat' dir='ltr'>concio</span> <span class='ocrx_word' id='word_1_94' title='bbox 680 911 806 945; x_wconf 83' lang='lat' dir='ltr'>tradita</span> <span class='ocrx_word' id='word_1_95' title='bbox 845 915 894 942; x_wconf 90' lang='lat' dir='ltr'>est</span> <span class='ocrx_word' id='word_1_96' title='bbox 920 909 1044 952; x_wconf 90' lang='lat' dir='ltr'>primis</span> <span class='ocrx_word' id='word_1_97' title='bbox 1068 906 1281 950; x_wconf 84' lang='lat' dir='ltr'>parentibus,</span> 
     </span>
     <span class='ocr_line' id='line_1_17' title="bbox 296 958 1278 1012; baseline -0.01 -13"><span class='ocrx_word' id='word_1_98' title='bbox 296 977 401 1012; x_wconf 86' lang='lat' dir='ltr'>quam</span> <span class='ocrx_word' id='word_1_99' title='bbox 426 975 546 997; x_wconf 89' lang='lat' dir='ltr'>omnes</span> <span class='ocrx_word' id='word_1_100' title='bbox 567 962 696 1006; x_wconf 91' lang='lat' dir='ltr'>posteri</span> <span class='ocrx_word' id='word_1_101' title='bbox 715 961 864 993; x_wconf 85' lang='lat' dir='ltr'>retinere</span> <span class='ocrx_word' id='word_1_102' title='bbox 880 966 911 992; x_wconf 90' lang='lat' dir='ltr'>et</span> <span class='ocrx_word' id='word_1_103' title='bbox 929 958 1129 991; x_wconf 84' lang='lat' dir='ltr'>meminisse</span> <span class='ocrx_word' id='word_1_104' title='bbox 1148 958 1278 990; x_wconf 81' lang='lat' dir='ltr'>debue-</span> 
     </span>
     <span class='ocr_line' id='line_1_18' title="bbox 440 1006 1279 1055; baseline -0.01 -7"><span class='ocrx_word' id='word_1_105' title='bbox 440 1014 506 1048; x_wconf 84' lang='lat' dir='ltr'>Sed</span> <span class='ocrx_word' id='word_1_106' title='bbox 527 1013 625 1055; x_wconf 89' lang='lat' dir='ltr'>impii</span> <span class='ocrx_word' id='word_1_107' title='bbox 646 1011 818 1054; x_wconf 85' lang='lat' dir='ltr'>aspernati</span> <span class='ocrx_word' id='word_1_108' title='bbox 836 1016 936 1049; x_wconf 89' lang='lat' dir='ltr'>sunt,</span> <span class='ocrx_word' id='word_1_109' title='bbox 964 1007 1121 1042; x_wconf 82' lang='lat' dir='ltr'>Ecclecia</span> <span class='ocrx_word' id='word_1_110' title='bbox 1139 1006 1207 1041; x_wconf 84' lang='lat' dir='ltr'>Dei</span> <span class='ocrx_word' id='word_1_111' title='bbox 1224 1020 1279 1040; x_wconf 90' lang='lat' dir='ltr'>re-</span> 
     </span>
    </p>

    <p class='ocr_par' dir='ltr' id='par_1_5' title="bbox 465 1060 1305 1097">
     <span class='ocr_line' id='line_1_19' title="bbox 465 1060 1305 1097; baseline -0.01 0"><span class='ocrx_word' id='word_1_112' title='bbox 465 1063 510 1097; x_wconf 91' lang='lat' dir='ltr'>Et</span> <span class='ocrx_word' id='word_1_113' title='bbox 528 1063 678 1096; x_wconf 85' lang='lat' dir='ltr'>subinde</span> <span class='ocrx_word' id='word_1_114' title='bbox 697 1060 779 1094; x_wconf 87' lang='lat' dir='ltr'>haec</span> <span class='ocrx_word' id='word_1_115' title='bbox 800 1061 858 1093; x_wconf 81' lang='lat' dir='ltr'>lux</span> <span class='ocrx_word' id='word_1_116' title='bbox 876 1060 913 1092; x_wconf 92' lang='lat' dir='ltr'>iu</span> <span class='ocrx_word' id='word_1_117' title='bbox 933 1061 1066 1092; x_wconf 90' lang='lat' dir='ltr'>mundo</span> <span class='ocrx_word' id='word_1_118' title='bbox 1085 1070 1206 1091; x_wconf 89' lang='lat' dir='ltr'>rursus</span> <span class='ocrx_word' id='word_1_119' title='bbox 1223 1071 1279 1091; x_wconf 87' lang='lat' dir='ltr'>ac-</span> <span class='ocrx_word' id='word_1_120' title='bbox 1302 1080 1305 1096; x_wconf 56' lang='lat'>4</span> 
     </span>
    </p>
   </div>
   <div class='ocr_carea' id='block_1_3' title="bbox 1304 270 1308 460">
    <p class='ocr_par' dir='ltr' id='par_1_6' title="bbox 1304 270 1308 460">
     <span class='ocr_line' id='line_1_20' title="bbox 1304 270 1308 460; baseline 0 2455"><span class='ocrx_word' id='word_1_121' title='bbox 1304 270 1308 460; x_wconf 95' lang='lat' dir='ltr'> </span> 
     </span>
    </p>
   </div>
   <div class='ocr_carea' id='block_1_4' title="bbox 291 1022 1304 1715">
    <p class='ocr_par' dir='ltr' id='par_1_7' title="bbox 295 1022 1304 1202">
     <span class='ocr_line' id='line_1_21' title="bbox 296 1022 387 1051; baseline 0.011 -1"><span class='ocrx_word' id='word_1_122' title='bbox 296 1022 387 1051; x_wconf 90' lang='lat' dir='ltr'>rant.</span> 
     </span>
     <span class='ocr_line' id='line_1_22' title="bbox 295 1067 412 1102; baseline -0.034 0"><span class='ocrx_word' id='word_1_123' title='bbox 295 1067 412 1102; x_wconf 84' lang='lat' dir='ltr'>tinuit.</span> 
     </span>
     <span class='ocr_line' id='line_1_23' title="bbox 295 1109 1304 1156; baseline -0.009 -6"><span class='ocrx_word' id='word_1_124' title='bbox 295 1128 395 1151; x_wconf 86' lang='lat' dir='ltr'>censa</span> <span class='ocrx_word' id='word_1_125' title='bbox 419 1123 486 1155; x_wconf 89' lang='lat' dir='ltr'>est,</span> <span class='ocrx_word' id='word_1_126' title='bbox 513 1115 601 1147; x_wconf 81' lang='lat' dir='ltr'>sicut</span> <span class='ocrx_word' id='word_1_127' title='bbox 623 1120 656 1147; x_wconf 91' lang='lat' dir='ltr'>et</span> <span class='ocrx_word' id='word_1_128' title='bbox 683 1125 743 1156; x_wconf 86' lang='lat' dir='ltr'>per</span> <span class='ocrx_word' id='word_1_129' title='bbox 760 1109 941 1145; x_wconf 78' lang='lat' dir='ltr'>Christum</span> <span class='ocrx_word' id='word_1_130' title='bbox 968 1117 1000 1143; x_wconf 88' lang='lat' dir='ltr'>et</span> <span class='ocrx_word' id='word_1_131' title='bbox 1019 1109 1207 1154; x_wconf 83' lang='lat' dir='ltr'>Apostolos</span> <span class='ocrx_word' id='word_1_132' title='bbox 1225 1121 1279 1142; x_wconf 89' lang='lat' dir='ltr'>re-</span> <span class='ocrx_word' id='word_1_133' title='bbox 1302 1115 1304 1129; x_wconf 87' lang='lat'><strong>¹</strong></span> 
     </span>
     <span class='ocr_line' id='line_1_24' title="bbox 295 1172 496 1202; baseline -0.01 -1"><span class='ocrx_word' id='word_1_134' title='bbox 295 1175 420 1202; x_wconf 81' lang='lat' dir='ltr'>novata</span> <span class='ocrx_word' id='word_1_135' title='bbox 438 1172 496 1199; x_wconf 87' lang='lat' dir='ltr'>cst.</span> 
     </span>
    </p>

    <p class='ocr_par' dir='ltr' id='par_1_8' title="bbox 291 1217 1302 1715">
     <span class='ocr_line' id='line_1_25' title="bbox 397 1217 1276 1265; baseline -0.007 -8"><span class='ocrx_word' id='word_1_136' title='bbox 397 1224 555 1258; x_wconf 73' lang='lat' dir='ltr'>Eandem</span> <span class='ocrx_word' id='word_1_137' title='bbox 573 1234 653 1265; x_wconf 78' lang='lat' dir='ltr'>ergo</span> <span class='ocrx_word' id='word_1_138' title='bbox 672 1222 875 1254; x_wconf 83' lang='lat' dir='ltr'>concionem</span> <span class='ocrx_word' id='word_1_139' title='bbox 894 1218 1054 1254; x_wconf 87' lang='lat' dir='ltr'>Christus</span> <span class='ocrx_word' id='word_1_140' title='bbox 1074 1219 1168 1252; x_wconf 90' lang='lat' dir='ltr'>iubet</span> <span class='ocrx_word' id='word_1_141' title='bbox 1181 1217 1276 1262; x_wconf 81' lang='lat' dir='ltr'>Apo-</span> 
     </span>
     <span class='ocr_line' id='line_1_26' title="bbox 293 1270 1277 1315; baseline -0.009 -4"><span class='ocrx_word' id='word_1_142' title='bbox 293 1277 399 1312; x_wconf 84' lang='lat' dir='ltr'>stolos</span> <span class='ocrx_word' id='word_1_143' title='bbox 425 1275 648 1308; x_wconf 75' lang='lat' dir='ltr'>circumferre</span> <span class='ocrx_word' id='word_1_144' title='bbox 674 1273 765 1306; x_wconf 90' lang='lat' dir='ltr'>inter</span> <span class='ocrx_word' id='word_1_145' title='bbox 790 1279 928 1315; x_wconf 84' lang='lat' dir='ltr'>gentes,</span> <span class='ocrx_word' id='word_1_146' title='bbox 954 1283 1041 1315; x_wconf 79' lang='lat' dir='ltr'>quae</span> <span class='ocrx_word' id='word_1_147' title='bbox 1064 1270 1145 1302; x_wconf 87' lang='lat' dir='ltr'>inde</span> <span class='ocrx_word' id='word_1_148' title='bbox 1166 1282 1277 1315; x_wconf 89' lang='lat' dir='ltr'>usque</span> 
     </span>
     <span class='ocr_line' id='line_1_27' title="bbox 295 1320 1277 1367; baseline -0.008 -6"><span class='ocrx_word' id='word_1_149' title='bbox 295 1330 338 1362; x_wconf 84' lang='lat' dir='ltr'>ab</span> <span class='ocrx_word' id='word_1_150' title='bbox 360 1327 462 1360; x_wconf 89' lang='lat' dir='ltr'>initio</span> <span class='ocrx_word' id='word_1_151' title='bbox 485 1326 520 1357; x_wconf 89' lang='lat' dir='ltr'>in</span> <span class='ocrx_word' id='word_1_152' title='bbox 541 1323 714 1363; x_wconf 78' lang='lat' dir='ltr'>Ecclesia,</span> <span class='ocrx_word' id='word_1_153' title='bbox 741 1330 773 1357; x_wconf 87' lang='lat' dir='ltr'>et</span> <span class='ocrx_word' id='word_1_154' title='bbox 795 1334 883 1367; x_wconf 89' lang='lat' dir='ltr'>quae</span> <span class='ocrx_word' id='word_1_155' title='bbox 905 1322 940 1354; x_wconf 91' lang='lat' dir='ltr'>in</span> <span class='ocrx_word' id='word_1_156' title='bbox 961 1320 1128 1354; x_wconf 87' lang='lat' dir='ltr'>Paradiso</span> <span class='ocrx_word' id='word_1_157' title='bbox 1149 1332 1277 1353; x_wconf 82' lang='lat' dir='ltr'>sonue-</span> 
     </span>
     <span class='ocr_line' id='line_1_28' title="bbox 295 1371 1302 1418; baseline -0.009 -6"><span class='ocrx_word' id='word_1_158' title='bbox 295 1386 365 1418; x_wconf 89' lang='lat' dir='ltr'>rat,</span> <span class='ocrx_word' id='word_1_159' title='bbox 400 1378 434 1410; x_wconf 89' lang='lat' dir='ltr'>id</span> <span class='ocrx_word' id='word_1_160' title='bbox 459 1383 526 1415; x_wconf 90' lang='lat' dir='ltr'>est,</span> <span class='ocrx_word' id='word_1_161' title='bbox 554 1375 651 1407; x_wconf 83' lang='lat' dir='ltr'>iubet</span> <span class='ocrx_word' id='word_1_162' title='bbox 675 1385 733 1407; x_wconf 87' lang='lat' dir='ltr'>cos</span> <span class='ocrx_word' id='word_1_163' title='bbox 759 1380 912 1415; x_wconf 78' lang='lat' dir='ltr'>retegere</span> <span class='ocrx_word' id='word_1_164' title='bbox 931 1379 963 1405; x_wconf 90' lang='lat' dir='ltr'>et</span> <span class='ocrx_word' id='word_1_165' title='bbox 988 1382 1132 1413; x_wconf 76' lang='lat' dir='ltr'>arguere</span> <span class='ocrx_word' id='word_1_166' title='bbox 1156 1383 1275 1414; x_wconf 87' lang='lat' dir='ltr'>pecca-</span> <span class='ocrx_word' id='word_1_167' title='bbox 1300 1371 1302 1397; x_wconf 64' lang='grc' dir='ltr'>ἴ</span> 
     </span>
     <span class='ocr_line' id='line_1_29' title="bbox 294 1422 1302 1468; baseline -0.011 -5"><span class='ocrx_word' id='word_1_168' title='bbox 294 1437 391 1468; x_wconf 88' lang='lat' dir='ltr'>tum,</span> <span class='ocrx_word' id='word_1_169' title='bbox 427 1425 627 1460; x_wconf 81' lang='lat' dir='ltr'>concionari</span> <span class='ocrx_word' id='word_1_170' title='bbox 660 1425 703 1457; x_wconf 89' lang='lat' dir='ltr'>de</span> <span class='ocrx_word' id='word_1_171' title='bbox 728 1425 778 1456; x_wconf 90' lang='lat' dir='ltr'>ira</span> <span class='ocrx_word' id='word_1_172' title='bbox 803 1422 872 1456; x_wconf 65' lang='lat' dir='ltr'>Dei</span> <span class='ocrx_word' id='word_1_173' title='bbox 897 1423 1062 1455; x_wconf 72' lang='lat' dir='ltr'>adversus</span> <span class='ocrx_word' id='word_1_174' title='bbox 1086 1429 1276 1464; x_wconf 76' lang='lat' dir='ltr'>peccatum,</span> <span class='ocrx_word' id='word_1_175' title='bbox 1300 1432 1302 1448; x_wconf 62' lang='grc' dir='ltr'>ι</span> 
     </span>
     <span class='ocr_line' id='line_1_30' title="bbox 294 1471 1302 1519; baseline -0.01 -5"><span class='ocrx_word' id='word_1_176' title='bbox 294 1487 326 1514; x_wconf 89' lang='lat' dir='ltr'>et</span> <span class='ocrx_word' id='word_1_177' title='bbox 349 1480 391 1512; x_wconf 89' lang='lat' dir='ltr'>de</span> <span class='ocrx_word' id='word_1_178' title='bbox 414 1477 562 1511; x_wconf 80' lang='lat' dir='ltr'>aeternis</span> <span class='ocrx_word' id='word_1_179' title='bbox 585 1475 725 1519; x_wconf 83' lang='lat' dir='ltr'>poenis,</span> <span class='ocrx_word' id='word_1_180' title='bbox 752 1475 879 1507; x_wconf 86' lang='lat' dir='ltr'>addere</span> <span class='ocrx_word' id='word_1_181' title='bbox 903 1485 984 1505; x_wconf 83' lang='lat' dir='ltr'>vero</span> <span class='ocrx_word' id='word_1_182' title='bbox 1009 1471 1206 1504; x_wconf 78' lang='lat' dir='ltr'>doctrinam</span> <span class='ocrx_word' id='word_1_183' title='bbox 1233 1473 1276 1505; x_wconf 90' lang='lat' dir='ltr'>de</span> <span class='ocrx_word' id='word_1_184' title='bbox 1300 1496 1302 1508; x_wconf 87' lang='lat'>.</span> 
     </span>
     <span class='ocr_line' id='line_1_31' title="bbox 293 1523 1274 1571; baseline -0.01 -8"><span class='ocrx_word' id='word_1_185' title='bbox 293 1529 497 1564; x_wconf 82' lang='lat' dir='ltr'>remissione</span> <span class='ocrx_word' id='word_1_186' title='bbox 516 1532 754 1571; x_wconf 82' lang='lat' dir='ltr'>peccatorum,</span> <span class='ocrx_word' id='word_1_187' title='bbox 783 1531 812 1557; x_wconf 86' lang='lat' dir='ltr'>et</span> <span class='ocrx_word' id='word_1_188' title='bbox 832 1525 875 1556; x_wconf 92' lang='lat' dir='ltr'>de</span> <span class='ocrx_word' id='word_1_189' title='bbox 895 1523 964 1556; x_wconf 82' lang='lat' dir='ltr'>vita</span> <span class='ocrx_word' id='word_1_190' title='bbox 985 1529 1143 1560; x_wconf 84' lang='lat' dir='ltr'>aeterna,</span> <span class='ocrx_word' id='word_1_191' title='bbox 1170 1534 1274 1566; x_wconf 79' lang='lat' dir='ltr'>quarn</span> 
     </span>
     <span class='ocr_line' id='line_1_32' title="bbox 293 1571 1274 1625; baseline -0.01 -11"><span class='ocrx_word' id='word_1_192' title='bbox 293 1581 479 1625; x_wconf 87' lang='lat' dir='ltr'>pollicetur</span> <span class='ocrx_word' id='word_1_193' title='bbox 504 1577 597 1610; x_wconf 92' lang='lat' dir='ltr'>Deus</span> <span class='ocrx_word' id='word_1_194' title='bbox 621 1583 763 1620; x_wconf 88' lang='lat' dir='ltr'>propter</span> <span class='ocrx_word' id='word_1_195' title='bbox 788 1575 940 1610; x_wconf 71' lang='lat' dir='ltr'>Filium,</span> <span class='ocrx_word' id='word_1_196' title='bbox 974 1573 1098 1616; x_wconf 78' lang='lat' dir='ltr'>gratis,</span> <span class='ocrx_word' id='word_1_197' title='bbox 1135 1571 1189 1605; x_wconf 90' lang='lat' dir='ltr'>his</span> <span class='ocrx_word' id='word_1_198' title='bbox 1215 1573 1274 1617; x_wconf 86' lang='lat' dir='ltr'>qui</span> 
     </span>
     <span class='ocr_line' id='line_1_33' title="bbox 293 1622 1274 1668; baseline -0.009 -4"><span class='ocrx_word' id='word_1_199' title='bbox 293 1632 359 1664; x_wconf 80' lang='lat' dir='ltr'>fide</span> <span class='ocrx_word' id='word_1_200' title='bbox 383 1635 561 1667; x_wconf 84' lang='lat' dir='ltr'>statuunt,</span> <span class='ocrx_word' id='word_1_201' title='bbox 589 1627 654 1659; x_wconf 85' lang='lat' dir='ltr'>sihi</span> <span class='ocrx_word' id='word_1_202' title='bbox 679 1624 763 1659; x_wconf 84' lang='lat' dir='ltr'>haec</span> <span class='ocrx_word' id='word_1_203' title='bbox 790 1637 868 1657; x_wconf 82' lang='lat' dir='ltr'>vere</span> <span class='ocrx_word' id='word_1_204' title='bbox 895 1632 1036 1668; x_wconf 82' lang='lat' dir='ltr'>propter</span> <span class='ocrx_word' id='word_1_205' title='bbox 1060 1622 1190 1656; x_wconf 81' lang='lat' dir='ltr'>Filium</span> <span class='ocrx_word' id='word_1_206' title='bbox 1210 1622 1274 1656; x_wconf 91' lang='lat' dir='ltr'>Dei</span> 
     </span>
     <span class='ocr_line' id='line_1_34' title="bbox 291 1677 626 1715; baseline -0.021 0"><span class='ocrx_word' id='word_1_207' title='bbox 291 1681 517 1715; x_wconf 74' lang='lat' dir='ltr'>mediatorem</span> <span class='ocrx_word' id='word_1_208' title='bbox 539 1677 626 1712; x_wconf 87' lang='lat' dir='ltr'>dari.</span> 
     </span>
    </p>
   </div>
   <div class='ocr_carea' id='block_1_5' title="bbox 292 1732 1276 1932">
    <p class='ocr_par' dir='ltr' id='par_1_9' title="bbox 292 1732 1276 1932">
     <span class='ocr_line' id='line_1_35' title="bbox 394 1732 1273 1783; baseline -0.008 -11"><span class='ocrx_word' id='word_1_209' title='bbox 394 1739 435 1772; x_wconf 83' lang='lat' dir='ltr'>Et</span> <span class='ocrx_word' id='word_1_210' title='bbox 461 1738 602 1783; x_wconf 84' lang='lat' dir='ltr'>quidem</span> <span class='ocrx_word' id='word_1_211' title='bbox 628 1747 784 1779; x_wconf 81' lang='lat' dir='ltr'>expresse</span> <span class='ocrx_word' id='word_1_212' title='bbox 801 1732 859 1768; x_wconf 88' lang='lat' dir='ltr'>hic</span> <span class='ocrx_word' id='word_1_213' title='bbox 878 1733 1009 1779; x_wconf 85' lang='lat' dir='ltr'>iuquit:</span> <span class='ocrx_word' id='word_1_214' title='bbox 1039 1732 1201 1775; x_wconf 82' lang='lat' dir='ltr'>Quorum</span> <span class='ocrx_word' id='word_1_215' title='bbox 1218 1745 1273 1765; x_wconf 91' lang='lat' dir='ltr'>re-</span> 
     </span>
     <span class='ocr_line' id='line_1_36' title="bbox 292 1783 1276 1833; baseline -0.01 -8"><span class='ocrx_word' id='word_1_216' title='bbox 292 1790 457 1825; x_wconf 82' lang='lat' dir='ltr'>miseritis</span> <span class='ocrx_word' id='word_1_217' title='bbox 481 1794 636 1833; x_wconf 72' lang='lat' dir='ltr'>peccata,</span> <span class='ocrx_word' id='word_1_218' title='bbox 663 1787 806 1820; x_wconf 87' lang='lat' dir='ltr'>remissa</span> <span class='ocrx_word' id='word_1_219' title='bbox 826 1792 949 1825; x_wconf 89' lang='lat' dir='ltr'>eruut,</span> <span class='ocrx_word' id='word_1_220' title='bbox 977 1791 1007 1817; x_wconf 88' lang='lat' dir='ltr'>et</span> <span class='ocrx_word' id='word_1_221' title='bbox 1024 1796 1174 1828; x_wconf 88' lang='lat' dir='ltr'>quorum</span> <span class='ocrx_word' id='word_1_222' title='bbox 1192 1783 1276 1816; x_wconf 73' lang='lat' dir='ltr'>reti-</span> 
     </span>
     <span class='ocr_line' id='line_1_37' title="bbox 292 1832 1275 1883; baseline -0.008 -8"><span class='ocrx_word' id='word_1_223' title='bbox 292 1841 440 1875; x_wconf 88' lang='lat' dir='ltr'>nueritis</span> <span class='ocrx_word' id='word_1_224' title='bbox 465 1845 620 1883; x_wconf 82' lang='lat' dir='ltr'>peccata,</span> <span class='ocrx_word' id='word_1_225' title='bbox 656 1844 787 1871; x_wconf 81' lang='lat' dir='ltr'>retenta</span> <span class='ocrx_word' id='word_1_226' title='bbox 814 1843 927 1870; x_wconf 86' lang='lat' dir='ltr'>erunt.</span> <span class='ocrx_word' id='word_1_227' title='bbox 989 1834 1074 1867; x_wconf 78' lang='lat' dir='ltr'>Vult</span> <span class='ocrx_word' id='word_1_228' title='bbox 1101 1846 1184 1867; x_wconf 87' lang='lat' dir='ltr'>voce</span> <span class='ocrx_word' id='word_1_229' title='bbox 1207 1832 1275 1867; x_wconf 84' lang='lat' dir='ltr'>Ec-</span> 
     </span>
     <span class='ocr_line' id='line_1_38' title="bbox 292 1885 1271 1932; baseline -0.009 -7"><span class='ocrx_word' id='word_1_230' title='bbox 292 1893 414 1926; x_wconf 85' lang='lat' dir='ltr'>clesiae</span> <span class='ocrx_word' id='word_1_231' title='bbox 437 1889 565 1923; x_wconf 86' lang='lat' dir='ltr'>remitti</span> <span class='ocrx_word' id='word_1_232' title='bbox 593 1894 750 1932; x_wconf 87' lang='lat' dir='ltr'>peccata,</span> <span class='ocrx_word' id='word_1_233' title='bbox 778 1887 820 1919; x_wconf 85' lang='lat' dir='ltr'>iis</span> <span class='ocrx_word' id='word_1_234' title='bbox 845 1886 905 1930; x_wconf 87' lang='lat' dir='ltr'>qui</span> <span class='ocrx_word' id='word_1_235' title='bbox 931 1885 1077 1929; x_wconf 91' lang='lat' dir='ltr'>cupiunt</span> <span class='ocrx_word' id='word_1_236' title='bbox 1103 1885 1216 1917; x_wconf 82' lang='lat' dir='ltr'>redire</span> <span class='ocrx_word' id='word_1_237' title='bbox 1231 1886 1271 1917; x_wconf 88' lang='lat' dir='ltr'>ad</span> 
     </span>
    </p>
   </div>
   <div class='ocr_carea' id='block_1_6' title="bbox 291 1935 1299 2037">
    <p class='ocr_par' dir='ltr' id='par_1_10' title="bbox 291 1935 1299 2037">
     <span class='ocr_line' id='line_1_39' title="bbox 291 1935 1274 1982; baseline -0.012 -4"><span class='ocrx_word' id='word_1_238' title='bbox 291 1942 405 1977; x_wconf 89' lang='lat' dir='ltr'>Deum</span> <span class='ocrx_word' id='word_1_239' title='bbox 436 1948 467 1974; x_wconf 79' lang='lat' dir='ltr'>et</span> <span class='ocrx_word' id='word_1_240' title='bbox 499 1938 692 1982; x_wconf 80' lang='lat' dir='ltr'>Evangelio</span> <span class='ocrx_word' id='word_1_241' title='bbox 724 1938 988 1980; x_wconf 78' lang='lat' dir='ltr'>obtemperant,</span> <span class='ocrx_word' id='word_1_242' title='bbox 1025 1947 1083 1968; x_wconf 87' lang='lat' dir='ltr'>seu</span> <span class='ocrx_word' id='word_1_243' title='bbox 1113 1935 1274 1977; x_wconf 75' lang='lat' dir='ltr'>siugulis,</span> 
     </span>
     <span class='ocr_line' id='line_1_40' title="bbox 291 1986 1299 2037; baseline -0.008 -12"><span class='ocrx_word' id='word_1_244' title='bbox 291 2006 351 2028; x_wconf 86' lang='lat' dir='ltr'>seu</span> <span class='ocrx_word' id='word_1_245' title='bbox 377 1991 554 2037; x_wconf 86' lang='lat' dir='ltr'>pluribus:</span> <span class='ocrx_word' id='word_1_246' title='bbox 583 1997 616 2023; x_wconf 87' lang='lat' dir='ltr'>et</span> <span class='ocrx_word' id='word_1_247' title='bbox 638 1987 726 2022; x_wconf 87' lang='lat' dir='ltr'>hanc</span> <span class='ocrx_word' id='word_1_248' title='bbox 752 1999 870 2020; x_wconf 71' lang='lat' dir='ltr'>vocem</span> <span class='ocrx_word' id='word_1_249' title='bbox 893 1993 1037 2019; x_wconf 85' lang='lat' dir='ltr'>testatur</span> <span class='ocrx_word' id='word_1_250' title='bbox 1055 1986 1090 2018; x_wconf 89' lang='lat' dir='ltr'>in</span> <span class='ocrx_word' id='word_1_251' title='bbox 1104 1986 1200 2018; x_wconf 82' lang='lat' dir='ltr'>coelo</span> <span class='ocrx_word' id='word_1_252' title='bbox 1218 1997 1273 2018; x_wconf 90' lang='lat' dir='ltr'>ra-</span> <span class='ocrx_word' id='word_1_253' title='bbox 1296 1989 1299 2009; x_wconf 76' lang='lat'><strong>⁴</strong></span> 
     </span>
    </p>
   </div>
   <div class='ocr_carea' id='block_1_7' title="bbox 290 2036 1297 2502">
    <p class='ocr_par' dir='ltr' id='par_1_11' title="bbox 290 2036 1297 2502">
     <span class='ocr_line' id='line_1_41' title="bbox 290 2036 1272 2085; baseline -0.01 -7"><span class='ocrx_word' id='word_1_254' title='bbox 290 2052 361 2078; x_wconf 86' lang='lat' dir='ltr'>tam</span> <span class='ocrx_word' id='word_1_255' title='bbox 385 2055 466 2077; x_wconf 84' lang='lat' dir='ltr'>esse.</span> <span class='ocrx_word' id='word_1_256' title='bbox 528 2040 689 2085; x_wconf 81' lang='lat' dir='ltr'>Cumque</span> <span class='ocrx_word' id='word_1_257' title='bbox 713 2038 903 2081; x_wconf 80' lang='lat' dir='ltr'>accipimus</span> <span class='ocrx_word' id='word_1_258' title='bbox 927 2037 994 2069; x_wconf 82' lang='lat' dir='ltr'>side</span> <span class='ocrx_word' id='word_1_259' title='bbox 1015 2036 1272 2069; x_wconf 82' lang='lat' dir='ltr'>reconciliatio-</span> 
     </span>
     <span class='ocr_line' id='line_1_42' title="bbox 290 2084 1297 2134; baseline -0.009 -6"><span class='ocrx_word' id='word_1_260' title='bbox 290 2107 371 2128; x_wconf 88' lang='lat' dir='ltr'>nem</span> <span class='ocrx_word' id='word_1_261' title='bbox 384 2121 392 2134; x_wconf 93' lang='lat'>,</span> <span class='ocrx_word' id='word_1_262' title='bbox 421 2094 581 2127; x_wconf 88' lang='lat' dir='ltr'>incoatur</span> <span class='ocrx_word' id='word_1_263' title='bbox 599 2091 634 2124; x_wconf 93' lang='lat' dir='ltr'>in</span> <span class='ocrx_word' id='word_1_264' title='bbox 653 2090 755 2123; x_wconf 83' lang='lat' dir='ltr'>nohis</span> <span class='ocrx_word' id='word_1_265' title='bbox 770 2089 838 2122; x_wconf 70' lang='lat' dir='ltr'>vita</span> <span class='ocrx_word' id='word_1_266' title='bbox 857 2095 1014 2127; x_wconf 85' lang='lat' dir='ltr'>aeterna,</span> <span class='ocrx_word' id='word_1_267' title='bbox 1038 2094 1070 2121; x_wconf 89' lang='lat' dir='ltr'>ct</span> <span class='ocrx_word' id='word_1_268' title='bbox 1088 2094 1165 2131; x_wconf 92' lang='lat' dir='ltr'>post</span> <span class='ocrx_word' id='word_1_269' title='bbox 1183 2084 1272 2120; x_wconf 86' lang='lat' dir='ltr'>hanc</span> <span class='ocrx_word' id='word_1_270' title='bbox 1296 2098 1297 2134; x_wconf 57' lang='lat' dir='ltr'>J</span> 
     </span>
     <span class='ocr_line' id='line_1_43' title="bbox 292 2138 1271 2187; baseline -0.008 -9"><span class='ocrx_word' id='word_1_271' title='bbox 292 2147 398 2179; x_wconf 65' lang='lat' dir='ltr'>sitam</span> <span class='ocrx_word' id='word_1_272' title='bbox 425 2154 568 2187; x_wconf 86' lang='lat' dir='ltr'>prorsus</span> <span class='ocrx_word' id='word_1_273' title='bbox 593 2141 724 2175; x_wconf 82' lang='lat' dir='ltr'>abolito</span> <span class='ocrx_word' id='word_1_274' title='bbox 748 2146 885 2184; x_wconf 85' lang='lat' dir='ltr'>peccato</span> <span class='ocrx_word' id='word_1_275' title='bbox 909 2145 938 2171; x_wconf 88' lang='lat' dir='ltr'>ct</span> <span class='ocrx_word' id='word_1_276' title='bbox 965 2145 1094 2177; x_wconf 73' lang='lat' dir='ltr'>morte,</span> <span class='ocrx_word' id='word_1_277' title='bbox 1121 2138 1271 2171; x_wconf 84' lang='lat' dir='ltr'>donabi-</span> 
     </span>
     <span class='ocr_line' id='line_1_44' title="bbox 290 2189 1272 2239; baseline -0.01 -9"><span class='ocrx_word' id='word_1_278' title='bbox 290 2208 369 2230; x_wconf 85' lang='lat' dir='ltr'>mur</span> <span class='ocrx_word' id='word_1_279' title='bbox 384 2202 548 2239; x_wconf 80' lang='lat' dir='ltr'>perpetua</span> <span class='ocrx_word' id='word_1_280' title='bbox 566 2193 654 2233; x_wconf 79' lang='lat' dir='ltr'>vita,</span> <span class='ocrx_word' id='word_1_281' title='bbox 682 2193 774 2229; x_wconf 74' lang='lat' dir='ltr'>luce,</span> <span class='ocrx_word' id='word_1_282' title='bbox 802 2189 992 2233; x_wconf 81' lang='lat' dir='ltr'>sapientia,</span> <span class='ocrx_word' id='word_1_283' title='bbox 1021 2189 1175 2228; x_wconf 77' lang='lat' dir='ltr'>iusticia,</span> <span class='ocrx_word' id='word_1_284' title='bbox 1203 2189 1272 2221; x_wconf 82' lang='lat' dir='ltr'>lae-</span> 
     </span>
     <span class='ocr_line' id='line_1_45' title="bbox 290 2239 1270 2283; baseline -0.008 -3"><span class='ocrx_word' id='word_1_285' title='bbox 290 2247 364 2280; x_wconf 85' lang='lat' dir='ltr'>titia</span> <span class='ocrx_word' id='word_1_286' title='bbox 389 2253 419 2279; x_wconf 79' lang='lat' dir='ltr'>et</span> <span class='ocrx_word' id='word_1_287' title='bbox 443 2245 694 2278; x_wconf 78' lang='lat' dir='ltr'>consuetudine</span> <span class='ocrx_word' id='word_1_288' title='bbox 720 2241 796 2275; x_wconf 64' lang='lat' dir='ltr'>Dei.</span> <span class='ocrx_word' id='word_1_289' title='bbox 851 2239 943 2273; x_wconf 86' lang='lat' dir='ltr'>llaec</span> <span class='ocrx_word' id='word_1_290' title='bbox 969 2240 1086 2271; x_wconf 73' lang='lat' dir='ltr'>munia</span> <span class='ocrx_word' id='word_1_291' title='bbox 1113 2252 1270 2283; x_wconf 78' lang='lat' dir='ltr'>compre-</span> 
     </span>
     <span class='ocr_line' id='line_1_46' title="bbox 290 2290 1271 2334; baseline -0.008 -4"><span class='ocrx_word' id='word_1_292' title='bbox 290 2295 396 2330; x_wconf 85' lang='lat' dir='ltr'>hendi</span> <span class='ocrx_word' id='word_1_293' title='bbox 419 2296 587 2334; x_wconf 73' lang='lat' dir='ltr'>sciamus,</span> <span class='ocrx_word' id='word_1_294' title='bbox 614 2307 691 2327; x_wconf 90' lang='lat' dir='ltr'>cum</span> <span class='ocrx_word' id='word_1_295' title='bbox 718 2293 753 2326; x_wconf 77' lang='lat' dir='ltr'>sit</span> <span class='ocrx_word' id='word_1_296' title='bbox 772 2291 903 2324; x_wconf 80' lang='lat' dir='ltr'>mentio</span> <span class='ocrx_word' id='word_1_297' title='bbox 922 2290 1136 2323; x_wconf 77' lang='lat' dir='ltr'>remissionis</span> <span class='ocrx_word' id='word_1_298' title='bbox 1153 2303 1271 2333; x_wconf 71' lang='lat' dir='ltr'>perca-</span> 
     </span>
     <span class='ocr_line' id='line_1_47' title="bbox 291 2341 1269 2386; baseline -0.008 -5"><span class='ocrx_word' id='word_1_299' title='bbox 291 2356 422 2381; x_wconf 85' lang='lat' dir='ltr'>torurn:</span> <span class='ocrx_word' id='word_1_300' title='bbox 477 2358 515 2378; x_wconf 88' lang='lat' dir='ltr'>ac</span> <span class='ocrx_word' id='word_1_301' title='bbox 554 2345 760 2386; x_wconf 69' lang='lat' dir='ltr'>magnitudo</span> <span class='ocrx_word' id='word_1_302' title='bbox 794 2342 1065 2379; x_wconf 56' lang='lat' dir='ltr'>beneficiorum,</span> <span class='ocrx_word' id='word_1_303' title='bbox 1114 2353 1202 2385; x_wconf 77' lang='lat' dir='ltr'>quac</span> <span class='ocrx_word' id='word_1_304' title='bbox 1236 2341 1269 2373; x_wconf 92' lang='lat' dir='ltr'>in</span> 
     </span>
     <span class='ocr_line' id='line_1_48' title="bbox 291 2392 1297 2441; baseline -0.009 -10"><span class='ocrx_word' id='word_1_305' title='bbox 291 2398 485 2441; x_wconf 71' lang='lat' dir='ltr'>Evangelio</span> <span class='ocrx_word' id='word_1_306' title='bbox 516 2402 765 2439; x_wconf 82' lang='lat' dir='ltr'>proponuntur</span> <span class='ocrx_word' id='word_1_307' title='bbox 790 2406 850 2437; x_wconf 77' lang='lat' dir='ltr'>per</span> <span class='ocrx_word' id='word_1_308' title='bbox 874 2393 1121 2429; x_wconf 69' lang='lat' dir='ltr'>mediatori-ut,</span> <span class='ocrx_word' id='word_1_309' title='bbox 1156 2392 1270 2423; x_wconf 75' lang='lat' dir='ltr'>‹·ousi-</span> <span class='ocrx_word' id='word_1_310' title='bbox 1295 2402 1297 2416; x_wconf 71' lang='lat'>1</span> 
     </span>
     <span class='ocr_line' id='line_1_49' title="bbox 291 2444 1297 2502; baseline -0.005 -22"><span class='ocrx_word' id='word_1_311' title='bbox 291 2451 442 2482; x_wconf 79' lang='lat' dir='ltr'>deranda</span> <span class='ocrx_word' id='word_1_312' title='bbox 462 2455 509 2481; x_wconf 76' lang='lat' dir='ltr'>est</span> <span class='ocrx_word' id='word_1_313' title='bbox 522 2475 529 2487; x_wconf 78' lang='grc'>,</span> <span class='ocrx_word' id='word_1_314' title='bbox 559 2446 673 2479; x_wconf 68' lang='lat' dir='ltr'>verbis</span> <span class='ocrx_word' id='word_1_315' title='bbox 689 2445 842 2477; x_wconf 76' lang='lat' dir='ltr'>enarrari</span> <span class='ocrx_word' id='word_1_316' title='bbox 863 2444 944 2476; x_wconf 86' lang='lat' dir='ltr'>satis</span> <span class='ocrx_word' id='word_1_317' title='bbox 961 2456 1031 2475; x_wconf 90' lang='lat' dir='ltr'>non</span> <span class='ocrx_word' id='word_1_318' title='bbox 1049 2449 1169 2486; x_wconf 80' lang='lat' dir='ltr'>potest.</span> <span class='ocrx_word' id='word_1_319' title='bbox 1294 2451 1297 2502; x_wconf 79' lang='grc' dir='ltr'>Ι</span> 
     </span>
    </p>
   </div>
   <div class='ocr_carea' id='block_1_8' title="bbox 1297 1052 1306 2219">
    <p class='ocr_par' dir='ltr' id='par_1_12' title="bbox 1297 1052 1306 2219">
     <span class='ocr_line' id='line_1_50' title="bbox 1297 1052 1306 2219; baseline 0 0"><span class='ocrx_word' id='word_1_320' title='bbox 1297 1052 1306 2219; x_wconf 95' lang='lat' dir='ltr'> </span> 
     </span>
    </p>
   </div>
   <div class='ocr_carea' id='block_1_9' title="bbox 291 2503 1297 2655">
    <p class='ocr_par' dir='ltr' id='par_1_13' title="bbox 291 2503 1297 2655">
     <span class='ocr_line' id='line_1_51' title="bbox 396 2503 1297 2551; baseline -0.006 -5"><span class='ocrx_word' id='word_1_321' title='bbox 396 2515 545 2549; x_wconf 71' lang='lat' dir='ltr'>Erontra</span> <span class='ocrx_word' id='word_1_322' title='bbox 590 2521 622 2547; x_wconf 75' lang='lat' dir='ltr'>et</span> <span class='ocrx_word' id='word_1_323' title='bbox 667 2513 736 2545; x_wconf 77' lang='lat' dir='ltr'>ira·-</span> <span class='ocrx_word' id='word_1_324' title='bbox 777 2511 982 2551; x_wconf 64' lang='lat' dir='ltr'>insignitudo</span> <span class='ocrx_word' id='word_1_325' title='bbox 1018 2503 1297 2551; x_wconf 52' lang='lat' dir='ltr'>efflauit-rotun}</span> 
     </span>
     <span class='ocr_line' id='line_1_52' title="bbox 291 2562 1270 2606; baseline -0.007 -7"><span class='ocrx_word' id='word_1_326' title='bbox 291 2566 520 2606; x_wconf 69' lang='lat' dir='ltr'>Evangvtimu</span> <span class='ocrx_word' id='word_1_327' title='bbox 555 2564 741 2597; x_wconf 71' lang='lat' dir='ltr'>‹lenttnriat</span> <span class='ocrx_word' id='word_1_328' title='bbox 775 2562 1005 2594; x_wconf 70' lang='lat' dir='ltr'>retentionem</span> <span class='ocrx_word' id='word_1_329' title='bbox 1038 2567 1270 2604; x_wconf 70' lang='lat' dir='ltr'>pcccatorum,</span> 
     </span>
     <span class='ocr_line' id='line_1_53' title="bbox 291 2611 1270 2655; baseline -0.007 -4"><span class='ocrx_word' id='word_1_330' title='bbox 291 2619 323 2651; x_wconf 90' lang='lat' dir='ltr'>id</span> <span class='ocrx_word' id='word_1_331' title='bbox 349 2625 415 2653; x_wconf 74' lang='lat' dir='ltr'>est,</span> <span class='ocrx_word' id='word_1_332' title='bbox 445 2625 618 2649; x_wconf 68' lang='lat' dir='ltr'>aeti-ruam</span> <span class='ocrx_word' id='word_1_333' title='bbox 645 2616 748 2655; x_wconf 70' lang='lat' dir='ltr'>iram,</span> <span class='ocrx_word' id='word_1_334' title='bbox 777 2621 932 2644; x_wconf 69' lang='lat' dir='ltr'>aeternas</span> <span class='ocrx_word' id='word_1_335' title='bbox 959 2624 1087 2653; x_wconf 70' lang='lat' dir='ltr'>pot-iias</span> <span class='ocrx_word' id='word_1_336' title='bbox 1105 2611 1270 2644; x_wconf 76' lang='grc' dir='ltr'>οιιιιιίΙιιιε</span> 
     </span>
    </p>
   </div>
   <div class='ocr_carea' id='block_1_10' title="bbox 290 2662 1009 2704">
    <p class='ocr_par' dir='ltr' id='par_1_14' title="bbox 290 2662 1009 2704">
     <span class='ocr_line' id='line_1_54' title="bbox 290 2662 1009 2704; baseline -0.008 -4"><span class='ocrx_word' id='word_1_337' title='bbox 290 2669 565 2701; x_wconf 68' lang='lat' dir='ltr'>contemtoribus</span> <span class='ocrx_word' id='word_1_338' title='bbox 586 2675 614 2700; x_wconf 74' lang='lat' dir='ltr'>et</span> <span class='ocrx_word' id='word_1_339' title='bbox 638 2665 795 2698; x_wconf 74' lang='lat' dir='ltr'>hostilius</span> <span class='ocrx_word' id='word_1_340' title='bbox 819 2662 1009 2704; x_wconf 46' lang='lat' dir='ltr'>livingo-tii.</span> 
     </span>
    </p>
   </div>
   <div class='ocr_carea' id='block_1_11' title="bbox 891 95 1720 136">
    <p class='ocr_par' dir='ltr' id='par_1_15' title="bbox 891 95 1720 136">
     <span class='ocr_line' id='line_1_55' title="bbox 891 95 1720 136; baseline -0.001 -3"><span class='ocrx_word' id='word_1_341' title='bbox 891 98 1013 133; x_wconf 85' lang='lat' dir='ltr'>PHlL.</span> <span class='ocrx_word' id='word_1_342' title='bbox 1042 97 1156 134; x_wconf 81' lang='lat' dir='ltr'>MEL.</span> <span class='ocrx_word' id='word_1_343' title='bbox 1185 95 1393 136; x_wconf 83' lang='lat' dir='ltr'>SCRtPTA</span> <span class='ocrx_word' id='word_1_344' title='bbox 1420 95 1720 133; x_wconf 85' lang='lat' dir='ltr'>EXEGETICA.</span> 
     </span>
    </p>
   </div>
   <div class='ocr_carea' id='block_1_12' title="bbox 1302 1098 1538 1133">
    <p class='ocr_par' dir='ltr' id='par_1_16' title="bbox 1302 1098 1538 1133">
     <span class='ocr_line' id='line_1_56' title="bbox 1302 1098 1538 1133; baseline 0.013 -3"><span class='ocrx_word' id='word_1_345' title='bbox 1302 1103 1304 1109; x_wconf 82' lang='lat'><em>&#39;</em></span> <span class='ocrx_word' id='word_1_346' title='bbox 1329 1098 1538 1133; x_wconf 85' lang='lat' dir='ltr'>iustificatio.</span> 
     </span>
    </p>
   </div>
   <div class='ocr_carea' id='block_1_13' title="bbox 2240 97 2316 134">
    <p class='ocr_par' dir='ltr' id='par_1_17' title="bbox 2240 97 2316 134">
     <span class='ocr_line' id='line_1_57' title="bbox 2240 97 2316 134; baseline -0.026 0"><span class='ocrx_word' id='word_1_347' title='bbox 2240 97 2316 134; x_wconf 77' lang='lat'>260</span> 
     </span>
    </p>
   </div>
   <div class='ocr_carea' id='block_1_14' title="bbox 1330 179 2317 882">
    <p class='ocr_par' dir='ltr' id='par_1_18' title="bbox 1330 179 2317 882">
     <span class='ocr_line' id='line_1_58' title="bbox 1431 179 2315 227; baseline 0.001 -12"><span class='ocrx_word' id='word_1_348' title='bbox 1431 180 1504 216; x_wconf 89' lang='lat' dir='ltr'>Nec</span> <span class='ocrx_word' id='word_1_349' title='bbox 1536 183 1684 216; x_wconf 89' lang='lat' dir='ltr'>dubium</span> <span class='ocrx_word' id='word_1_350' title='bbox 1711 189 1761 217; x_wconf 84' lang='lat' dir='ltr'>est</span> <span class='ocrx_word' id='word_1_351' title='bbox 1785 182 1957 227; x_wconf 88' lang='lat' dir='ltr'>sapientes</span> <span class='ocrx_word' id='word_1_352' title='bbox 1981 179 2174 225; x_wconf 85' lang='lat' dir='ltr'>Epicureos</span> <span class='ocrx_word' id='word_1_353' title='bbox 2195 193 2235 215; x_wconf 86' lang='lat' dir='ltr'>ex</span> <span class='ocrx_word' id='word_1_354' title='bbox 2257 193 2315 216; x_wconf 89' lang='lat' dir='ltr'>su-</span> 
     </span>
     <span class='ocr_line' id='line_1_59' title="bbox 1330 231 2314 275; baseline 0.004 -12"><span class='ocrx_word' id='word_1_355' title='bbox 1330 231 1433 264; x_wconf 88' lang='lat' dir='ltr'>blimi</span> <span class='ocrx_word' id='word_1_356' title='bbox 1459 233 1617 266; x_wconf 88' lang='lat' dir='ltr'>deridere</span> <span class='ocrx_word' id='word_1_357' title='bbox 1641 231 1708 267; x_wconf 90' lang='lat' dir='ltr'>hoc</span> <span class='ocrx_word' id='word_1_358' title='bbox 1731 234 1883 267; x_wconf 89' lang='lat' dir='ltr'>dictum:</span> <span class='ocrx_word' id='word_1_359' title='bbox 1912 231 2074 275; x_wconf 87' lang='lat' dir='ltr'>Quorum</span> <span class='ocrx_word' id='word_1_360' title='bbox 2098 232 2314 267; x_wconf 83' lang='lat' dir='ltr'>retinueritis</span> 
     </span>
     <span class='ocr_line' id='line_1_60' title="bbox 1332 279 2315 327; baseline 0.002 -12"><span class='ocrx_word' id='word_1_361' title='bbox 1332 289 1486 325; x_wconf 84' lang='lat' dir='ltr'>peccata,</span> <span class='ocrx_word' id='word_1_362' title='bbox 1528 290 1661 317; x_wconf 86' lang='lat' dir='ltr'>retenta</span> <span class='ocrx_word' id='word_1_363' title='bbox 1700 291 1814 318; x_wconf 89' lang='lat' dir='ltr'>erunt.</span> <span class='ocrx_word' id='word_1_364' title='bbox 1884 282 1982 326; x_wconf 85' lang='lat' dir='ltr'>Quid</span> <span class='ocrx_word' id='word_1_365' title='bbox 2013 279 2097 322; x_wconf 88' lang='lat' dir='ltr'>hoc,</span> <span class='ocrx_word' id='word_1_366' title='bbox 2135 282 2315 327; x_wconf 82' lang='lat' dir='ltr'>inquiunt,</span> 
     </span>
     <span class='ocr_line' id='line_1_61' title="bbox 1331 330 2314 377; baseline 0.003 -13"><span class='ocrx_word' id='word_1_367' title='bbox 1331 332 1413 365; x_wconf 86' lang='lat' dir='ltr'>mali</span> <span class='ocrx_word' id='word_1_368' title='bbox 1434 333 1506 366; x_wconf 81' lang='lat' dir='ltr'>est?</span> <span class='ocrx_word' id='word_1_369' title='bbox 1555 333 1623 367; x_wconf 86' lang='lat' dir='ltr'>Sed</span> <span class='ocrx_word' id='word_1_370' title='bbox 1644 335 1817 377; x_wconf 80' lang='lat' dir='ltr'>fugiamus</span> <span class='ocrx_word' id='word_1_371' title='bbox 1834 341 1867 367; x_wconf 86' lang='lat' dir='ltr'>et</span> <span class='ocrx_word' id='word_1_372' title='bbox 1884 335 2095 367; x_wconf 86' lang='lat' dir='ltr'>detestemur</span> <span class='ocrx_word' id='word_1_373' title='bbox 2111 330 2314 376; x_wconf 87' lang='lat' dir='ltr'>Epicureos,</span> 
     </span>
     <span class='ocr_line' id='line_1_62' title="bbox 1332 382 2315 418; baseline 0.002 -3"><span class='ocrx_word' id='word_1_374' title='bbox 1332 395 1395 415; x_wconf 91' lang='lat' dir='ltr'>nec</span> <span class='ocrx_word' id='word_1_375' title='bbox 1418 389 1684 417; x_wconf 83' lang='lat' dir='ltr'>contemnamus</span> <span class='ocrx_word' id='word_1_376' title='bbox 1708 382 1791 417; x_wconf 91' lang='lat' dir='ltr'>haec</span> <span class='ocrx_word' id='word_1_377' title='bbox 1814 384 1975 418; x_wconf 85' lang='lat' dir='ltr'>coelestia</span> <span class='ocrx_word' id='word_1_378' title='bbox 1997 383 2160 418; x_wconf 81' lang='lat' dir='ltr'>fulmina.</span> <span class='ocrx_word' id='word_1_379' title='bbox 2221 384 2315 417; x_wconf 86' lang='lat' dir='ltr'>Deus</span> 
     </span>
     <span class='ocr_line' id='line_1_63' title="bbox 1332 431 2315 478; baseline 0.002 -13"><span class='ocrx_word' id='word_1_380' title='bbox 1332 434 1367 465; x_wconf 89' lang='lat' dir='ltr'>iu</span> <span class='ocrx_word' id='word_1_381' title='bbox 1394 431 1586 477; x_wconf 85' lang='lat' dir='ltr'>Evangelio</span> <span class='ocrx_word' id='word_1_382' title='bbox 1619 446 1682 467; x_wconf 90' lang='lat' dir='ltr'>suo</span> <span class='ocrx_word' id='word_1_383' title='bbox 1711 435 1872 478; x_wconf 80' lang='lat' dir='ltr'>patefacit</span> <span class='ocrx_word' id='word_1_384' title='bbox 1903 435 1989 467; x_wconf 87' lang='lat' dir='ltr'>iram</span> <span class='ocrx_word' id='word_1_385' title='bbox 2019 446 2116 467; x_wconf 87' lang='lat' dir='ltr'>suam</span> <span class='ocrx_word' id='word_1_386' title='bbox 2148 435 2315 467; x_wconf 86' lang='lat' dir='ltr'>adversus</span> 
     </span>
     <span class='ocr_line' id='line_1_64' title="bbox 1332 483 2315 526; baseline 0.001 -10"><span class='ocrx_word' id='word_1_387' title='bbox 1332 491 1563 517; x_wconf 85' lang='lat' dir='ltr'>contemtores</span> <span class='ocrx_word' id='word_1_388' title='bbox 1595 492 1625 518; x_wconf 88' lang='lat' dir='ltr'>et</span> <span class='ocrx_word' id='word_1_389' title='bbox 1658 483 1775 518; x_wconf 88' lang='lat' dir='ltr'>hostes</span> <span class='ocrx_word' id='word_1_390' title='bbox 1800 483 1953 526; x_wconf 80' lang='lat' dir='ltr'>Christi,</span> <span class='ocrx_word' id='word_1_391' title='bbox 1987 485 2075 517; x_wconf 86' lang='lat' dir='ltr'>sicut</span> <span class='ocrx_word' id='word_1_392' title='bbox 2101 484 2232 518; x_wconf 88' lang='lat' dir='ltr'>Moises</span> <span class='ocrx_word' id='word_1_393' title='bbox 2259 485 2315 517; x_wconf 89' lang='lat' dir='ltr'>in-</span> 
     </span>
     <span class='ocr_line' id='line_1_65' title="bbox 1332 535 2317 578; baseline 0.001 -12"><span class='ocrx_word' id='word_1_394' title='bbox 1332 535 1426 578; x_wconf 84' lang='lat' dir='ltr'>quit:</span> <span class='ocrx_word' id='word_1_395' title='bbox 1469 535 1541 577; x_wconf 82' lang='lat' dir='ltr'>Qui</span> <span class='ocrx_word' id='word_1_396' title='bbox 1576 548 1647 568; x_wconf 91' lang='lat' dir='ltr'>non</span> <span class='ocrx_word' id='word_1_397' title='bbox 1679 535 1830 568; x_wconf 85' lang='lat' dir='ltr'>audierit</span> <span class='ocrx_word' id='word_1_398' title='bbox 1864 548 1963 576; x_wconf 87' lang='lat' dir='ltr'>eum,</span> <span class='ocrx_word' id='word_1_399' title='bbox 1993 547 2055 575; x_wconf 76' lang='lat' dir='ltr'>ego</span> <span class='ocrx_word' id='word_1_400' title='bbox 2089 535 2214 568; x_wconf 79' lang='lat' dir='ltr'>vindex</span> <span class='ocrx_word' id='word_1_401' title='bbox 2246 547 2317 568; x_wconf 88' lang='lat' dir='ltr'>ero.</span> 
     </span>
     <span class='ocr_line' id='line_1_66' title="bbox 1331 584 2316 629; baseline 0.001 -12"><span class='ocrx_word' id='word_1_402' title='bbox 1331 584 1432 618; x_wconf 88' lang='lat' dir='ltr'>Hanc</span> <span class='ocrx_word' id='word_1_403' title='bbox 1454 597 1573 618; x_wconf 82' lang='lat' dir='ltr'>vocem</span> <span class='ocrx_word' id='word_1_404' title='bbox 1592 586 1666 619; x_wconf 78' lang='lat' dir='ltr'>vult</span> <span class='ocrx_word' id='word_1_405' title='bbox 1687 586 1780 619; x_wconf 87' lang='lat' dir='ltr'>Deus</span> <span class='ocrx_word' id='word_1_406' title='bbox 1800 586 2029 629; x_wconf 81' lang='lat' dir='ltr'>pronunciari</span> <span class='ocrx_word' id='word_1_407' title='bbox 2049 586 2213 618; x_wconf 78' lang='lat' dir='ltr'>adversus</span> <span class='ocrx_word' id='word_1_408' title='bbox 2231 597 2316 618; x_wconf 91' lang='lat' dir='ltr'>con-</span> 
     </span>
     <span class='ocr_line' id='line_1_67' title="bbox 1332 634 2312 676; baseline -0.001 -8"><span class='ocrx_word' id='word_1_409' title='bbox 1332 642 1496 669; x_wconf 84' lang='lat' dir='ltr'>temtores</span> <span class='ocrx_word' id='word_1_410' title='bbox 1527 643 1559 670; x_wconf 89' lang='lat' dir='ltr'>et</span> <span class='ocrx_word' id='word_1_411' title='bbox 1583 634 1699 670; x_wconf 88' lang='lat' dir='ltr'>hostes</span> <span class='ocrx_word' id='word_1_412' title='bbox 1726 634 1877 676; x_wconf 85' lang='lat' dir='ltr'>Christi,</span> <span class='ocrx_word' id='word_1_413' title='bbox 1913 644 1945 669; x_wconf 90' lang='lat' dir='ltr'>et</span> <span class='ocrx_word' id='word_1_414' title='bbox 1969 636 2176 668; x_wconf 86' lang='lat' dir='ltr'>sententiam</span> <span class='ocrx_word' id='word_1_415' title='bbox 2203 643 2312 668; x_wconf 83' lang='lat' dir='ltr'>ratam</span> 
     </span>
     <span class='ocr_line' id='line_1_68' title="bbox 1332 684 2316 731; baseline 0.001 -13"><span class='ocrx_word' id='word_1_416' title='bbox 1332 698 1403 719; x_wconf 89' lang='lat' dir='ltr'>csse</span> <span class='ocrx_word' id='word_1_417' title='bbox 1419 693 1578 720; x_wconf 84' lang='lat' dir='ltr'>aeternae</span> <span class='ocrx_word' id='word_1_418' title='bbox 1595 699 1728 731; x_wconf 89' lang='lat' dir='ltr'>poenae</span> <span class='ocrx_word' id='word_1_419' title='bbox 1743 687 1975 721; x_wconf 82' lang='lat' dir='ltr'>testabuntur.</span> <span class='ocrx_word' id='word_1_420' title='bbox 2023 684 2068 719; x_wconf 90' lang='lat' dir='ltr'>Et</span> <span class='ocrx_word' id='word_1_421' title='bbox 2084 697 2183 729; x_wconf 82' lang='lat' dir='ltr'>saepe</span> <span class='ocrx_word' id='word_1_422' title='bbox 2199 686 2234 718; x_wconf 94' lang='lat' dir='ltr'>in</span> <span class='ocrx_word' id='word_1_423' title='bbox 2251 684 2316 720; x_wconf 84' lang='lat' dir='ltr'>hac</span> 
     </span>
     <span class='ocr_line' id='line_1_69' title="bbox 1332 734 2314 781; baseline 0 -13"><span class='ocrx_word' id='word_1_424' title='bbox 1332 737 1401 769; x_wconf 88' lang='lat' dir='ltr'>vita</span> <span class='ocrx_word' id='word_1_425' title='bbox 1424 737 1606 770; x_wconf 86' lang='lat' dir='ltr'>manifesta</span> <span class='ocrx_word' id='word_1_426' title='bbox 1633 750 1764 781; x_wconf 84' lang='lat' dir='ltr'>poenae</span> <span class='ocrx_word' id='word_1_427' title='bbox 1787 738 1882 779; x_wconf 81' lang='lat' dir='ltr'>signa</span> <span class='ocrx_word' id='word_1_428' title='bbox 1906 743 1988 770; x_wconf 90' lang='lat' dir='ltr'>sunt</span> <span class='ocrx_word' id='word_1_429' title='bbox 2007 734 2112 769; x_wconf 89' lang='lat' dir='ltr'>huius</span> <span class='ocrx_word' id='word_1_430' title='bbox 2131 737 2242 769; x_wconf 77' lang='lat' dir='ltr'>divini</span> <span class='ocrx_word' id='word_1_431' title='bbox 2260 737 2314 768; x_wconf 84' lang='lat' dir='ltr'>iu-</span> 
     </span>
     <span class='ocr_line' id='line_1_70' title="bbox 1331 782 2316 827; baseline -0.001 -7"><span class='ocrx_word' id='word_1_432' title='bbox 1331 787 1433 827; x_wconf 88' lang='lat' dir='ltr'>dicii,</span> <span class='ocrx_word' id='word_1_433' title='bbox 1459 794 1498 820; x_wconf 89' lang='lat' dir='ltr'>ut</span> <span class='ocrx_word' id='word_1_434' title='bbox 1521 786 1679 821; x_wconf 82' lang='lat' dir='ltr'>Ananias</span> <span class='ocrx_word' id='word_1_435' title='bbox 1704 788 1912 821; x_wconf 79' lang='lat' dir='ltr'>interficitur</span> <span class='ocrx_word' id='word_1_436' title='bbox 1935 799 2018 820; x_wconf 74' lang='lat' dir='ltr'>voce</span> <span class='ocrx_word' id='word_1_437' title='bbox 2038 782 2158 826; x_wconf 54' lang='lat' dir='ltr'>Petri(</span> <span class='ocrx_word' id='word_1_438' title='bbox 2180 784 2316 825; x_wconf 84' lang='lat' dir='ltr'>Achab,</span> 
     </span>
     <span class='ocr_line' id='line_1_71' title="bbox 1333 836 2232 882; baseline -0.001 -12"><span class='ocrx_word' id='word_1_439' title='bbox 1333 836 1464 871; x_wconf 83' lang='lat' dir='ltr'>lesabcl</span> <span class='ocrx_word' id='word_1_440' title='bbox 1482 840 1566 872; x_wconf 86' lang='lat' dir='ltr'>dant</span> <span class='ocrx_word' id='word_1_441' title='bbox 1585 851 1713 882; x_wconf 87' lang='lat' dir='ltr'>poenas</span> <span class='ocrx_word' id='word_1_442' title='bbox 1731 839 1848 872; x_wconf 78' lang='lat' dir='ltr'>reiecti</span> <span class='ocrx_word' id='word_1_443' title='bbox 1867 852 1883 871; x_wconf 89' lang='lat' dir='ltr'>a</span> <span class='ocrx_word' id='word_1_444' title='bbox 1904 837 1997 877; x_wconf 90' lang='lat' dir='ltr'>Deo,</span> <span class='ocrx_word' id='word_1_445' title='bbox 2023 849 2107 870; x_wconf 70' lang='lat' dir='ltr'>voce</span> <span class='ocrx_word' id='word_1_446' title='bbox 2121 836 2232 873; x_wconf 83' lang='lat' dir='ltr'>Eliae.</span> 
     </span>
    </p>
   </div>
   <div class='ocr_carea' id='block_1_15' title="bbox 1433 895 2366 941">
    <p class='ocr_par' dir='ltr' id='par_1_19' title="bbox 1433 895 2366 941">
     <span class='ocr_line' id='line_1_72' title="bbox 1433 895 2366 941; baseline -0.001 -12"><span class='ocrx_word' id='word_1_447' title='bbox 1433 895 1528 929; x_wconf 86' lang='lat' dir='ltr'>Haec</span> <span class='ocrx_word' id='word_1_448' title='bbox 1545 909 1633 941; x_wconf 85' lang='lat' dir='ltr'>quae</span> <span class='ocrx_word' id='word_1_449' title='bbox 1647 899 1689 931; x_wconf 89' lang='lat' dir='ltr'>de</span> <span class='ocrx_word' id='word_1_450' title='bbox 1705 898 1871 930; x_wconf 85' lang='lat' dir='ltr'>missione</span> <span class='ocrx_word' id='word_1_451' title='bbox 1889 897 2141 941; x_wconf 81' lang='lat' dir='ltr'>Apostolorum</span> <span class='ocrx_word' id='word_1_452' title='bbox 2165 902 2197 929; x_wconf 91' lang='lat' dir='ltr'>et</span> <span class='ocrx_word' id='word_1_453' title='bbox 2221 907 2315 929; x_wconf 88' lang='lat' dir='ltr'>sum-</span> <span class='ocrx_word' id='word_1_454' title='bbox 2364 899 2366 901; x_wconf 72' lang='grc'><strong><em>’</em></strong></span> 
     </span>
    </p>
   </div>
   <div class='ocr_carea' id='block_1_16' title="bbox 1329 944 2316 1184">
    <p class='ocr_par' dir='ltr' id='par_1_20' title="bbox 1329 944 2316 1184">
     <span class='ocr_line' id='line_1_73' title="bbox 1330 944 2316 990; baseline 0 -12"><span class='ocrx_word' id='word_1_455' title='bbox 1330 958 1385 979; x_wconf 86' lang='lat' dir='ltr'>ma</span> <span class='ocrx_word' id='word_1_456' title='bbox 1408 944 1593 990; x_wconf 85' lang='lat' dir='ltr'>Evangelii</span> <span class='ocrx_word' id='word_1_457' title='bbox 1626 948 1780 982; x_wconf 86' lang='lat' dir='ltr'>breviter</span> <span class='ocrx_word' id='word_1_458' title='bbox 1811 948 1982 988; x_wconf 83' lang='lat' dir='ltr'>diximus,</span> <span class='ocrx_word' id='word_1_459' title='bbox 2017 947 2176 989; x_wconf 84' lang='lat' dir='ltr'>longiore</span> <span class='ocrx_word' id='word_1_460' title='bbox 2205 946 2316 990; x_wconf 80' lang='lat' dir='ltr'>expli-</span> 
     </span>
     <span class='ocr_line' id='line_1_74' title="bbox 1330 995 2316 1042; baseline 0 -12"><span class='ocrx_word' id='word_1_461' title='bbox 1330 997 1466 1030; x_wconf 81' lang='lat' dir='ltr'>catione</span> <span class='ocrx_word' id='word_1_462' title='bbox 1490 1005 1701 1039; x_wconf 82' lang='lat' dir='ltr'>tractantur,</span> <span class='ocrx_word' id='word_1_463' title='bbox 1735 1011 1813 1032; x_wconf 90' lang='lat' dir='ltr'>cum</span> <span class='ocrx_word' id='word_1_464' title='bbox 1840 999 1987 1038; x_wconf 90' lang='lat' dir='ltr'>dicitur,</span> <span class='ocrx_word' id='word_1_465' title='bbox 2014 998 2099 1042; x_wconf 89' lang='lat' dir='ltr'>quid</span> <span class='ocrx_word' id='word_1_466' title='bbox 2123 997 2169 1030; x_wconf 88' lang='lat' dir='ltr'>sit</span> <span class='ocrx_word' id='word_1_467' title='bbox 2192 995 2316 1030; x_wconf 65' lang='lat' dir='ltr'>Eccle-</span> 
     </span>
     <span class='ocr_line' id='line_1_75' title="bbox 1329 1047 2313 1093; baseline -0.001 -13"><span class='ocrx_word' id='word_1_468' title='bbox 1329 1048 1399 1087; x_wconf 90' lang='lat' dir='ltr'>sia,</span> <span class='ocrx_word' id='word_1_469' title='bbox 1432 1049 1517 1093; x_wconf 84' lang='lat' dir='ltr'>quid</span> <span class='ocrx_word' id='word_1_470' title='bbox 1552 1047 1803 1092; x_wconf 78' lang='lat' dir='ltr'>Evangelium,</span> <span class='ocrx_word' id='word_1_471' title='bbox 1838 1049 1923 1093; x_wconf 88' lang='lat' dir='ltr'>quid</span> <span class='ocrx_word' id='word_1_472' title='bbox 1958 1047 2193 1092; x_wconf 85' lang='lat' dir='ltr'>poenitentia,</span> <span class='ocrx_word' id='word_1_473' title='bbox 2228 1047 2313 1092; x_wconf 85' lang='lat' dir='ltr'>quid</span> 
     </span>
     <span class='ocr_line' id='line_1_76' title="bbox 1589 1095 2314 1143; baseline -0.001 -11"><span class='ocrx_word' id='word_1_474' title='bbox 1589 1098 1642 1132; x_wconf 83' lang='lat' dir='ltr'>Ex</span> <span class='ocrx_word' id='word_1_475' title='bbox 1667 1097 1721 1132; x_wconf 87' lang='lat' dir='ltr'>his</span> <span class='ocrx_word' id='word_1_476' title='bbox 1744 1099 1828 1132; x_wconf 90' lang='lat' dir='ltr'>locis</span> <span class='ocrx_word' id='word_1_477' title='bbox 1846 1099 1946 1143; x_wconf 84' lang='lat' dir='ltr'>plura</span> <span class='ocrx_word' id='word_1_478' title='bbox 1961 1108 2146 1132; x_wconf 86' lang='lat' dir='ltr'>sumantur</span> <span class='ocrx_word' id='word_1_479' title='bbox 2161 1099 2204 1131; x_wconf 84' lang='lat' dir='ltr'>ad</span> <span class='ocrx_word' id='word_1_480' title='bbox 2223 1095 2314 1131; x_wconf 85' lang='lat' dir='ltr'>hanc</span> 
     </span>
     <span class='ocr_line' id='line_1_77' title="bbox 1329 1150 1601 1184; baseline 0.007 -2"><span class='ocrx_word' id='word_1_481' title='bbox 1329 1150 1601 1184; x_wconf 85' lang='lat' dir='ltr'>enarrationem.</span> 
     </span>
    </p>
   </div>
   <div class='ocr_carea' id='block_1_17' title="bbox 1714 1233 1927 1262">
    <p class='ocr_par' dir='ltr' id='par_1_21' title="bbox 1714 1233 1927 1262">
     <span class='ocr_line' id='line_1_78' title="bbox 1714 1233 1927 1262; baseline 0.005 -6"><span class='ocrx_word' id='word_1_482' title='bbox 1714 1233 1760 1256; x_wconf 82' lang='lat' dir='ltr'>De</span> <span class='ocrx_word' id='word_1_483' title='bbox 1793 1235 1927 1262; x_wconf 79' lang='lat' dir='ltr'>quarto.</span> 
     </span>
    </p>
   </div>
   <div class='ocr_carea' id='block_1_18' title="bbox 1326 1283 2316 1582">
    <p class='ocr_par' dir='ltr' id='par_1_22' title="bbox 1326 1283 2316 1582">
     <span class='ocr_line' id='line_1_79' title="bbox 1429 1283 2316 1329; baseline 0.002 -12"><span class='ocrx_word' id='word_1_484' title='bbox 1429 1285 1626 1329; x_wconf 81' lang='lat' dir='ltr'>Diligenter</span> <span class='ocrx_word' id='word_1_485' title='bbox 1647 1283 1703 1318; x_wconf 89' lang='lat' dir='ltr'>hic</span> <span class='ocrx_word' id='word_1_486' title='bbox 1726 1287 1889 1318; x_wconf 80' lang='lat' dir='ltr'>observes</span> <span class='ocrx_word' id='word_1_487' title='bbox 1915 1285 2110 1319; x_wconf 87' lang='lat' dir='ltr'>doctrinam</span> <span class='ocrx_word' id='word_1_488' title='bbox 2135 1286 2178 1318; x_wconf 91' lang='lat' dir='ltr'>de</span> <span class='ocrx_word' id='word_1_489' title='bbox 2204 1285 2316 1319; x_wconf 85' lang='lat' dir='ltr'>tribus</span> 
     </span>
     <span class='ocr_line' id='line_1_80' title="bbox 1328 1335 2315 1377; baseline 0.004 -11"><span class='ocrx_word' id='word_1_490' title='bbox 1328 1336 1485 1377; x_wconf 86' lang='lat' dir='ltr'>personis</span> <span class='ocrx_word' id='word_1_491' title='bbox 1508 1337 1716 1369; x_wconf 82' lang='lat' dir='ltr'>divinitatis.</span> <span class='ocrx_word' id='word_1_492' title='bbox 1771 1336 1828 1370; x_wconf 83' lang='lat' dir='ltr'>Fit</span> <span class='ocrx_word' id='word_1_493' title='bbox 1852 1337 1984 1369; x_wconf 88' lang='lat' dir='ltr'>mentio</span> <span class='ocrx_word' id='word_1_494' title='bbox 2000 1337 2131 1370; x_wconf 84' lang='lat' dir='ltr'>aeterni</span> <span class='ocrx_word' id='word_1_495' title='bbox 2151 1335 2265 1369; x_wconf 77' lang='lat' dir='ltr'>Patris</span> <span class='ocrx_word' id='word_1_496' title='bbox 2282 1343 2315 1370; x_wconf 85' lang='lat' dir='ltr'>et</span> 
     </span>
     <span class='ocr_line' id='line_1_81' title="bbox 1326 1384 2314 1430; baseline 0.005 -14"><span class='ocrx_word' id='word_1_497' title='bbox 1326 1384 1426 1418; x_wconf 80' lang='lat' dir='ltr'>Filii:</span> <span class='ocrx_word' id='word_1_498' title='bbox 1464 1385 1562 1420; x_wconf 88' lang='lat' dir='ltr'>Sicut</span> <span class='ocrx_word' id='word_1_499' title='bbox 1589 1393 1685 1430; x_wconf 86' lang='lat' dir='ltr'>pater</span> <span class='ocrx_word' id='word_1_500' title='bbox 1714 1387 1807 1419; x_wconf 87' lang='lat' dir='ltr'>misit</span> <span class='ocrx_word' id='word_1_501' title='bbox 1831 1399 1904 1424; x_wconf 88' lang='lat' dir='ltr'>me,</span> <span class='ocrx_word' id='word_1_502' title='bbox 1939 1394 1971 1419; x_wconf 84' lang='lat' dir='ltr'>et</span> <span class='ocrx_word' id='word_1_503' title='bbox 1996 1398 2058 1429; x_wconf 76' lang='lat' dir='ltr'>ego</span> <span class='ocrx_word' id='word_1_504' title='bbox 2082 1390 2218 1420; x_wconf 87' lang='lat' dir='ltr'>mittam</span> <span class='ocrx_word' id='word_1_505' title='bbox 2241 1398 2314 1421; x_wconf 78' lang='lat' dir='ltr'>vos·</span> 
     </span>
     <span class='ocr_line' id='line_1_82' title="bbox 1326 1436 2315 1480; baseline 0.002 -12"><span class='ocrx_word' id='word_1_506' title='bbox 1326 1437 1460 1469; x_wconf 83' lang='lat' dir='ltr'>Deinde</span> <span class='ocrx_word' id='word_1_507' title='bbox 1485 1437 1521 1470; x_wconf 86' lang='lat' dir='ltr'>fit</span> <span class='ocrx_word' id='word_1_508' title='bbox 1545 1437 1676 1470; x_wconf 72' lang='lat' dir='ltr'>mentio</span> <span class='ocrx_word' id='word_1_509' title='bbox 1694 1436 1848 1480; x_wconf 85' lang='lat' dir='ltr'>Spiritus</span> <span class='ocrx_word' id='word_1_510' title='bbox 1872 1438 1999 1469; x_wconf 85' lang='lat' dir='ltr'>sancti:</span> <span class='ocrx_word' id='word_1_511' title='bbox 2032 1436 2169 1471; x_wconf 76' lang='lat' dir='ltr'>inflavit</span> <span class='ocrx_word' id='word_1_512' title='bbox 2196 1437 2231 1470; x_wconf 92' lang='lat' dir='ltr'>in</span> <span class='ocrx_word' id='word_1_513' title='bbox 2256 1449 2315 1470; x_wconf 87' lang='lat' dir='ltr'>eos</span> 
     </span>
     <span class='ocr_line' id='line_1_83' title="bbox 1327 1486 2314 1530; baseline 0 -10"><span class='ocrx_word' id='word_1_514' title='bbox 1327 1487 1499 1530; x_wconf 86' lang='lat' dir='ltr'>Spiritum</span> <span class='ocrx_word' id='word_1_515' title='bbox 1531 1494 1701 1520; x_wconf 85' lang='lat' dir='ltr'>sanctum.</span> <span class='ocrx_word' id='word_1_516' title='bbox 1763 1486 1857 1520; x_wconf 87' lang='lat' dir='ltr'>Ilaec</span> <span class='ocrx_word' id='word_1_517' title='bbox 1888 1487 1961 1519; x_wconf 82' lang='lat' dir='ltr'>loca</span> <span class='ocrx_word' id='word_1_518' title='bbox 1989 1487 2025 1519; x_wconf 89' lang='lat' dir='ltr'>in</span> <span class='ocrx_word' id='word_1_519' title='bbox 2052 1487 2314 1530; x_wconf 83' lang='lat' dir='ltr'>precationibus</span> 
     </span>
     <span class='ocr_line' id='line_1_84' title="bbox 1329 1535 2315 1582; baseline 0.001 -13"><span class='ocrx_word' id='word_1_520' title='bbox 1329 1537 1458 1570; x_wconf 88' lang='lat' dir='ltr'>nostris</span> <span class='ocrx_word' id='word_1_521' title='bbox 1491 1538 1701 1581; x_wconf 77' lang='lat' dir='ltr'>rogitemus,</span> <span class='ocrx_word' id='word_1_522' title='bbox 1744 1545 1775 1571; x_wconf 86' lang='lat' dir='ltr'>et</span> <span class='ocrx_word' id='word_1_523' title='bbox 1808 1544 1987 1570; x_wconf 78' lang='lat' dir='ltr'>aeternum</span> <span class='ocrx_word' id='word_1_524' title='bbox 2020 1535 2133 1570; x_wconf 83' lang='lat' dir='ltr'>Deum</span> <span class='ocrx_word' id='word_1_525' title='bbox 2168 1545 2315 1582; x_wconf 73' lang='lat' dir='ltr'>patrem,</span> 
     </span>
    </p>
   </div>
   <div class='ocr_carea' id='block_1_19' title="bbox 1300 1587 2314 1632">
    <p class='ocr_par' dir='ltr' id='par_1_23' title="bbox 1300 1587 2314 1632">
     <span class='ocr_line' id='line_1_85' title="bbox 1300 1587 2314 1632; baseline 0.001 -12"><span class='ocrx_word' id='word_1_526' title='bbox 1300 1623 1301 1631; x_wconf 14' lang='grc' dir='ltr'>ἵ</span> <span class='ocrx_word' id='word_1_527' title='bbox 1327 1589 1387 1632; x_wconf 88' lang='lat' dir='ltr'>qui</span> <span class='ocrx_word' id='word_1_528' title='bbox 1407 1600 1485 1620; x_wconf 88' lang='lat' dir='ltr'>cum</span> <span class='ocrx_word' id='word_1_529' title='bbox 1496 1587 1587 1621; x_wconf 84' lang='lat' dir='ltr'>Filio</span> <span class='ocrx_word' id='word_1_530' title='bbox 1606 1600 1669 1621; x_wconf 92' lang='lat' dir='ltr'>suo</span> <span class='ocrx_word' id='word_1_531' title='bbox 1686 1588 1861 1632; x_wconf 78' lang='lat' dir='ltr'>etSpiritu</span> <span class='ocrx_word' id='word_1_532' title='bbox 1874 1595 1992 1621; x_wconf 84' lang='lat' dir='ltr'>sancto</span> <span class='ocrx_word' id='word_1_533' title='bbox 2005 1600 2058 1620; x_wconf 87' lang='lat' dir='ltr'>res</span> <span class='ocrx_word' id='word_1_534' title='bbox 2071 1588 2179 1621; x_wconf 86' lang='lat' dir='ltr'>bonas</span> <span class='ocrx_word' id='word_1_535' title='bbox 2192 1600 2314 1621; x_wconf 88' lang='lat' dir='ltr'>omncs</span> 
     </span>
    </p>
   </div>
   <div class='ocr_carea' id='block_1_20' title="bbox 1327 1636 2314 1734">
    <p class='ocr_par' dir='ltr' id='par_1_24' title="bbox 1327 1636 2314 1734">
     <span class='ocr_line' id='line_1_86' title="bbox 1327 1636 2312 1678; baseline 0.002 -8"><span class='ocrx_word' id='word_1_536' title='bbox 1327 1639 1508 1678; x_wconf 88' lang='lat' dir='ltr'>condidit,</span> <span class='ocrx_word' id='word_1_537' title='bbox 1543 1639 1766 1676; x_wconf 72' lang='lat' dir='ltr'>invocemus,</span> <span class='ocrx_word' id='word_1_538' title='bbox 1803 1638 1994 1671; x_wconf 82' lang='lat' dir='ltr'>mediatore</span> <span class='ocrx_word' id='word_1_539' title='bbox 2024 1636 2128 1670; x_wconf 82' lang='lat' dir='ltr'>Filio.</span> <span class='ocrx_word' id='word_1_540' title='bbox 2197 1636 2243 1672; x_wconf 83' lang='lat' dir='ltr'>Et</span> <span class='ocrx_word' id='word_1_541' title='bbox 2274 1651 2312 1672; x_wconf 76' lang='lat' dir='ltr'>en</span> 
     </span>
     <span class='ocr_line' id='line_1_87' title="bbox 1327 1689 2314 1734; baseline 0 -11"><span class='ocrx_word' id='word_1_542' title='bbox 1327 1689 1526 1723; x_wconf 71' lang='lat' dir='ltr'>testimonia</span> <span class='ocrx_word' id='word_1_543' title='bbox 1551 1696 1666 1722; x_wconf 87' lang='lat' dir='ltr'>mente</span> <span class='ocrx_word' id='word_1_544' title='bbox 1691 1689 1912 1727; x_wconf 76' lang='lat' dir='ltr'>iutueamur,</span> <span class='ocrx_word' id='word_1_545' title='bbox 1940 1689 2068 1734; x_wconf 89' lang='lat' dir='ltr'>quihus</span> <span class='ocrx_word' id='word_1_546' title='bbox 2091 1689 2140 1722; x_wconf 90' lang='lat' dir='ltr'>sie</span> <span class='ocrx_word' id='word_1_547' title='bbox 2164 1700 2199 1721; x_wconf 88' lang='lat' dir='ltr'>se</span> <span class='ocrx_word' id='word_1_548' title='bbox 2218 1697 2314 1733; x_wconf 85' lang='lat' dir='ltr'>pate-</span> 
     </span>
    </p>
   </div>
   <div class='ocr_carea' id='block_1_21' title="bbox 1299 1737 2315 1784">
    <p class='ocr_par' dir='ltr' id='par_1_25' title="bbox 1299 1737 2315 1784">
     <span class='ocr_line' id='line_1_88' title="bbox 1299 1737 2315 1784; baseline 0.001 -12"><span class='ocrx_word' id='word_1_549' title='bbox 1299 1753 1302 1762; x_wconf 90' lang='lat'><strong>·</strong></span> <span class='ocrx_word' id='word_1_550' title='bbox 1326 1740 1405 1773; x_wconf 81' lang='lat' dir='ltr'>fecit</span> <span class='ocrx_word' id='word_1_551' title='bbox 1430 1739 1541 1780; x_wconf 87' lang='lat' dir='ltr'>Deus,</span> <span class='ocrx_word' id='word_1_552' title='bbox 1566 1747 1603 1773; x_wconf 88' lang='lat' dir='ltr'>ut</span> <span class='ocrx_word' id='word_1_553' title='bbox 1627 1740 1662 1772; x_wconf 91' lang='lat' dir='ltr'>in</span> <span class='ocrx_word' id='word_1_554' title='bbox 1679 1740 1850 1784; x_wconf 86' lang='lat' dir='ltr'>baptismo</span> <span class='ocrx_word' id='word_1_555' title='bbox 1868 1737 1999 1773; x_wconf 86' lang='lat' dir='ltr'>Christi</span> <span class='ocrx_word' id='word_1_556' title='bbox 2020 1740 2124 1772; x_wconf 88' lang='lat' dir='ltr'>trium</span> <span class='ocrx_word' id='word_1_557' title='bbox 2147 1751 2315 1783; x_wconf 81' lang='lat' dir='ltr'>persona-</span> 
     </span>
    </p>
   </div>
   <div class='ocr_carea' id='block_1_22' title="bbox 1326 1788 2312 1886">
    <p class='ocr_par' dir='ltr' id='par_1_26' title="bbox 1326 1788 2312 1886">
     <span class='ocr_line' id='line_1_89' title="bbox 1326 1788 2312 1834; baseline 0 -11"><span class='ocrx_word' id='word_1_558' title='bbox 1326 1803 1404 1823; x_wconf 91' lang='lat' dir='ltr'>rum</span> <span class='ocrx_word' id='word_1_559' title='bbox 1422 1802 1578 1834; x_wconf 85' lang='lat' dir='ltr'>expressa</span> <span class='ocrx_word' id='word_1_560' title='bbox 1598 1790 1729 1823; x_wconf 79' lang='lat' dir='ltr'>mentio</span> <span class='ocrx_word' id='word_1_561' title='bbox 1746 1791 1799 1829; x_wconf 78' lang='lat' dir='ltr'>fit,</span> <span class='ocrx_word' id='word_1_562' title='bbox 1825 1797 1855 1823; x_wconf 87' lang='lat' dir='ltr'>et</span> <span class='ocrx_word' id='word_1_563' title='bbox 1874 1790 1908 1822; x_wconf 90' lang='lat' dir='ltr'>iu</span> <span class='ocrx_word' id='word_1_564' title='bbox 1926 1788 1989 1823; x_wconf 85' lang='lat' dir='ltr'>hac</span> <span class='ocrx_word' id='word_1_565' title='bbox 2005 1801 2085 1822; x_wconf 72' lang='lat' dir='ltr'>vera</span> <span class='ocrx_word' id='word_1_566' title='bbox 2102 1796 2134 1822; x_wconf 92' lang='lat' dir='ltr'>et</span> <span class='ocrx_word' id='word_1_567' title='bbox 2152 1791 2312 1823; x_wconf 85' lang='lat' dir='ltr'>miranda</span> 
     </span>
     <span class='ocr_line' id='line_1_90' title="bbox 1327 1839 2310 1886; baseline 0.001 -13"><span class='ocrx_word' id='word_1_568' title='bbox 1327 1843 1479 1886; x_wconf 78' lang='lat' dir='ltr'>syuodo,</span> <span class='ocrx_word' id='word_1_569' title='bbox 1522 1842 1583 1874; x_wconf 90' lang='lat' dir='ltr'>ubi</span> <span class='ocrx_word' id='word_1_570' title='bbox 1615 1840 1726 1874; x_wconf 88' lang='lat' dir='ltr'>Filius</span> <span class='ocrx_word' id='word_1_571' title='bbox 1757 1839 1821 1874; x_wconf 88' lang='lat' dir='ltr'>Dei</span> <span class='ocrx_word' id='word_1_572' title='bbox 1857 1841 1914 1874; x_wconf 85' lang='lat' dir='ltr'>dat</span> <span class='ocrx_word' id='word_1_573' title='bbox 1947 1840 2122 1885; x_wconf 86' lang='lat' dir='ltr'>Spiritum</span> <span class='ocrx_word' id='word_1_574' title='bbox 2153 1847 2310 1874; x_wconf 82' lang='lat' dir='ltr'>sanctum</span> 
     </span>
    </p>
   </div>
   <div class='ocr_carea' id='block_1_23' title="bbox 1325 1891 2310 1983">
    <p class='ocr_par' dir='ltr' id='par_1_27' title="bbox 1325 1891 2310 1983">
     <span class='ocr_line' id='line_1_91' title="bbox 1325 1891 1517 1935; baseline -0.005 -10"><span class='ocrx_word' id='word_1_575' title='bbox 1325 1891 1517 1935; x_wconf 78' lang='lat' dir='ltr'>Apostolis.</span> 
     </span>
     <span class='ocr_line' id='line_1_92' title="bbox 1427 1939 2310 1983; baseline 0 -8"><span class='ocrx_word' id='word_1_576' title='bbox 1427 1942 1518 1975; x_wconf 82' lang='lat' dir='ltr'>Sunt</span> <span class='ocrx_word' id='word_1_577' title='bbox 1551 1948 1583 1975; x_wconf 84' lang='lat' dir='ltr'>ct</span> <span class='ocrx_word' id='word_1_578' title='bbox 1613 1942 1812 1975; x_wconf 76' lang='lat' dir='ltr'>testimonia</span> <span class='ocrx_word' id='word_1_579' title='bbox 1845 1943 1916 1974; x_wconf 88' lang='lat' dir='ltr'>duo</span> <span class='ocrx_word' id='word_1_580' title='bbox 1941 1942 1983 1974; x_wconf 89' lang='lat' dir='ltr'>dc</span> <span class='ocrx_word' id='word_1_581' title='bbox 2006 1939 2088 1973; x_wconf 83' lang='lat' dir='ltr'>Filii</span> <span class='ocrx_word' id='word_1_582' title='bbox 2113 1941 2310 1983; x_wconf 66' lang='lat' dir='ltr'>divinitate,</span> 
     </span>
    </p>
   </div>
   <div class='ocr_carea' id='block_1_24' title="bbox 1325 1990 2311 2290">
    <p class='ocr_par' dir='ltr' id='par_1_28' title="bbox 1325 1990 2311 2290">
     <span class='ocr_line' id='line_1_93' title="bbox 1325 1990 2311 2037; baseline 0.002 -13"><span class='ocrx_word' id='word_1_583' title='bbox 1325 1993 1406 2037; x_wconf 84' lang='lat' dir='ltr'>quia</span> <span class='ocrx_word' id='word_1_584' title='bbox 1427 1993 1516 2025; x_wconf 81' lang='lat' dir='ltr'>iufra</span> <span class='ocrx_word' id='word_1_585' title='bbox 1536 1990 1693 2025; x_wconf 76' lang='lat' dir='ltr'>&#39;l&#39;homas</span> <span class='ocrx_word' id='word_1_586' title='bbox 1711 2000 1807 2025; x_wconf 66' lang='lat' dir='ltr'>vocat</span> <span class='ocrx_word' id='word_1_587' title='bbox 1828 2005 1906 2024; x_wconf 79' lang='lat' dir='ltr'>euin</span> <span class='ocrx_word' id='word_1_588' title='bbox 1920 1991 2044 2026; x_wconf 75' lang='lat' dir='ltr'>Deum.</span> <span class='ocrx_word' id='word_1_589' title='bbox 2097 1991 2200 2032; x_wconf 75' lang='lat' dir='ltr'>Item,</span> <span class='ocrx_word' id='word_1_590' title='bbox 2229 1993 2311 2037; x_wconf 80' lang='lat' dir='ltr'>quia</span> 
     </span>
     <span class='ocr_line' id='line_1_94' title="bbox 1326 2041 2311 2088; baseline 0.001 -12"><span class='ocrx_word' id='word_1_591' title='bbox 1326 2041 1392 2076; x_wconf 83' lang='lat' dir='ltr'>hoc</span> <span class='ocrx_word' id='word_1_592' title='bbox 1426 2043 1503 2076; x_wconf 87' lang='lat' dir='ltr'>loco</span> <span class='ocrx_word' id='word_1_593' title='bbox 1535 2042 1646 2077; x_wconf 85' lang='lat' dir='ltr'>Filius</span> <span class='ocrx_word' id='word_1_594' title='bbox 1679 2045 1735 2076; x_wconf 83' lang='lat' dir='ltr'>dat</span> <span class='ocrx_word' id='word_1_595' title='bbox 1763 2043 1934 2088; x_wconf 83' lang='lat' dir='ltr'>Spiritum</span> <span class='ocrx_word' id='word_1_596' title='bbox 1965 2049 2135 2076; x_wconf 82' lang='lat' dir='ltr'>sanctum.</span> <span class='ocrx_word' id='word_1_597' title='bbox 2200 2042 2311 2077; x_wconf 80' lang='lat' dir='ltr'>Porro</span> 
     </span>
     <span class='ocr_line' id='line_1_95' title="bbox 1326 2093 2310 2139; baseline 0 -12"><span class='ocrx_word' id='word_1_598' title='bbox 1326 2095 1422 2127; x_wconf 90' lang='lat' dir='ltr'>nulla</span> <span class='ocrx_word' id='word_1_599' title='bbox 1448 2101 1605 2127; x_wconf 71' lang='lat' dir='ltr'>creatura</span> <span class='ocrx_word' id='word_1_600' title='bbox 1630 2101 1738 2139; x_wconf 84' lang='lat' dir='ltr'>potest</span> <span class='ocrx_word' id='word_1_601' title='bbox 1764 2107 1825 2138; x_wconf 66' lang='lat' dir='ltr'>per</span> <span class='ocrx_word' id='word_1_602' title='bbox 1848 2105 1919 2126; x_wconf 69' lang='lat' dir='ltr'>sese</span> <span class='ocrx_word' id='word_1_603' title='bbox 1936 2095 2018 2127; x_wconf 83' lang='lat' dir='ltr'>dare</span> <span class='ocrx_word' id='word_1_604' title='bbox 2036 2093 2209 2137; x_wconf 83' lang='lat' dir='ltr'>Spiritum</span> <span class='ocrx_word' id='word_1_605' title='bbox 2229 2105 2310 2127; x_wconf 86' lang='lat' dir='ltr'>san-</span> 
     </span>
     <span class='ocr_line' id='line_1_96' title="bbox 1325 2142 2310 2189; baseline -0.001 -10"><span class='ocrx_word' id='word_1_606' title='bbox 1325 2152 1440 2188; x_wconf 84' lang='lat' dir='ltr'>ctum,</span> <span class='ocrx_word' id='word_1_607' title='bbox 1468 2158 1545 2178; x_wconf 85' lang='lat' dir='ltr'>cum</span> <span class='ocrx_word' id='word_1_608' title='bbox 1567 2145 1610 2178; x_wconf 85' lang='lat' dir='ltr'>sit</span> <span class='ocrx_word' id='word_1_609' title='bbox 1630 2157 1709 2178; x_wconf 78' lang='lat' dir='ltr'>vere</span> <span class='ocrx_word' id='word_1_610' title='bbox 1728 2143 1791 2178; x_wconf 70' lang='lat' dir='ltr'>Dei</span> <span class='ocrx_word' id='word_1_611' title='bbox 1809 2146 1938 2179; x_wconf 85' lang='lat' dir='ltr'>aeterni</span> <span class='ocrx_word' id='word_1_612' title='bbox 1957 2143 2118 2188; x_wconf 79' lang='lat' dir='ltr'>spiritus,</span> <span class='ocrx_word' id='word_1_613' title='bbox 2143 2142 2203 2178; x_wconf 72' lang='grc' dir='ltr'>κτιῖ</span> <span class='ocrx_word' id='word_1_614' title='bbox 2221 2142 2310 2189; x_wconf 81' lang='grc' dir='ltr'><em>ὁμο-</em></span> 
     </span>
     <span class='ocr_line' id='line_1_97' title="bbox 1325 2192 2310 2240; baseline -0.001 -10"><span class='ocrx_word' id='word_1_615' title='bbox 1325 2194 1448 2234; x_wconf 60' lang='grc' dir='ltr'>οιῗσιος</span> <span class='ocrx_word' id='word_1_616' title='bbox 1468 2195 1559 2229; x_wconf 72' lang='lat' dir='ltr'>l‘atri</span> <span class='ocrx_word' id='word_1_617' title='bbox 1584 2203 1614 2229; x_wconf 87' lang='lat' dir='ltr'>ct</span> <span class='ocrx_word' id='word_1_618' title='bbox 1635 2195 1744 2234; x_wconf 74' lang='lat' dir='ltr'>Filio,</span> <span class='ocrx_word' id='word_1_619' title='bbox 1771 2196 1852 2240; x_wconf 76' lang='lat' dir='ltr'>quia</span> <span class='ocrx_word' id='word_1_620' title='bbox 1878 2196 2025 2229; x_wconf 66' lang='lat' dir='ltr'>dii-itur:</span> <span class='ocrx_word' id='word_1_621' title='bbox 2052 2192 2243 2228; x_wconf 76' lang='lat' dir='ltr'>Effundam</span> <span class='ocrx_word' id='word_1_622' title='bbox 2266 2196 2310 2229; x_wconf 87' lang='lat' dir='ltr'>de</span> 
     </span>
     <span class='ocr_line' id='line_1_98' title="bbox 1325 2244 2309 2290; baseline 0.001 -11"><span class='ocrx_word' id='word_1_623' title='bbox 1325 2260 1401 2280; x_wconf 81' lang='lat' dir='ltr'>meo</span> <span class='ocrx_word' id='word_1_624' title='bbox 1416 2247 1564 2290; x_wconf 80' lang='lat' dir='ltr'>Spiritu.</span> <span class='ocrx_word' id='word_1_625' title='bbox 1608 2245 1669 2280; x_wconf 84' lang='lat' dir='ltr'>Est</span> <span class='ocrx_word' id='word_1_626' title='bbox 1684 2247 1776 2279; x_wconf 86' lang='lat' dir='ltr'>enim</span> <span class='ocrx_word' id='word_1_627' title='bbox 1790 2244 1963 2290; x_wconf 78' lang='lat' dir='ltr'>emphasis</span> <span class='ocrx_word' id='word_1_628' title='bbox 1979 2245 2196 2279; x_wconf 88' lang='lat' dir='ltr'>indictione:</span> <span class='ocrx_word' id='word_1_629' title='bbox 2216 2245 2309 2281; x_wconf 69' lang='lat' dir='ltr'>Meo.</span> 
     </span>
    </p>
   </div>
   <div class='ocr_carea' id='block_1_25' title="bbox 1324 2304 2309 2453">
    <p class='ocr_par' dir='ltr' id='par_1_29' title="bbox 1324 2304 2309 2453">
     <span class='ocr_line' id='line_1_99' title="bbox 1428 2304 2309 2351; baseline 0.001 -13"><span class='ocrx_word' id='word_1_630' title='bbox 1428 2306 1627 2339; x_wconf 65' lang='lat' dir='ltr'>Observa-nt</span> <span class='ocrx_word' id='word_1_631' title='bbox 1653 2313 1766 2339; x_wconf 86' lang='lat' dir='ltr'>autem</span> <span class='ocrx_word' id='word_1_632' title='bbox 1788 2306 1835 2351; x_wconf 87' lang='lat' dir='ltr'>pii</span> <span class='ocrx_word' id='word_1_633' title='bbox 1856 2306 1936 2339; x_wconf 84' lang='lat' dir='ltr'>talia</span> <span class='ocrx_word' id='word_1_634' title='bbox 1954 2304 2172 2341; x_wconf 80' lang='lat' dir='ltr'>testimonia,</span> <span class='ocrx_word' id='word_1_635' title='bbox 2200 2318 2309 2350; x_wconf 79' lang='lat' dir='ltr'>caque</span> 
     </span>
     <span class='ocr_line' id='line_1_100' title="bbox 1324 2355 2309 2400; baseline 0 -11"><span class='ocrx_word' id='word_1_636' title='bbox 1324 2357 1510 2400; x_wconf 70' lang='lat' dir='ltr'>diligenter</span> <span class='ocrx_word' id='word_1_637' title='bbox 1536 2358 1744 2400; x_wconf 65' lang='lat' dir='ltr'>expendant.</span> <span class='ocrx_word' id='word_1_638' title='bbox 1798 2355 1848 2389; x_wconf 88' lang='lat' dir='ltr'>Ea</span> <span class='ocrx_word' id='word_1_639' title='bbox 1872 2355 2052 2389; x_wconf 79' lang='lat' dir='ltr'>meditatio</span> <span class='ocrx_word' id='word_1_640' title='bbox 2077 2355 2155 2398; x_wconf 92' lang='lat' dir='ltr'>plus</span> <span class='ocrx_word' id='word_1_641' title='bbox 2174 2358 2309 2389; x_wconf 86' lang='lat' dir='ltr'>condu-</span> 
     </span>
     <span class='ocr_line' id='line_1_101' title="bbox 1325 2407 2200 2453; baseline -0.007 -12"><span class='ocrx_word' id='word_1_642' title='bbox 1325 2409 1369 2442; x_wconf 86' lang='lat' dir='ltr'>cit</span> <span class='ocrx_word' id='word_1_643' title='bbox 1389 2422 1492 2453; x_wconf 80' lang='lat' dir='ltr'>qu-nn</span> <span class='ocrx_word' id='word_1_644' title='bbox 1513 2409 1666 2452; x_wconf 73' lang='lat' dir='ltr'>prolixae</span> <span class='ocrx_word' id='word_1_645' title='bbox 1685 2416 1713 2441; x_wconf 80' lang='lat' dir='ltr'>ct</span> <span class='ocrx_word' id='word_1_646' title='bbox 1735 2408 1914 2440; x_wconf 78' lang='lat' dir='ltr'>intricatae</span> <span class='ocrx_word' id='word_1_647' title='bbox 1932 2407 2200 2450; x_wconf 72' lang='lat' dir='ltr'>disputationes,</span> 
     </span>
    </p>
   </div>
   <div class='ocr_carea' id='block_1_26' title="bbox 1427 2506 2305 2592">
    <p class='ocr_par' dir='ltr' id='par_1_30' title="bbox 1427 2506 2305 2592">
     <span class='ocr_line' id='line_1_102' title="bbox 1718 2506 1917 2536; baseline -0.015 -5"><span class='ocrx_word' id='word_1_648' title='bbox 1718 2508 1761 2531; x_wconf 78' lang='lat' dir='ltr'>Dc</span> <span class='ocrx_word' id='word_1_649' title='bbox 1790 2506 1917 2536; x_wconf 81' lang='lat' dir='ltr'>quinto.</span> 
     </span>
     <span class='ocr_line' id='line_1_103' title="bbox 1427 2557 2305 2592; baseline -0.003 0"><span class='ocrx_word' id='word_1_650' title='bbox 1427 2559 1506 2592; x_wconf 75' lang='lat' dir='ltr'>Dul-</span> <span class='ocrx_word' id='word_1_651' title='bbox 1521 2560 1634 2591; x_wconf 64' lang='lat' dir='ltr'>issima</span> <span class='ocrx_word' id='word_1_652' title='bbox 1658 2558 1848 2590; x_wconf 68' lang='lat' dir='ltr'>consolatio</span> <span class='ocrx_word' id='word_1_653' title='bbox 1874 2565 1919 2589; x_wconf 70' lang='lat' dir='ltr'>cst</span> <span class='ocrx_word' id='word_1_654' title='bbox 1948 2557 1982 2589; x_wconf 91' lang='lat' dir='ltr'>iu</span> <span class='ocrx_word' id='word_1_655' title='bbox 2004 2558 2089 2592; x_wconf 74' lang='lat' dir='ltr'>tine.</span> <span class='ocrx_word' id='word_1_656' title='bbox 2117 2564 2146 2589; x_wconf 82' lang='lat' dir='ltr'>ct</span> <span class='ocrx_word' id='word_1_657' title='bbox 2166 2568 2228 2589; x_wconf 84' lang='lat' dir='ltr'>uos</span> <span class='ocrx_word' id='word_1_658' title='bbox 2245 2558 2305 2589; x_wconf 84' lang='lat' dir='ltr'>de-</span> 
     </span>
    </p>
   </div>
   <div class='ocr_carea' id='block_1_27' title="bbox 1322 2605 2305 2706">
    <p class='ocr_par' dir='ltr' id='par_1_31' title="bbox 1322 2605 2305 2706">
     <span class='ocr_line' id='line_1_104' title="bbox 1322 2605 2304 2654; baseline -0.002 -12"><span class='ocrx_word' id='word_1_659' title='bbox 1322 2612 1415 2643; x_wconf 68' lang='lat' dir='ltr'>ducit</span> <span class='ocrx_word' id='word_1_660' title='bbox 1442 2612 1483 2643; x_wconf 81' lang='lat' dir='ltr'>ad</span> <span class='ocrx_word' id='word_1_661' title='bbox 1513 2609 1763 2654; x_wconf 67' lang='lat' dir='ltr'>Apostolorum</span> <span class='ocrx_word' id='word_1_662' title='bbox 1790 2609 2041 2641; x_wconf 75' lang='lat' dir='ltr'>testiinonium.</span> <span class='ocrx_word' id='word_1_663' title='bbox 2099 2605 2215 2645; x_wconf 64' lang='lat' dir='ltr'>Beati,</span> <span class='ocrx_word' id='word_1_664' title='bbox 2251 2608 2304 2640; x_wconf 88' lang='lat' dir='ltr'>iu-</span> 
     </span>
     <span class='ocr_line' id='line_1_105' title="bbox 1322 2657 2305 2706; baseline 0.001 -14"><span class='ocrx_word' id='word_1_665' title='bbox 1322 2663 1393 2706; x_wconf 76' lang='lat' dir='ltr'>quit</span> <span class='ocrx_word' id='word_1_666' title='bbox 1411 2689 1418 2699; x_wconf 75' lang='grc'>,</span> <span class='ocrx_word' id='word_1_667' title='bbox 1447 2661 1506 2706; x_wconf 85' lang='lat' dir='ltr'>qui</span> <span class='ocrx_word' id='word_1_668' title='bbox 1525 2662 1663 2693; x_wconf 69' lang='lat' dir='ltr'>cru-‹leut</span> <span class='ocrx_word' id='word_1_669' title='bbox 1685 2659 1817 2693; x_wconf 73' lang='lat' dir='ltr'>etiamsi</span> <span class='ocrx_word' id='word_1_670' title='bbox 1837 2672 1907 2691; x_wconf 89' lang='lat' dir='ltr'>non</span> <span class='ocrx_word' id='word_1_671' title='bbox 1927 2658 2091 2693; x_wconf 60' lang='lat' dir='ltr'>sitierint.</span> <span class='ocrx_word' id='word_1_672' title='bbox 2129 2657 2223 2691; x_wconf 86' lang='lat' dir='ltr'>luhct</span> <span class='ocrx_word' id='word_1_673' title='bbox 2241 2670 2305 2693; x_wconf 80' lang='lat' dir='ltr'>nos</span> 
     </span>
    </p>
   </div>
  </div>
 </body>
</html>
