2409 2915
8 1087 9 1092 =
63 1066 300 1100 ministerium
329 1062 516 1106 Evangelii
547 1069 580 1097 et
604 1063 934 1104 Sacramentorum,

7 1109 9 1135 j
64 1119 220 1162 aperitur
237 1127 381 1158 regnum
399 1114 587 1147 coelorum.

74 103 151 139 973
331 99 411 138 x11.

465 98 861 137 ANNOTATIONES
885 101 952 138 ΕΤ
978 99 1258 138 CONCIONES
1286 104 1335 139 IN
1361 103 1545 143 EVANG.
1574 107 1854 145 MATTHAEI.

2023 113 2097 150 974

74 196 108 223 et
131 198 274 232 agamus
298 185 572 231 poenitentiam,
605 191 639 219 et
663 184 836 220 discamus
860 189 887 220 a'
905 186 1063 221 Domino
1115 192 1174 219 tur
1195 186 1232 220 in
1249 187 1446 232 infernum,
1481 199 1657 237 spectante
1681 200 1752 229 tota
1774 193 1930 232 Ecclesia
1952 199 2100 233 resusci-

74 237 154 273 Iesu
175 235 335 278 Christo,
387 243 421 270 et
444 248 463 270 a
485 235 614 270 sanctis
643 236 777 279 angelis
813 234 1062 274 humilitatem.
1117 243 1187 271 tata
1203 249 1222 271 a
1239 240 1398 275 mortuis,

73 289 169 323 llaec
187 287 360 332 generalis
376 287 572 321 admonitio
588 286 657 320 iam
673 287 831 321 sufficiat.

127 379 211 420 Vae
228 378 326 414 cobis
344 377 494 413 Scrihae
511 382 542 411 el
557 374 775 418 Pharisaei,
803 379 870 426 qui
883 377 1060 414 clauditis

176 443 323 478 regnum
341 428 538 470 coelorum,
567 433 628 463 etc.

172 507 347 544 Usitatum
365 512 416 540 est
431 505 468 539 in
486 506 659 551 scriptura
677 507 873 546 nominare,
901 507 1057 551 gladium

72 569 104 596 et
122 561 247 595 claves.

173 609 323 644 Gladius
337 607 509 651 significat
527 614 731 652 potestatem
749 608 946 652 politicam,
974 609 1056 654 quia

71 664 206 697 coercet
228 659 384 692 membra
415 660 567 693 externis
589 667 622 693 et
652 659 895 703 corporalibus
921 661 1055 705 poenis,

69 720 107 747 ut
123 713 212 746 latro
230 710 377 755 punitur
394 709 524 753 gladio.
1060 755 1066 758 α

168 761 293 796 Claves
321 760 517 803 significant
551 766 753 803 potestatem
785 761 1056 801 oeconomicam,

69 815 157 849 sicut
179 811 444 845 materfamilias
466 811 554 853 gerit
579 811 703 844 claves.
757 810 803 845 Et
832 813 914 856 quia
931 810 1055 845 Eccle—

66 865 137 899 siae
153 861 360 907 gubernatio
378 861 528 894 similior
541 868 590 894 est
615 862 858 903 oeconomiae,
887 863 966 896 ideo
983 863 1054 895 cla-

10 933 11 939 *
67 912 126 948 ves
143 913 339 957 significant
358 912 461 945 etiam
488 911 721 944 ministerium
738 911 923 956 Evangelii
940 919 973 946 et
988 912 1053 946 Sa-

9 952 11 970 ⁴
66 970 340 1000 cramentorum.
390 960 436 995 Et
453 959 519 995 hoc
537 963 612 996 vult
630 961 822 1002 Dominus,
851 975 927 996 cum
946 963 993 997 ait
1009 963 1053 995 ad

66 1016 228 1050 Petrum:
258 1013 344 1047 Tibi
359 1013 450 1045 dabo
467 1012 580 1047 claves
597 1014 696 1056 regni
714 1014 909 1052 coelorum,
937 1014 970 1046 id
991 1020 1053 1053 est,

982 1075 1052 1108 quo

7 1208 9 1218 ,
166 1175 220 1209 Sit
242 1174 347 1216 igitur
365 1172 477 1216 prima
496 1184 576 1205 cura
598 1173 778 1213 omniurn,
805 1172 864 1218 qni
888 1178 968 1205 sunt
990 1185 1051 1205 vo-

7 1229 9 1234 ’
64 1228 131 1262 cati
155 1228 196 1259 ad
231 1224 485 1262 ministerium,
524 1231 560 1257 ut
586 1232 675 1257 recte
698 1226 864 1264 doceant,
898 1231 929 1256 et
961 1231 1050 1256 recte

6 1269 8 1300 ἶ
62 1277 310 1313 administrent
327 1274 561 1308 Sacramenta.

164 1335 208 1370 Et
226 1335 314 1368 sicut
332 1330 399 1366 lioc
415 1333 621 1365 mandatum
645 1332 827 1375 proprium
853 1338 902 1366 est
926 1332 1049 1365 officii:

63 1390 110 1422 ita
125 1386 288 1423 Christus
312 1382 369 1416 liic
390 1383 645 1415 accusationem
664 1388 697 1415 et
717 1383 1048 1416 condemnationem

60 1441 106 1473 ab
126 1436 192 1471 hoc
207 1433 380 1481 principio
397 1433 555 1473 orditur,
582 1434 725 1465 damnat
752 1444 829 1473 eos,
856 1434 951 1477 quod
975 1445 1047 1466 non

59 1493 207 1524 doceant
236 1484 491 1527 Evangelium,
534 1484 605 1516 imo
641 1490 839 1526 proponant
869 1484 988 1517 falsam
1015 1491 1048 1518 et

59 1540 206 1584 impiam
239 1534 448 1569 doctrinam.
524 1532 575 1566 lta
603 1533 773 1566 claudunt
811 1535 948 1567 coelum
979 1534 1047 1567 sibi

58 1591 144 1635 ipsis
161 1595 195 1622 et
210 1587 299 1621 aliis.
336 1583 433 1617 Haec
449 1583 698 1616 condemnatio
715 1595 816 1627 saepe
834 1585 980 1629 repetita
998 1591 1048 1618 est

58 1643 96 1674 iii
115 1636 313 1683 Prophetis.
765 1684 772 1691 .
862 1685 869 1691 .
1018 1685 1026 1692 ·

159 1685 352 1724 Ezechielis
375 1686 428 1720 3.:
462 1683 502 1718 Si
526 1695 599 1717 non
617 1694 888 1718 annunciaveris
905 1696 1047 1728 sangui-

57 1754 137 1778 nem
156 1741 247 1778 eius,
273 1738 316 1771 de
335 1747 444 1769 manu
460 1741 517 1768 tua
534 1733 723 1779 requiram.

157 1795 341 1833 Esaiae5.:
366 1794 440 1828 Vae
451 1794 510 1839 qui
527 1793 738 1835 consurgitis
753 1805 855 1826 mane
871 1795 914 1827 ad
932 1794 1046 1828 ebrie-

57 1860 181 1890 tatem,
204 1857 237 1883 et
252 1859 339 1892 opus
356 1845 502 1879 Domini
523 1844 731 1895 negligitis.-

158 1901 273 1936 Oscae
300 1898 352 1932 4.:
393 1896 486 1939 Quia
517 1894 676 1939 repulisti
711 1893 891 1927 scientiam
923 1907 1045 1937 ineam,

54 1956 132 1989 ideo
150 1951 316 1997 repellam
335 1956 385 1988 te,
412 1955 476 1980 etc.
906 1995 914 2003 .
985 1996 993 2003 ·

155 2001 316 2038 Micheae
334 1999 385 2034 3.;
410 1996 559 2042 Propter
576 1993 662 2036 hoc,
689 2006 791 2028 causa
809 2002 927 2038 vestri,
955 1996 1044 2031 Sion

54 2057 151 2090 velut
168 2065 247 2098 ager
265 2051 434 2085 arabitur.
917 2096 924 2104 .
1002 2097 1024 2105 ..

157 2103 203 2138 Et
213 2099 386 2137 Matthaei
403 2098 454 2134 5.:
483 2097 522 2132 Si
538 2097 588 2131 sal
606 2097 819 2131 infatuatum
836 2096 953 2138 fuerit,
980 2109 1044 2130 eii-

53 2158 165 2192 cietur
179 2162 212 2189 et
229 2150 505 2187 conculcabitur.

153 2206 230 2241 Hae
255 2200 547 2237 comminationes
580 2197 737 2241 singulos
768 2195 972 2238 hortentur,
1004 2204 1044 2231 ut

53 2260 124 2294 sint
142 2258 178 2291 in
196 2255 312 2291 officio
331 2250 582 2295 diligentiores.

155 2317 223 2351 Sed
246 2318 407 2359 potentes
431 2307 598 2353 Episcopi
624 2313 659 2340 et
676 2305 865 2347 Canonici,
893 2305 953 2362 qui
979 2305 1042 2363 (lo-

52 2370 236 2404 minantur
257 2366 294 2398 in
318 2361 491 2399 Ecclesia,
523 2358 684 2392 derident
709 2355 772 2390 bas
795 2364 1042 2390 comminatio-

52 2432 132 2461 nes,
160 2420 218 2452 sed
239 2415 336 2449 Deus
351 2410 573 2449 horribiliter
589 2420 646 2441 eos
663 2408 764 2452 punit
778 2414 809 2440 et
829 2407 961 2464 puniet.
989 2407 1041 2441 Ac

53 2471 239 2516 praecipue
262 2466 355 2509 Papa
387 2473 514 2505 magno
541 2460 660 2493 surore
683 2458 840 2492 abutitur
873 2458 1040 2494 clavibus.

53 2522 170 2566 Fingit
189 2530 261 2554 esse
281 2521 482 2560 potestatem
503 2509 684 2566 condendi.
703 2520 813 2541 novas
836 2508 945 2566 leges,
973 2508 1041 2541 fin-

12 2576 19 2578 ”
51 2573 156 2617 gendi
191 2570 325 2608 cultus,
366 2562 527 2609 rapiendi
561 2562 706 2604 imperia
743 2560 879 2593 mundi.

1187 335 1267 371 Vae
1289 339 1356 385 qui
1372 337 1553 375 devoratis
1571 340 1700 379 domus·
1718 343 1930 392 viduarum,
1957 354 2018 386 etc.

1213 412 1317 447 Prius
1341 415 1428 450 dixit
1453 417 1496 450 de
1522 429 1594 450 non
1619 419 1830 455 facientibus
1860 425 2015 458 officium
2041 427 2095 459 vel

1110 466 1420 508 corrumpentibus
1436 468 1646 505 doctrinam.
1690 469 1758 504 Hic
1776 472 1860 507 dicit
1875 476 1918 507 de
1935 477 2096 517 avaritia,

1111 516 1254 549 damnat
1270 527 1339 554 e05,
1368 517 1428 561 qui
1447 518 1613 552 videntur
1627 520 1739 553 facere
1756 522 1921 565 officinm,
1946 528 2003 559 sed
2022 539 2095 560 ser-

1111 566 1214 599 viunt
1229 577 1311 599 suae
1333 568 1517 609 avaritiae,
1550 575 1582 602 et
1606 577 1749 614 propter
1780 574 1965 609 avaritiam
1992 589 2094 610 exco-

1109 616 1221 659 gitant
1244 628 1354 650 novos
1379 619 1510 660 cultus,
1545 619 1634 653 sicut
1659 619 1828 655 Monachi
1850 632 1883 658 et
1898 624 2092 659 Sacrificnli

1109 668 1342 701 vendiderunt
1361 667 1504 708 Missas,
1535 669 1701 714 Vigilias,
1728 671 1900 708 Monachi
1925 677 2092 710 vendide-

1108 725 1190 752 runt
1207 718 1261 752 sui
1278 719 1414 752 ordinis
1433 720 1569 756 merita.

1210 777 1297 812 Item
1315 778 1527 822 excogitatae
1550 787 1631 815 sunt
1654 782 1930 818 innumerabiles
1956 785 2095 821 fraudes

1107 829 1148 861 ad
1169 829 1353 873 pecuniam
1372 832 1580 866 venandam.
1621 832 1747 867 Cultus
1765 841 1982 877 sanctorum,
2009 838 2094 871 salsa

1107 879 1297 919 miracula,
1334 892 1523 915 concursus
1545 883 1588 915 ad
1615 889 1724 916 certas
1750 891 1897 927 statuas,
1924 887 2093 932 reliquiae

1106 936 1319 970 sanctorum,
1344 937 1377 963 et
1393 932 1460 964 alia
1479 933 1620 967 similia.
1643 932 1719 967 Hae
1737 935 1958 970 idololatriae
1974 950 2095 972 omnes

1107 977 1164 1013 bic
1189 982 1422 1022 damnantur,
1461 988 1493 1015 et
1522 983 1725 1016 mirandum
1748 993 1817 1025 est,
1859 994 1991 1021 tantam
2022 999 2094 1021 esse

1105 1031 1250 1063 Diaboli
1270 1032 1474 1074 potentiam,
1503 1039 1540 1066 iit
1558 1039 1626 1065 tam
1644 1034 1846 1070 manifestas
1863 1037 2093 1079 idololatrias,

1106 1093 1178 1114 non
1196 1082 1310 1114 solum
1337 1083 1428 1115 inter
1445 1080 1637 1123 Ethnicos,
1671 1086 1731 1118 sed
1755 1087 1858 1120 etiam
1882 1088 1918 1120 in
1938 1087 2093 1122 Ecclesia

1107 1132 1272 1172 erexerit,
1302 1139 1335 1165 et
1354 1133 1479 1176 erigat,
1506 1141 1537 1167 et
1555 1134 1720 1169 stabiliat.

1209 1183 1290 1215 ldeo
1313 1183 1500 1216 timeamus
1524 1184 1661 1226 Deum,
1693 1192 1727 1219 et
1748 1187 1856 1220 simus
1878 1189 2026 1230 soliciti,
2051 1198 2090 1224 ut

1105 1233 1283 1266 veritatem
1303 1234 1525 1274 retineamus,
1552 1241 1584 1268 et
1601 1247 1753 1275 oremus,
1780 1245 1818 1272 iit
1835 1237 1930 1273 Deus
1946 1252 2009 1273 nos
2026 1252 2091 1283 gu—

1104 1284 1246 1324 bernet,
1289 1284 1370 1328 qnia
1399 1296 1470 1317 non
1496 1292 1609 1328 potest
1631 1283 1738 1320 homo
1764 1288 1915 1331 effugere
1944 1291 2090 1325 Diaboli

1103 1333 1265 1378 laqueos,
1291 1334 1367 1367 sine
1388 1335 1518 1368 auxilio
1538 1334 1621 1374 Dei,
1650 1336 1739 1371 sicut
1765 1338 1861 1372 iubet
1884 1352 1949 1373 nos
1966 1340 2089 1374 Domi-

1102 1395 1169 1417 nus
1185 1395 1310 1416 orare:
1353 1383 1404 1417 Ne
1431 1397 1495 1418 nos
1520 1386 1666 1419 inducas
1692 1388 1729 1420 in
1751 1389 1989 1425 tentationem.
2044 1391 2090 1425 Et

1101 1432 1225 1468 Petrus
1245 1434 1345 1467 dicit:
1380 1433 1551 1468 Circuiiiit
1568 1436 1739 1470 Diabolus
1762 1445 1931 1483 tanquam
1959 1442 2010 1474 leo
2028 1455 2089 1474 ru—

1100 1485 1220 1526 giens,
1247 1485 1300 1518 cui
1320 1485 1469 1518 resistite
1488 1486 1597 1520 sortes
1614 1486 1652 1519 in
1667 1487 1745 1523 fide.
1782 1487 1883 1531 Item,
1900 1488 1965 1523 lioc
1981 1504 2090 1534 genus

1100 1536 1381 1570 Daemoniorum
1415 1548 1488 1570 non
1520 1536 1679 1577 efficitur,
1733 1539 1802 1572 nisi
1829 1540 1866 1572 iii
1894 1542 2028 1576 ieiunio
2058 1550 2090 1576 et

1099 1586 1269 1620 oratione.

1153 1675 1196 1712 V
1193 1689 1235 1710 ae
1252 1678 1318 1724 qui
1334 1677 1533 1712 circumitis
1547 1691 1648 1713 mare
1667 1684 1698 1714 et
1713 1678 1862 1716 aridam
1874 1711 1884 1726 ,
1911 1688 1949 1718 ul
1957 1686 2087 1732 sacia-

1201 1728 1249 1761 lis
1274 1740 1386 1761 unum
1407 1728 1644 1775 proselytum.

1201 1803 1270 1837 Hic
1295 1805 1453 1845 discatis,
1486 1808 1578 1851 quod
1599 1806 1693 1841 Deus
1716 1809 1813 1842 omni
1841 1817 1996 1856 tempore
2020 1815 2087 1849 sibi

1099 1853 1232 1897 colligit
1254 1852 1467 1894 Ecclesiam,
1496 1857 1599 1890 etiam
1627 1870 1667 1891 ex
1694 1860 1867 1901 gentibus.
1922 1863 1973 1897 Ac
1997 1871 2087 1897 tem-

1098 1917 1182 1948 pore
1198 1905 1295 1947 regni
1319 1904 1422 1938 lsrael
1443 1913 1476 1940 et
1501 1906 1586 1940 Inda
1615 1916 1714 1942 erant
1744 1916 1813 1944 tres
1837 1919 1944 1947 status
1970 1912 2087 1948 homi-

1097 1967 1200 1995 num,
1231 1955 1291 2000 qui
1310 1964 1407 1989 erant
1422 1958 1579 1990 membra
1597 1956 1784 1993 Ecclesiae.

1199 2005 1340 2040 Primus
1369 2013 1480 2040 status
1513 2015 1601 2050 erat,
1637 2021 1756 2044 semen
1779 2010 1956 2047 Abrahae.
2010 2014 2086 2050 Hoc

1095 2056 1253 2100 oportuit
1275 2056 1500 2102 circumcidi,
1529 2066 1564 2093 et
1588 2070 1727 2093 servare
1752 2064 1967 2098 ceremonias
1990 2065 2082 2101 iuxta

1096 2108 1205 2150 legem
1226 2105 1331 2142 Mosi.

1197 2156 1381 2191 Secundus
1406 2165 1515 2193 status
1542 2167 1634 2199 erat,
1662 2163 1938 2208 proselytorum,
1966 2166 2000 2197 id
2022 2174 2084 2206 est,

1095 2207 1331 2247 advenarum,
1358 2209 1419 2254 qui
1442 2222 1516 2243 non
1539 2218 1637 2244 erant
1662 2212 1736 2245 nati
1761 2225 1798 2245 ex
1815 2215 1947 2248 semine
1965 2215 2081 2249 Abra-

1096 2256 1178 2296 bae,
1207 2259 1265 2291 sed
1289 2266 1406 2293 tamen
1430 2261 1595 2293 volebant
1620 2273 1692 2294 esse
1715 2274 1794 2305 pars
1816 2261 1923 2297 liuius
1945 2268 2081 2309 populi,

1095 2316 1127 2342 et
1145 2309 1308 2343 volebant
1324 2310 1539 2345 circumcidi.
1586 2310 1633 2344 Hi
1651 2312 1731 2357 quia
1749 2314 1912 2349 volebant
1931 2317 2081 2349 circuni-

1093 2359 1183 2400 cidi,
1209 2360 1384 2394 debebant
1407 2361 1511 2394 etiam
1528 2372 1666 2395 servare
1682 2363 1767 2396 alias
1783 2367 2014 2407 ceremonias,
2043 2375 2081 2401 ut

1094 2408 1208 2444 Urias.
1293 2412 1298 2415 “

1197 2459 1342 2494 Tertius
1371 2466 1481 2495 status
1514 2468 1608 2503 erat,
1643 2463 1703 2507 qui
1728 2463 1764 2497 in
1790 2465 1875 2498 actis
1900 2475 2081 2509 vocantur,

1094 2509 1161 2543 viri
1181 2510 1355 2554 religiosi,
1381 2511 1415 2544 id
1435 2518 1498 2555 est,
1525 2511 1681 2553 Ethnici,
1710 2520 1747 2547 ut
1763 2512 1946 2549 Nabaman
1960 2518 2080 2562 Syrus,

944 2557 1040 2593 Haec
1091 2559 1389 2604 Nabogdonosor,
1431 2561 1561 2607 Cyrus,
1602 2563 1789 2597 Cornelius
1814 2572 1847 2599 et
1875 2566 1934 2599 alii
1965 2569 2080 2611 multi,

51 2635 176 2667 magna
200 2624 337 2666 peccata
361 2621 491 2661 quanta
516 2612 585 2646 sint
618 2611 654 2644 in
682 2609 874 2643 novissimo
906 2609 1038 2643 iudicio
1090 2611 1151 2656 qui
1168 2613 1348 2646 discebant
1369 2612 1620 2655 promissiones
1644 2614 1687 2646 de
1705 2621 1857 2673 venturo
1870 2615 2016 2660 Messia,
2046 2627 2078 2654 et

51 2673 307 2719 conspicietur,
333 2666 476 2713 quando
493 2663 553 2697 ille
568 2657 878 2706 Pseudoproplieta
894 2659 1038 2695 abiicie-
1061 2658 1065 2699 l
1090 2663 1286 2696 doctrinam
1321 2663 1363 2695 de
1395 2673 1476 2696 vero
1507 2661 1602 2705 Deo,
1642 2664 1742 2728 ⁶¹.de
1773 2665 1876 2700 bonis
1901 2671 2078 2713 operibus,
