2409 2915
268 82 342 118 879

375 164 553 203 Secundo,
580 161 669 198 aliae
683 167 766 196 sunt
780 159 989 195 traditiones
1004 160 1048 194 de
1063 160 1190 194 mediis
1206 172 1263 194 re-

274 220 358 257 bus,
383 227 472 262 quae
497 227 571 249 non
595 220 678 248 sunt
700 218 822 246 contra
840 209 975 252 Deum,
1000 217 1034 245 et
1054 219 1136 246 sunt
1153 211 1264 246 sactae

276 268 362 302 boni
385 266 522 300 ordinis
545 276 667 303 causa,
693 270 733 297 ut
757 262 853 308 quod
876 267 1036 296 servatur
1057 269 1152 297 certo
1177 271 1264 296 tem·

276 330 362 367 pore
392 318 466 351 dies
497 313 688 361 paschalis,
721 320 816 348 certo
847 320 1004 357 tempore
1036 313 1111 346 dies
1138 313 1265 347 natalis

278 367 436 409 Christi,
463 368 558 413 qnod
584 364 667 399 baec
685 363 770 398 hora
792 363 981 398 constituta
998 370 1048 398 est
1063 365 1106 397 ad
1124 364 1266 397 concio-

278 431 380 459 nem,
405 418 487 464 quia
511 423 650 462 oportet
671 416 709 449 in
731 415 803 449 vita
825 412 979 448 humana
1002 426 1075 448 esse
1093 415 1267 450 ordinem.

280 469 324 504 Et
341 467 398 502 hic
413 470 501 503 ordo
519 469 566 502 sic
583 467 775 501 servandus
789 471 859 506 est,
886 465 975 499 sicut
993 466 1137 499 servatis
1155 462 1268 498 hone-

280 527 371 555 stum
398 520 560 553 ordinem
587 519 625 551 in
647 519 773 557 domo,
797 527 901 550 mane
922 516 1025 560 pueri
1047 516 1170 549 dicunt
1188 527 1267 559 pre-

281 571 474 612 cationem,
508 577 626 614 postea
655 568 865 608 comedunt,
899 566 1028 600 deinde
1058 567 1193 600 vadunt
1224 567 1268 599 ad

282 620 451 656 sclmlam.
504 620 563 654 Sic
587 625 772 653 serventur
794 624 827 651 et
842 617 955 650 bonae
971 617 1214 650 ordinationes
1232 617 1268 649 in

282 671 461 714 Ecclesia,
488 682 561 704 non
586 671 681 716 quod
706 670 777 703 sint
800 668 952 702 iustitiae
973 668 1028 701 vel
1045 679 1098 701 res
1114 679 1271 701 necessa—

282 723 355 756 riae
375 723 418 756 ad
441 721 629 762 iustitiam,
656 722 715 754 sed
738 726 883 764 propter
906 719 1041 752 bonum
1061 718 1222 752 ordinem
1238 724 1271 752 et

282 773 588 818 tranquillitatem.

384 823 486 856 Hanc
518 821 714 856 doctrinam
743 831 883 855 necesse
913 825 964 853 est
985 819 1089 860 sciri,
1124 826 1157 852 et
1178 831 1272 853 nun-

284 887 389 920 quam
407 873 599 919 recipiatur
615 872 759 916 opinio,
786 871 900 917 qualis
918 871 1004 903 olim
1023 870 1109 911 suit,
1134 870 1194 903 ubi
1213 882 1273 904 co-

284 927 460 969 gitabant,
509 923 756 957 abstinentiam
801 934 819 955 a
863 933 967 954 carne
1002 931 1075 953 esse
1113 927 1271 954 sanctum

285 988 392 1021 opus,
420 988 489 1020 quo
508 973 603 1008 Deus
625 973 710 1006 velit
732 969 867 1006 honore
884 971 995 1012 affici,
1024 977 1057 1005 et
1073 971 1274 1015 cogitabant

286 1040 359 1061 rem
379 1025 607 1059 necessariam
626 1035 709 1058 esse.

390 1075 484 1110 Haec
501 1074 622 1119 opinio
641 1072 849 1118 simpliciter
863 1071 948 1105 falsa
967 1078 999 1106 et
1010 1071 1203 1105 reiicienda
1214 1078 1276 1113 est,

286 1136 319 1162 et
336 1128 463 1162 interea
481 1125 673 1171 quaerendi
691 1130 772 1158 sunt
789 1123 862 1156 veri
877 1123 1009 1163 cultus,
1034 1123 1119 1156 fides
1134 1129 1166 1157 et
1183 1123 1276 1157 bona

288 1177 502 1213 conscientia
520 1177 558 1210 in
575 1176 742 1221 operibus
759 1186 777 1208 a
795 1174 874 1208 Deo
889 1173 1095 1219 praeceptis.

670 1273 892 1306 Applicatio.

393 1328 489 1363 Haec
504 1334 554 1362 est
568 1339 704 1362 summa
715 1327 899 1362 doctrinae
911 1326 947 1359 in
962 1322 1029 1359 hoc
1040 1331 1148 1367 textu,
1173 1324 1278 1361 Chri-

291 1389 364 1416 stus
389 1384 508 1420 docet,
535 1379 648 1412 cultus
672 1389 744 1411 esse
761 1389 867 1422 opera
887 1389 906 1410 a
923 1375 998 1410 Deo
1020 1384 1218 1420 praecepta,
1245 1384 1278 1411 et

292 1444 364 1465 non
395 1442 500 1474 opera
524 1429 757 1463 traditionum
784 1426 1039 1466 humanarum,
1073 1427 1163 1460 sicut
1187 1427 1278 1461 infra

293 1483 394 1516 dicit:
424 1481 566 1514 Frustra
583 1479 704 1514 colunt
720 1490 775 1512 rne
793 1478 967 1511 mandatis
984 1475 1182 1512 hominurn.

394 1530 439 1565 Et
456 1539 547 1565 taxat
558 1528 793 1563 pharisaicam
812 1528 1051 1563 traditionem.
1095 1527 1280 1569 Dicebant,

293 1583 419 1617 melius
441 1593 532 1622 esse,
560 1580 685 1613 offerre
701 1579 852 1622 templo,
879 1591 983 1624 quam
1003 1579 1094 1611 alere
1109 1586 1281 1623 parentes,
1305 1612 1307 1621 ,

294 1635 381 1667 sicut
413 1645 507 1665 nunc
536 1631 678 1665 dicunt:
715 1630 845 1663 Melius
874 1636 924 1663 est
951 1629 1101 1662 fundare
1127 1630 1280 1668 missam,
1306 1636 1308 1681 ἰ

295 1685 347 1717 vel
366 1684 456 1717 alere
475 1683 604 1715 multos
617 1679 813 1715 Monachos
830 1687 973 1725 propter
989 1680 1147 1719 missam,
1175 1693 1280 1726 quani
1306 1683 1308 1705 ¹

295 1737 338 1769 de
358 1735 459 1768 bonis
477 1733 649 1767 Ecclesiae.
664 1735 784 1766 iuvare
801 1743 969 1775 pauperes
986 1728 1210 1765 scholasticos
1227 1732 1281 1764 vel
1308 1769 1309 1773 Ἰ

296 1787 385 1820 alios
417 1785 573 1819 miseros.
633 1783 796 1817 Omnino
830 1782 955 1816 similis
987 1782 1184 1816 intellectus
1217 1783 1282 1816 suit
1308 1822 1309 1831 ἵ

298 1836 498 1871 traditionis
529 1832 762 1868 Pliarisaicae.
830 1832 961 1867 Reiicit
992 1833 1099 1875 igitur
1121 1831 1284 1867 Christus

298 1886 389 1921 lianc
414 1886 659 1926 traditionem,
686 1885 768 1930 quia
794 1890 925 1928 pugnat
948 1895 1026 1916 cnm
1045 1885 1208 1917 mandato
1228 1885 1283 1918 di·
1308 1905 1310 1914 ,

303 1949 401 1971 vino.

404 1987 551 2020 Excusat
577 1991 608 2017 et
627 1995 707 2017 suos
723 1984 915 2028 discipulos
929 2011 937 2024 ,
964 1985 1057 2028 quod
1078 1997 1148 2018 non
1169 1986 1285 2019 lavent

300 2050 445 2077 manus,
481 2045 512 2071 et
544 2035 653 2069 reiicit
681 2036 804 2069 stultas
827 2035 1031 2079 opiniones,
1066 2038 1158 2081 quod
1185 2043 1286 2080 puta-

301 2092 386 2124 bant
419 2089 500 2123 talia
534 2098 637 2132 opera
669 2087 860 2119 necessaria
884 2098 974 2121 esse.
1011 2094 1042 2119 et
1068 2087 1285 2121 sanctitatem

302 2153 386 2176 esse.
441 2139 508 2173 Sed
527 2138 670 2185 quando
687 2134 770 2170 baec
787 2137 972 2173 dicuntur.
1001 2144 1083 2169 tunc
1097 2138 1286 2171 «Αἶα-11111111-
1310 2113 1313 2185 l

302 2201 358 2226 tur
379 2189 576 2226 Pharisaei,
605 2186 661 2221 bic
680 2195 729 2221 est
748 2199 836 2233 opus
851 2188 1009 2221 doctrina
1028 2190 1070 2221 de
1087 2190 1260 2223 scandalo.

521 2270 607 2306 [Vtin
627 2270 727 2319 quod
744 2272 948 2317 ingreditur
965 2272 1001 2304 in
1021 2285 1070 2305 os.

407 2340 535 2375 lterum
572 2340 673 2371 initio
703 2340 874 2372 admoneo
900 2340 942 2371 de
967 2339 1167 2372 infirmitate
1191 2339 1287 2382 Apo-

304 2394 484 2427 stolorum.
539 2390 595 2423 list
623 2398 654 2423 et
682 2391 716 2422 in
740 2390 917 2434 Apostolis
942 2401 1057 2427 error,
1088 2391 1146 2434 qui
1174 2389 1288 2425 adliuc

304 2451 424 2488 putant
444 2441 644 2474 discrimina
659 2442 830 2480 ciborum,
856 2453 927 2474 esse
944 2439 1130 2473 cultusti
1147 2455 1289 2484 magnos

305 2503 337 2528 et
362 2494 570 2536 singulares.
598 2499 630 2525 et
659 2490 751 2525 lntnc
775 2493 944 2536 populum
965 2490 1069 2524 lsrael
1097 2492 1173 2524 idco
1192 2502 1288 2526 ante-

305 2546 430 2579 cellere
455 2544 636 2585 gontihns,
668 2545 760 2587 quod
788 2550 857 2576 tarn
881 2550 997 2576 sancta
1021 2555 1125 2586 opera
1150 2545 1289 2581 saciant.

306 2597 464 2629 xidolicet
484 2595 575 2640 quod
595 2607 611 2627 a
629 2595 795 2627 carnibus
814 2594 925 2626 suillis
943 2601 974 2627 ot
995 2606 1011 2626 a
1031 2594 1207 2637 leporibus
1225 2603 1288 2629 etc.
1314 2605 1315 2612 ¹

305 2648 510 2679 abuinoaut.
568 2644 641 2679 11110
659 2643 786 2678 liabent
806 2642 895 2679 lianc
913 2645 1171 2689 persuasionem
1193 2646 1286 2689 Apo-

865 73 992 111 PHlL.
1018 71 1135 110 MEL.
1158 71 1369 111 SCRIPTA
1394 71 1695 112 EXEGETICA.

2222 79 2299 115 880

1312 160 1414 202 stoli,
1440 173 1515 196 non
1531 162 1647 196 solum
1663 161 1707 196 de
1725 161 1949 203 ceremoniis,
1974 163 2035 197 sed
2049 162 2154 199 etiam
2170 163 2214 198 de
2230 161 2299 199 1111-

1314 212 1429 247 manis
1445 212 1709 250 traditionibus,

1415 261 1599 298 Discamns
1621 264 1730 308 igitur
1753 275 1792 297 ex
1817 260 1886 297 hoc
1910 265 2087 309 exemplo,
2113 265 2208 310 quod
2226 276 2300 299 non

1315 313 1359 348 sit
1383 313 1535 355 mirum,
1567 314 1604 347 in
1627 314 1846 359 Augustino,
1879 313 2091 356 Ambrosio,
2119 321 2152 348 et
2174 315 2299 349 simili-

1315 366 1381 400 bus
1396 364 1503 398 fuisse
1514 364 1618 397 etiam
1630 365 1768 410 aliquos
1778 377 1925 402 errores.
1978 367 2124 411 Semper
2135 365 2145 398 i
2150 378 2173 399 n
2183 366 2302 400 omni-

1316 416 1383 449 bus
1413 412 1621 448 hominibus
1652 415 1770 461 aliqua
1799 422 1880 450 sunt
1912 423 2073 461 peccata,
2115 422 2149 450 et
2182 416 2301 462 aliqua

1317 465 1536 509 ignorantia,
1569 465 1606 497 in
1634 465 1714 499 aliis
1738 466 1838 510 plus,
1870 466 1908 500 in
1933 467 2011 501 aliis
2036 467 2166 504 minus,
2231 466 2302 502 Sed

1319 514 1376 550 hic
1392 516 1463 549 duo
1483 522 1664 560 praecepta
1680 522 1875 551 teneamus.

1421 565 1580 600 Primum
1592 592 1601 607 ‚
1627 566 1722 611 quod
1744 577 1883 601 necesse
1898 566 1942 601 sit
1958 574 2076 602 tenere
2089 566 2302 601 fundamen—

1319 624 1408 658 tum,
1434 616 1469 650 id
1488 623 1550 658 est,
1575 616 1742 651 articulos
1757 616 1852 656 fidei,
1877 624 1917 652 ut
1935 619 1968 654 1.
1982 615 2145 653 Corinth.
2161 618 2196 654 5.
2212 618 2303 652 dici-

1320 675 1395 703 tur:
1423 666 1710 702 Fundamentum
1734 667 1832 701 aliud
1854 668 1939 712 poni
1955 680 2026 702 non
2045 675 2175 713 potest,
2201 680 2307 713 prae-

1321 725 1372 753 ter
1395 717 1452 759 id,
1483 719 1578 763 quod
1603 718 1757 763 positum
1783 724 1853 757 est,
1880 719 1977 764 quod
2001 725 2053 753 est
2080 718 2174 754 lesus
2197 717 2305 754 Chri-

1321 775 1405 804 stus.
1459 767 1498 801 Id
1524 780 1662 802 necesse
1685 776 1736 803 est
1756 769 1804 803 ita
1823 768 1956 808 teneri,
1984 780 2028 802 ne
2045 770 2184 813 penitus
2203 769 2305 813 igno·

1321 826 1420 853 retur
1435 819 1529 853 ullus
1544 819 1713 854 articulus
1730 819 1821 861 fidei,
1848 826 1908 854 aut
1925 831 1971 853 ne
1986 821 2201 854 contrarium
2213 831 2306 854 asse-

1323 876 1474 905 veretur.
1527 868 1601 912 Qui
1626 881 1709 903 vero
1734 870 1951 904 contrarium
1976 877 2174 905 asseverant
2197 871 2307 916 perti-

1323 921 1476 961 naciter,
1509 917 1605 954 haud
1628 921 1736 954 dubie
1761 921 1919 954 damnati
1944 927 2047 962 sunt,
2080 920 2175 956 iuxta
2201 922 2306 956 illud:

1324 969 1454 1006 Omnis
1469 970 1529 1016 qui
1546 982 1619 1005 non
1636 970 1765 1010 credit,
1792 971 1861 1004 iam
1879 972 2067 1005 damnatus
2084 977 2146 1007 est.

1426 1020 1471 1055 11.
1516 1019 1678 1056 Secunda
1702 1021 1878 1055 doctrina:
1908 1021 2064 1065 Quando
2087 1028 2203 1056 antem
2226 1022 2308 1056 fun·

1325 1072 1530 1106 damentum
1544 1078 1700 1114 tenetur,
1726 1078 1760 1106 et
1775 1072 1903 1106 deinde
1917 1072 2052 1118 aliquid
2068 1073 2197 1106 erroris
2211 1084 2310 1107 acce-

1326 1123 1396 1164 dit,
1423 1122 1486 1157 etsi
1502 1119 1570 1157 hoc
1583 1123 1746 1156 obscurat
1760 1123 1947 1157 articulum
1965 1122 2116 1168 aliquem
2135 1123 2230 1164 fidei,
2257 1131 2310 1158 ta·

1327 1186 1408 1207 men
1438 1171 1545 1208 1101110
1573 1180 1683 1218 potest
1709 1173 1856 1214 salvari,
1891 1180 1930 1207 ut
1954 1173 2004 1207 ibi
2027 1173 2158 1207 dicitur
2184 1174 2216 1210 1.
2240 1172 2311 1208 Co-

1328 1221 1437 1259 rinth.
1456 1224 1512 1258 8.:
1545 1222 1649 1258 Alius
1673 1224 1938 1268 superaedificat
1961 1223 2128 1269 stipulas,
2160 1224 2313 1259 salvabi-

1329 1282 1405 1317 tur,
1432 1275 1481 1308 sic
1500 1282 1616 1309 tamen
1634 1274 1733 1320 quasi
1751 1286 1813 1319 per
1829 1275 1958 1318 ignem.

1431 1325 1500 1359 Sed
1522 1325 1602 1358 talis
1619 1322 1726 1358 1101110
1743 1325 1846 1359 debet
1862 1337 1934 1358 esse
1949 1324 2092 1365 docilis,
2120 1331 2152 1359 et
2169 1325 2313 1371 quando

1329 1374 1424 1409 Dens
1457 1375 1620 1420 patefacit
1653 1387 1807 1413 errores,
1841 1375 1930 1408 sicut
1954 1375 2049 1409 Deus
2079 1375 2230 1409 subinde
2254 1376 2312 1409 in·

1330 1432 1460 1460 staurat
1488 1423 1681 1459 Ecclesiam
1720 1432 1753 1459 et
1786 1432 1949 1469 repurgat
1980 1426 2198 1465 doctrinam,
2239 1438 2313 1460 non

1330 1477 1433 1510 debet
1466 1476 1692 1520 pertinaciter
1721 1475 1911 1509 adversari.
1971 1474 2064 1518 Quia
2096 1476 2154 1510 isti
2179 1487 2315 1510 errores

1331 1526 1466 1561 etiamsi
1484 1527 1649 1560 videntur
1666 1537 1738 1559 esse
1754 1527 1797 1559 de
1813 1526 1917 1559 rebus
1935 1527 2071 1569 parvis,
2097 1533 2214 1560 tamen
2233 1534 2316 1562 sunt

1329 1577 1469 1620 magni,
1513 1583 1547 1610 et
1583 1577 1772 1610 obscurant
1811 1587 1948 1620 semper
1982 1576 2120 1622 aliquos
2150 1577 2317 1611 articulos

1331 1628 1433 1669 fidei,
1457 1633 1491 1661 et
1509 1627 1707 1671 impediunt
1724 1627 1827 1660 fidem
1845 1634 1878 1661 et
1898 1637 1998 1660 veros
2014 1627 2129 1661 cultus
2145 1626 2222 1662 Dei.

1334 1779 1409 1814 Deo
1434 1779 1674 1820 mendacium,
1700 1778 1868 1815 Proverb.
1888 1779 1960 1813 12:
1998 1778 2073 1813 lmo
2096 1780 2238 1825 quando
2262 1791 2319 1814 ac-

1335 1831 1426 1864 cedit
1458 1830 1648 1875 pertinacia
1674 1837 1789 1869 tanta,
1823 1836 1860 1863 nt
1882 1829 2009 1873 corrigi
2034 1829 2145 1871 nolit,
2177 1837 2260 1864 tunc
2282 1830 2320 1865 lit

1336 1879 1553 1925 blasphemia
1570 1888 1601 1914 et
1618 1887 1794 1923 peccatum
1809 1879 1844 1912 in
1854 1879 2026 1924 Spiritum
2041 1887 2211 1921 sanctum,
2238 1881 2320 1926 quia
2368 1887 2370 1895 ’

1338 1933 1424 1966 tales
1442 1932 1588 1965 scientes
1604 1931 1769 1964 resistunt
1787 1931 1925 1964 veritati
1941 1937 2005 1967 etc.

1439 1981 1532 2015 llaec
1555 1982 1625 2014 dixi
1640 2008 1647 2021 ,
1677 1988 1713 2014 111
1736 1981 1852 2014 sciatis
1869 1993 1984 2014 veram
2003 1981 2198 2015 doctrinam
2215 1981 2320 2016 etiam

1340 2035 1382 2067 de
1407 2030 1462 2065 bis
1486 2032 1755 2070 traditionibus,
1782 2038 1819 2065 nt
1845 2032 1887 2064 de
1909 2031 2016 2072 cibis,
2043 2032 2190 2072 vestitu,
2215 2039 2249 2066 et
2274 2033 2321 2066 si-

1337 2085 1480 2117 nnililrus
1505 2083 1724 2117 retinendam
1746 2094 1828 2117 esse.
1884 2081 1942 2116 [Iti
1962 2089 2058 2126 potes
2074 2093 2179 2116 carne
2197 2083 2252 2116 vel
2268 2083 2322 2128 pi·
2366 2081 2369 2122 ἶ

1338 2135 1472 2173 5(111115,
1501 2135 1557 2167 sed
1584 2141 1700 2167 tamen
1727 2130 1792 2166 boc
1819 2133 1922 2173 scias,
1950 2133 2018 2167 tale
2042 2145 2130 2177 opus
2155 2145 2226 2167 non
2251 2145 2322 2168 esse

1340 2187 1473 2220 cultum
1494 2184 1570 2219 Dei.
1624 2183 1708 2218 Item
1735 2197 1806 2217 non
1834 2184 1958 2217 mereri
1983 2184 2224 2218 remissionem
2243 2197 2323 2229 pec-

1568 2234 1663 2275 ltem,
1691 2247 1761 2268 non
1776 2246 1847 2267 esse
1861 2246 1914 2269 res
1931 2235 2150 2275 necessarias,
2177 2242 2209 2269 et
2226 2247 2324 2280 posse

1338 2288 1452 2321 omitti
1475 2293 1568 2319 extra
1587 2298 1704 2319 casum
1724 2286 1890 2320 scandali.

1341 2245 1511 2270 catorum.

1410 2371 1521 2406 Nunc
1539 2371 1640 2404 venio
1656 2367 1710 2404 ad
1725 2369 1882 2403 alteram
1899 2376 2039 2415 parum
2059 2371 2252 2408 concionis.

1442 2440 1601 2474 Primum
1627 2439 1727 2472 dicit:
1754 2439 1853 2472 Cibis
1879 2452 1949 2473 non
1967 2440 2189 2485 coinquinari
2209 2438 2325 2475 horni-

1314 2522 1315 2539 }
1341 2505 1439 2528 nem,
1467 2493 1500 2524 id
1528 2500 1596 2529 est,
1625 2503 1695 2523 non
1719 2501 1790 2522 esse
1817 2498 1953 2535 peccata
1971 2503 2087 2524 corani
2108 2491 2204 2530 Deo,
2234 2493 2324 2526 vesci

1312 2540 1316 2590 1
1342 2545 1445 2577 relius
1463 2556 1480 2576 a
1502 2543 1578 2575 Deo
1598 2541 1782 2574 ordinatis,

1447 2593 1470 2627 l.
1525 2592 1623 2626 llanc
1639 2592 1834 2625 doctrinam
1853 2591 2012 2631 sciamus.
2036 2604 2078 2625 ne
2093 2592 2325 2628 conscientiae

1343 2647 1586 2690 illaqueentur.

2272 1627 2317 1662 Et
2370 1619 2371 1627 ’

1333 1677 1428 1712 Deus
1451 1685 1500 1712 est
1518 1676 1627 1712 liostis
1645 1677 1838 1716 mendacii,
1867 1689 1940 1710 non
1959 1677 2033 1712 vult
2050 1689 2114 1712 nos
2128 1678 2318 1713 defendere

1334 1729 1536 1768 mendacia,
1563 1729 1652 1762 sicut
1669 1729 1836 1772 scriptum
1857 1735 1923 1762 est:
1951 1726 2183 1763 Abominatio
2201 1740 2318 1763 coram
