2409 2915
110 98 206 134 1213
379 94 458 130 XII.

111 183 199 216 ciam
225 181 340 216 carnis
364 187 491 215 tuetur.
533 199 584 204 —
636 178 675 212 Si
701 190 773 211 nou
797 184 882 211 esset
909 175 967 210 hic
988 176 1096 208 male·

515 89 905 129 ANNOTATIONES
932 89 999 125 ΕΤ
1025 87 1304 124 CONCIONES
1339 88 1386 122 IN
1422 87 1603 122 EVANG.
1635 85 1845 122 lOANNlS.

2037 88 2130 121 1214

1151 174 1390 214 minarentur,
1425 185 1503 207 eum
1528 184 1599 206 esse
1623 171 1808 205 seditionis
1828 178 2006 212 autorem,
2048 172 2132 203 affe-

112 234 243 273 factor‚
270 232 333 266 tibi
353 243 426 265 non
443 231 727 266 tradidissemus,
756 229 791 261 id
811 235 877 269 est,
907 228 988 270 quia
1009 238 1097 270 pon·
1150 231 1241 258 ctare
1262 236 1425 268 regnum,
1451 224 1649 268 respondit:
1677 221 1845 265 Regnum¹
1857 234 1973 255 meum
1991 233 2061 255 non
2081 229 2131 254 est

114 284 220 317 tifices
244 293 382 322 sumuS,
418 293 500 325 ergo
522 281 723 323 obtempera
745 280 857 313 nobis.
912 277 958 312 Ut
984 289 1097 310 sermo

115 333 194 367 Iesu
225 333 450 377 impleretur,
477 342 581 376 quem
612 331 717 369 dixit,
753 331 827 366 scil.
861 329 955 375 quod
978 334 1097 372 gentes
1123 342 1125 351 ⁴

114 383 340 419 crucifixurae
359 388 471 417 essent
490 394 581 416 eum.

368 480 406 517 T
407 496 429 517 α
457 495 491 517 es
516 495 580 517 rex
605 480 844 518 Iudaeorum.

220 561 398 596 Hactenus
426 572 504 593 cum
536 560 668 604 populo
698 559 782 602 legis
813 566 1005 602 pugnatum
1030 563 1099 598 est3

118 613 175 648 hic
200 620 232 647 et
255 623 332 645 cum
358 611 520 653 gentibus
544 612 669 652 agitur.
724 610 812 643 Nam
838 607 922 643 haec
938 615 1101 641 causatur

116 665 206 698 ratio
231 663 396 695 adversus
420 660 672 704 Evangelfflm,
707 661 903 694 doctrinam
928 659 1098 692 eiusmodi

115 725 206 751 esse,
241 724 330 758 quae
369 713 545 756 publicam
584 712 874 756 tranquillitatem
908 711 1100 755 perturbet,

117 774 150 799 et
183 764 304 796 afferat
332 764 446 806 legum
475 763 632 796 civilium
654 769 910 806 contemptum,
945 773 1024 794 cum
1049 768 1101 793 ta-

116 827 198 848 men
221 814 453 857 Evangelium
480 812 682 846 charitatem
706 812 912 856 praecipiat,
946 812 1102 855 adeoque

118 873 150 899 et
183 866 297 908 legum
329 863 486 895 civilium
512 869 750 907 contemptum
778 869 878 898 vetet.
939 861 1022 894 Ideo
1047 873 1102 894 re—

116 913 303 960 prehendit
329 911 387 946 hic
404 911 563 947 Christus
580 913 733 947 Pilatum
760 914 962 947 recitantem
985 911 1103 945 crimi-
1128 921 1131 937 τ

119 978 183 1005 na,
218 965 358 997 dicens:
394 964 452 997 An
483 977 502 997 a
531 965 716 1008 temetipso
743 962 809 997 hoc
833 964 938 1004 dicis,
973 975 1018 996 an
1043 962 1102 995 alii

118 1015 184 1050 tibi
209 1015 398 1048 dixerunt?
427 1015 449 1047 i.
467 1028 496 1049 e.
515 1015 597 1060 quia
616 1016 742 1055 sentis,
769 1027 824 1047 me
843 1015 1006 1047 affectare
1026 1025 1104 1046 cor-

119 1066 240 1111 porale
269 1077 437 1108 regnum,
474 1066 672 1109 interrogo,
707 1066 826 1109 ipsene
856 1065 1025 1104 affirmes,
1060 1076 1105 1096 an

119 1115 226 1150 huius
247 1116 405 1150 criminis
422 1122 525 1150 testes
542 1114 686 1157 habeas3
715 1117 813 1161 quasi
831 1116 880 1149 sic
891 1116 997 1149 dicat:
1026 1114 1105 1148 Nou

119 1168 220 1201 aliter
243 1173 347 1212 atque
372 1167 426 1200 illi
449 1168 524 1200 sine
540 1168 688 1201 testibus
704 1174 737 1200 et
756 1167 792 1199 in
810 1166 988 1209 explorata
1005 1177 1105 1198 causa

121 1220 310 1258 damnant,
350 1218 398 1251 sic
431 1225 467 1251 tu
501 1230 652 1263 quoque.
722 1217 799 1262 Ipse
828 1218 1002 1250 affirmare
1033 1227 1107 1248 non

121 1277 236 1313 μηδ’
262 1280 382 1313 pacem
409 1269 585 1312 publicam
605 1281 667 1312 per
685 1280 738 1301 me
756 1268 911 1307 turbari’
941 1275 974 1301 et
990 1274 1107 1300 tamen
1133 1275 1135 1308 l
1160 1290 1322 1333 impellit.
1337 1308 1387 1313 -—
1413 1288 1470 1320 Illi
1487 1287 1600 1320 maius
1618 1293 1794 1330 peccatum
1815 1282 1962 1323 habent,
1992 1283 2072 1326 quia
2097 1280 2149 1313 illi

120 1319 324 1364 gratificaris
349 1320 574 1363 pontificibus
599 1320 636 1352 in
660 1331 715 1352 me
736 1318 955 1352 occidendo?
1008 1317 1108 1350 Nun-

122 1371 207 1415 quid
246 1382 308 1413 ego
345 1369 495 1403 Iudaeus
526 1370 628 1402 sum?
670 1370 705 1402 id
740 1377 809 1409 est,
852 1366 964 1400 habeo
995 1374 1108 1399 testes.

122 1421 218 1464 Quid
241 1420 370 1458 fecisti,
399 1419 422 1455 i.
439 1432 466 1453 e.
492 1417 728 1464 prohibuisti,
755 1430 898 1452 censum
923 1417 1000 1450 dari
1024 1415 1109 1451 Cae-

121 1483 206 1504 sari.

205 1567 378 1617 Regnum
403 1581 519 1603 meum
545 1581 618 1602 non
648 1573 698 1602 est
727 1566 768 1602 de
790 1565 857 1602 hoc
879 1565 1030 1604 mundo.

226 1648 278 1682 De
316 1658 425 1690 regno
457 1644 590 1680 Christi
631 1645 713 1679 satis
752 1657 856 1688 supra
889 1645 1021 1679 dictum
1053 1651 1112 1678 est.

125 1700 219 1743 Quia
245 1710 362 1732 meum
384 1709 531 1741 regnum
550 1704 598 1730 est
615 1696 768 1741 potentia
786 1695 872 1737 Dei,
898 1696 978 1729 ideo
995 1695 1113 1728 vindi-

126 1759 216 1786 ctam
235 1749 337 1784 aDeo
355 1755 509 1792 expecto,
532 1756 565 1782 et
580 1760 652 1781 non
670 1748 713 1780 ab
731 1744 885 1781 humana
903 1747 948 1780 vi.
984 1745 1114 1780 Omnis

127 1802 188 1847 qui
213 1808 263 1834 est
288 1813 328 1834 ex
352 1800 512 1839 veritate,
540 1799 564 1834 i.
581 1811 608 1832 e.
636 1799 697 1846 qui
727 1805 776 1831 est
802 1810 905 1832 verax
922 1798 1054 1837 factm,
1082 1805 1114 1831 et

128 1853 188 1898 qui
214 1851 375 1895 concepit
393 1851 531 1883 lumen:
558 1856 597 1883 ut
615 1849 689 1883 Deo
707 1849 839 1883 tribuat
858 1850 951 1894 quod
971 1855 1020 1882 est
1037 1847 1115 1883 Dei.

127 1903 225 1945 Quid
250 1909 300 1935 est
324 1901 476 1935 veritas?
509 1901 609 1945 quasi
637 1900 747 1933 dicat:
776 1899 869 1934 Num
896 1900 962 1932 alia
988 1901 1116 1934 veritas

128 1960 195 1991 est,
236 1964 341 1996 quam
376 1963 465 1996 quae
496 1953 540 1984 ab
574 1949 779 1983 homiuibus
810 1951 1032 1995 concipitur?
1068 1973 1115 1978 —

129 2002 209 2036 Non
233 1999 346 2039 hunc,
378 2002 437 2034 sed
457 2000 674 2042 Barabbam3
704 2002 784 2034 ideo
810 2003 1005 2045 praefertur
1027 2000 1117 2034 Bar—

129 2053 236 2086 abbas
267 2049 428 2091 Christo,
465 2052 547 2096 quia
581 2052 762 2084 extenuari
793 2053 979 2095 oportebat
1012 2050 1118 2085 Chri-

129 2111 220 2138 stum
239 2102 330 2135 infra
347 2102 580 2135 novissimum
600 2102 759 2135 virorum
773 2129 782 2143 ‚
810 2100 934 2136 Esaiae
952 2101 1048 2138 LIII.

482 2235 619 2289 Caput
649 2236 769 2277 XIX.

261 2324 366 2360 Iesus
395 2331 513 2360 autem
544 2338 753 2374 responsum
783 2338 856 2360 non
885 2323 994 2361 dedit.

233 2402 329 2445 Quid
347 2410 415 2442 est,
443 2403 536 2445 quod
557 2399 613 2435 hic
631 2414 704 2434 non
720 2403 928 2446 respondeat
944 2400 1120 2448 Christus,

134 2465 210 2487 cum
235 2460 352 2486 tamen
378 2453 548 2487 consessio
575 2453 677 2496 plane
700 2453 892 2486 neccssaria
921 2454 993 2487 sit?
1047 2454 1121 2489 Ro-

1135 1499 1138 1538 l

1150 276 1192 308 de
1211 273 1276 308 hoc
1291 277 1443 315 mundo3
1472 287 1542 320 quo
1561 275 1637 307 loco
1662 274 1783 312 docet,
1810 271 2038 315 Evangelium
2064 284 2135 304 non

1151 327 1327 358 adversari
1370 325 1530 369 potestati
1572 325 1678 358 civili.
1750 324 1879 363 Porro,
1921 324 2031 356 filium
2070 321 2135 355 Det

1151 388 1222 409 esse
1246 376 1274 420 ¹)
1300 374 1392 408 nihil
1418 377 1462 408 ad
1486 374 1664 409 Romanas
1693 375 1794 418 leges.
1850 373 2036 418 Propterea
2064 385 2136 405 non

1152 427 1332 471 respondit
1347 424 1509 460 Christus
1525 425 1651 459 Pilato.

1202 508 1408 557 Respondit
1441 508 1564 543 Iesus:
1614 507 1703 543 Non
1743 505 1894 541 haberes
1929 512 2137 554 potestatem

1254 560 1447 595 adversum
1475 573 1528 594 me
1553 565 1614 595 ele.

1255 630 1334 664 Non
1351 631 1418 663 fert
1433 626 1685 673 blasphemiam
1702 624 1882 664 Christus,
1911 638 1987 659 cum
2008 625 2141 658 Pilatus

1155 682 1222 723 ait,
1251 693 1285 715 se
1304 687 1507 725 potestatem
1536 677 1666 712 habere
1692 685 1755 711 ete.
1807 676 2001 711 Confirmat
2025 683 2140 709 autem

1155 741 1188 767 et
1209 731 1266 766 hic
1293 731 1522 765 conscientias
1545 736 1744 763 sanctorum
1759 756 1767 769 ,
1794 735 1832 761 ut
1855 728 2024 767 sentiant,
2052 724 2141 759 nihil

1155 793 1254 826 posse
1284 794 1428 824 regnum
1453 782 1577 813 mundi
1607 781 1793 814 adversum
1821 791 1898 815 eos,
1943 785 2081 820 praeter
2107 777 2142 808 id

1156 833 1248 878 quod
1269 844 1332 876 pro
1359 843 1419 864 sua
1448 831 1684 864 benivolentia
1710 838 1808 873 pater
1833 829 2004 866 admittit,
2030 837 2066 861 ut
2083 840 2141 859 ex-

1157 884 1334 928 periamur
1359 883 1432 915 eius
1455 881 1707 925 praesentiam,
1735 887 1766 913 et
1781 880 1866 912 fides
1883 887 1999 912 nosti-a
2018 878 2144 910 confir-

1158 942 1330 973 maretur,
1357 933 1444 966 sicut
1462 929 1683 967 Zachar.ll.:
1714 929 1789 973 Ego
1809 941 1867 963 ero
1888 930 1938 969 ei,
1966 929 2012 963 ait
2030 929 2145 961 domi-

1157 998 1222 1019 nus
1241 995 1362 1017 murus
1380 984 1513 1026 igneus.

1284 1065 1478 1113 Propterea
1505 1065 1571 1114 qui
1597 1077 1651 1098 me
1678 1061 1837 1098 tradidit
1866 1063 1935 1097 {ibi
1962 1067 2022 1097 etc.

1259 1136 1447 1180 Propterea
1460 1160 1468 1173 ‚
1497 1135 1570 1169 scil.
1593 1134 1751 1178 permisit
1769 1131 1834 1165 hoc
1853 1139 1949 1176 pater
1967 1130 2075 1175 portis
2094 1130 2147 1161 iu-

1160 1189 1326 1221 ferorum.
1368 1185 1507 1219 Deinde
1525 1187 1610 1218 adeo
1628 1196 1699 1217 non
1716 1191 1764 1217 est
1783 1195 1887 1227 penes
1906 1190 1938 1215 te
1957 1194 2022 1219 res,
2050 1187 2087 1213 ut
2104 1180 2149 1212 sis

1161 1246 1298 1272 tantum
1321 1237 1536 1280 mancipium
1562 1236 1732 1275 Satanae,
1767 1234 1827 1279 qui
1855 1241 1887 1267 ct
1906 1233 2052 1266 Iudaeos
2068 1239 2099 1263 et
2117 1237 2149 1262 te

1160 1347 1293 1373 norunt
1306 1339 1513 1382 scripturas,
1540 1337 1669 1382 quibus
1694 1335 1887 1379 promissus
1912 1342 1960 1367 est
1979 1331 2150 1366 Christus-

1161 1391 1199 1424 Si
1216 1388 1310 1422 hunc
1327 1389 1494 1425 dimittis,
1521 1400 1594 1420 non
1621 1399 1655 1419 es
1677 1387 1808 1419 amicus
1833 1385 2011 1423 Caesaris,
2040 1383 2073 1415 id
2093 1389 2152 1419 est,

1161 1452 1233 1473 non
1250 1440 1345 1472 faves
1359 1437 1519 1476 Caesari,
1547 1444 1580 1470 et
1598 1435 1784 1469 habeberis
1810 1447 1872 1478 pro
1900 1448 1958 1473 eo,
1987 1434 2046 1478 qui
2067 1444 2152 1465 con-

1164 1492 1258 1524 iures
1275 1491 1442 1522 adversus
1458 1487 1641 1521 Caesarem
1670 1495 1703 1520 et
1728 1486 1852 1530 probes
1879 1484 1984 1519 huius
2008 1483 2152 1516 seditio-

1136 1546 1253 1573 {nem⁴
1280 1560 1331 1565 —
1371 1539 1452 1572 Non
1479 1536 1651 1571 habemus
1683 1549 1821 1581 regem,
1863 1538 1920 1570 sed
1952 1535 2151 1573 Caesarem3

132 2504 307 2548 spondeo:
335 2503 425 2537 Cum
442 2505 673 2546 interrogaret
691 2503 826 2537 Pilatus
839 2505 881 2537 de
902 2505 942 2537 iis
960 2505 1119 2538 crimini·
1144 2497 1146 2524 3

133 2556 209 2594 bus,
235 2555 364 2599 quibus
381 2556 594 2588 maiestatem
604 2554 804 2589 Romanam
823 2555 934 2589 videri
956 2557 1121 2590 volebant
1144 2563 1146 2594 i
1171 2565 1293 2593 centur
1311 2563 1510 2589 sanctorum
1528 2553 1745 2587 afflictiones.

136 2606 260 2638 laesam
281 2617 374 2647 esse,
397 2612 429 2639 et
445 2605 591 2639 violatas
601 2604 782 2640 Romanas
800 2606 909 2650 leges,
933 2609 1121 2651 respondet

136 2652 297 2690 Christus
313 2663 473 2691 accurate
490 2656 630 2690 diluens
647 2657 791 2693 crimen.

844 2657 933 2691 Nam
957 2671 1035 2692 curn
1053 2660 1120 2693 cri-
1146 2654 1147 2661 ¹

1163 1590 1230 1625 lioc
1259 1592 1336 1624 loco
1370 1591 1556 1623 adversum
1589 1600 1623 1621 se
1648 1588 1895 1629 testificantur,
1928 1587 1961 1620 id
1988 1593 2055 1625 est,
2088 1595 2152 1616 nos

1163 1642 1377 1689 ignoscimus
1394 1652 1540 1684 regnum
1559 1637 1705 1674 Christi.

1272 1724 1419 1760 Milites
1449 1736 1532 1770 ergo
1560 1736 1639 1758 cum
1668 1719 1935 1768 crucifixissent
1964 1732 2053 1755 eun».

1267 1794 1348 1828 Non
1366 1793 1515 1827 dubium
1534 1799 1602 1832 est,
1633 1791 1721 1837 quin
1746 1797 1857 1824 vestes
1875 1786 2003 1824 Christi
2023 1787 2155 1821 doctri-

1166 1859 1248 1881 nam
1271 1846 1486 1889 significent,
1516 1850 1548 1877 et
1575 1843 1704 1876 milites
1726 1840 1930 1875 haereticos.
1981 1839 2081 1882 Quae
2102 1849 2155 1870 se-

1166 1904 1324 1944 quuntur
1348 1897 1465 1929 omnia
1485 1895 1652 1928 videntur
1667 1893 1704 1926 in
1728 1891 1793 1926 hoc
1817 1892 1966 1932 adiecta,
1993 1897 2032 1924 ut
2047 1888 2155 1932 signi-

1166 1951 1309 1982 ficarent
1328 1959 1405 1980 cum
1430 1951 1671 1988 resurgentem
1690 1942 1889 1983 Christum,
1916 1949 1989 1975 tum
2010 1951 2155 1973 nascen-

1167 2008 1234 2035 tem
1251 1997 1441 2032 Ecclesiam
1466 2009 1506 2030 ex
1532 2001 1673 2029 mortuo
1690 1992 1851 2032 Christo,
1879 1993 1967 2027 sicut
1985 2004 2023 2025 ex
2042 1990 2154 2024 Adam

1167 2050 1280 2094 sopito
1298 2048 1372 2081 Eva
1391 2049 1480 2081 facta
1497 2054 1560 2081 est.
1614 2045 1840 2088 Significabat
1859 2041 1952 2077 haud
1971 2042 2077 2075 dubie
2097 2040 2155 2072 ille

1168 2113 1273 2145 sopor
1295 2100 1394 2133 Adae
1419 2105 1568 2132 mortem
1586 2094 1730 2131 Christi.
1783 2093 1847 2128 Est
1873 2101 1905 2127 et
1930 2091 1995 2126 hoc
2021 2093 2154 2134 lignum

1168 2151 1321 2189 humile,
1349 2150 1506 2189 aridum,
1532 2149 1626 2193 quod
1652 2147 1778 2181 ssorere
1803 2145 1883 2178 facit
1901 2141 2025 2177 Ezech.
2041 2140 2156 2175 XYIt.

1168 2202 1297 2236 Partiri
1314 2208 1443 2241 vestes,
1470 2207 1519 2233 est
1537 2199 1733 2242 discerpere
1750 2196 1970 2240 scripturam.
2025 2191 2154 2227 Sortiri

1170 2255 1211 2288 de
1226 2253 1381 2287 vestibus
1405 2251 1640 2294 significabat,
1667 2249 1822 2285 futuros,
1852 2246 1911 2291 qui
1938 2245 2031 2277 velut
2057 2243 2155 2276 lude—

1173 2311 1251 2338 rent
1292 2303 1463 2346 scriptura
1498 2307 1530 2334 et
1561 2301 1811 2344 detorquerent
1849 2304 2157 2341 quorsumcunque

1170 2368 1233 2400 pro
1252 2367 1313 2389 sua
1331 2353 1491 2387 libidine.

1298 2437 1405 2472 Sitio.

1273 2506 1341 2539 Hic
1366 2505 1463 2537 locus
1485 2510 1622 2546 arguet,
1651 2500 1733 2535 baec
1750 2499 1942 2537 recenseri,
1969 2504 2003 2530 ut
2023 2495 2156 2538 signifi-

1801 2550 1888 2584 Nam
1907 2546 1973 2582 hoc
1991 2555 2079 2581 statu
2091 2544 2156 2580 Ec-

1466 2433 1547 2469 Vas
1575 2447 1659 2481 ergo
1687 2438 1764 2468 era!
1790 2431 1948 2480 positum
1977 2434 2036 2464 etc.

1210 2675 1235 2701 1)
1255 2672 1318 2697 Tub.
1339 2677 1398 2696 esse
1417 2669 1467 2695 aut
1487 2676 1541 2694 non
1563 2675 1630 2693 esse.
