2409 2915
133 118 178 153 17
548 118 593 154 X.
643 115 944 153 EXPLICATIO
979 116 1388 157 PROVERBlORUM
1424 121 1724 163 SALOMONlS.
2097 138 2142 172 18

229 202 378 247 Quoties
393 210 506 238 autem
522 203 655 237 laboris
668 203 802 237 mentio
817 203 866 244 fit,
892 203 997 236 simul
1012 215 1107 237 com·
1161 204 1207 238 cit
1227 203 1417 240 Iuvenalis:
1446 207 1598 242 Patriam
1617 217 1733 246 tamen
1752 213 1872 249 obruit
1889 215 1987 259 olim,
2017 216 2142 255 Gloria

127 253 396 300 prehendantur
426 254 602 288 invocatio
633 261 666 288 et
697 254 868 287 auxilium
892 252 976 295 Dei,
1013 254 1108 287 iuxta
1160 267 1351 299 paucorum
1376 258 1510 299 laudis,
1536 261 1701 306 titulique
1725 264 1862 308 cupido.
1916 266 2004 301 Item
2032 270 2141 305 Clau-

127 307 238 340 dicta:
274 305 354 340 Scio
377 304 533 338 Domine
564 316 638 338 non
670 311 719 338 est
751 301 906 337 hominis
935 305 990 337 via
1023 304 1108 339 eius.
1161 306 1304 339 dianus:
1340 307 1427 340 Nam
1453 316 1584 343 caetera
1609 323 1712 354 regna
1738 315 1891 349 luxuries
1912 317 2008 352 vitiis
2031 321 2140 354 odiis-

127 355 234 390 Item:
277 355 353 388 Nisi
387 353 562 388 Dominus
601 355 837 389 aedificaverit
874 356 1019 388 domum
1044 361 1107 389 etc.
1161 369 1227 403 que
1241 358 1403 401 superbia
1422 360 1533 391 vertit.
1585 359 1637 393 De
1655 365 1845 404 cupiditate
1861 371 2140 413 contentionum,

126 407 231 441 Item:
265 404 483 439 Commenda
505 404 580 439 Deo
610 406 702 439 viam
736 412 851 446 tuam,
885 412 918 439 et
943 417 1042 450 spera
1069 405 1106 437 in
1161 414 1193 439 et
1222 408 1265 439 de
1295 408 1449 442 dissidiis
1479 407 1563 443 haec
1586 412 1677 445 dicta
1703 421 1785 448 nota
1810 425 1906 451 sunt:
1940 419 2139 455 Concordia

125 469 223 494 eum,
260 463 292 489 et
319 456 392 500 ipse
418 456 530 489 faciet.
583 456 690 490 Item:
725 455 837 489 Petite
861 462 892 489 et
918 455 1105 500 accipietiS.
1160 469 1285 501 parvae
1308 470 1361 491 res
1385 467 1562 501 crescunt,
1592 461 1765 497 discordia
1783 467 1952 502 maximae
1972 471 2139 506 dilabun-

123 508 227 542 Item:
264 506 408 549 Quanto
439 505 548 550 magis
572 513 668 551 pater
690 513 802 540 vester
826 507 984 540 coelestis
1009 505 1107 539 dabit
1159 514 1228 543 tur.
1281 508 1486 543 Teneantur
1503 517 1617 545 autem
1635 513 1869 551 definitiones.

124 557 296 602 Spiritum
325 563 484 590 sanctum
516 557 744 601 petentibus..
797 556 883 590 Item
909 557 1035 590 Daniel
1054 559 1107 590 2.:
1262 558 1352 592 Vera
1369 560 1496 603 gloria,
1524 568 1556 595 et
1575 575 1662 607 quae
1682 564 1770 598 iuste
1788 568 1983 611 appetitur,
2010 579 2060 606 est
2077 585 2140 617 ap-

122 607 219 642 Deus
256 608 315 641 dat
350 607 558 651 sapientiam
593 607 820 652 sapientibus.
897 607 1031 642 Coloss.
1052 609 1105 642 3.:
1160 609 1319 653 probatio
1343 611 1575 646 conscientiae
1601 620 1692 646 recte
1708 615 1913 659 iudicantis,
1940 627 1973 654 et
1989 621 2139 656 aliorum

123 656 259 692 Omnia
289 670 377 703 quae
406 658 538 699 facitis,
569 658 606 691 in
637 670 796 691 sermone
827 665 887 692 aut
920 659 956 691 in
990 669 1105 702 opere,
1159 666 1251 693 recte
1274 660 1520 695 iudicantium.
1570 662 1672 697 Hanc
1691 676 1762 699 esse
1777 671 2007 711 appetendam
2026 674 2140 706 mani-

125 709 244 743 omnia
269 709 305 742 in
332 709 475 741 nomine
494 707 639 742 Domini
662 708 773 742 nostri
793 708 868 741 lesu
892 709 1004 742 facite.
1057 706 1104 741 Et
1158 710 1282 743 festum
1317 717 1364 744 est
1396 723 1436 743 ex
1469 709 1522 745 his
1547 715 1745 748 sententiis:
1779 716 1910 751 Melius
1935 728 1985 754 est
2008 735 2138 757 nomen

122 772 227 803 supra
251 759 420 794 Proverb.
442 759 493 794 3.:
534 759 572 792 ln
604 760 769 792 omnibus
799 760 864 791 viis
894 760 963 793 tuis
987 758 1103 792 consi·
1159 761 1303 799 bonum,
1330 773 1434 806 quam
1453 774 1577 796 aurum
1595 772 1627 799 et
1645 773 1838 807 argentum.
1887 769 1991 804 ltem:
2020 772 2140 808 vivite

122 812 223 844 deres
242 822 319 844 eum
331 836 340 850 ‚
367 817 399 843 et
418 810 490 850 ipse
506 809 633 853 diriget
648 821 784 853 gressus
801 817 892 843 tuos.
945 809 998 843 Sit
1015 821 1104 842 sem·
1159 811 1233 844 sine
1251 812 1427 845 scandalo.
1481 812 1586 846 ltem:
1616 814 1688 848 Vae
1706 814 1854 859 homini,
1884 832 1943 863 per
1959 834 2062 865 quem
2079 837 2139 858 ve-

121 873 185 905 per
206 860 409 894 coniunctio
429 860 664 894 invocationis
681 867 712 893 et
728 860 871 893 laboris.
921 858 1016 892 Haec
1033 859 1103 892 vir·
1158 862 1212 894 nit
1237 862 1451 895 scandalum.
1508 863 1613 897 Item:
1638 864 1733 899 Haec
1759 876 1807 901 est
1828 869 1991 912 gloriatio
2008 880 2139 914 nostra,

121 919 176 945 tus
193 911 400 945 nominatur
410 910 608 952 sedulitas,
636 911 735 944 cuius
753 911 797 944 sit
814 909 897 943 haec
914 910 1088 943 definitio:
1157 912 1397 945 testimonium
1423 910 1655 948 conscientiae
1676 925 1824 953 nostrae.
1881 919 1982 954 ltem:
2010 922 2139 959 Probet

1157 963 1398 1007 unusquisque
1416 976 1504 1007 opus
1519 977 1633 1005 sunm,
1661 967 1709 999 sic
1725 965 1867 1003 babebit
1885 972 2030 1013 gloriam
2045 977 2139 1018 apud

1158 1024 1248 1053 sese,
1276 1019 1308 1045 et
1334 1025 1403 1046 non
1422 1027 1460 1047 cx
1477 1015 1568 1050 aliis.
1620 1015 1666 1050 Et
1685 1030 1762 1051 cum
1781 1022 1985 1055 mandatum
1999 1022 2063 1057 Dei
2082 1026 2138 1069 sit,

1157 1070 1319 1107 appetere
1349 1066 1638 1107 approbationem
1670 1069 1902 1104 conscientiae
1934 1085 2015 1107 suae
2048 1084 2139 1110 recte

1158 1114 1365 1154 iudicantis,
1393 1122 1425 1148 et
1443 1116 1641 1160 aliquorum
1662 1126 1752 1152 recte
1769 1120 2000 1156 iudicantium
2017 1126 2053 1158 in
2071 1124 2141 1160 Ec-

1129 1157 1132 1192 Ι
1156 1164 1278 1203 clesia,
1305 1165 1416 1198 virtus
1435 1173 1485 1200 est
1504 1165 1593 1200 hanc
1608 1169 1755 1210 gloriam
1775 1172 1900 1206 ordine
1919 1182 2088 1218 expetere.

1257 1212 1430 1258 Opposita
1455 1217 1536 1250 vitia
1566 1226 1648 1252 sunt
1675 1219 1815 1255 Levitas
1844 1230 1877 1257 et
1903 1223 2138 1269 impudentia.

1155 1263 1294 1298 Levitas
1321 1272 1388 1305 est,
1424 1279 1487 1299 nec
1512 1279 1594 1301 suae
1620 1271 1870 1314 conscientiae,
1904 1287 1966 1308 nec
1987 1277 2137 1311 aliorum

1155 1322 1246 1349 recta
1266 1315 1396 1349 iudicia
1414 1329 1536 1350 curare
1549 1346 1557 1358 ‚
1586 1320 1678 1353 iuxta
1696 1333 1850 1355 versum:

1280 1365 1366 1394 Levis
1389 1372 1450 1403 est,
1485 1377 1541 1396 nec
1563 1369 1645 1396 illum
1668 1371 1796 1400 stimulat
1819 1374 1933 1412 gloriae
1955 1375 2053 1404 decus.

1257 1414 1480 1459 Impudentia
1506 1425 1539 1451 et
1562 1421 1760 1463 arrogantia
1787 1431 1820 1457 et
1845 1425 1981 1459 vanitas
2004 1434 2054 1461 est
2074 1428 2137 1460 tri-

1154 1466 1263 1499 buere
1281 1467 1347 1498 sibi
1366 1479 1455 1512 quae
1474 1481 1545 1502 non
1562 1471 1700 1505 adsunt.

1255 1516 1394 1550 Deinde
1411 1519 1446 1551 in
1464 1527 1560 1553 sexto
1576 1527 1608 1554 et
1625 1522 1773 1566 septimo
1790 1525 1900 1568 capite
1916 1538 2036 1561 rursus
2053 1540 2137 1562 con-

1154 1566 1317 1601 cionatur
1342 1570 1385 1601 de
1406 1571 1579 1611 castitate,
1607 1572 1650 1604 de
1668 1585 1735 1617 qua
1753 1580 1786 1607 et
1804 1586 1907 1619 supra
1926 1577 2056 1611 dictum
2077 1588 2137 1620 est,

1152 1624 1190 1650 ut
1224 1619 1294 1652 sint
1319 1626 1422 1652 notae
1446 1622 1632 1655 conciones
1654 1624 1696 1655 de
1721 1625 1845 1670 poenis
1868 1628 2136 1673 adulteriorum,

1153 1675 1185 1700 et
1217 1669 1364 1700 aliarum
1394 1682 1558 1711 vagarum
1590 1673 1801 1713 libidinum,
1836 1678 1963 1719 passim
1989 1679 2026 1711 in
2050 1681 2137 1713 scri-

1124 1731 1127 1748 ι
1178 1718 1264 1751 turis
1282 1719 1437 1764 traditae.

224 977 400 1012 Sedulitas
416 984 466 1010 est
483 978 612 1018 virtus,
639 989 707 1022 qua
725 983 926 1010 constanter
943 983 976 1010 et
993 976 1103 1009 firmi-

122 1037 175 1064 ter
192 1029 356 1062 volumus
373 1035 518 1071 propter
532 1026 646 1060 Deum
665 1034 698 1061 et
717 1039 938 1060 communem
957 1027 1102 1059 salutem

120 1081 261 1113 labores
299 1079 412 1111 facere
450 1078 627 1111 vocationi
656 1078 922 1117 convenientes,
962 1077 1105 1110 iuvante

121 1129 216 1170 Deo,
244 1129 305 1174 qui
329 1128 530 1172 petentibus
554 1128 724 1160 auxilium
748 1128 926 1172 promisit,
953 1135 1006 1161 ut:
1034 1127 1104 1161 Da-

117 1182 178 1213 vid
201 1187 252 1213 est
276 1179 419 1212 sedulus
444 1178 562 1217 miles,
589 1177 719 1211 Paulus
743 1185 792 1211 est
809 1178 953 1211 sedulus
971 1179 1104 1213 doctor.

120 1230 238 1264 Huius
254 1229 397 1263 virtutis
415 1237 564 1262 extrema
583 1235 665 1261 sunt
684 1227 825 1271 Ignavia
841 1235 872 1261 et
890 1230 1103 1274 πολυπραγ-

119 1277 278 1326 μοσύνη.
334 1278 485 1321 lgnavus
502 1278 652 1310 nimium
671 1285 796 1316 cessat,
823 1275 1104 1326 πολυπράγμων
1128 1311 1130 1313 ,

118 1343 178 1365 seu
195 1330 326 1364 ardelio
344 1329 452 1362 multa
469 1340 541 1361 non
559 1329 752 1362 necessaria
768 1340 828 1362 seu
844 1325 1010 1377 πάρεργα
1027 1342 1102 1363 mo-

117 1383 221 1422 litur,
251 1387 283 1414 et
298 1391 334 1413 se
349 1379 476 1422 ingerit
492 1379 617 1412 alienis
634 1380 897 1420 vocationibus,
923 1388 962 1414 ut
974 1377 1102 1421 Achas,

116 1432 289 1472 Pericles,
314 1427 570 1464 Demosthenes
592 1442 663 1463 non
683 1430 885 1464 necessariis
902 1431 1101 1464 contentio-

117 1484 225 1516 nibus
249 1479 431 1515 attrahunt
454 1481 568 1520 bella,
596 1493 685 1526 quae
701 1481 804 1515 vitari
823 1488 995 1526 poterant.
1049 1480 1099 1515 Ita

118 1546 219 1578 saepe
251 1533 414 1566 turbatur
439 1531 595 1565 Ecclesia
623 1544 696 1564 non
720 1532 922 1565 necessariis
943 1532 1099 1575 disputa-

116 1584 275 1619 tionibus
299 1589 332 1616 et
356 1583 663 1622 contentionibus,
690 1590 747 1616 aut
773 1596 851 1616 cum
878 1583 1042 1626 ingerunt
1066 1594 1101 1616 se

117 1637 278 1669 doctores
302 1633 467 1666 civilibus
490 1633 662 1675 negociis,
690 1640 857 1677 tanquam
875 1634 1021 1667 alterum
1040 1645 1100 1677 pe-

117 1687 196 1718 dem
212 1685 250 1716 in
268 1683 377 1722 curia,
406 1684 554 1716 alterum
572 1683 610 1714 in
625 1684 755 1727 templo
772 1682 953 1717 habentes.
1004 1682 1100 1716 Haec

114 1734 270 1768 breviter
285 1734 328 1766 de
345 1732 541 1766 Sedulitate
559 1733 645 1765 dixi.

217 1797 396 1840 Colligant
427 1803 541 1829 autem
572 1796 720 1829 studiosi
752 1796 856 1828 simul
891 1803 924 1829 et
947 1797 1037 1830 dicta
1064 1797 1097 1829 in
1124 1749 1127 1820 i

114 1848 252 1893 scriptis
276 1845 490 1892 propheticis
517 1853 551 1879 et
574 1846 803 1889 evangelicis,
831 1844 899 1879 huc
919 1848 1100 1890 pertinen-

115 1901 181 1940 tia,
215 1906 248 1933 et
271 1898 337 1932 alia
362 1898 537 1942 sapienter
559 1897 674 1937 dicta,
709 1903 762 1930 ut:
790 1895 952 1940 Spartam
977 1904 1099 1931 nactus

115 1963 170 1990 es,
197 1948 289 1983 hanc
312 1961 410 1982 orna.
466 1947 534 1981 Hic
557 1955 590 1981 et
617 1947 783 1981 sedulitas
807 1948 1038 1992 praecipitur,
1068 1955 1099 1982 et

116 1999 326 2046 prohibetur
361 1995 715 2046 πολυπραγμοσύνη.
785 1997 916 2031 Versus
947 1997 1099 2031 Nazian-

114 2052 191 2085 zeni
225 2057 345 2084 monet
371 2051 564 2083 necessaria
588 2050 718 2082 facere:
753 2046 795 2082 τὸ
819 2045 890 2092 μὲν
912 2045 1099 2096 πάρεργον

114 2101 291 2140 οὐδαιιῶς
319 2100 428 2148 ἔργον
456 2098 562 2147 λέγω.
626 2099 702 2132 Hoc
729 2100 862 2132 dictum
887 2099 1097 2133 Nazianzeni

113 2137 310 2186 admonitio
340 2159 389 2185 est
422 2152 465 2184 de
493 2151 766 2184 consociatione:
802 2148 865 2183 καὶ
895 2148 969 2197 γὰρ
993 2148 1100 2195 χερὸς

110 2201 212 2249 χεὶρ,
248 2200 310 2236 καὶ
335 2199 447 2240 πόὸος
470 2204 561 2240 ποῦς
585 2198 719 2246 ἐνδεής.
773 2200 906 2234 Manus
930 2208 980 2234 est
1004 2202 1098 2234 indi-

1499 1835 1635 1889 Caput
1671 1833 1787 1881 V111.

1255 1915 1294 1948 ln
1327 1924 1449 1950 octavo
1481 1919 1591 1962 capite
1623 1927 1806 1965 postquam
1838 1923 1939 1958 initio
1969 1924 2134 1971 Decalogi

1154 1974 1333 2010 praecepta
1360 1970 1538 2012 repetivit,
1567 1983 1660 2003 nunc
1681 1973 1772 2005 redit
1797 1974 1840 2006 ad
1859 1977 2052 2017 generalem
2070 1981 2133 2011 ad-

1154 2016 1410 2059 hortationem,
1440 2027 1477 2053 ut
1503 2017 1592 2053 hanc
1611 2022 1817 2064 sapientiam
1839 2027 2026 2068 discamus,
2055 2036 2087 2062 et
2102 2030 2133 2062 ei

1151 2068 1368 2104 obediamus.
1444 2069 1612 2105 Nominat
1643 2073 1737 2105 enim
1770 2076 1974 2118 sapientiam
2007 2090 2023 2110 a
2054 2079 2133 2113 Deo

1123 2132 1126 2162 1
1152 2119 1254 2152 nobis
1285 2121 1499 2163 propositam
1530 2130 1562 2156 et
1589 2124 1794 2165 revelatam,
1828 2134 1861 2161 et
1884 2129 1925 2160 ad
1954 2126 2043 2162 hanc
2069 2142 2132 2164 nos

1152 2170 1289 2211 alligat,
1331 2183 1402 2203 non
1434 2172 1592 2216 loquitur
1623 2175 1665 2206 de
1698 2175 1865 2218 sapientia
1897 2177 2042 2212 Periclis
2071 2188 2132 2215 aut

1152 2218 1366 2259 Alcibiadis,
1407 2228 1466 2255 aut
1509 2223 1696 2265 similium,
1738 2238 1826 2270 quae
1871 2235 1920 2261 est
1959 2230 2131 2264 calliditas

114 2265 199 2298 gens
215 2265 343 2293 manu,
370 2259 404 2286 et
422 2264 480 2296 1³⁰⁵
499 2254 597 2296 Pede·
1151 2272 1302 2312 augendi
1333 2273 1522 2316 potentiam
1550 2281 1581 2308 et
1605 2287 1688 2318 opes
1709 2289 1917 2322 quacunque
1939 2281 2131 2319 occasione,

1151 2321 1222 2354 sive
1255 2322 1363 2363 iusto,
1403 2323 1475 2356 sive
1504 2324 1634 2358 iniusto
1669 2327 1783 2360 modo.
1849 2327 1920 2362 Nec
1950 2343 2031 2363 vero
2063 2333 2129 2364 du-

1152 2373 1248 2404 bium
1280 2380 1348 2411 est,
1383 2373 1609 2408 Salomonem
1641 2376 1738 2421 loqui
1766 2379 1809 2411 de
1840 2381 1945 2413 verbo
1976 2382 2127 2415 revelato

1122 2451 1125 2467 ‚
1151 2423 1188 2455 in
1220 2420 1394 2463 Ecclesia,
1452 2426 1495 2457 de
1536 2426 1610 2469 lege
1639 2426 1723 2467 Dei,
1779 2435 1812 2461 et
1846 2431 1889 2462 de
1919 2429 2128 2474 Evangelio,

215 2473 298 2508 Dixi
331 2473 551 2507 sedulitatem
576 2483 648 2504 esse
672 2472 763 2504 inter
787 2478 937 2504 extrema
962 2471 1099 2513 vitiosa,
1123 2470 1125 2497 5
1151 2473 1232 2517 quia
1264 2474 1365 2508 dicit:
1408 2474 1585 2519 Sapientia
1618 2477 1653 2509 in
1685 2478 1793 2521 portis
1825 2479 1975 2513 civitatis
2005 2482 2127 2515 clami-

106 2525 292 2569 ·ignaviam
329 2531 362 2558 et
389 2519 774 2569 πολυπραγμοσύνην,
817 2529 848 2555 et
874 2522 987 2554 vicina
1013 2523 1096 2556 vitia
1122 2540 1124 2553 1
1150 2530 1211 2558 tat.
1274 2524 1343 2558 Sed
1375 2532 1490 2558 tamen
1523 2539 1601 2560 cum
1633 2528 1799 2571 sapientia
1831 2536 1970 2563 aeterna
1994 2539 2027 2565 et
2060 2533 2127 2565 im—

113 2578 197 2610 sunt
220 2575 365 2609 ambitio
388 2582 422 2608 et
444 2573 623 2611 rixositas,
651 2570 735 2606 haec
752 2572 855 2606 etiam
874 2570 939 2605 hoc
957 2573 1031 2606 loco
1046 2580 1098 2606 ta-
1152 2582 1266 2615 mota,
1301 2588 1389 2620 quae
1421 2583 1469 2609 est
1501 2577 1536 2610 in
1566 2578 1641 2621 ipso
1666 2577 1761 2616 Deo,
1797 2580 1947 2614 revelata
1977 2583 2021 2616 sit
2044 2595 2126 2616 voce

112 2634 261 2668 untur,
302 2627 384 2670 quia
423 2632 611 2668 utrumque
647 2624 748 2657 valde
783 2623 1017 2667 perniciosum
1049 2631 1096 2658 est
1150 2625 1234 2667 legis
1260 2633 1291 2659 et
1316 2625 1520 2670 Evangelii,
1546 2635 1578 2661 et
1602 2629 1643 2661 sit
1670 2629 1819 2662 revelata
1845 2643 1906 2674 per
1930 2633 2042 2676 ipsum
2067 2633 2127 2667 Fi-

112 2677 294 2711 communi
316 2676 492 2715 societati,
531 2682 570 2708 ut
603 2675 646 2707 de
670 2674 862 2708 ambitione
893 2674 1017 2708 vitiosa
1041 2675 1096 2708 di-
1151 2676 1257 2717 lium,
1293 2689 1353 2721 per
1384 2690 1486 2722 quem
1512 2677 1613 2711 Pater
1644 2679 1729 2712 dicit
1762 2681 1898 2715 decreta
1928 2685 1969 2716 de
2002 2685 2126 2718 ordine

171 2730 346 2760 ΜηΑπτκ.
378 2729 479 2760 Oeen.
510 2727 590 2757 Vox„
613 2727 706 2758 XIV·
1636 2730 1659 2762 2

166 2345 289 2380 Homo
308 2342 455 2383 Belial,
485 2341 527 2376 id
548 2348 617 2381 est,
654 2342 817 2384 innh'lis,
845 2356 917 2377 non
943 2348 992 2377 esi
1015 2348 1099 2377 lan-

215 2401 291 2431 tum
306 2400 479 2436 cessator,
506 2392 572 2428 sed
586 2393 765 2429 turbator.
