2409 2915
117 121 166 157 77

120 207 225 240 nobis
244 206 367 246 timor,
394 216 583 249 agnoscens
599 204 769 238 iudicium
795 212 827 239 et
850 205 937 238 iram
955 205 1017 239 Dei
1042 206 1103 238 ad-

121 269 241 291 versus
273 263 426 301 peccata,
460 256 505 289 sit
537 255 725 288 solicitudo
753 256 789 288 in
813 256 976 289 cavendis
1003 256 1103 288 malis

121 308 352 353 opinionibus
375 313 409 339 et
426 306 602 354 lapsibus,
629 312 669 339 ut
686 304 816 339 Paulus
839 307 976 351 inquit:
1005 305 1103 351 Ope-

120 359 251 393 ramini
267 359 413 392 salutem
432 369 510 390 cum
529 357 654 390 timore
672 363 707 390 et
722 363 889 397 tremore,
919 358 953 390 id
969 364 1030 394 est,
1048 369 1102 390 re-

120 410 230 444 tinete
249 408 434 453 puritatem
460 407 657 448 doctrinae,
684 419 808 451 magna
830 420 911 440 cura
935 415 966 442 et
984 407 1100 440 solici-

120 461 243 495 tudine
265 458 494 492 consideratis
523 459 699 498 fontibus,
740 466 774 492 et
796 470 919 501 magna
942 459 1101 491 solicitu-

119 511 200 545 dine
219 510 324 543 vitate
340 510 457 553 lapsus
474 516 595 543 contra
612 509 875 545 conscientiam.

218 575 290 609 Nec
313 582 445 620 pugnat
470 573 555 608 haec
582 575 741 608 doctrina
766 587 844 607 cum
863 575 1033 609 sententia
1059 575 1101 607 de

116 627 200 667 fide,
231 627 274 659 de
294 625 536 659 consolatione
559 626 873 664 conscientiarum,
901 633 933 659 et
957 628 1000 658 de
1025 626 1098 657 lae-

69 683 76 687 '
115 677 196 711 ticia
225 678 262 710 in
289 677 499 717 mediatore,
535 677 594 709 sed
621 683 812 721 utrumque
838 677 1026 720 praecipit,
1062 683 1101 708 ut

116 728 161 762 sit
179 728 216 760 in
234 729 338 761 corde
348 727 450 760 dolor
465 728 654 772 deplorans
673 734 827 760 nostram
845 726 1100 761 contumaciam

114 785 150 813 et
178 778 460 819 immunditiem,
512 778 752 812 dubitationes
792 784 824 811 et
857 779 966 811 multa
997 777 1100 815 mala,

114 841 203 875 quae
223 830 260 862 in
276 830 381 862 nobis
400 827 555 865 haerent.
609 829 678 863 Sed
697 830 869 871 gubernet
885 830 1048 862 timorem
1067 834 1100 860 et

115 881 273 914 dolorem
302 880 408 920 fides,
435 892 524 924 quae
551 887 791 920 statuat,·nos
817 891 1018 924 quanquam
1043 879 1099 910 in-

115 931 240 974 dignos
257 938 291 965 et
308 930 473 972 miseros,
500 937 616 964 tamen
633 931 768 975 placere
777 929 851 963 Deo
869 936 1012 975 propter
1026 941 1099 962 me-

114 983 298 1016 diatorem.

216 1047 330 1082 Taxat
354 1047 462 1091 igitur
487 1046 554 1082 hoc
570 1047 701 1081 dictum
727 1047 903 1081 carnalem
931 1047 1097 1080 securita-

113 1106 201 1137 tem,
229 1106 262 1133 et
283 1099 484 1143 superbiam
508 1099 740 1132 confidentem
773 1098 935 1143 propriae
959 1098 1098 1141 sapien—

113 1150 200 1191 tiae,
236 1149 395 1183 insticiae
420 1157 453 1183 et
477 1150 674 1193 potentiae,
706 1162 769 1182 nec
795 1156 974 1182 curantem
1005 1149 1097 1181 iudi—

111 1201 204 1235 cium
230 1200 317 1241 Dei,
344 1200 433 1234 sicut
458 1198 597 1233 Pharao
623 1200 695 1233 ruit
718 1201 754 1232 in
781 1200 925 1232 exitium
950 1199 1098 1232 fiduciae

112 1263 194 1284 suae
226 1252 415 1294 potentiae.
474 1248 767 1294 Bellerophontes
799 1262 942 1283 securus
973 1250 1097 1282 volens

111 1301 242 1345 Pegaso
265 1301 358 1334 intra
375 1301 511 1334 coelum
530 1298 630 1341 vehi,
657 1301 844 1334 excutitur.
897 1298 1096 1334 Antiochus

110 1363 254 1385 securus
278 1351 427 1384 fiduciae
458 1363 539 1384 suae
572 1351 768 1395 potentiae,
803 1358 950 1384 conatur
980 1352 1096 1384 delere

109 1404 220 1447 legem
247 1402 326 1436 Dei.
379 1402 525 1446 Semper
549 1402 656 1446 igitur
670 1402 706 1435 in
724 1409 910 1446 conspectu
937 1402 1007 1435 sint
1033 1399 1096 1434 hae

109 1453 370 1487 admonitiones
389 1454 432 1486 de
450 1453 574 1487 timore
593 1452 678 1491 Dei,
707 1460 740 1486 et
762 1454 804 1485 de
824 1453 924 1486 metis
941 1453 1096 1486 vocatio-

109 1505 181 1538 nis:
200 1503 328 1538 Beatus
347 1501 466 1543 homo,
484 1505 544 1548 qui
560 1516 697 1549 semper
713 1510 761 1537 est
778 1504 938 1548 pavidus,
992 1503 1095 1537 Item:

87 1549 181 1590 *Ubi
207 1553 381 1588 habitabit
405 1553 607 1588 Dominus?
661 1554 701 1588 In
726 1556 852 1598 spiritu
880 1555 1033 1588 contrito
1065 1562 1097 1588 et

108 1603 316 1646 humiliato,
344 1612 376 1639 et
394 1612 566 1639 tremente
584 1617 764 1640 sermones
780 1617 886 1640 meOS.

441 1727 579 1781 Caput
604 1729 771 1770 XXIX.

158 1815 334 1864 Princeps
361 1829 497 1851 amans
522 1815 733 1859 mendacia,
765 1815 876 1850 habet
892 1829 1013 1850 omnes
1029 1816 1097 1849 mi-

209 1867 343 1902 nistros
365 1868 511 1916 impios.

207 1951 340 1995 Nlagna
364 1964 402 1985 ex
428 1959 525 1995 parte
544 1958 715 1994 reguntur
737 1949 898 1984 homines
918 1951 1097 1994 exemplis,

105 2003 188 2048 quia
202 2000 310 2036 homo
328 2003 494 2046 intelligit
513 2003 771 2045 imitationem,
800 2010 831 2035 et
850 2002 1023 2035 imitando
1042 2002 1096 2035 di-

106 2055 182 2089 scit.
222 2053 422 2087 Plurimum
441 2060 556 2087 autem
574 2054 692 2086 valent
709 2054 902 2096 insignium
928 2065 1096 2097 persona-

105 2117 205 2145 rum,
232 2111 271 2138 ut
289 2104 490 2148 principum
510 2111 541 2137 et
560 2105 762 2138 docentium
782 2104 949 2148 exempla.
986 2104 1096 2146 Saepe

106 2156 215 2199 igitur
242 2155 439 2188 admonitio
464 2155 609 2199 repetita
635 2163 702 2196 est,
729 2163 767 2189 ut
791 2155 966 2198 principes
985 2152 1093 2186 houe-

106 2213 157 2240 sta
181 2206 338 2250 exempla
369 2213 589 2250 proponant,
621 2213 655 2238 et
678 2213 714 2239 ut
740 2206 891 2249 populus
916 2205 1097 2237 intueatur

105 2255 253 2292 honesta
286 2257 465 2301 exempla,
520 2263 553 2289 et
583 2255 670 2290 vitet
701 2257 829 2300 turpia.
889 2255 973 2289 Noti
1011 2263 1094 2289 sunt

105 2319 245 2346 versus.-

189 2374 306 2402 Scilicet
328 2373 357 2401 in
380 2373 484 2411 vulgus
506 2378 624 2401 manant
647 2373 785 2410 exempla
807 2378 979 2410 regentum,

189 2425 280 2462 Regis
303 2424 340 2452 ad
364 2425 533 2462 exemplum
558 2430 634 2452 totus
658 2424 839 2461 componitur
862 2424 946 2451 orbis.

188 2476 290 2513 thue
311 2475 416 2503 ducum
440 2475 526 2504 lituos
552 2475 593 2503 sic
615 2483 711 2503 mores
733 2480 826 2502 castra
847 2479 1020 2511 sequuntur.

208 2541 260 2576 Ac
278 2541 397 2575 valent
413 2542 548 2587 aliquid
567 2542 723 2586 exempla
749 2542 785 2574 in
803 2548 988 2586 utramque
1015 2553 1094 2585 par—

103 2601 186 2629 tem.
240 2592 353 2627 Citius
368 2599 483 2626 autem
502 2601 647 2626 manant
666 2605 770 2637 prava
788 2592 966 2635 contagia,
994 2604 1093 2636 prae-

107 2645 228 2679 sertim
244 2645 338 2678 inter
354 2655 431 2685 eos»,
459 2656 611 2689 quorum
629 2650 678 2677 est
701 2644 890 2677 domestica
909 2643 1092 2676 familiari-

106 2702 158 2730 tas
177 2702 210 2730 et
227 2695 431 2731 adsiduitas.
486 2695 569 2729 Ideo
588 2695 834 2729 venustissime
852 2693 979 2728 Graeci
997 2694 1093 2728 dixe-

553 120 598 155 X.
649 117 952 154 EXPLICATIO
980 116 1385 155 PROVERBIORUM
1413 117 1716 155 SALOMONIS.
2102 123 2147 155 78

1156 211 1254 236 runt:
1293 202 1424 246 Quales
1457 205 1641 245 dominae,
1673 206 1758 239 tales
1785 212 1866 239 sunt
1891 206 2047 241 catellae.
2100 205 2145 240 Et

1156 254 1261 296 vulgo
1278 255 1426 287 dicitur:

1199 312 1286 340 Forte
1309 313 1394 340 cubos
1417 312 1540 350 primum
1565 314 1659 350 posuit
1681 323 1744 341 cum
1770 313 1861 342 futilis
1884 315 1985 351 Abbas,

1258 363 1343 390 Tunc
1366 371 1431 391 sese
1454 363 1585 390 monachi
1609 363 1711 391 ludere
1734 365 1798 391 iure
1822 369 1933 400 putant.

1197 410 1291 441 ὅτι-αν
1313 413 1423 451 πρῶτα
1447 411 1559 450 κιῗβους
1580 411 1678 453 βάλλῃ
1701 411 1778 442 πότε
1800 412 1922 452 μάργος
1945 411 1962 444 ὁ
1981 412 2115 453 ’Ἀββας,

1281 463 1404 498 παίζειν
1428 461 1549 492 οἴονται
1575 461 1607 492 οἱ
1629 464 1767 502 μοιάχοὶ
1793 462 1937 502 νόμιμον.

1256 521 1307 555 Ita
1327 519 1382 555 hic
1398 522 1482 555 dicit
1500 522 1687 556 Salomon:
1717 521 1884 566 Princeps
1905 534 2025 556 amans
2043 537 2141 556 men-

1154 572 1304 612 dacium,
1325 570 1430 605 habet
1446 585 1567 606 omnes
1585 573 1762 605 ministros
1779 573 1919 617 impios.
1964 572 2010 607 Ut
2026 581 2140 607 autem

1155 622 1301 666 insignis
1324 623 1436 656 virtus
1456 631 1504 657 est
1522 624 1557 655 in
1575 623 1830 666 gubernatione
1849 623 1983 657 Veritas
2001 635 2060 657 seu
2074 623 2141 657 Ve-

1154 674 1296 713 racitas,
1316 685 1475 717 pugnans
1493 686 1570 706 cum
1587 675 1750 714 vanitate,
1769 673 1923 717 perfidia,
1944 675 2141 714 calumniis,

1153 724 1431 768 suspicionibus,
1458 722 1658 768 sophistica.
1709 724 1758 757 Ita
1788 730 1909 757 contra
1935 725 2036 758 valde
2062 737 2139 768 per-

1155 775 1325 809 niciosum
1359 775 1489 807 malum
1523 775 1635 807 estin
1661 786 1871 819 quocunque
1905 775 2139 817 gubernatore

1153 837 1252 858 amor
1277 826 1562 866 mendaciorum,
1597 832 1630 858 et
1656 825 1763 858 mulia
1790 825 1872 858 vitia
1897 826 2140 869 complectitur

1154 876 1241 909 illud
1267 877 1418 917 malum,
1446 877 1535 910 sicut
1559 876 1669 909 multa
1695 883 1775 910 sunt
1794 886 1919 918 genera
1936 877 2139 909 mendacio-

1154 939 1243 962 rum.

1256 976 1484 1011 Manifestum
1517 988 1625 1019 genus
1651 983 1701 1009 est
1726 977 1871 1010 vanitas
1903 988 1963 1009 seu
1987 975 2138 1009 Perfidia

1154 1029 1188 1061 in
1212 1041 1283 1061 non
1309 1028 1491 1060 servandis
1516 1027 1696 1071 promissis
1720 1035 1753 1062 et
1769 1027 1990 1067 foederibus,
2017 1033 2055 1060 ut
2074 1025 2139 1060 Al-

1151 1079 1297 1112 cibiadis
1317 1079 1459 1122 pertidia
1482 1079 1711 1122 vituperatur.
1761 1077 1807 1112 Et
1826 1079 1868 1111 de
1886 1077 1999 1111 Metio
2020 1078 2138 1112 Suffe-

1152 1131 1204 1163 cio
1221 1130 1337 1174 inquit
1355 1128 1542 1172 Virgilius:

1277 1189 1481 1226 Raptabatque
1505 1188 1557 1215 viri
1580 1186 1727 1214 mendacis
1751 1187 1860 1216 viscera
1882 1188 1998 1217 Tullus.

1253 1247 1364 1281 Aliud
1392 1260 1501 1291 genus
1537 1247 1803 1280 mendaciorum
1836 1253 1885 1280 est
1909 1259 2008 1280 amor
2030 1247 2139 1280 Caln-

1151 1299 1341 1334 mniarum.
1394 1298 1435 1331 ld
1462 1310 1648 1331 commune
1681 1304 1731 1330 est
1754 1298 1792 1330 in
1820 1298 1923 1331 aulis.
1984 1297 2136 1330 Plurimi

1150 1351 1244 1382 enim
1265 1350 1483 1382 delectantur
1499 1347 1769 1388 obtrectatione,
1797 1355 1829 1381 et
1853 1346 1984 1381 habent
2004 1347 2139 1391 patulas

1149 1412 1250 1433 aures
1267 1401 1310 1432 ad
1329 1411 1450 1433 omnes
1474 1399 1638 1438 fabellas,
1668 1399 1710 1430 de
1726 1399 1856 1444 quibus
1873 1398 2037 1431 versiculi
2057 1396 2135 1430 Me-

1150 1451 1278 1484 nandri
1297 1451 1369 1483 noti
1388 1457 1486 1483 sunt:

1278 1504 1294 1536 ὁ
1319 1508 1390 1545 βίος
1411 1503 1550 1545 μάλιστα
1573 1509 1640 1541 τοῖς
1662 1509 1814 1544 πονηροῖς
1835 1504 1952 1543 ἣδεται.

1276 1556 1407 1597 πράττει
1429 1554 1460 1586 δ’
1485 1554 1501 1586 ὁ
1526 1555 1624 1591 κόλαξ
1647 1554 1763 1595 ἄριστα
1786 1554 1927 1594 πάντων,

1279 1607 1423 1648 δεύτερος
1446 1604 1463 1637 ὃ
1488 1606 1694 1647 συκοφάντῃ-ς.

1252 1669 1298 1703 Et
1320 1671 1355 1702 in
1376 1669 1551 1702 Pseudolo
1570 1668 1685 1700 Plauti
1711 1668 1858 1700 dicitur:
1886 1667 2059 1699 Homines
2077 1668 2137 1710 qui

1152 1726 1285 1762 gestant
1307 1719 1439 1764 quique
1472 1718 1668 1750 auscultant
1693 1716 1860 1757 crimina,
1887 1717 1916 1749 si
1941 1729 2016 1749 meo
2040 1718 2136 1749 arbi-

1152 1777 1244 1803 tratu
1275 1770 1393 1807 liceat,
1430 1770 1604 1812 pendeant
1632 1779 1754 1800 omnes
1786 1774 1974 1811 gestatores
1998 1767 2138 1811 linguis,

1151 1821 1330 1854 auditores
1346 1820 1502 1852 auribus.

1253 1871 1414 1903 Tertium
1441 1880 1550 1912 genus
1573 1868 1838 1901 mendaciorum
1862 1875 1943 1901 sunt
1967 1868 2136 1911 suspicio-

1152 1933 1228 1961 neS‚
1261 1933 1346 1966 quas
1366 1927 1510 1953 naturae
1527 1920 1654 1953 infidae
1678 1927 1712 1953 et
1735 1919 1996 1952 obtrectatrices
2022 1931 2061 1951 ex
2084 1931 2136 1951 se-

1151 1973 1235 2017 ipsis
1260 1973 1429 2014 gignunt,
1458 1983 1546 2016 quae
1571 1970 1771 2013 saepissime
1796 1970 1932 2011 magnis
1954 1970 2056 2002 malis
2077 1982 2136 2002 oc-

1151 2024 1324 2057 casionem
1357 2023 1537 2066 praebent.
1603 2020 1667 2059 Ut,
1703 2019 1865 2064 Tyranni
1889 2026 2026 2053 tantum
2054 2032 2136 2063 pro-

1152 2081 1226 2118 pter
1241 2074 1457 2115 suspiciones
1476 2072 1605 2104 multos
1623 2071 1750 2103 tollunt
1762 2097 1770 2111 ,
1786 2077 1822 2103 ut
1835 2070 2034 2103 Alexander
2043 2071 2132 2114 opti-

1151 2135 1204 2156 me
1220 2123 1385 2156 meritum
1403 2122 1684 2156 Parmenionem.
1739 2121 1790 2154 Ac
1818 2128 1962 2154 naturae
1980 2121 2135 2164 suspica-

1151 2186 1204 2207 ces
1227 2174 1428 2207 avidissime
1453 2173 1603 2206 audiunt
1626 2172 1838 2210 calumnias,
1873 2170 2003 2204 habent
2028 2171 2135 2214 igitur

1149 2225 1279 2258 multos
1297 2225 1446 2265 aulicos,
1474 2224 1620 2257 idoneos
1638 2224 1679 2256 ad
1698 2223 1999 2255 calumniandum.

1252 2275 1426 2318 Quartum
1457 2286 1567 2318 genus
1600 2281 1649 2307 est
1676 2272 1886 2317 sophistica,
1919 2285 2008 2317 quae
2033 2273 2134 2305 falsas

1148 2327 1335 2371 opiniones
1360 2333 1392 2359 et
1418 2327 1526 2359 malas
1551 2336 1671 2359 causas
1686 2325 1814 2357 fucosis
1834 2324 2070 2368 praetextibus
2097 2324 2130 2355 in

1148 2379 1294 2422 gratiam
1313 2377 1512 2422 principum
1532 2383 1660 2410 tuetur.
1715 2375 1791 2409 Hoc
1808 2386 1915 2418 genus
1932 2375 2133 2406 mendacio-

1148 2442 1225 2462 rum
1246 2430 1410 2462 laudatur
1426 2429 1461 2460 in
1480 2428 1569 2461 aulis
1586 2439 1648 2461 ceu
1666 2427 1849 2470 praecipua
1867 2425 2047 2468 sapientia,
2066 2424 2132 2458 sic-

1147 2487 1185 2514 ut
1202 2493 1296 2513 nunc
1316 2479 1633 2524 pontificiae‘aulae
1657 2478 1842 2521 scriptores
1870 2475 2135 2518 magnifaciunt,

1147 2531 1208 2576 qui
1226 2531 1353 2575 impios
1369 2529 1483 2563 cultus
1510 2529 1704 2573 praestigiis
1728 2525 1982 2570 sophismatum
2009 2526 2133 2559 defen-

1146 2584 1258 2626 dunt,
1287 2593 1376 2627 quae
1395 2587 1477 2614 sunt
1497 2593 1575 2614 vere
1593 2576 1751 2625 σφιγγός
1769 2576 1994 2621 sophismata.

1247 2640 1336 2675 Cum
1360 2647 1474 2674 autem
1495 2640 1602 2672 multa
1620 2636 1804 2670 horribilia
1827 2635 1916 2668 mala
1943 2635 1979 2668 in
1997 2635 2066 2668 vita
2093 2647 2132 2668 ex

1146 2692 1312 2726 omnibus
1343 2689 1398 2725 his
1435 2690 1622 2734 generibus
1660 2686 1927 2720 mendaciorum
1959 2686 2132 2724 oriantur,
