2409 2915
26 2202 36 2208 ·
76 2188 228 2223 exaudit.

81 123 154 159 735
331 121 408 157 ΧΠ.

79 219 180 252 saepe
204 207 314 252 repeti
334 207 438 242 solet:
471 212 653 250 propterea
668 231 677 246 ‚
709 205 802 249 quod
821 204 951 247 singuli
970 205 1065 238 indi-

80 270 200 302 gemus
223 256 288 291 1133
315 257 652 292 commonesactione
679 267 739 289 seu
764 256 992 299 repetitione,

80 309 238 355 quotidie
256 310 348 343 inter
362 307 574 353 precandum
591 307 703 351 capita
721 318 781 339 seu
800 307 904 347 locos,
926 309 968 340 de
986 308 1065 352 qui-

78 361 146 394 bus
163 360 346 400 admonui,
373 358 636 392 consideremus
653 357 792 391 animo:
820 358 986 401 inprimis
1002 371 1065 391 ’111-

79 418 149 446 tem
174 412 374 446 intueamur
398 408 636 442 dulcissimam
666 409 937 452 promissionem
962 410 1064 443 toties

79 475 98 496 a
121 461 196 496 Deo
227 460 426 504 repetitam,
466 466 505 493 ut
535 459 734 492 firmissima
763 459 830 492 fide
859 466 1063 500 statuamus,

79 511 193 546 Deum
210 511 299 545 velle
315 522 380 544 nos
397 510 585 543 clementer
600 510 764 543 exaudire
780 517 924 554 propter
941 511 1064 551 filium,

80 571 116 598 et
138 569 321 607 ‚propterea
346 561 588 604 confugiamus
615 563 657 594 ad
682 562 817 606 ipsum,

79 620 312 658 exspectemus
327 612 510 646 auxilium.

178 662 231 697 Ac
255 664 293 696 in
316 663 474 707 proxima
497 663 669 696 concione
694 663 899 707 collegimus
928 663 1064 708 aliquot

77 714 265 749 sententias
293 714 590 759 promissionibus
621 714 847 758 amplissimis
875 715 1063 748 invitantes
1088 713 1091 749 J

75 767 119 800 ad
136 766 407 806 invocationem,
427 772 465 799 ut
483 765 614 798 dictum
625 763 698 798 Ioh.
715 765 784 799 16.:
813 764 940 805 Amen,
961 776 1063 798 amen

78 817 157 850 dico
175 817 291 850 vobis:
321 815 499 861 Quicquid
520 816 690 860 petieritis
708 815 847 850 Patrem
867 817 904 848 in
920 815 1063 849 nomine

76 879 176 908 meo,
202 867 300 901 dabit
317 867 426 902 vobis.
464 866 565 899 Hanc
584 873 616 900 et
633 867 766 900 similes
783 868 972 900 sententias
988 878 1062 899 cre—

76 919 142 952 bro
167 919 378 952 meditantes
400 918 528 950 animis
552 918 759 961 proponite,
793 919 853 950 sed
879 919 915 951 in
940 917 1062 962 primis
1087 934 1089 943 ι

75 969 169 1003 111131
187 970 400 1012 precandum
418 969 488 1002 sint
508 969 608 1001 vobis
623 969 659 1001 in
678 976 886 1012 conspectu,
915 981 952 1001 ac
968 968 1062 1010 cogi-

75 1026 145 1054 tate
161 1018 274 1053 Deum
297 1031 454 1052 veracem
475 1031 566 1060 esse,
592 1031 655 1052 nec
674 1026 809 1063 putate,
835 1026 886 1053 tot
911 1019 1062 1052 clarissi-

74 1082 150 1104 mas
165 1070 417 1114 promissiones
435 1070 558 1102 inanes
574 1070 711 1103 sonitus
727 1082 809 1104 esse.
860 1070 952 1104 Sunt
967 1069 1062 1103 enim

75 1122 314 1155 severissimae
343 1133 442 1154 voces
468 1121 609 1154 divinae
637 1120 850 1162 Maiestatis,
893 1133 982 1166 quae
1006 1118 1061 1153 his

74 1173 161 1217 ipsis
178 1173 295 1206 verbis
311 1172 472 1216 patefacit
488 1184 527 1204 ac
544 1172 675 1204 revelat
690 1172 792 1205 nobis
811 1184 908 1205 suam
931 1173 1060 1205 bonam

76 1224 295 1257 voluntatem
308 1250 317 1263 ,
367 1230 400 1256 et
432 1223 639 1255 immensam
670 1223 947 1256 misericordiam
982 1234 1061 1265 erga

75 1285 157 1308 nos:
184 1274 287 1308 toties
303 1274 423 1307 addito
440 1273 679 1313 iureiurando,
705 1281 744 1307 ut
760 1280 854 1306 certo
871 1280 1062 1306 statuamus

75 1326 207 1370 absque
225 1325 296 1358 11113
315 1324 534 1358 dubitatione
550 1324 658 1367 recipi
677 1331 812 1356 nostras
831 1335 963 1367 preces,
998 1335 1062 1355 nec

74 1376 194 1409 irritos
211 1386 284 1408 esse
299 1375 446 1417 gemitus
463 1381 566 1418 atque
583 1374 752 1407 clamores
771 1381 929 1413 nostros,
956 1375 1062 1406 modo

74 1432 115 1460 ut
136 1423 232 1459 hunc
256 1423 428 1458 bonorem
451 1424 526 1458 Deo
551 1424 768 1462 tribuamus,
806 1424 988 1465 videlicet,

75 1477 258 1511 credamus
272 1474 386 1509 Deum
403 1475 493 1508 velle
510 1486 574 1507 nos
594 1483 738 1519 propter
754 1475 866 1508 filium
885 1475 1062 1516 exaudire,

75 1528 258 1562 credamus
275 1538 430 1559 veracem
449 1532 482 1559 et
499 1533 696 1560 servantem
716 1538 787 1559 esse
811 1538 951 1560 suarum
977 1538 1062 1570 pro-

74 1578 300 1617 missionum,
324 1577 414 1609 velle
430 1583 568 1610 nostros
585 1577 734 1619 gemitus
757 1584 790 1610 et
812 1578 982 1610 clamores
1007 1589 1062 1610 re-

75 1630 208 1674 cipere,
235 1640 273 1661 ac
289 1627 392 1661 nobis
411 1627 667 1671 opitulaturum
683 1639 767 1663 esse.
821 1627 873 1662 Ita
897 1629 932 1660 in
961 1640 1062 1672 prae—

73 1679 164 1715 senti
180 1686 274 1712 textu
291 1690 393 1722 saepe
403 1678 590 1722 promissio
606 1678 776 1722 repetitur
793 1691 832 1712 ac
848 1679 1061 1712 inculcatur:

75 1731 187 1765 Petite
210 1736 243 1764 et
269 1729 462 1773 accipietis,
504 1729 661 1773 quaerite
684 1735 716 1762 et
737 1729 945 1787 invenietis,
981 1730 1061 1773 pul-

75 1789 146 1816 sate
165 1787 198 1814 et
211 1780 388 1825 aperietur
405 1779 517 1813 vobis.
571 1778 701 1813 Omnis
719 1781 778 1825 qui
796 1782 881 1825 petit
897 1781 1036 1824 accipit.

176 1831 229 1865 Ac
250 1831 439 1874 diligenter
463 1830 725 1864 observandum
750 1839 799 1866 est
825 1829 883 1865 hic
905 1832 1059 1865 additam

73 1895 146 1918 esse
171 1882 379 1926 particulam
403 1881 637 1915 universalem
661 1893 792 1918 omnzs.
846 1882 940 1940 Quia
957 1883 1060 1915 corda

74 1934 294 1978 singulorum
310 1933 534 1977 obstrepunt,
559 1932 741 1966 clamitant
761 1941 793 1967 et
816 1934 917 1966 anxie
938 1934 1062 1977 dispu-

73 1992 169 2025 tant,
195 1990 315 2018 contra
331 1981 423 2016 113113
437 1984 688 2017 universalem:
724 1982 781 2017 Ah
798 1991 849 2018 tot
865 1985 976 2017 millia
995 1982 1060 2016 ho-

72 2037 211 2071 minum
227 2035 361 2080 ubique
376 2035 533 2078 gentium
549 2035 716 2069 omnibus
734 2043 801 2069 tem
809 2036 952 2079 poribus
972 2035 1060 2068 reci-

74 2094 152 2123 tant
166 2097 306 2132 preces,
341 2097 406 2118 nec
421 2093 537 2119 tamen
553 2086 807 2121 exaudiuntur:
845 2087 927 2120 item
946 2092 1060 2120 textus

76 2137 195 2183 inquit
218 2137 254 2170 in
282 2133 440 2169 Iohanne
463 2149 538 2181 cap.
557 2137 606 2170 9.:
651 2136 853 2172 Peccatores
868 2136 964 2171 Deus
987 2149 1059 2169 non

275 2187 514 2230 Quantumvis
532 2188 640 2231 igitur
657 2199 720 2231 ego
738 2196 769 2222 et
785 2189 845 2221 alii
865 2195 1059 2232 peccatores

75 2242 137 2275 diu
156 2239 378 2283 multumque
401 2238 609 2276 clamemus,
646 2245 762 2272 tamen
788 2237 854 2272 hoc
876 2239 982 2272 unico
1005 2251 1059 2271 re-

77 2301 205 2336 sponso
223 2296 388 2334 tanquam
415 2289 482 2322 telo
506 2289 725 2332 repellimur.
752 2289 847 2323 Deus
863 2296 1088 2334 peccatores

77 2354 151 2376 non
167 2340 320 2375 exaudit.
364 2339 558 2383 Quaeritur
575 2351 675 2382 ergo,
695 2342 873 2385 quomodo
891 2352 1034 2384 congru:
1028 2347 1089 2373 it

79 2394 187 2427 altera
203 2392 375 2425 sententia
393 2389 543 2424 lohanu.
563 2391 597 2425 9.
614 2403 692 2423 311111
709 2389 774 2424 hoc
791 2392 901 2424 dicto:
931 2390 1061 2425 Omnis

79 2444 139 2490 qui
155 2444 281 2483 credit,
307 2442 457 2486 accipit?
483 2441 694 2486 Responsio.
743 2441 902 2475 Primum
920 2444 962 2476 de
980 2455 1090 2495 pec-

78 2494 254 2530 catoribus
278 2493 458 2526 sciendum
485 2500 553 2533 est,
586 2493 815 2526 discernenda
841 2505 912 2526 esse
935 2505 1060 2551 genera

78 2552 311 2590 peccatorum.
362 2542 436 2577 Atii
460 2544 553 2576 enim
580 2551 661 2577 sunt
685 2552 901 2588 peccatores
929 2545 989 2589 qui
1008 2557 1061 2577 se-

79 2597 152 2630 curi
165 2603 199 2629 et
211 2595 368 2628 volentes
380 2601 603 2638 perseverant
620 2595 655 2627 in
673 2596 822 2639 peccatis
839 2602 960 2629 contra
977 2607 1061 2628 con—

81 2646 277 2686 scientiam,
302 2657 364 2679 5311
381 2645 563 2679 manifesta
586 2646 776 2688 pertinacia
801 2647 955 2680 retinent
980 2659 1062 2689 pro—

35 2705 41 2708 ·
80 2697 230 2741 positum
246 2697 432 2741 peccandi,
459 2709 521 2730 nec
539 2698 664 2731 volunt
679 2709 778 2741 agere
796 2698 1062 2742 poenitentiam,

463 116 853 155 ANNOTATIONES
881 117 947 152 ET
975 117 1254 154 CONCIONES
1284 118 1331 153 ΙΝ
1359 117 1542 154 EVANG.

1026 263 1093 290 ut

861 568 893 594 et
918 562 961 595 ab
988 562 1062 606 ipso
1089 558 1092 573 '

1023 1431 1062 1457 ut
1088 1462 1089 1466 Ἰ

1572 119 1610 152 M
1616 118 1713 152 A'r‘l'
1720 119 1750 152 H
1758 118 1847 154 AEt
2030 120 2050 152 7
2057 119 2102 152 54

1089 207 1094 239 i
1118 204 1237 250 quales
1262 203 1516 246 511111Ρ1131.ο,
1556 204 1640 239 Saul
1665 212 1697 238 et
1722 206 1823 239 multi
1851 205 1910 238 alii
1928 203 2104 248 Epicurei,

1118 253 1521 300 ρ1οΓ311ἰ,11)[1031ῐ133
1554 263 1584 289 et
1616 263 1849 289 contemtores
1872 255 1939 289 Dei
1975 255 2102 299 passim

1089 318 1092 357 ἦ
1117 307 1282 340 omnibus
1301 314 1364 338 331
1357 307 1489 345 itibus,
1517 307 1577 350 qui
1601 307 1755 341 retinent
1779 307 1999 350 propositum
2026 306 2102 338 xio-

1117 358 1215 390 landi
1247 358 1408 390 mandata
1435 357 1555 389 (11νί113
1580 364 1700 390 3011113
1731 357 1998 398 conscientiam,
2039 369 2102 389 nec

1089 438 1091 452 1
1117 415 1374 442 convertuntur
1388 408 1428 440 ad
1448 406 1577 440 Deum.
1639 406 1692 439 De
1712 405 1768 440 his
1787 409 1926 452 proprie
1945 415 1977 442 et
1994 408 2104 440 veris-

1088 454 1092 504 (
1116 460 1202 493 sime
1219 459 1361 492 dicitur:
1390 458 1590 491 Peccatores
1606 457 1705 491 Deus
1720 470 1792 490 non
1810 459 1960 493 exaudit.
2016 457 2103 491 Item

1088 506 1092 546 l
1117 509 1367 544 Proverb.28.:
1398 508 1468 551 Qui
1490 509 1642 542 declinat
1659 520 1759 541 aures
1778 521 1866 548 51135,
1894 522 1936 541 113
1956 509 2103 542 audiant

1115 561 1256 604 Legem,
1274 562 1347 594 eius
1358 561 1470 594 oratio
1484 567 1533 593 est
1545 559 1766 592 exsecrabilis
1776 560 2005 594 abominatio.
2034 558 2101 591 Hic

1088 613 1092 661 J
1116 613 1216 645 audis
1233 624 1350 645 veram
1373 619 1405 644 et
1431 622 1632 654 germanam
1658 611 1985 654 interpretationem
2005 609 2101 653 prio-

1088 673 1091 707 ᾖ
1115 664 1164 697 ris
1179 663 1280 696 dicti:
1317 662 1389 705 Qui
1409 662 1534 695 avertit
1557 673 1675 702 aures,
1711 673 1774 694 nec
1793 662 1867 694 vult
1884 661 2005 694 audire
2023 671 2102 692 ver-

1116 716 1200 748 bum
1219 712 1305 751 Dei,
1333 712 1400 746 hoc
1423 719 1491 753 est,
1529 713 1589 757 qui
1615 713 1764 756 superbe
1791 719 1824 745 et
1849 711 2103 745 contumaciter

1088 754 1091 784 ι’
1115 772 1313 810 perseverat
1338 764 1374 796 in
1399 771 1578 797 contemtu
1598 762 1665 795 Dei
1693 763 1767 796 sine
1789 763 2027 807 poenitentia,
2064 768 2103 794 ut

1116 817 1175 861 qni
1200 828 1273 849 non
1300 815 1426 848 volunt
1451 814 1602 847 abiicere
1629 814 1744 847 cultus
1768 814 1964 852 idolorum,
1992 813 2102 845 vitare

1116 867 1283 900 libidines
1307 874 1339 900 et
1356 866 1547 906 adulteria,
1581 865 1743 898 omittere
1769 865 1917 897 iniustas
1940 874 2102 907 persecu—

1116 919 1247 957 tiones,
1272 915 1476 950 huiusmodi
1497 922 1691 960 peccatores
1707 928 1769 948 nec
1786 915 2040 951 exandiuntur,
2069 920 2104 946 et

1116 969 1268 1012 precatio
1297 980 1417 1001 eorum
1446 979 1526 1000 vere
1551 973 1600 1000 est
1625 966 1846 999 exsecrabilis
1871 964 2100 998 abominatio.

1115 1019 1208 1063 Ergo
1226 1019 1372 1051 minime
1390 1019 1556 1051 debemus
1574 1018 1611 1050 in
1630 1015 1696 1050 hoc
1714 1029 1861 1051 numero
1879 1016 2020 1061 reponi,
2048 1015 2103 1060 vel

1115 1069 1198 1104 huic
1215 1070 1334 1113 generi
1354 1076 1573 1113 peccatorum
1591 1068 1819 1101 annumerari
1837 1068 1937 1100 velle.

1217 1120 1291 1154 Alii
1311 1133 1392 1153 vero
1409 1127 1489 1153 sunt
1507 1126 1722 1164 peccatores,
1750 1119 1809 1163 qui
1829 1119 1870 1151 ad
1882 1119 1999 1151 Deum
2017 1128 2101 1150 con-

1116 1179 1321 1213 vertuntur,
1349 1184 1412 1204 nec
1434 1171 1588 1204 retinent
1609 1170 1830 1214 propositum
1856 1168 2102 1213 delinquendi,

1115 1235 1175 1256 seu
1197 1236 1269 1256 non
1294 1229 1519 1267 perseverant
1542 1222 1578 1254 in
1603 1221 1751 1265 peccatis
1775 1227 1895 1255 contra
1921 1219 2103 1253 conscien-

1115 1275 1221 1314 tiam,
1255 1276 1312 1306 sed
1342 1271 1473 1306 habent
1499 1273 1599 1305 initia
1624 1272 1859 1315 poenitentiae
1883 1278 1916 1305 et
1940 1269 2102 1303 salutaris

1115 1324 1391 1362 emendationis,
1419 1335 1500 1355 vere
1517 1329 1749 1366 expavescunt
1775 1322 1954 1365 agnitione
1978 1319 2101 1353 iudicii

1087 1351 1090 1439 ἶ
1115 1381 1148 1408 et
1174 1375 1246 1407 irae
1270 1374 1335 1408 Dei
1368 1375 1534 1407 adversus
1565 1380 1724 1417 peccata,
1764 1373 1935 1406 abiiciunt
1967 1371 2101 1403 malum

1116 1426 1355 1469 propositum,
1383 1425 1550 1457 desinunt
1569 1435 1670 1457 ruere
1687 1430 1806 1457 contra
1831 1422 2100 1455 conscientiam:

1114 1489 1153 1509 ac
1185 1475 1317 1509 habent
1348 1476 1383 1507 in
1413 1476 1517 1508 corde
1549 1486 1727 1508 accensam
1754 1474 1984 1507 scintillulam
2010 1471 2104 1512 fidei,

1115 1540 1182 1572 qua
1199 1528 1302 1560 erecti
1323 1533 1496 1571 quaerunt
1516 1526 1812 1564 consolationem,
1849 1537 1887 1558 ac
1905 1530 2029 1572 petunt
2047 1534 2102 1555 re-

1114 1579 1318 1612 missionem
1337 1584 1557 1621 peccatorum
1570 1603 1578 1616 ,
1606 1583 1796 1610 statuentes
1812 1588 1847 1609 se
1865 1581 2008 1619 propter
2027 1585 2102 1606 me-

1115 1630 1287 1663 diatorem
1311 1629 1481 1661 exaudiri.
1541 1627 1644 1660 Tales
1667 1635 1862 1671 peccatores
1878 1633 1959 1659 sunt
1974 1624 2103 1663 David,

1114 1679 1259 1720 Petrus,
1286 1680 1491 1711 emendatus
1507 1679 1596 1711 latro
1622 1679 1659 1710 in
1684 1690 1785 1710 cruce
1803 1684 1864 1710 etc.
1925 1675 1973 1709 Hi
1999 1687 2102 1719 repo-

1116 1737 1246 1763 nantur
1263 1730 1299 1762 in
1318 1727 1384 1762 hoc
1402 1741 1569 1769 numero,
1596 1730 1639 1761 de
1654 1741 1723 1773 quo
1741 1727 1918 1762 Dominus
1936 1727 2008 1770 ipse
2029 1726 2103 1758 cla-

1115 1782 1215 1815 mitat
1232 1780 1283 1814 M
1285 1779 1362 1815 11111.
1377 1781 1451 1814 ll.:
1481 1780 1513 1811 Υ
1516 1781 1607 1813 enite
1624 1781 1666 1813 ad
1686 1792 1739 1812 me
1754 1791 1896 1819 omnes,
1923 1778 1984 1823 qui
2002 1777 2102 1810 labo-

1114 1834 1197 1866 ratis
1212 1839 1245 1865 et
1268 1832 1400 1865 onerati
1427 1831 1526 1871 estis,
1556 1837 1589 1864 et
1615 1842 1676 1873 ego
1700 1830 1852 1863 reficiam
1878 1841 1951 1863 vos.
2011 1826 2102 1861 Ecce

1085 1871 1090 1934 l
1114 1882 1172 1916 hic
1190 1895 1294 1928 quoq·
1300 1895 1329 1914 13
1347 1883 1492 1926 ponitur
1514 1893 1672 1924 expresse
1697 1881 1781 1914 111111
1786 1880 1906 1913 ersalis
1930 1879 2101 1923 particula

1115 1933 1269 1967 Omnes:
1299 1939 1437 1966 ve1u·nt
1439 1944 1542 1972 nmen,
1561 1929 1710 1970 Omnes,
1735 1929 1803 1965 hoc
1821 1932 1898 1964 loco
1915 1942 1988 1963 non
2005 1941 2101 1963 com-

1114 1982 1305 2028 prehendit
1321 1995 1476 2023 securos,
1505 1989 1726 2026 arrogantes
1754 1983 1942 2026 superbos,
1970 1982 2102 2013 feroces

1114 2042 1368 2073 contemtores,
1395 2034 1456 2079 qni
1475 2034 1631 2067 volentes
1649 2033 1833 2077 indulgent
1855 2032 2022 2065 omnibus
2047 2031 2104 2063 su-

1114 2087 1270 2125 roribus,
1296 2086 1356 2118 sed
1374 2085 1541 2133 pavidos,
1575 2092 1608 2118 et
1632 2085 1817 2118 asserentes
1843 2085 1885 2116 ad
1903 2082 2016 2116 Deum
2042 2093 2102 2114 cor

1113 2137 1324 2177 contritum,
1368 2136 1591 2180 deplorantes
1615 2148 1711 2169 suam
1738 2134 2020 2176 immunditiem,
2064 2144 2103 2165 33

1114 2200 1238 2231 magna
1270 2187 1494 2221 solicitudine
1525 2187 1676 2220 vitantes
1703 2187 1821 2230 lapsus
1859 2192 1978 2218 contra
2017 2195 2100 2217 con-

1114 2239 1305 2272 scientiam.
1372 2238 1438 2271 His
1470 2238 1637 2271 omnibus
1662 2237 1900 2281 promittitur,
1941 2235 2101 2273 offertur,

1113 2297 1218 2335 atque
1234 2291 1388 2323 donatur
1405 2289 1513 2333 gratia
1534 2300 1593 2321 seu
1612 2288 1850 2321 reconciliatio
1870 2287 2039 2330 gratuita,
2067 2292 2101 2318 et

1114 2341 1308 2374 consolatio
1327 2353 1385 2374 seu
1404 2339 1602 2373 11111133110,
1664 2337 1800 2372 Eodem
1818 2339 1922 2371 modo
1939 2337 2071 2369 debes'
2063 2348 2098 2368 111

1113 2393 1287 2436 praesenti
1305 2398 1400 2426 textu
1422 2391 1617 2433 intelligere
1636 2389 1870 2422 universalem
1891 2401 1923 2432 p·
1917 2387 2099 2421 nticulam

1087 2445 1089 2466 ¹
1115 2441 1262 2484 Omnis,
1292 2444 1334 2476 de
1353 2442 1517 2475 omnibus
1534 2441 1671 2485 [13111115
1690 2447 1721 2473 31
1738 2439 1916 2479 contritis,
1950 2439 2009 2483 qui
2037 2435 2099 2470 113-

1086 2469 1090 2566 i
1114 2495 1197 2527 bent
1216 2494 1314 2527 initia
1336 2492 1580 2537 poenitentiae.
1613 2491 1679 2525 His
1695 2491 1861 2524 omnibus
1878 2488 2100 2533 proponitur,

1115 2557 1153 2578 ac
1171 2545 1320 2578 offertur
1335 2556 1384 2586 gr*
1387 2544 1462 2584 itia,
1489 2554 1547 2576 seu
1563 2543 1720 2575 remissio
1738 2548 1976 2586 peccatorum,
2004 2539 2098 2572 salu-

1114 2596 1200 2629 taris
1220 2594 1432 2631 consolati0‚
1468 2600 1501 2627 et
1527 2594 1716 2631 auxilium,
1751 2599 1854 2636 atque
1874 2591 2036 2624 liberatio
2062 2591 2098 2623 in

1115 2647 1232 2680 verbis
1251 2646 1438 2680 iuramenti
1456 2645 1568 2677 divini
1581 2641 1788 2678 Ezoct1,33.:
1804 2642 1896 2676 Vivo
1913 2654 1991 2686 ego:
2013 2641 2097 2675 nolo

1086 2689 1089 2722 ἕ
1115 2705 1262 2731 mortem
1282 2696 1491 2742 peccatoris,
1519 2697 1576 2729 sed
1596 2702 1635 2729 ut
1652 2701 1877 2728 convertatur
1893 2700 1925 2727 et
1942 2693 2049 2728 vivat.

1087 2573 1090 2587 t
