2409 2915
299 94 374 132 495

298 183 374 217 fore
391 180 428 214 in
445 174 642 212 aerumnis,
671 172 754 218 quia
771 171 808 204 in
824 168 881 204 his
896 169 972 204 vult
995 167 1148 205 exerceri
1174 167 1289 205 fidem.

303 227 515 276 Quomodo?
549 223 642 259 Octo
660 223 786 257 modis.

403 278 544 318 Primo,
569 274 792 319 agnoscendo
809 271 956 316 gratiam
974 269 1184 316 promissam
1208 281 1292 315 pro-

305 338 383 377 pter
399 326 596 364 Christum.

406 379 590 419 Secundo,
616 375 816 412 invocando
833 373 960 408 Deum.

409 429 555 473 Tertio,
583 427 797 471 impellendo
814 425 858 458 ad
881 424 974 457 bona
997 434 1123 468 opera,
1148 429 1188 456 ut
1209 421 1295 456 reti-

307 488 433 517 neatur
450 479 659 514 beneficium
676 477 753 510 Dei.

904 83 1029 121 PHlL.
1057 80 1173 121 MEL.
1203 80 1413 121 SCRIPTA
1439 80 1737 120 EXEGETICA.

2255 87 2330 123 496

1621 166 1722 199 Beata·
1740 175 1904 208 pauperes
1923 166 2058 207 spiritu.

1438 226 1520 262 Non
1537 228 1614 262 vult
1630 228 1743 262 deseri
1760 228 1943 262 facultates
1957 228 2034 262 sine
2050 227 2246 271 vocatione,
2262 243 2336 266 non

1346 279 1521 326 approbat
1543 276 1818 320 Monachatum,
1845 279 1940 313 iuxta
1965 279 2075 313 illud:
2116 278 2256 313 Frustra
2278 293 2338 315 co-

1348 330 1428 363 lunt
1461 341 1517 361 me
1551 329 1727 363 mandatis
1766 326 1971 371 hominum,
2017 330 2077 363 sed
2110 330 2340 365 concionatur

1347 378 1512 414 Christus
1529 379 1572 412 de
1591 391 1671 412 vera
1690 379 1811 427 inopia
1829 380 1969 423 piorum
1987 388 2021 416 et
2037 380 2248 424 fugientium
2271 380 2340 414 im-

1350 432 1428 476 pios
1443 435 1625 475 quaestus,
1652 429 1724 463 sive
1742 430 1863 474 inopia
1890 431 1934 465 sit
1957 432 2122 472 fortuita,
2153 431 2227 464 sive
2249 431 2340 465 acci-

1350 482 1441 515 derit
1460 486 1603 525 propter
1620 480 1871 525 professionem
1886 480 2082 525 Evangelii.
2118 481 2193 515 Hos
2216 481 2340 526 inopes

411 530 567 574 Quarto,
594 530 638 562 ad
655 527 846 575 petendum
870 531 904 559 02
923 524 1175 568 expectandum
1198 521 1298 556 affli-
1351 543 1473 565 omnes
1497 532 1720 572 consolatur,
1755 537 1788 564 et
1811 537 1958 565 testatur
1988 533 2143 577 inopiam
2169 544 2243 566 non
2268 543 2341 567 esse

309 584 416 623 lium,
442 583 609 615 adversus
633 577 835 616 diabolum,
870 577 1037 610 adversus
1064 572 1201 616 hostes,
1234 573 1298 606 ad-

309 643 430 666 versus
447 629 723 664 imbecillitatem
740 626 932 671 propriam.

412 680 568 724 Quinto,
609 681 652 713 ad
685 678 937 723 expectandam
974 675 1299 722 compensationem

312 745 372 767 seu
394 731 562 777 praemia.

412 783 538 821 Sexto,
564 781 608 814 ad
625 780 817 825 petendum
833 778 1004 812 auxilium
1019 777 1057 810 in
1075 776 1275 811 tolerantia.

414 832 592 877 Septimo,
626 831 669 864 ad
696 829 949 864 ostendendam
971 827 1241 871 gratitudinem,
1269 831 1303 860 et

315 884 492 927 exempla,
517 889 557 916 ut
574 887 786 926 propagetur
802 879 981 919 doctrina,
1007 885 1041 912 et
1057 884 1205 911 ornetur
1226 877 1302 919 glo-

315 935 367 968 ria
383 932 461 968 Dei.

417 982 573 1022 Octavo,
600 988 638 1015 ut
655 978 710 1013 his
729 979 900 1013 exercitiis
917 978 1044 1022 agitata
1064 984 1098 1012 et
1114 978 1303 1012 exuscitata

316 1036 418 1075 fides,
448 1038 594 1070 crescat,
622 1038 656 1065 et
672 1037 826 1064 crescant
842 1037 975 1064 caetera
994 1031 1099 1063 dona.

416 1083 646 1127 Exemplum,
675 1081 805 1114 Paulus
820 1081 857 1113 in
876 1080 1127 1114 afflictionibus
1149 1079 1303 1123 primum

315 1135 499 1179 cogitabat,
527 1145 571 1166 an
586 1133 739 1176 placeret
754 1131 841 1172 Deo,
869 1131 951 1176 quia
970 1130 1177 1164 afflictiones
1193 1137 1225 1163 et
1242 1130 1305 1163 ad—

317 1186 408 1220 versi
428 1196 525 1218 casus
544 1184 708 1217 videntur
726 1194 797 1216 esse
822 1182 920 1225 signa
947 1181 1017 1215 irae
1038 1181 1113 1215 Dei.
1167 1178 1306 1214 Excitat

317 1237 425 1281 igitur
449 1235 572 1274 fidem,
606 1239 639 1266 et
665 1233 770 1267 sentit
794 1244 829 1265 se
855 1239 998 1277 propter
1023 1229 1203 1266 Christum
1231 1231 1306 1274 pla-

317 1299 411 1327 cere,
447 1292 481 1319 et
513 1283 671 1327 confugit
697 1285 740 1317 ad
776 1283 907 1318 Deum.
961 1281 1124 1316 Secundi>
1155 1283 1306 1316 invocat.

318 1337 455 1377 Tertio,
482 1345 672 1379 agnoscens
689 1334 966 1367 misericordiam
981 1332 1048 1366 Dei
1066 1344 1144 1374 erga
1161 1344 1207 1369 se,
1233 1338 1306 1363 stu—

319 1389 378 1421 det
402 1386 552 1420 retinere
569 1384 793 1423 beneficium,
822 1390 854 1416 et
879 1390 992 1423 cavet,
1020 1394 1064 1414 ne
1089 1382 1226 1415 amittat
1251 1381 1307 1413 iu-

319 1438 467 1473 sticiam.
502 1435 638 1478 Quarto
658 1435 724 1467 fide
740 1434 826 1478 petit
842 1440 874 1466 et
891 1439 1043 1476 expectat
1062 1431 1307 1465 liberationem

320 1490 358 1522 in
382 1486 633 1521 afflictionibus
657 1491 690 1518 et
715 1484 886 1517 auxilium
921 1484 1089 1516 adversus
1113 1481 1305 1515 diabolum.

319 1539 468 1582 Quinto,
495 1542 650 1579 expectat
667 1535 829 1578 praemia,
853 1540 886 1567 et
905 1533 1045 1566 intuens
1063 1533 1128 1565 fide
1147 1533 1181 1564 in
1201 1532 1306 1564 finem

319 1587 550 1634 promissum,
577 1585 707 1628 perfert
724 1591 922 1627 praesentes
946 1595 1144 1617 aerumnaS.
1191 1582 1308 1621 vato,

320 1640 387 1673 fide
411 1637 497 1682 petit
529 1635 700 1669 auxilium
726 1641 759 1668 et
792 1635 902 1667 robur
934 1634 1094 1677 spiritus,
1129 1639 1168 1666 ut
1201 1633 1308 1676 possit

318 1695 493 1735 praestare
513 1685 738 1731 patientiam,
765 1685 900 1718 etiamsi
919 1696 1013 1717 mors
1036 1684 1233 1728 oppetenda
1253 1683 1309 1718 sit.

321 1740 498 1784 Septimo,
532 1737 652 1771 statuit
679 1733 763 1768 haec
797 1735 911 1768 officia
945 1735 1136 1768 necessaria
1165 1746 1235 1767 esse
1264 1735 1309 1767 ad

321 1789 574 1825 ostendendam
616 1786 889 1830 gratitudinem,
932 1787 975 1818 ad
1021 1786 1308 1829 propagationem

320 1839 523 1883 Evangelii,
551 1837 705 1881 agnoscit
723 1837 860 1877 Deum,
887 1836 1040 1869 mirabili
1067 1836 1235 1875 consilio,
1262 1836 1310 1868 sic

322 1891 411 1923 velle
435 1889 574 1922 abolere
598 1895 778 1931 peccatum
798 1887 834 1918 in
853 1898 956 1918 carne
975 1893 1091 1919 nostra
1105 1913 1114 1926 ,
1138 1894 1169 1919 et
1188 1885 1309 1919 Eccle-

322 1942 407 1975 siam
424 1938 578 1972 mirabili
596 1938 699 1969 modo
717 1937 920 1979 glorificare.
976 1934 1125 1973 Octavo,
1152 1938 1209 1969 dat
1225 1948 1310 1980 ope-

323 2003 397 2025 ram
414 1997 452 2024 ut
471 1995 600 2022 crescat
619 1987 702 2019 fides
715 2014 723 2027 ‚
752 1994 783 2020 et
801 1993 933 2019 caetera
952 1987 1054 2021 dona.

427 2040 485 2074 Sic
503 2040 599 2072 dives
616 2039 759 2070 credens
781 2037 918 2070 invocat
938 2037 1066 2075 Deum,
1095 2037 1210 2070 studet
1227 2037 1310 2070 reti-

324 2103 407 2126 nere
426 2090 614 2127 iusticiam,
642 2088 716 2121 Deo
741 2088 957 2131 obtemperat
982 2089 1018 2119 in
1043 2088 1158 2121 officio
1184 2088 1310 2120 libera-

323 2143 451 2181 litatis,
480 2146 635 2184 expectat
659 2139 810 2171 vicissim
839 2138 1007 2170 auxilium
1035 2152 1052 2171 a
1079 2138 1152 2171 Deo
1178 2139 1213 2171 in
1239 2139 1310 2171 suis

322 2192 517 2232 aerumnis,
554 2197 584 2223 et
610 2196 764 2233 expectat
792 2190 1111 2231 compensationi-tn
1139 2201 1197 2222 seu
1223 2201 1307 2222 con-

323 2243 555 2277 servationem
598 2240 824 2279 facultatum,
870 2240 1021 2273 ostendit
1058 2241 1307 2281 gratitudinem

322 2306 385 2327 suo
414 2292 589 2335 exemplo,
623 2291 719 2334 cupit
749 2290 866 2331 augeri
899 2291 1011 2329 (lona,
1048 2291 1164 2330 augo-ri
1196 2291 1335 2324 tidem<

323 2345 390 2379 Sed
409 2343 488 2388 quia
508 2342 604 2385 pauci
623 2343 781 2378 credunt.
811 2341 908 2384 pauci
926 2347 1104 2384 expectant
1125 2354 1308 2374 emisi-sva-

323 2396 455 2428 tionem
478 2392 697 2425 facultatum:
733 2392 810 2424 ideo
842 2391 950 2424 animi
984 2399 1062 2425 sunt
1091 2393 1308 2431 angustiores

325 2453 357 2479 et
375 2443 574 2477 illiberales·

425 2493 519 2527 llaec
536 2493 709 2535 gent-ralia
728 2504 862 2537 semper
879 2494 921 2525 de
939 2492 1231 2536 promissionibus
1261 2495 1308 2526 le-

323 2546 461 2593 galibus
501 2545 650 2578 tenenda
694 2551 793 2582 sunt,
835 2551 872 2576 ut
906 2543 1172 2576 meminerimus
1209 2552 1237 2577 ct
1274 2546 1335 2578 in'

324 2596 378 2630 his
405 2595 699 2639 promissionibus
720 2595 957 2639 praemiorum
986 2597 1212 2628 exercendam
1238 2608 1308 2629 vssc

322 2649 435 2681 fidem.

1352 584 1494 627 signum
1520 583 1590 615 irae
1621 581 1686 616 Dei
1715 587 1748 614 et
1770 581 2071 623 maledictionem,
2099 584 2170 616 imo
2196 583 2343 628 pollice-

1353 641 1411 668 tur
1435 633 1600 677 praemia.
1658 630 1791 678 Estque
1813 632 1971 676 opposita
1995 634 2167 667 sententia
2190 633 2275 677 legi,
2309 639 2344 667 et

1353 684 1512 729 imperiis
1529 683 1665 718 mundi.
1703 683 1773 717 Lex
1793 684 1894 717 docet
1910 684 2119 718 detrimenta
2136 683 2343 717 facultatum
2384 691 2393 726 j

1355 747 1427 769 esse
1466 746 1596 779 poenas
1628 741 1850 779 peccatorum
1882 741 1915 768 et
1944 734 2245 768 maledictionem:
2286 731 2344 767 hic

1355 784 1516 821 Christus
1541 786 1642 818 docet
1660 785 1755 829 pios,
1782 785 1878 818 aliud
1904 797 1977 818 esse
1995 785 2165 819 iudicium
2180 785 2223 818 de
2242 795 2344 818 cruce

1355 837 1548 870 secundum
1566 834 1809 879 Evangelium.
1852 835 1940 869 Nam
1961 836 2170 870 afflictiones
2187 835 2253 878 piis
2269 845 2344 868 non

1356 894 1437 921 sunt
1454 887 1551 930 sigua
1568 886 1652 926 irae,
1679 887 1738 919 sed
1755 887 1842 919 fiunt
1859 887 2020 919 exercitia
2039 887 2131 928 fidei,
2158 886 2246 919 sicut
2263 885 2346 918 ubi-

1357 950 1424 984 que
1457 937 1610 970 clamitat
1639 935 1892 980 Evangelium,
1927 936 2122 970 Ecclesiam
2154 937 2347 970 subiectam
2384 981 2389 986 ¹

1356 1000 1429 1023 esse
1445 988 1550 1021 cruci.
1595 986 1636 1020 ln
1655 987 1851 1020 durissimis
1869 988 2121 1021 afflictionibus
2136 998 2273 1020 summa
2289 986 2348 1020 lu-
2408 991 2409 995 ’

1358 1039 1454 1073 mina
1470 1037 1648 1071 Ecclesiae
1662 1038 1818 1078 fuerunt,
1837 1035 2008 1078 Christus,
2032 1036 2207 1071 lohannes
2223 1035 2347 1081 Bapti-
2408 1035 2409 1044 ¹

1357 1097 1420 1130 sta,
1450 1088 1626 1127 Ieremias,
1651 1086 1743 1121 Abel
1760 1094 1824 1122 etc.
1876 1088 1962 1121 Item
1983 1089 2129 1132 imperia
2148 1087 2272 1120 mnndi
2290 1087 2348 1120 di-

1359 1147 1486 1173 cuntur
1502 1139 1646 1177 florere,
1662 1151 1754 1181 ,cum
1774 1136 1906 1172 habent
1928 1149 2028 1180 opes,
2056 1140 2104 1173 sic
2128 1139 2170 1171 de
2187 1136 2347 1171 Ecclesia

1359 1198 1393 1225 et
1417 1189 1607 1224 Pontifices
1633 1189 1801 1222 sentiunt.
1863 1188 1910 1222 At
1932 1186 2094 1223 Christus
2119 1187 2175 1222 hic
2200 1194 2348 1222 testatur

1358 1240 1550 1275 Ecclesiam
1568 1240 1686 1285 potius
1703 1240 1828 1274 florere
1847 1240 1884 1273 in
1909 1247 2128 1285 paupertate,
2161 1250 2206 1272 ne
2221 1239 2347 1283 despe-

1359 1304 1475 1325 remus
1494 1298 1635 1333 propter
1653 1291 1823 1333 inopiam.

1461 1347 1572 1381 Addit
1588 1354 1720 1381 autem:
1749 1347 1925 1392 Pauperes
1953 1349 2100 1392 spiritu,
2129 1348 2163 1381 id
2182 1355 2252 1389 est,
2277 1343 2348 1392 sp?-

1359 1399 1479 1433 rituali
1500 1398 1712 1439 obedientia,
1739 1399 1913 1443 patienter
1929 1400 2078 1433 ferentes
2097 1405 2350 1443 paupertatem,

1360 1461 1420 1484 seu
1438 1450 1547 1494 parati
1569 1451 1611 1482 ad
1630 1461 1704 1482 eam
1729 1450 1928 1489 ferendam,
1955 1450 1981 1482 si
2001 1450 2131 1483 fuerint
2156 1450 2289 1482 excussi
2309 1460 2350 1481 ex

1359 1501 1603 1541 facultatibus,
1631 1500 1719 1533 sicut
1746 1497 1926 1533 Abraham
1954 1501 2038 1532 alias
2063 1497 2213 1533 habebat
2239 1499 2350 1532 facul-

1360 1557 1447 1585 tates
1459 1578 1467 1592 ,
1494 1551 1579 1584 alias
1597 1551 1788 1594 vagabatur
1805 1551 1907 1594 inops
1924 1550 1999 1584 sine
2017 1551 2118 1583 certis
2137 1550 2291 1583 sedibus.

1711 1648 1810 1679 Beata·
1833 1647 1992 1690 Iuyeuic‘s.

1465 1715 1512 1751 Et
1536 1715 1594 1751 hic
1617 1718 1776 1763 loquitur
1802 1718 1844 1751 de
1869 1718 1960 1751 veris
1984 1718 2167 1751 doloribus
2197 1718 2350 1762 piorum,

1364 1768 1437 1801 sive
1454 1775 1596 1812 propter
1611 1769 1862 1813 professionem
1883 1769 2062 1809 accidant,
2087 1770 2159 1801 sive
2184 1781 2202 1802 a
2227 1769 2350 1813 poenis

1363 1826 1422 1852 aut
1439 1820 1615 1852 morsibus
1632 1820 1763 1852 diaboli
1782 1820 1953 1859 oriantur,
1983 1827 2019 1853 ut
2037 1831 2114 1852 cum
2135 1818 2250 1853 David
2270 1819 2351 1864 pul-

1363 1881 1420 1903 sus
1437 1870 1472 1902 in
1490 1870 1631 1903 exilium
1651 1870 1791 1912 agnovit
1809 1870 1966 1912 culpam,
1994 1876 2025 1903 rt
2042 1870 2148 1902 sensit
2166 1881 2201 1902 se
2219 1870 2349 1914 puniri.

1365 1920 1404 1953 ln
1430 1921 1559 1953 talibus
1589 1920 1768 1953 aerumnis
1795 1920 1948 1953 clamitat
1977 1921 2205 1960 couscientia,
2242 1932 2306 1954 nos
2331 1932 2349 1953 a

1363 1970 1437 2003 Deo
1456 1971 1628 2014 proiectos
1645 1971 1698 2003 vel
1717 1972 1872 2003 desertos
1889 1983 1972 2005 esse.
2001 1970 2069 2003 Sed
2088 1983 2151 2003 vox
2163 1969 2347 2014 Evangelii

1363 2021 1540 2054 diversum
1568 2023 1683 2055 docet:
1713 2021 1930 2054 Sacrificium
1951 2020 2024 2054 Deo
2048 2022 2191 2064 spiritus
2215 2022 2349 2056 contri-

1363 2072 1515 2104 bulatus.
1579 2071 1681 2105 ltem:
1720 2071 1853 2105 Multa«-
1886 2072 2130 2105 tribulatium-s
2167 2072 2350 2114 iustorum,

1362 2129 1393 2155 et
1411 2119 1467 2155 ltic
1485 2123 1703 2165 promittitur
1718 2123 1920 2160 consolatio,
1938 2135 2014 2155 cnm
2035 2123 2070 2155 in
2090 2120 2152 2156 liae
2171 2123 2252 2164 xita,
2274 2130 2349 2157 tum

1362 2179 1438 2216 post
1464 2170 1554 2206 lianc
1581 2173 1706 2214 vitam,
1741 2174 1827 2206 sicut
1857 2175 1956 2207 docet
1991 2180 2084 2207 totus
2111 2173 2268 2208 Psalmus
2293 2173 2347 2208 4.:

1362 2224 1494 2257 Scitote
1508 2224 1675 2268 quoniam
1695 2225 1853 2257 mirificat
1868 2222 2042 2257 Dominus
2059 2232 2216 2258 sanctum
2233 2236 2348 2261 snum,

1362 2282 1392 2307 et
1411 2275 1548 2308 exaudit
1571 2287 1624 2308 me
1641 2287 1718 2308 cum
1739 2275 1849 2307 clamo
1868 2277 1908 2308 ad
1931 2287 2018 2309 euin.
2059 2275 2142 2308 tto-n
2157 2275 2231 2308 35.;
2260 2275 2348 2309 l'au-

1362 2337 1423 2369 per
1442 2326 1623 2367 clamavit,
1650 2333 1682 2359 ct
1701 2325 1877 2359 Dominus
1896 2326 2073 2359 exaudivit
2091 2338 2182 2361 cum.

1746 2422 1844 2454 Beato·
1868 2434 1897 2453 m
1904 2423 1970 2453 itt-s.

1466 2494 1676 2529 Consolatnr
1700 2505 1904 2541 oppressos,
1931 2494 1990 2539 qui
2018 2506 2089 2527 non
2116 2491 2245 2527 habent
2268 2493 2347 2526 vin-

1363 2545 1475 2578 dicem
1495 2553 1527 2579 ct
1544 2546 1773 2583 defensorem,
1802 2552 1832 2578 et
1851 2547 1950 2578 docet
1969 2545 2136 2588 privatam
2158 2543 2346 2577 vindictam

1365 2596 1436 2629 Deo
1454 2597 1770 2629 commendandam
1790 2608 1872 2635 csse,
1901 2597 1989 2629 sicut
2008 2592 2143 2638 loseph,
2172 2593 2347 2628 israelitae

1330 2648 1334 2683 l
1366 2648 1401 2679 in
1420 2646 1598 2693 Aegypto,
1625 2646 1738 2681 David
1761 2648 1826 2681 sub
1847 2647 1970 2688 Saule,
1998 2646 2044 2690 pii
2069 2646 2134 2679 sub
2157 2643 2348 2687 Antiocho,
