<?xml version="1.0" encoding="UTF-8"?>
<!DOCTYPE html PUBLIC "-//W3C//DTD XHTML 1.0 Transitional//EN"
    "http://www.w3.org/TR/xhtml1/DTD/xhtml1-transitional.dtd">
<html xmlns="http://www.w3.org/1999/xhtml" xml:lang="en" lang="en">
 <head>
  <title>
</title>
<meta http-equiv="Content-Type" content="text/html;charset=utf-8" />
  <meta name='ocr-system' content='tesseract 3.04.00' />
  <meta name='ocr-capabilities' content='ocr_page ocr_carea ocr_par ocr_line ocrx_word'/>
</head>
<body>
  <div class='ocr_page' id='page_1' title='image "./operaquaesupersu14melauoft/operaquaesupersu14melauoft_0220.png"; bbox 0 0 2409 2915; ppageno 0'>
   <div class='ocr_carea' id='block_1_1' title="bbox 301 103 384 137">
    <p class='ocr_par' dir='ltr' id='par_1_1' title="bbox 301 103 384 137">
     <span class='ocr_line' id='line_1_1' title="bbox 301 103 384 137; baseline 0 -1"><span class='ocrx_word' id='word_1_1' title='bbox 301 103 384 137; x_wconf 74' lang='lat'>423·</span> 
     </span>
    </p>
   </div>
   <div class='ocr_carea' id='block_1_2' title="bbox 309 173 1328 2151">
    <p class='ocr_par' dir='ltr' id='par_1_2' title="bbox 309 173 1320 933">
     <span class='ocr_line' id='line_1_2' title="bbox 407 173 1288 226; baseline -0.011 -9"><span class='ocrx_word' id='word_1_2' title='bbox 407 185 502 218; x_wconf 90' lang='lat' dir='ltr'>Idem</span> <span class='ocrx_word' id='word_1_3' title='bbox 540 191 681 226; x_wconf 84' lang='lat' dir='ltr'>prorsus</span> <span class='ocrx_word' id='word_1_4' title='bbox 717 179 793 213; x_wconf 92' lang='lat' dir='ltr'>vult</span> <span class='ocrx_word' id='word_1_5' title='bbox 825 179 957 212; x_wconf 88' lang='lat' dir='ltr'>dictum</span> <span class='ocrx_word' id='word_1_6' title='bbox 989 179 1025 212; x_wconf 77' lang='lat'>2.</span> <span class='ocrx_word' id='word_1_7' title='bbox 1049 173 1214 212; x_wconf 74' lang='lat' dir='ltr'>Corinth,</span> <span class='ocrx_word' id='word_1_8' title='bbox 1237 176 1288 211; x_wconf 82' lang='grc'>5.;</span> 
     </span>
     <span class='ocr_line' id='line_1_3' title="bbox 309 228 1291 274; baseline -0.011 -4"><span class='ocrx_word' id='word_1_9' title='bbox 309 237 380 270; x_wconf 72' lang='lat' dir='ltr'>Nos</span> <span class='ocrx_word' id='word_1_10' title='bbox 404 239 528 267; x_wconf 86' lang='lat' dir='ltr'>retecta</span> <span class='ocrx_word' id='word_1_11' title='bbox 553 232 641 265; x_wconf 89' lang='lat' dir='ltr'>facie</span> <span class='ocrx_word' id='word_1_12' title='bbox 664 230 810 274; x_wconf 85' lang='lat' dir='ltr'>gloriam</span> <span class='ocrx_word' id='word_1_13' title='bbox 827 228 892 263; x_wconf 92' lang='lat' dir='ltr'>Dei</span> <span class='ocrx_word' id='word_1_14' title='bbox 919 229 1114 271; x_wconf 89' lang='lat' dir='ltr'>intuentes,</span> <span class='ocrx_word' id='word_1_15' title='bbox 1143 229 1185 261; x_wconf 86' lang='lat' dir='ltr'>ad</span> <span class='ocrx_word' id='word_1_16' title='bbox 1209 238 1291 260; x_wconf 92' lang='lat' dir='ltr'>ean-</span> 
     </span>
     <span class='ocr_line' id='line_1_4' title="bbox 310 277 1292 326; baseline -0.009 -8"><span class='ocrx_word' id='word_1_17' title='bbox 310 289 388 319; x_wconf 78' lang='lat' dir='ltr'>‹lem</span> <span class='ocrx_word' id='word_1_18' title='bbox 418 284 604 326; x_wconf 75' lang='lat' dir='ltr'>imaginem</span> <span class='ocrx_word' id='word_1_19' title='bbox 633 281 944 319; x_wconf 74' lang='lat' dir='ltr'>transformamur,</span> <span class='ocrx_word' id='word_1_20' title='bbox 979 292 997 312; x_wconf 88' lang='lat' dir='ltr'>a</span> <span class='ocrx_word' id='word_1_21' title='bbox 1022 279 1131 322; x_wconf 77' lang='lat' dir='ltr'>gloria</span> <span class='ocrx_word' id='word_1_22' title='bbox 1156 279 1192 311; x_wconf 92' lang='lat' dir='ltr'>in</span> <span class='ocrx_word' id='word_1_23' title='bbox 1217 277 1292 321; x_wconf 87' lang='lat' dir='ltr'>glo-</span> 
     </span>
     <span class='ocr_line' id='line_1_5' title="bbox 311 330 1320 379; baseline -0.008 -11"><span class='ocrx_word' id='word_1_24' title='bbox 311 337 418 373; x_wconf 85' lang='lat' dir='ltr'>riam,</span> <span class='ocrx_word' id='word_1_25' title='bbox 446 342 612 379; x_wconf 80' lang='lat' dir='ltr'><strong>tanquam</strong></span> <span class='ocrx_word' id='word_1_26' title='bbox 636 345 654 366; x_wconf 88' lang='lat' dir='ltr'>a</span> <span class='ocrx_word' id='word_1_27' title='bbox 673 331 819 366; x_wconf 90' lang='lat' dir='ltr'>Domini</span> <span class='ocrx_word' id='word_1_28' title='bbox 835 331 978 375; x_wconf 78' lang='lat' dir='ltr'>spiritu,</span> <span class='ocrx_word' id='word_1_29' title='bbox 1007 330 1042 363; x_wconf 92' lang='lat' dir='ltr'>id</span> <span class='ocrx_word' id='word_1_30' title='bbox 1061 336 1130 370; x_wconf 89' lang='lat' dir='ltr'>est,</span> <span class='ocrx_word' id='word_1_31' title='bbox 1156 340 1221 361; x_wconf 89' lang='lat' dir='ltr'>nos</span> <span class='ocrx_word' id='word_1_32' title='bbox 1239 340 1294 360; x_wconf 90' lang='lat' dir='ltr'>rc-</span> <span class='ocrx_word' id='word_1_33' title='bbox 1317 342 1320 364; x_wconf 69' lang='grc' dir='ltr'><strong>ι</strong></span> 
     </span>
     <span class='ocr_line' id='line_1_6' title="bbox 312 382 1293 425; baseline -0.008 -6"><span class='ocrx_word' id='word_1_34' title='bbox 312 393 398 419; x_wconf 86' lang='lat' dir='ltr'>tecta</span> <span class='ocrx_word' id='word_1_35' title='bbox 424 393 541 418; x_wconf 87' lang='lat' dir='ltr'>nostra</span> <span class='ocrx_word' id='word_1_36' title='bbox 564 384 669 424; x_wconf 89' lang='lat' dir='ltr'>facie,</span> <span class='ocrx_word' id='word_1_37' title='bbox 703 393 769 416; x_wconf 89' lang='lat' dir='ltr'>nos</span> <span class='ocrx_word' id='word_1_38' title='bbox 792 382 1012 425; x_wconf 82' lang='lat' dir='ltr'>agnoscimus</span> <span class='ocrx_word' id='word_1_39' title='bbox 1034 392 1106 413; x_wconf 91' lang='lat' dir='ltr'>esse</span> <span class='ocrx_word' id='word_1_40' title='bbox 1131 391 1227 419; x_wconf 89' lang='lat' dir='ltr'>reos,</span> <span class='ocrx_word' id='word_1_41' title='bbox 1261 384 1293 411; x_wconf 85' lang='lat' dir='ltr'>et</span> 
     </span>
     <span class='ocr_line' id='line_1_7' title="bbox 312 427 1294 478; baseline -0.009 -9"><span class='ocrx_word' id='word_1_42' title='bbox 312 437 491 470; x_wconf 88' lang='lat' dir='ltr'>intuemur</span> <span class='ocrx_word' id='word_1_43' title='bbox 504 435 663 478; x_wconf 78' lang='lat' dir='ltr'>gloriam,</span> <span class='ocrx_word' id='word_1_44' title='bbox 691 433 726 465; x_wconf 90' lang='lat' dir='ltr'>id</span> <span class='ocrx_word' id='word_1_45' title='bbox 743 440 804 473; x_wconf 87' lang='lat' dir='ltr'>est,</span> <span class='ocrx_word' id='word_1_46' title='bbox 831 432 1052 475; x_wconf 82' lang='lat' dir='ltr'>splendorem</span> <span class='ocrx_word' id='word_1_47' title='bbox 1062 429 1127 463; x_wconf 91' lang='lat' dir='ltr'>Dei</span> <span class='ocrx_word' id='word_1_48' title='bbox 1144 430 1181 463; x_wconf 94' lang='lat' dir='ltr'>in</span> <span class='ocrx_word' id='word_1_49' title='bbox 1191 427 1294 464; x_wconf 90' lang='lat' dir='ltr'>Chri-</span> 
     </span>
     <span class='ocr_line' id='line_1_8' title="bbox 313 479 1295 525; baseline -0.009 -5"><span class='ocrx_word' id='word_1_50' title='bbox 313 494 366 520; x_wconf 92' lang='lat' dir='ltr'>sto</span> <span class='ocrx_word' id='word_1_51' title='bbox 397 492 645 525; x_wconf 78' lang='lat' dir='ltr'>monstratam,</span> <span class='ocrx_word' id='word_1_52' title='bbox 679 483 839 516; x_wconf 74' lang='lat' dir='ltr'>videlicet</span> <span class='ocrx_word' id='word_1_53' title='bbox 862 482 1067 514; x_wconf 82' lang='lat' dir='ltr'>immensam</span> <span class='ocrx_word' id='word_1_54' title='bbox 1091 479 1295 524; x_wconf 85' lang='lat' dir='ltr'>amplitudi-</span> 
     </span>
     <span class='ocr_line' id='line_1_9' title="bbox 314 529 1294 570; baseline -0.008 0"><span class='ocrx_word' id='word_1_55' title='bbox 314 549 394 570; x_wconf 89' lang='lat' dir='ltr'>nem</span> <span class='ocrx_word' id='word_1_56' title='bbox 426 535 695 569; x_wconf 78' lang='lat' dir='ltr'>misericordiae.</span> <span class='ocrx_word' id='word_1_57' title='bbox 764 532 1077 565; x_wconf 88' lang='lat' dir='ltr'>Transformamur</span> <span class='ocrx_word' id='word_1_58' title='bbox 1105 537 1219 565; x_wconf 86' lang='lat' dir='ltr'>autem</span> <span class='ocrx_word' id='word_1_59' title='bbox 1251 529 1294 562; x_wconf 89' lang='lat' dir='ltr'>ad</span> 
     </span>
     <span class='ocr_line' id='line_1_10' title="bbox 315 580 1295 628; baseline -0.008 -7"><span class='ocrx_word' id='word_1_60' title='bbox 315 589 461 621; x_wconf 88' lang='lat' dir='ltr'>eandem</span> <span class='ocrx_word' id='word_1_61' title='bbox 484 585 690 628; x_wconf 80' lang='lat' dir='ltr'>imaginem,</span> <span class='ocrx_word' id='word_1_62' title='bbox 725 583 759 616; x_wconf 89' lang='lat' dir='ltr'>id</span> <span class='ocrx_word' id='word_1_63' title='bbox 785 589 853 623; x_wconf 81' lang='lat' dir='ltr'>est,</span> <span class='ocrx_word' id='word_1_64' title='bbox 881 583 1041 616; x_wconf 90' lang='lat' dir='ltr'>incoatur</span> <span class='ocrx_word' id='word_1_65' title='bbox 1063 583 1100 614; x_wconf 90' lang='lat' dir='ltr'>in</span> <span class='ocrx_word' id='word_1_66' title='bbox 1123 581 1226 614; x_wconf 88' lang='lat' dir='ltr'>nobis</span> <span class='ocrx_word' id='word_1_67' title='bbox 1249 580 1295 613; x_wconf 87' lang='lat' dir='ltr'>si·</span> 
     </span>
     <span class='ocr_line' id='line_1_11' title="bbox 315 633 1297 677; baseline -0.008 -6"><span class='ocrx_word' id='word_1_68' title='bbox 315 638 479 671; x_wconf 85' lang='lat' dir='ltr'>militndo</span> <span class='ocrx_word' id='word_1_69' title='bbox 514 633 666 676; x_wconf 79' lang='lat' dir='ltr'>Christi,</span> <span class='ocrx_word' id='word_1_70' title='bbox 699 645 842 668; x_wconf 85' lang='lat' dir='ltr'>accensa</span> <span class='ocrx_word' id='word_1_71' title='bbox 876 645 967 666; x_wconf 83' lang='lat' dir='ltr'>nova</span> <span class='ocrx_word' id='word_1_72' title='bbox 999 633 1091 672; x_wconf 92' lang='lat' dir='ltr'>luce,</span> <span class='ocrx_word' id='word_1_73' title='bbox 1130 643 1217 677; x_wconf 85' lang='lat' dir='ltr'>quae</span> <span class='ocrx_word' id='word_1_74' title='bbox 1247 636 1297 663; x_wconf 88' lang='lat' dir='ltr'>est</span> 
     </span>
     <span class='ocr_line' id='line_1_12' title="bbox 315 682 1297 728; baseline -0.007 -7"><span class='ocrx_word' id='word_1_75' title='bbox 315 689 412 721; x_wconf 87' lang='lat' dir='ltr'>firma</span> <span class='ocrx_word' id='word_1_76' title='bbox 431 686 495 720; x_wconf 91' lang='lat' dir='ltr'>Dei</span> <span class='ocrx_word' id='word_1_77' title='bbox 520 686 667 728; x_wconf 87' lang='lat' dir='ltr'>noticia,</span> <span class='ocrx_word' id='word_1_78' title='bbox 695 691 727 719; x_wconf 90' lang='lat' dir='ltr'>et</span> <span class='ocrx_word' id='word_1_79' title='bbox 750 684 903 718; x_wconf 82' lang='lat' dir='ltr'>accensis</span> <span class='ocrx_word' id='word_1_80' title='bbox 926 684 1027 717; x_wconf 87' lang='lat' dir='ltr'>novis</span> <span class='ocrx_word' id='word_1_81' title='bbox 1051 683 1174 716; x_wconf 87' lang='lat' dir='ltr'>motib.</span> <span class='ocrx_word' id='word_1_82' title='bbox 1193 682 1297 715; x_wconf 86' lang='lat' dir='ltr'>timo-</span> 
     </span>
     <span class='ocr_line' id='line_1_13' title="bbox 315 732 1296 777; baseline -0.007 -6"><span class='ocrx_word' id='word_1_83' title='bbox 315 751 370 776; x_wconf 90' lang='lat' dir='ltr'>re,</span> <span class='ocrx_word' id='word_1_84' title='bbox 398 737 523 770; x_wconf 79' lang='lat' dir='ltr'>fiducia</span> <span class='ocrx_word' id='word_1_85' title='bbox 541 736 627 776; x_wconf 83' lang='lat' dir='ltr'>Dei,</span> <span class='ocrx_word' id='word_1_86' title='bbox 653 735 891 775; x_wconf 80' lang='lat' dir='ltr'>invocatione,</span> <span class='ocrx_word' id='word_1_87' title='bbox 916 734 997 768; x_wconf 92' lang='lat' dir='ltr'>odio</span> <span class='ocrx_word' id='word_1_88' title='bbox 1015 733 1163 777; x_wconf 85' lang='lat' dir='ltr'>peccati,</span> <span class='ocrx_word' id='word_1_89' title='bbox 1188 745 1205 764; x_wconf 91' lang='lat' dir='ltr'>a</span> <span class='ocrx_word' id='word_1_90' title='bbox 1222 732 1296 774; x_wconf 83' lang='lat' dir='ltr'>glo-</span> 
     </span>
     <span class='ocr_line' id='line_1_14' title="bbox 315 781 1298 831; baseline -0.007 -10"><span class='ocrx_word' id='word_1_91' title='bbox 315 789 366 822; x_wconf 89' lang='lat' dir='ltr'>ria</span> <span class='ocrx_word' id='word_1_92' title='bbox 383 788 419 820; x_wconf 91' lang='lat' dir='ltr'>in</span> <span class='ocrx_word' id='word_1_93' title='bbox 436 787 603 831; x_wconf 81' lang='lat' dir='ltr'>gloriam,</span> <span class='ocrx_word' id='word_1_94' title='bbox 633 787 666 819; x_wconf 86' lang='lat' dir='ltr'>id</span> <span class='ocrx_word' id='word_1_95' title='bbox 685 793 753 826; x_wconf 79' lang='lat' dir='ltr'>est,</span> <span class='ocrx_word' id='word_1_96' title='bbox 781 792 956 818; x_wconf 86' lang='lat' dir='ltr'>crescente</span> <span class='ocrx_word' id='word_1_97' title='bbox 975 784 1124 817; x_wconf 84' lang='lat' dir='ltr'>subinde</span> <span class='ocrx_word' id='word_1_98' title='bbox 1141 781 1204 815; x_wconf 90' lang='lat' dir='ltr'>hac</span> <span class='ocrx_word' id='word_1_99' title='bbox 1223 782 1298 814; x_wconf 92' lang='lat' dir='ltr'>luce</span> 
     </span>
     <span class='ocr_line' id='line_1_15' title="bbox 316 832 1298 879; baseline -0.008 -7"><span class='ocrx_word' id='word_1_100' title='bbox 316 846 348 873; x_wconf 88' lang='lat' dir='ltr'>et</span> <span class='ocrx_word' id='word_1_101' title='bbox 378 839 544 872; x_wconf 82' lang='lat' dir='ltr'>claritate.</span> <span class='ocrx_word' id='word_1_102' title='bbox 606 835 650 870; x_wconf 88' lang='lat' dir='ltr'>Et</span> <span class='ocrx_word' id='word_1_103' title='bbox 680 835 763 869; x_wconf 87' lang='lat' dir='ltr'>haec</span> <span class='ocrx_word' id='word_1_104' title='bbox 791 836 878 869; x_wconf 83' lang='lat' dir='ltr'>fiunt</span> <span class='ocrx_word' id='word_1_105' title='bbox 902 835 1034 879; x_wconf 85' lang='lat' dir='ltr'>inquit,</span> <span class='ocrx_word' id='word_1_106' title='bbox 1069 845 1130 877; x_wconf 87' lang='lat' dir='ltr'>per</span> <span class='ocrx_word' id='word_1_107' title='bbox 1152 832 1298 866; x_wconf 86' lang='lat' dir='ltr'>Domini</span> 
     </span>
     <span class='ocr_line' id='line_1_16' title="bbox 315 886 1007 933; baseline -0.01 -10"><span class='ocrx_word' id='word_1_108' title='bbox 315 890 495 933; x_wconf 87' lang='lat' dir='ltr'>spiritum,</span> <span class='ocrx_word' id='word_1_109' title='bbox 524 889 644 921; x_wconf 85' lang='lat' dir='ltr'>datum</span> <span class='ocrx_word' id='word_1_110' title='bbox 661 894 691 920; x_wconf 90' lang='lat' dir='ltr'>et</span> <span class='ocrx_word' id='word_1_111' title='bbox 709 887 857 920; x_wconf 81' lang='lat' dir='ltr'>effusum</span> <span class='ocrx_word' id='word_1_112' title='bbox 877 886 912 918; x_wconf 91' lang='lat' dir='ltr'>in</span> <span class='ocrx_word' id='word_1_113' title='bbox 931 897 1007 920; x_wconf 83' lang='lat' dir='ltr'>nos.</span> 
     </span>
    </p>

    <p class='ocr_par' dir='ltr' id='par_1_3' title="bbox 314 943 1328 2151">
     <span class='ocr_line' id='line_1_17' title="bbox 416 943 1298 990; baseline -0.007 -10"><span class='ocrx_word' id='word_1_114' title='bbox 416 947 490 980; x_wconf 87' lang='lat' dir='ltr'>Has</span> <span class='ocrx_word' id='word_1_115' title='bbox 511 947 729 990; x_wconf 84' lang='lat' dir='ltr'>gravissimas</span> <span class='ocrx_word' id='word_1_116' title='bbox 745 945 934 978; x_wconf 86' lang='lat' dir='ltr'>sententias</span> <span class='ocrx_word' id='word_1_117' title='bbox 951 944 1030 976; x_wconf 90' lang='lat' dir='ltr'>ideo</span> <span class='ocrx_word' id='word_1_118' title='bbox 1047 943 1151 976; x_wconf 91' lang='lat' dir='ltr'>nobis</span> <span class='ocrx_word' id='word_1_119' title='bbox 1170 954 1298 986; x_wconf 91' lang='lat' dir='ltr'>propo-</span> 
     </span>
     <span class='ocr_line' id='line_1_18' title="bbox 316 991 1297 1039; baseline -0.008 -6"><span class='ocrx_word' id='word_1_120' title='bbox 316 1010 460 1039; x_wconf 77' lang='lat' dir='ltr'>namuS,</span> <span class='ocrx_word' id='word_1_121' title='bbox 496 1005 534 1030; x_wconf 84' lang='lat' dir='ltr'>ut</span> <span class='ocrx_word' id='word_1_122' title='bbox 563 997 712 1030; x_wconf 86' lang='lat' dir='ltr'>sciamus</span> <span class='ocrx_word' id='word_1_123' title='bbox 742 995 1046 1039; x_wconf 47' lang='lat' dir='ltr'>promissum—esse</span> <span class='ocrx_word' id='word_1_124' title='bbox 1071 991 1137 1026; x_wconf 88' lang='lat' dir='ltr'>hoc</span> <span class='ocrx_word' id='word_1_125' title='bbox 1161 999 1297 1026; x_wconf 89' lang='lat' dir='ltr'>tantum</span> 
     </span>
     <span class='ocr_line' id='line_1_19' title="bbox 317 1043 1299 1090; baseline -0.007 -8"><span class='ocrx_word' id='word_1_126' title='bbox 317 1051 470 1086; x_wconf 88' lang='lat' dir='ltr'>donum,</span> <span class='ocrx_word' id='word_1_127' title='bbox 505 1055 537 1081; x_wconf 90' lang='lat' dir='ltr'>et</span> <span class='ocrx_word' id='word_1_128' title='bbox 570 1048 658 1080; x_wconf 85' lang='lat' dir='ltr'>serio</span> <span class='ocrx_word' id='word_1_129' title='bbox 685 1053 859 1090; x_wconf 86' lang='lat' dir='ltr'>petamus,</span> <span class='ocrx_word' id='word_1_130' title='bbox 890 1045 980 1078; x_wconf 90' lang='lat' dir='ltr'>sicut</span> <span class='ocrx_word' id='word_1_131' title='bbox 1005 1043 1165 1079; x_wconf 87' lang='lat' dir='ltr'>Christus</span> <span class='ocrx_word' id='word_1_132' title='bbox 1191 1044 1299 1084; x_wconf 89' lang='lat' dir='ltr'>iubet,</span> 
     </span>
     <span class='ocr_line' id='line_1_20' title="bbox 317 1093 1299 1144; baseline -0.007 -12"><span class='ocrx_word' id='word_1_133' title='bbox 317 1099 498 1144; x_wconf 83' lang='lat' dir='ltr'>inquiens:</span> <span class='ocrx_word' id='word_1_134' title='bbox 527 1097 670 1140; x_wconf 86' lang='lat' dir='ltr'>Quanto</span> <span class='ocrx_word' id='word_1_135' title='bbox 695 1096 803 1139; x_wconf 88' lang='lat' dir='ltr'>magis</span> <span class='ocrx_word' id='word_1_136' title='bbox 830 1102 926 1138; x_wconf 86' lang='lat' dir='ltr'>pater</span> <span class='ocrx_word' id='word_1_137' title='bbox 943 1102 1055 1128; x_wconf 83' lang='lat' dir='ltr'>vester</span> <span class='ocrx_word' id='word_1_138' title='bbox 1070 1095 1168 1127; x_wconf 86' lang='lat' dir='ltr'>dabit</span> <span class='ocrx_word' id='word_1_139' title='bbox 1184 1093 1299 1137; x_wconf 87' lang='lat' dir='ltr'>Spiri-</span> 
     </span>
     <span class='ocr_line' id='line_1_21' title="bbox 315 1145 1300 1192; baseline -0.008 -8"><span class='ocrx_word' id='word_1_140' title='bbox 315 1158 390 1184; x_wconf 89' lang='lat' dir='ltr'>tum</span> <span class='ocrx_word' id='word_1_141' title='bbox 408 1155 564 1182; x_wconf 90' lang='lat' dir='ltr'>sanetum</span> <span class='ocrx_word' id='word_1_142' title='bbox 581 1147 789 1192; x_wconf 85' lang='lat' dir='ltr'>petentibus.</span> <span class='ocrx_word' id='word_1_143' title='bbox 831 1145 969 1179; x_wconf 82' lang='lat' dir='ltr'>Deinde</span> <span class='ocrx_word' id='word_1_144' title='bbox 986 1146 1089 1179; x_wconf 90' lang='lat' dir='ltr'>etiam</span> <span class='ocrx_word' id='word_1_145' title='bbox 1105 1155 1300 1184; x_wconf 81' lang='lat' dir='ltr'>caveamus,</span> 
     </span>
     <span class='ocr_line' id='line_1_22' title="bbox 316 1195 1300 1242; baseline -0.007 -9"><span class='ocrx_word' id='word_1_146' title='bbox 316 1213 360 1233; x_wconf 94' lang='lat' dir='ltr'>ne</span> <span class='ocrx_word' id='word_1_147' title='bbox 383 1199 581 1233; x_wconf 81' lang='lat' dir='ltr'>resistamus</span> <span class='ocrx_word' id='word_1_148' title='bbox 599 1198 747 1242; x_wconf 87' lang='lat' dir='ltr'>Spiritui</span> <span class='ocrx_word' id='word_1_149' title='bbox 773 1205 910 1237; x_wconf 84' lang='lat' dir='ltr'>sancto,</span> <span class='ocrx_word' id='word_1_150' title='bbox 937 1197 1160 1239; x_wconf 85' lang='lat' dir='ltr'>indulgentes</span> <span class='ocrx_word' id='word_1_151' title='bbox 1183 1195 1300 1239; x_wconf 84' lang='lat' dir='ltr'>pravis</span> 
     </span>
     <span class='ocr_line' id='line_1_23' title="bbox 317 1248 1300 1295; baseline -0.007 -11"><span class='ocrx_word' id='word_1_152' title='bbox 317 1250 586 1295; x_wconf 86' lang='lat' dir='ltr'>cupiditatibus,</span> <span class='ocrx_word' id='word_1_153' title='bbox 615 1256 734 1281; x_wconf 84' lang='lat' dir='ltr'>contra</span> <span class='ocrx_word' id='word_1_154' title='bbox 750 1248 1014 1288; x_wconf 87' lang='lat' dir='ltr'>conscientiam,</span> <span class='ocrx_word' id='word_1_155' title='bbox 1041 1258 1128 1280; x_wconf 77' lang='lat' dir='ltr'>neve</span> <span class='ocrx_word' id='word_1_156' title='bbox 1145 1258 1224 1279; x_wconf 90' lang='lat' dir='ltr'>eum</span> <span class='ocrx_word' id='word_1_157' title='bbox 1240 1257 1300 1278; x_wconf 84' lang='lat' dir='ltr'>ex-</span> 
     </span>
     <span class='ocr_line' id='line_1_24' title="bbox 316 1298 1299 1346; baseline -0.007 -12"><span class='ocrx_word' id='word_1_158' title='bbox 316 1301 506 1346; x_wconf 86' lang='lat' dir='ltr'>pellamus,</span> <span class='ocrx_word' id='word_1_159' title='bbox 533 1308 565 1334; x_wconf 92' lang='lat' dir='ltr'>et</span> <span class='ocrx_word' id='word_1_160' title='bbox 589 1300 676 1332; x_wconf 87' lang='lat' dir='ltr'>sicut</span> <span class='ocrx_word' id='word_1_161' title='bbox 694 1298 824 1332; x_wconf 87' lang='lat' dir='ltr'>Paulus</span> <span class='ocrx_word' id='word_1_162' title='bbox 848 1298 1021 1343; x_wconf 88' lang='lat' dir='ltr'>loquitur,</span> <span class='ocrx_word' id='word_1_163' title='bbox 1048 1309 1092 1330; x_wconf 91' lang='lat' dir='ltr'>ne</span> <span class='ocrx_word' id='word_1_164' title='bbox 1116 1308 1194 1329; x_wconf 91' lang='lat' dir='ltr'>eum</span> <span class='ocrx_word' id='word_1_165' title='bbox 1214 1307 1299 1329; x_wconf 90' lang='lat' dir='ltr'>con-</span> 
     </span>
     <span class='ocr_line' id='line_1_25' title="bbox 315 1345 1299 1391; baseline -0.006 -7"><span class='ocrx_word' id='word_1_166' title='bbox 315 1352 503 1386; x_wconf 85' lang='lat' dir='ltr'>tristemus.</span> <span class='ocrx_word' id='word_1_167' title='bbox 557 1350 607 1383; x_wconf 90' lang='lat' dir='ltr'>Ac</span> <span class='ocrx_word' id='word_1_168' title='bbox 631 1349 726 1382; x_wconf 86' lang='lat' dir='ltr'>varie</span> <span class='ocrx_word' id='word_1_169' title='bbox 742 1359 834 1381; x_wconf 90' lang='lat' dir='ltr'>unus</span> <span class='ocrx_word' id='word_1_170' title='bbox 851 1349 968 1391; x_wconf 90' lang='lat' dir='ltr'>lapsus</span> <span class='ocrx_word' id='word_1_171' title='bbox 984 1347 1168 1380; x_wconf 87' lang='lat' dir='ltr'>contristat</span> <span class='ocrx_word' id='word_1_172' title='bbox 1185 1345 1299 1389; x_wconf 87' lang='lat' dir='ltr'>Spiri-</span> 
     </span>
     <span class='ocr_line' id='line_1_26' title="bbox 314 1395 1299 1442; baseline -0.008 -7"><span class='ocrx_word' id='word_1_173' title='bbox 314 1409 389 1435; x_wconf 92' lang='lat' dir='ltr'>tum</span> <span class='ocrx_word' id='word_1_174' title='bbox 414 1408 590 1440; x_wconf 87' lang='lat' dir='ltr'>sanctum,</span> <span class='ocrx_word' id='word_1_175' title='bbox 617 1407 655 1433; x_wconf 87' lang='lat' dir='ltr'>ut</span> <span class='ocrx_word' id='word_1_176' title='bbox 673 1398 820 1432; x_wconf 77' lang='lat' dir='ltr'>Davidis</span> <span class='ocrx_word' id='word_1_177' title='bbox 840 1399 957 1442; x_wconf 88' lang='lat' dir='ltr'>lapsus</span> <span class='ocrx_word' id='word_1_178' title='bbox 973 1397 1202 1431; x_wconf 88' lang='lat' dir='ltr'>contristabat</span> <span class='ocrx_word' id='word_1_179' title='bbox 1218 1395 1299 1439; x_wconf 88' lang='lat' dir='ltr'>Spi-</span> 
     </span>
     <span class='ocr_line' id='line_1_27' title="bbox 315 1446 1300 1494; baseline -0.008 -8"><span class='ocrx_word' id='word_1_180' title='bbox 315 1453 423 1486; x_wconf 88' lang='lat' dir='ltr'>ritum</span> <span class='ocrx_word' id='word_1_181' title='bbox 447 1458 621 1490; x_wconf 90' lang='lat' dir='ltr'>sanctum,</span> <span class='ocrx_word' id='word_1_182' title='bbox 649 1450 802 1494; x_wconf 88' lang='lat' dir='ltr'>primum</span> <span class='ocrx_word' id='word_1_183' title='bbox 828 1449 863 1481; x_wconf 93' lang='lat' dir='ltr'>in</span> <span class='ocrx_word' id='word_1_184' title='bbox 887 1450 990 1481; x_wconf 88' lang='lat' dir='ltr'>corde</span> <span class='ocrx_word' id='word_1_185' title='bbox 1008 1447 1178 1487; x_wconf 75' lang='lat' dir='ltr'>Davidis,</span> <span class='ocrx_word' id='word_1_186' title='bbox 1205 1446 1300 1479; x_wconf 89' lang='lat' dir='ltr'>unde</span> 
     </span>
     <span class='ocr_line' id='line_1_28' title="bbox 316 1497 1299 1545; baseline -0.008 -9"><span class='ocrx_word' id='word_1_187' title='bbox 316 1503 535 1541; x_wconf 87' lang='lat' dir='ltr'>eiiciebatur,</span> <span class='ocrx_word' id='word_1_188' title='bbox 562 1508 679 1545; x_wconf 85' lang='lat' dir='ltr'>postea</span> <span class='ocrx_word' id='word_1_189' title='bbox 703 1500 738 1532; x_wconf 89' lang='lat' dir='ltr'>in</span> <span class='ocrx_word' id='word_1_190' title='bbox 762 1500 927 1532; x_wconf 86' lang='lat' dir='ltr'>omnibus</span> <span class='ocrx_word' id='word_1_191' title='bbox 948 1499 1077 1544; x_wconf 87' lang='lat' dir='ltr'>quibus</span> <span class='ocrx_word' id='word_1_192' title='bbox 1095 1497 1299 1540; x_wconf 84' lang='lat' dir='ltr'>magnitudo</span> 
     </span>
     <span class='ocr_line' id='line_1_29' title="bbox 316 1547 1300 1587; baseline -0.008 -1"><span class='ocrx_word' id='word_1_193' title='bbox 316 1553 469 1586; x_wconf 82' lang='lat' dir='ltr'>scandali</span> <span class='ocrx_word' id='word_1_194' title='bbox 495 1552 653 1585; x_wconf 90' lang='lat' dir='ltr'>dolorem</span> <span class='ocrx_word' id='word_1_195' title='bbox 677 1550 811 1587; x_wconf 88' lang='lat' dir='ltr'>attulit,</span> <span class='ocrx_word' id='word_1_196' title='bbox 839 1550 989 1582; x_wconf 83' lang='lat' dir='ltr'>maxime</span> <span class='ocrx_word' id='word_1_197' title='bbox 1014 1561 1097 1581; x_wconf 87' lang='lat' dir='ltr'>vero</span> <span class='ocrx_word' id='word_1_198' title='bbox 1122 1549 1156 1580; x_wconf 92' lang='lat' dir='ltr'>in</span> <span class='ocrx_word' id='word_1_199' title='bbox 1176 1547 1300 1579; x_wconf 87' lang='lat' dir='ltr'>mulie-</span> 
     </span>
     <span class='ocr_line' id='line_1_30' title="bbox 316 1598 1327 1663; baseline -0.008 -26"><span class='ocrx_word' id='word_1_200' title='bbox 316 1604 432 1641; x_wconf 83' lang='lat' dir='ltr'>ribus,</span> <span class='ocrx_word' id='word_1_201' title='bbox 459 1614 546 1647; x_wconf 86' lang='lat' dir='ltr'>quae</span> <span class='ocrx_word' id='word_1_202' title='bbox 564 1613 624 1645; x_wconf 89' lang='lat' dir='ltr'>per</span> <span class='ocrx_word' id='word_1_203' title='bbox 643 1601 712 1633; x_wconf 78' lang='lat' dir='ltr'>vim</span> <span class='ocrx_word' id='word_1_204' title='bbox 729 1606 905 1642; x_wconf 83' lang='lat' dir='ltr'>stupratae</span> <span class='ocrx_word' id='word_1_205' title='bbox 921 1606 1020 1637; x_wconf 88' lang='lat' dir='ltr'>sunt,</span> <span class='ocrx_word' id='word_1_206' title='bbox 1049 1598 1187 1643; x_wconf 89' lang='lat' dir='ltr'>quaein</span> <span class='ocrx_word' id='word_1_207' title='bbox 1205 1609 1299 1630; x_wconf 88' lang='lat' dir='ltr'>sum-</span> <span class='ocrx_word' id='word_1_208' title='bbox 1324 1625 1327 1663; x_wconf 35' lang='grc' dir='ltr'><strong>ι</strong></span> 
     </span>
     <span class='ocr_line' id='line_1_31' title="bbox 317 1648 1327 1695; baseline -0.007 -8"><span class='ocrx_word' id='word_1_209' title='bbox 317 1666 374 1687; x_wconf 91' lang='lat' dir='ltr'>mo</span> <span class='ocrx_word' id='word_1_210' title='bbox 400 1654 495 1686; x_wconf 89' lang='lat' dir='ltr'>luctu</span> <span class='ocrx_word' id='word_1_211' title='bbox 521 1653 682 1691; x_wconf 85' lang='lat' dir='ltr'>suerunt,</span> <span class='ocrx_word' id='word_1_212' title='bbox 717 1657 748 1683; x_wconf 92' lang='lat' dir='ltr'>et</span> <span class='ocrx_word' id='word_1_213' title='bbox 774 1650 929 1683; x_wconf 80' lang='lat' dir='ltr'>fortassis</span> <span class='ocrx_word' id='word_1_214' title='bbox 953 1650 1091 1695; x_wconf 87' lang='lat' dir='ltr'>aliquae.</span> <span class='ocrx_word' id='word_1_215' title='bbox 1117 1648 1239 1681; x_wconf 84' lang='lat' dir='ltr'>dolore</span> <span class='ocrx_word' id='word_1_216' title='bbox 1262 1659 1300 1680; x_wconf 90' lang='lat' dir='ltr'>ac</span> <span class='ocrx_word' id='word_1_217' title='bbox 1325 1668 1327 1673; x_wconf 55' lang='grc' dir='ltr'><strong><em>ι</em></strong></span> 
     </span>
     <span class='ocr_line' id='line_1_32' title="bbox 316 1697 1327 1748; baseline -0.009 -10"><span class='ocrx_word' id='word_1_218' title='bbox 316 1704 558 1748; x_wconf 79' lang='lat' dir='ltr'>desperatione</span> <span class='ocrx_word' id='word_1_219' title='bbox 581 1703 750 1735; x_wconf 84' lang='lat' dir='ltr'>extinctae</span> <span class='ocrx_word' id='word_1_220' title='bbox 773 1708 864 1734; x_wconf 85' lang='lat' dir='ltr'>sunt.</span> <span class='ocrx_word' id='word_1_221' title='bbox 913 1700 970 1733; x_wconf 89' lang='lat' dir='ltr'>Sic</span> <span class='ocrx_word' id='word_1_222' title='bbox 997 1699 1144 1732; x_wconf 78' lang='lat' dir='ltr'>maxime</span> <span class='ocrx_word' id='word_1_223' title='bbox 1167 1697 1302 1732; x_wconf 81' lang='lat' dir='ltr'>contri-</span> <span class='ocrx_word' id='word_1_224' title='bbox 1325 1700 1327 1737; x_wconf 74' lang='grc' dir='ltr'>Ι</span> 
     </span>
     <span class='ocr_line' id='line_1_33' title="bbox 317 1743 1328 1798; baseline -0.008 -10"><span class='ocrx_word' id='word_1_225' title='bbox 317 1761 408 1788; x_wconf 82' lang='lat' dir='ltr'>stant</span> <span class='ocrx_word' id='word_1_226' title='bbox 425 1753 596 1798; x_wconf 86' lang='lat' dir='ltr'>Spiritum</span> <span class='ocrx_word' id='word_1_227' title='bbox 616 1759 772 1785; x_wconf 88' lang='lat' dir='ltr'>sanctum</span> <span class='ocrx_word' id='word_1_228' title='bbox 786 1779 794 1791; x_wconf 92' lang='lat'>‚</span> <span class='ocrx_word' id='word_1_229' title='bbox 820 1751 879 1796; x_wconf 86' lang='lat' dir='ltr'>qui</span> <span class='ocrx_word' id='word_1_230' title='bbox 900 1751 983 1783; x_wconf 83' lang='lat' dir='ltr'>falsa</span> <span class='ocrx_word' id='word_1_231' title='bbox 1002 1752 1162 1794; x_wconf 76' lang='lat' dir='ltr'>dogmata</span> <span class='ocrx_word' id='word_1_232' title='bbox 1181 1749 1301 1781; x_wconf 79' lang='lat' dir='ltr'>‹lesen-</span> <span class='ocrx_word' id='word_1_233' title='bbox 1325 1743 1328 1781; x_wconf 98' lang='grc' dir='ltr'>Ι</span> 
     </span>
     <span class='ocr_line' id='line_1_34' title="bbox 318 1800 1328 1849; baseline -0.007 -12"><span class='ocrx_word' id='word_1_234' title='bbox 318 1807 424 1845; x_wconf 80' lang='lat' dir='ltr'>dunt,</span> <span class='ocrx_word' id='word_1_235' title='bbox 452 1805 532 1849; x_wconf 89' lang='lat' dir='ltr'>quia</span> <span class='ocrx_word' id='word_1_236' title='bbox 555 1803 768 1837; x_wconf 86' lang='lat' dir='ltr'>conturbant</span> <span class='ocrx_word' id='word_1_237' title='bbox 793 1802 921 1835; x_wconf 85' lang='lat' dir='ltr'>multos</span> <span class='ocrx_word' id='word_1_238' title='bbox 946 1802 1038 1845; x_wconf 81' lang='lat' dir='ltr'>pios,</span> <span class='ocrx_word' id='word_1_239' title='bbox 1065 1812 1152 1845; x_wconf 86' lang='lat' dir='ltr'>quos</span> <span class='ocrx_word' id='word_1_240' title='bbox 1174 1800 1209 1831; x_wconf 91' lang='lat' dir='ltr'>in</span> <span class='ocrx_word' id='word_1_241' title='bbox 1235 1800 1300 1831; x_wconf 82' lang='lat' dir='ltr'>du·</span> <span class='ocrx_word' id='word_1_242' title='bbox 1325 1813 1328 1845; x_wconf 55' lang='lat' dir='ltr'>J</span> 
     </span>
     <span class='ocr_line' id='line_1_35' title="bbox 317 1847 1328 1894; baseline -0.008 -6"><span class='ocrx_word' id='word_1_243' title='bbox 317 1856 525 1889; x_wconf 87' lang='lat' dir='ltr'>bitationem</span> <span class='ocrx_word' id='word_1_244' title='bbox 552 1855 748 1891; x_wconf 87' lang='lat' dir='ltr'>adducunt,</span> <span class='ocrx_word' id='word_1_245' title='bbox 776 1853 924 1885; x_wconf 81' lang='lat' dir='ltr'>excitant</span> <span class='ocrx_word' id='word_1_246' title='bbox 947 1852 1110 1889; x_wconf 80' lang='lat' dir='ltr'>dissidia,</span> <span class='ocrx_word' id='word_1_247' title='bbox 1139 1862 1225 1894; x_wconf 84' lang='lat' dir='ltr'>quae</span> <span class='ocrx_word' id='word_1_248' title='bbox 1242 1861 1301 1891; x_wconf 84' lang='lat' dir='ltr'>pa-</span> <span class='ocrx_word' id='word_1_249' title='bbox 1326 1847 1328 1887; x_wconf 90' lang='grc' dir='ltr'>Ι</span> 
     </span>
     <span class='ocr_line' id='line_1_36' title="bbox 318 1899 1328 1941; baseline -0.009 -2"><span class='ocrx_word' id='word_1_250' title='bbox 318 1907 415 1939; x_wconf 85' lang='lat' dir='ltr'>riunt</span> <span class='ocrx_word' id='word_1_251' title='bbox 435 1903 704 1938; x_wconf 83' lang='lat' dir='ltr'>innumerabilia</span> <span class='ocrx_word' id='word_1_252' title='bbox 725 1902 897 1934; x_wconf 81' lang='lat' dir='ltr'>scandala.</span> <span class='ocrx_word' id='word_1_253' title='bbox 951 1901 1069 1935; x_wconf 85' lang='lat' dir='ltr'>Simus</span> <span class='ocrx_word' id='word_1_254' title='bbox 1090 1902 1195 1941; x_wconf 73' lang='lat' dir='ltr'>igitur</span> <span class='ocrx_word' id='word_1_255' title='bbox 1212 1899 1301 1941; x_wconf 79' lang='lat' dir='ltr'>vigi·</span> <span class='ocrx_word' id='word_1_256' title='bbox 1326 1901 1328 1939; x_wconf 82' lang='grc' dir='ltr'>Ι</span> 
     </span>
     <span class='ocr_line' id='line_1_37' title="bbox 319 1951 1300 1995; baseline -0.006 -6"><span class='ocrx_word' id='word_1_257' title='bbox 319 1957 447 1995; x_wconf 85' lang='lat' dir='ltr'>lantes,</span> <span class='ocrx_word' id='word_1_258' title='bbox 474 1962 505 1988; x_wconf 91' lang='lat' dir='ltr'>et</span> <span class='ocrx_word' id='word_1_259' title='bbox 531 1955 703 1987; x_wconf 86' lang='lat' dir='ltr'>discamus</span> <span class='ocrx_word' id='word_1_260' title='bbox 720 1951 794 1986; x_wconf 83' lang='lat' dir='ltr'>Deo</span> <span class='ocrx_word' id='word_1_261' title='bbox 822 1965 921 1985; x_wconf 70' lang='lat' dir='ltr'>veros</span> <span class='ocrx_word' id='word_1_262' title='bbox 939 1953 1052 1985; x_wconf 89' lang='lat' dir='ltr'>cultus</span> <span class='ocrx_word' id='word_1_263' title='bbox 1070 1951 1242 1990; x_wconf 87' lang='lat' dir='ltr'>tribuere,</span> <span class='ocrx_word' id='word_1_264' title='bbox 1268 1957 1300 1983; x_wconf 86' lang='lat' dir='ltr'>et</span> 
     </span>
     <span class='ocr_line' id='line_1_38' title="bbox 318 2002 1300 2047; baseline -0.006 -9"><span class='ocrx_word' id='word_1_265' title='bbox 318 2019 434 2039; x_wconf 76' lang='lat' dir='ltr'>veram</span> <span class='ocrx_word' id='word_1_266' title='bbox 463 2005 738 2043; x_wconf 69' lang='lat' dir='ltr'>invocationem,</span> <span class='ocrx_word' id='word_1_267' title='bbox 773 2011 804 2036; x_wconf 86' lang='lat' dir='ltr'>et</span> <span class='ocrx_word' id='word_1_268' title='bbox 830 2010 944 2047; x_wconf 85' lang='lat' dir='ltr'>petere</span> <span class='ocrx_word' id='word_1_269' title='bbox 970 2015 1007 2035; x_wconf 89' lang='lat' dir='ltr'>ac</span> <span class='ocrx_word' id='word_1_270' title='bbox 1035 2003 1184 2035; x_wconf 79' lang='lat' dir='ltr'>retinere</span> <span class='ocrx_word' id='word_1_271' title='bbox 1209 2002 1300 2033; x_wconf 85' lang='lat' dir='ltr'>dona</span> 
     </span>
     <span class='ocr_line' id='line_1_39' title="bbox 317 2051 1299 2089; baseline -0.006 0"><span class='ocrx_word' id='word_1_272' title='bbox 317 2057 394 2089; x_wconf 84' lang='lat' dir='ltr'>Dei.</span> <span class='ocrx_word' id='word_1_273' title='bbox 450 2055 487 2088; x_wconf 91' lang='lat' dir='ltr'>ln</span> <span class='ocrx_word' id='word_1_274' title='bbox 514 2053 568 2088; x_wconf 88' lang='lat' dir='ltr'>his</span> <span class='ocrx_word' id='word_1_275' title='bbox 593 2054 764 2088; x_wconf 85' lang='lat' dir='ltr'>exercitiis</span> <span class='ocrx_word' id='word_1_276' title='bbox 789 2055 844 2087; x_wconf 78' lang='lat' dir='ltr'>liet</span> <span class='ocrx_word' id='word_1_277' title='bbox 869 2055 971 2087; x_wconf 90' lang='lat' dir='ltr'>nobis</span> <span class='ocrx_word' id='word_1_278' title='bbox 995 2053 1154 2086; x_wconf 85' lang='lat' dir='ltr'>doctrina</span> <span class='ocrx_word' id='word_1_279' title='bbox 1179 2053 1223 2085; x_wconf 88' lang='lat' dir='ltr'>de.</span> <span class='ocrx_word' id='word_1_280' title='bbox 1239 2051 1299 2084; x_wconf 88' lang='lat' dir='ltr'>tri-</span> 
     </span>
     <span class='ocr_line' id='line_1_40' title="bbox 317 2105 756 2151; baseline -0.002 -11"><span class='ocrx_word' id='word_1_281' title='bbox 317 2109 381 2140; x_wconf 90' lang='lat' dir='ltr'>bus</span> <span class='ocrx_word' id='word_1_282' title='bbox 401 2106 555 2151; x_wconf 83' lang='lat' dir='ltr'>personis</span> <span class='ocrx_word' id='word_1_283' title='bbox 573 2105 756 2139; x_wconf 86' lang='lat' dir='ltr'>illustrior.</span> 
     </span>
    </p>
   </div>
   <div class='ocr_carea' id='block_1_3' title="bbox 391 2239 1222 2365">
    <p class='ocr_par' dir='ltr' id='par_1_4' title="bbox 391 2239 1222 2365">
     <span class='ocr_line' id='line_1_41' title="bbox 391 2239 1222 2291; baseline -0.005 -10"><span class='ocrx_word' id='word_1_284' title='bbox 391 2241 548 2283; x_wconf 81' lang='lat' dir='ltr'>Coneio</span> <span class='ocrx_word' id='word_1_285' title='bbox 580 2241 629 2281; x_wconf 81' lang='lat' dir='ltr'>(lo</span> <span class='ocrx_word' id='word_1_286' title='bbox 661 2240 890 2280; x_wconf 85' lang='lat' dir='ltr'>ministerio</span> <span class='ocrx_word' id='word_1_287' title='bbox 917 2239 1222 2291; x_wconf 72' lang='lat' dir='ltr'>Apostolorum.</span> 
     </span>
     <span class='ocr_line' id='line_1_42' title="bbox 552 2318 1064 2365; baseline 0 -10"><span class='ocrx_word' id='word_1_288' title='bbox 552 2322 782 2365; x_wconf 62' lang='lat' dir='ltr'>livangelium</span> <span class='ocrx_word' id='word_1_289' title='bbox 813 2318 984 2355; x_wconf 79' lang='lat' dir='ltr'>Matthaei</span> <span class='ocrx_word' id='word_1_290' title='bbox 1009 2321 1064 2355; x_wconf 84' lang='lat'>16.</span> 
     </span>
    </p>
   </div>
   <div class='ocr_carea' id='block_1_4' title="bbox 373 2390 1326 2694">
    <p class='ocr_par' dir='ltr' id='par_1_5' title="bbox 373 2390 1326 2694">
     <span class='ocr_line' id='line_1_43' title="bbox 373 2390 1300 2441; baseline -0.005 -9"><span class='ocrx_word' id='word_1_291' title='bbox 373 2397 482 2432; x_wconf 78' lang='lat' dir='ltr'>Veni!</span> <span class='ocrx_word' id='word_1_292' title='bbox 507 2393 609 2428; x_wconf 62' lang='lat' dir='ltr'>Imus</span> <span class='ocrx_word' id='word_1_293' title='bbox 635 2395 671 2427; x_wconf 82' lang='lat' dir='ltr'>in</span> <span class='ocrx_word' id='word_1_294' title='bbox 694 2399 815 2441; x_wconf 75' lang='lat' dir='ltr'>parles</span> <span class='ocrx_word' id='word_1_295' title='bbox 835 2390 1039 2428; x_wconf 70' lang='lat' dir='ltr'>Caesarem</span> <span class='ocrx_word' id='word_1_296' title='bbox 1056 2390 1243 2439; x_wconf 75' lang='lat' dir='ltr'>Philippi.</span> <span class='ocrx_word' id='word_1_297' title='bbox 1269 2398 1300 2427; x_wconf 83' lang='lat' dir='ltr'>e!</span> 
     </span>
     <span class='ocr_line' id='line_1_44' title="bbox 418 2441 1326 2491; baseline -0.003 -11"><span class='ocrx_word' id='word_1_298' title='bbox 418 2445 669 2491; x_wconf 66' lang='lat' dir='ltr'>interrogabo!</span> <span class='ocrx_word' id='word_1_299' title='bbox 684 2443 880 2490; x_wconf 71' lang='lat' dir='ltr'>discipulos</span> <span class='ocrx_word' id='word_1_300' title='bbox 899 2457 994 2485; x_wconf 81' lang='lat' dir='ltr'>suos,</span> <span class='ocrx_word' id='word_1_301' title='bbox 1018 2441 1155 2477; x_wconf 72' lang='lat' dir='ltr'>‹Iicenss</span> <span class='ocrx_word' id='word_1_302' title='bbox 1184 2443 1202 2490; x_wconf 76' lang='lat'>(</span> <span class='ocrx_word' id='word_1_303' title='bbox 1206 2445 1299 2489; x_wconf 65' lang='lat'>2111712</span> <span class='ocrx_word' id='word_1_304' title='bbox 1324 2447 1326 2455; x_wconf 69' lang='lat'><em>³</em></span> 
     </span>
     <span class='ocr_line' id='line_1_45' title="bbox 420 2492 1298 2530; baseline -0.001 0"><span class='ocrx_word' id='word_1_305' title='bbox 420 2496 542 2530; x_wconf 74' lang='lat' dir='ltr'>disan!</span> <span class='ocrx_word' id='word_1_306' title='bbox 572 2494 733 2529; x_wconf 69' lang='lat' dir='ltr'>homines</span> <span class='ocrx_word' id='word_1_307' title='bbox 760 2508 831 2528; x_wconf 72' lang='lat' dir='ltr'>esst·</span> <span class='ocrx_word' id='word_1_308' title='bbox 850 2493 991 2529; x_wconf 61' lang='lat' dir='ltr'>Iv&#39;iliam</span> <span class='ocrx_word' id='word_1_309' title='bbox 1011 2492 1200 2529; x_wconf 66' lang='lat' dir='ltr'>hominisx&#39;</span> <span class='ocrx_word' id='word_1_310' title='bbox 1252 2495 1298 2529; x_wconf 80' lang='grc' dir='ltr'>ΑΙ</span> 
     </span>
     <span class='ocr_line' id='line_1_46' title="bbox 419 2543 1298 2591; baseline -0.005 -10"><span class='ocrx_word' id='word_1_311' title='bbox 419 2548 482 2581; x_wconf 82' lang='lat' dir='ltr'>illi</span> <span class='ocrx_word' id='word_1_312' title='bbox 516 2546 704 2580; x_wconf 51' lang='lat' dir='ltr'>diverunt:</span> <span class='ocrx_word' id='word_1_313' title='bbox 750 2545 828 2579; x_wconf 68' lang='lat' dir='ltr'>Alii</span> <span class='ocrx_word' id='word_1_314' title='bbox 863 2545 1038 2580; x_wconf 77' lang='lat' dir='ltr'>loannem</span> <span class='ocrx_word' id='word_1_315' title='bbox 1070 2543 1298 2591; x_wconf 76' lang='lat' dir='ltr'>Bnplt&#39;slam,</span> 
     </span>
     <span class='ocr_line' id='line_1_47' title="bbox 417 2595 1297 2638; baseline -0.001 -8"><span class='ocrx_word' id='word_1_316' title='bbox 417 2599 490 2631; x_wconf 76' lang='lat' dir='ltr'>ulii</span> <span class='ocrx_word' id='word_1_317' title='bbox 505 2603 622 2631; x_wconf 63' lang='lat' dir='ltr'>nrm-m</span> <span class='ocrx_word' id='word_1_318' title='bbox 646 2596 788 2635; x_wconf 71' lang='lat' dir='ltr'>liliam,</span> <span class='ocrx_word' id='word_1_319' title='bbox 817 2596 890 2630; x_wconf 75' lang='lat' dir='ltr'>alii</span> <span class='ocrx_word' id='word_1_320' title='bbox 906 2609 984 2631; x_wconf 62' lang='lat' dir='ltr'>vero</span> <span class='ocrx_word' id='word_1_321' title='bbox 999 2595 1206 2638; x_wconf 59' lang='lat' dir='ltr'>lumniam,</span> <span class='ocrx_word' id='word_1_322' title='bbox 1232 2602 1297 2629; x_wconf 76' lang='lat' dir='ltr'>aul</span> 
     </span>
     <span class='ocr_line' id='line_1_48' title="bbox 417 2645 1322 2694; baseline -0.001 -14"><span class='ocrx_word' id='word_1_323' title='bbox 417 2662 525 2682; x_wconf 77' lang='lat' dir='ltr'>unum</span> <span class='ocrx_word' id='word_1_324' title='bbox 544 2662 586 2681; x_wconf 28' lang='lat' dir='ltr'>eti·</span> <span class='ocrx_word' id='word_1_325' title='bbox 601 2646 800 2694; x_wconf 70' lang='lat' dir='ltr'>Prophetis.</span> <span class='ocrx_word' id='word_1_326' title='bbox 851 2646 956 2681; x_wconf 78' lang='lat' dir='ltr'>Dicit</span> <span class='ocrx_word' id='word_1_327' title='bbox 973 2646 1053 2682; x_wconf 81' lang='lat' dir='ltr'>illis</span> <span class='ocrx_word' id='word_1_328' title='bbox 1067 2645 1185 2681; x_wconf 81' lang='lat' dir='ltr'>lesus:</span> <span class='ocrx_word' id='word_1_329' title='bbox 1218 2646 1294 2680; x_wconf 78' lang='lat' dir='ltr'>Vos</span> <span class='ocrx_word' id='word_1_330' title='bbox 1320 2675 1322 2678; x_wconf 89' lang='lat'>.</span> 
     </span>
    </p>
   </div>
   <div class='ocr_carea' id='block_1_5' title="bbox 892 88 1720 129">
    <p class='ocr_par' dir='ltr' id='par_1_6' title="bbox 892 88 1720 129">
     <span class='ocr_line' id='line_1_49' title="bbox 892 88 1720 129; baseline -0.001 -2"><span class='ocrx_word' id='word_1_331' title='bbox 892 92 1017 129; x_wconf 88' lang='lat' dir='ltr'>PHIL.</span> <span class='ocrx_word' id='word_1_332' title='bbox 1045 90 1160 127; x_wconf 84' lang='lat' dir='ltr'>MEL.</span> <span class='ocrx_word' id='word_1_333' title='bbox 1185 89 1394 127; x_wconf 77' lang='lat' dir='ltr'><strong>SCRIPTA</strong></span> <span class='ocrx_word' id='word_1_334' title='bbox 1420 88 1720 126; x_wconf 76' lang='lat' dir='ltr'>EXEGETICA.</span> 
     </span>
    </p>
   </div>
   <div class='ocr_carea' id='block_1_6' title="bbox 2243 95 2318 132">
    <p class='ocr_par' dir='ltr' id='par_1_7' title="bbox 2243 95 2318 132">
     <span class='ocr_line' id='line_1_50' title="bbox 2243 95 2318 132; baseline 0 -1"><span class='ocrx_word' id='word_1_335' title='bbox 2243 95 2318 132; x_wconf 77' lang='lat'>424</span> 
     </span>
    </p>
   </div>
   <div class='ocr_carea' id='block_1_7' title="bbox 1446 173 2334 818">
    <p class='ocr_par' dir='ltr' id='par_1_8' title="bbox 1446 173 2334 818">
     <span class='ocr_line' id='line_1_51' title="bbox 1446 173 2325 224; baseline 0.005 -14"><span class='ocrx_word' id='word_1_336' title='bbox 1446 181 1565 210; x_wconf 77' lang='lat' dir='ltr'>autem</span> <span class='ocrx_word' id='word_1_337' title='bbox 1590 187 1692 224; x_wconf 83' lang='lat' dir='ltr'>quem</span> <span class='ocrx_word' id='word_1_338' title='bbox 1719 187 1772 210; x_wconf 81' lang='lat' dir='ltr'>me</span> <span class='ocrx_word' id='word_1_339' title='bbox 1795 186 1868 210; x_wconf 78' lang='lat' dir='ltr'>esse</span> <span class='ocrx_word' id='word_1_340' title='bbox 1885 173 2034 210; x_wconf 78' lang='lat' dir='ltr'>dicitis?</span> <span class='ocrx_word' id='word_1_341' title='bbox 2086 173 2325 224; x_wconf 75' lang='lat' dir='ltr'>Res-ponderas</span> 
     </span>
     <span class='ocr_line' id='line_1_52' title="bbox 1446 222 2328 269; baseline 0.003 -9"><span class='ocrx_word' id='word_1_342' title='bbox 1446 225 1576 261; x_wconf 87' lang='lat' dir='ltr'>Simon</span> <span class='ocrx_word' id='word_1_343' title='bbox 1600 224 1749 269; x_wconf 82' lang='lat' dir='ltr'>Petrus,</span> <span class='ocrx_word' id='word_1_344' title='bbox 1776 225 1893 260; x_wconf 67' lang='lat' dir='ltr'>dixit:</span> <span class='ocrx_word' id='word_1_345' title='bbox 1921 224 1980 260; x_wconf 83' lang='lat' dir='ltr'>Tu</span> <span class='ocrx_word' id='word_1_346' title='bbox 2005 238 2040 260; x_wconf 78' lang='lat' dir='ltr'>es</span> <span class='ocrx_word' id='word_1_347' title='bbox 2058 222 2232 262; x_wconf 79' lang='lat' dir='ltr'>Christus</span> <span class='ocrx_word' id='word_1_348' title='bbox 2257 228 2328 263; x_wconf 84' lang='lat' dir='ltr'>Fi-</span> 
     </span>
     <span class='ocr_line' id='line_1_53' title="bbox 1452 275 2328 324; baseline 0.002 -13"><span class='ocrx_word' id='word_1_349' title='bbox 1452 276 1526 311; x_wconf 83' lang='lat' dir='ltr'>lius</span> <span class='ocrx_word' id='word_1_350' title='bbox 1558 276 1636 310; x_wconf 80' lang='lat' dir='ltr'>Dei</span> <span class='ocrx_word' id='word_1_351' title='bbox 1667 277 1747 312; x_wconf 66' lang='lat' dir='ltr'>vici.</span> <span class='ocrx_word' id='word_1_352' title='bbox 1807 275 2050 324; x_wconf 81' lang='lat' dir='ltr'>Respondens</span> <span class='ocrx_word' id='word_1_353' title='bbox 2081 283 2201 311; x_wconf 81' lang='lat' dir='ltr'>aulem</span> <span class='ocrx_word' id='word_1_354' title='bbox 2224 276 2328 313; x_wconf 80' lang='lat' dir='ltr'>Iesus</span> 
     </span>
     <span class='ocr_line' id='line_1_54' title="bbox 1449 325 2328 376; baseline 0.002 -15"><span class='ocrx_word' id='word_1_355' title='bbox 1449 325 1547 361; x_wconf 71' lang='lat' dir='ltr'>dixit</span> <span class='ocrx_word' id='word_1_356' title='bbox 1567 327 1615 361; x_wconf 84' lang='lat' dir='ltr'>ei:</span> <span class='ocrx_word' id='word_1_357' title='bbox 1640 325 1781 362; x_wconf 81' lang='lat' dir='ltr'>Beatus</span> <span class='ocrx_word' id='word_1_358' title='bbox 1797 340 1832 362; x_wconf 83' lang='lat' dir='ltr'>es</span> <span class='ocrx_word' id='word_1_359' title='bbox 1849 326 1977 362; x_wconf 88' lang='lat' dir='ltr'>Simon</span> <span class='ocrx_word' id='word_1_360' title='bbox 1993 326 2076 362; x_wconf 81' lang='lat' dir='ltr'>Bar</span> <span class='ocrx_word' id='word_1_361' title='bbox 2094 327 2190 362; x_wconf 79' lang='lat' dir='ltr'>Iona</span> <span class='ocrx_word' id='word_1_362' title='bbox 2202 354 2210 366; x_wconf 80' lang='lat'>,</span> <span class='ocrx_word' id='word_1_363' title='bbox 2238 329 2328 376; x_wconf 81' lang='lat' dir='ltr'>quia</span> 
     </span>
     <span class='ocr_line' id='line_1_55' title="bbox 1450 377 2332 426; baseline 0.002 -15"><span class='ocrx_word' id='word_1_364' title='bbox 1450 390 1535 412; x_wconf 86' lang='lat' dir='ltr'>caro</span> <span class='ocrx_word' id='word_1_365' title='bbox 1551 383 1581 412; x_wconf 82' lang='lat' dir='ltr'>et</span> <span class='ocrx_word' id='word_1_366' title='bbox 1597 378 1754 424; x_wconf 78' lang='lat' dir='ltr'>sanguis</span> <span class='ocrx_word' id='word_1_367' title='bbox 1769 391 1841 412; x_wconf 86' lang='lat' dir='ltr'>non</span> <span class='ocrx_word' id='word_1_368' title='bbox 1859 377 2028 412; x_wconf 71' lang='lat' dir='ltr'>revelavit</span> <span class='ocrx_word' id='word_1_369' title='bbox 2044 378 2124 421; x_wconf 78' lang='lat' dir='ltr'>tihi,</span> <span class='ocrx_word' id='word_1_370' title='bbox 2149 377 2215 413; x_wconf 82' lang='lat' dir='ltr'>sed</span> <span class='ocrx_word' id='word_1_371' title='bbox 2227 383 2332 426; x_wconf 85' lang='lat' dir='ltr'>pater</span> 
     </span>
     <span class='ocr_line' id='line_1_56' title="bbox 1449 427 2332 477; baseline 0.002 -15"><span class='ocrx_word' id='word_1_372' title='bbox 1449 441 1548 463; x_wconf 82' lang='lat' dir='ltr'>meus</span> <span class='ocrx_word' id='word_1_373' title='bbox 1562 428 1628 477; x_wconf 81' lang='lat' dir='ltr'>qui</span> <span class='ocrx_word' id='word_1_374' title='bbox 1643 428 1682 462; x_wconf 85' lang='lat' dir='ltr'>in</span> <span class='ocrx_word' id='word_1_375' title='bbox 1697 427 1804 463; x_wconf 83' lang='lat' dir='ltr'>coelis</span> <span class='ocrx_word' id='word_1_376' title='bbox 1820 434 1881 465; x_wconf 80' lang='lat' dir='ltr'>est.</span> <span class='ocrx_word' id='word_1_377' title='bbox 1915 428 1968 463; x_wconf 85' lang='lat' dir='ltr'>Et</span> <span class='ocrx_word' id='word_1_378' title='bbox 1985 441 2048 475; x_wconf 80' lang='lat' dir='ltr'>ego</span> <span class='ocrx_word' id='word_1_379' title='bbox 2064 427 2143 464; x_wconf 83' lang='lat' dir='ltr'>dico</span> <span class='ocrx_word' id='word_1_380' title='bbox 2159 429 2244 463; x_wconf 80' lang='lat' dir='ltr'>tibi.-</span> <span class='ocrx_word' id='word_1_381' title='bbox 2271 428 2332 464; x_wconf 83' lang='lat' dir='ltr'>Tu</span> 
     </span>
     <span class='ocr_line' id='line_1_57' title="bbox 1451 477 2333 527; baseline 0.002 -14"><span class='ocrx_word' id='word_1_382' title='bbox 1451 491 1486 513; x_wconf 85' lang='lat' dir='ltr'>es</span> <span class='ocrx_word' id='word_1_383' title='bbox 1502 477 1651 519; x_wconf 72' lang='lat' dir='ltr'>Petrus,</span> <span class='ocrx_word' id='word_1_384' title='bbox 1679 484 1709 513; x_wconf 85' lang='lat' dir='ltr'>el</span> <span class='ocrx_word' id='word_1_385' title='bbox 1733 491 1840 526; x_wconf 81' lang='lat' dir='ltr'>super</span> <span class='ocrx_word' id='word_1_386' title='bbox 1863 477 1959 514; x_wconf 79' lang='lat' dir='ltr'>hanc</span> <span class='ocrx_word' id='word_1_387' title='bbox 1972 485 2113 527; x_wconf 78' lang='lat' dir='ltr'>petram</span> <span class='ocrx_word' id='word_1_388' title='bbox 2131 478 2333 525; x_wconf 79' lang='lat' dir='ltr'>aedificabo</span> 
     </span>
     <span class='ocr_line' id='line_1_58' title="bbox 1449 528 2332 579; baseline 0.001 -16"><span class='ocrx_word' id='word_1_389' title='bbox 1449 528 1656 564; x_wconf 80' lang='lat' dir='ltr'>Ecclesiam</span> <span class='ocrx_word' id='word_1_390' title='bbox 1673 541 1802 572; x_wconf 84' lang='lat' dir='ltr'>meam,</span> <span class='ocrx_word' id='word_1_391' title='bbox 1828 535 1858 564; x_wconf 82' lang='lat' dir='ltr'>et</span> <span class='ocrx_word' id='word_1_392' title='bbox 1869 535 1995 577; x_wconf 80' lang='lat' dir='ltr'>portae</span> <span class='ocrx_word' id='word_1_393' title='bbox 2010 530 2126 579; x_wconf 85' lang='lat' dir='ltr'>inferi</span> <span class='ocrx_word' id='word_1_394' title='bbox 2139 542 2210 564; x_wconf 89' lang='lat' dir='ltr'>non</span> <span class='ocrx_word' id='word_1_395' title='bbox 2226 543 2332 576; x_wconf 80' lang='lat' dir='ltr'>prae-</span> 
     </span>
     <span class='ocr_line' id='line_1_59' title="bbox 1453 579 2333 616; baseline 0.001 -2"><span class='ocrx_word' id='word_1_396' title='bbox 1453 580 1623 615; x_wconf 74' lang='lat' dir='ltr'>valebunt</span> <span class='ocrx_word' id='word_1_397' title='bbox 1645 579 1820 614; x_wconf 74' lang='lat' dir='ltr'>adversus·</span> <span class='ocrx_word' id='word_1_398' title='bbox 1842 592 1932 614; x_wconf 84' lang='lat' dir='ltr'>eam.</span> <span class='ocrx_word' id='word_1_399' title='bbox 1985 580 2039 615; x_wconf 79' lang='lat' dir='ltr'>Et</span> <span class='ocrx_word' id='word_1_400' title='bbox 2056 580 2153 616; x_wconf 82' lang='lat' dir='ltr'>dabo</span> <span class='ocrx_word' id='word_1_401' title='bbox 2170 581 2240 615; x_wconf 81' lang='lat' dir='ltr'>tibi</span> <span class='ocrx_word' id='word_1_402' title='bbox 2256 581 2333 616; x_wconf 82' lang='lat' dir='ltr'>cla-</span> 
     </span>
     <span class='ocr_line' id='line_1_60' title="bbox 1453 630 2334 680; baseline 0.001 -15"><span class='ocrx_word' id='word_1_403' title='bbox 1453 643 1508 665; x_wconf 71' lang='lat' dir='ltr'>ves</span> <span class='ocrx_word' id='word_1_404' title='bbox 1532 632 1634 678; x_wconf 78' lang='lat' dir='ltr'>regni</span> <span class='ocrx_word' id='word_1_405' title='bbox 1655 630 1843 666; x_wconf 84' lang='lat' dir='ltr'>coelorum.</span> <span class='ocrx_word' id='word_1_406' title='bbox 1896 630 1950 665; x_wconf 82' lang='lat' dir='ltr'>Et</span> <span class='ocrx_word' id='word_1_407' title='bbox 1974 630 2207 680; x_wconf 80' lang='lat' dir='ltr'>quodcunque</span> <span class='ocrx_word' id='word_1_408' title='bbox 2232 631 2334 679; x_wconf 76' lang='lat' dir='ltr'>liga-</span> 
     </span>
     <span class='ocr_line' id='line_1_61' title="bbox 1454 681 2334 729; baseline 0.001 -13"><span class='ocrx_word' id='word_1_409' title='bbox 1454 682 1544 716; x_wconf 68' lang='lat' dir='ltr'>veris</span> <span class='ocrx_word' id='word_1_410' title='bbox 1568 695 1676 729; x_wconf 81' lang='lat' dir='ltr'>super</span> <span class='ocrx_word' id='word_1_411' title='bbox 1699 687 1853 724; x_wconf 79' lang='lat' dir='ltr'>terram,</span> <span class='ocrx_word' id='word_1_412' title='bbox 1881 681 1947 716; x_wconf 81' lang='lat' dir='ltr'>erit</span> <span class='ocrx_word' id='word_1_413' title='bbox 1974 681 2133 728; x_wconf 77' lang='lat' dir='ltr'>ligatum</span> <span class='ocrx_word' id='word_1_414' title='bbox 2158 682 2197 716; x_wconf 88' lang='lat' dir='ltr'>in</span> <span class='ocrx_word' id='word_1_415' title='bbox 2214 682 2334 722; x_wconf 78' lang='lat' dir='ltr'>coelis,</span> 
     </span>
     <span class='ocr_line' id='line_1_62' title="bbox 1452 731 2334 781; baseline 0.002 -15"><span class='ocrx_word' id='word_1_416' title='bbox 1452 737 1483 766; x_wconf 79' lang='lat' dir='ltr'>et</span> <span class='ocrx_word' id='word_1_417' title='bbox 1513 731 1748 781; x_wconf 80' lang='lat' dir='ltr'>quodcunque</span> <span class='ocrx_word' id='word_1_418' title='bbox 1773 731 1924 767; x_wconf 63' lang='lat' dir='ltr'>solveris</span> <span class='ocrx_word' id='word_1_419' title='bbox 1950 744 2057 780; x_wconf 82' lang='lat' dir='ltr'>super</span> <span class='ocrx_word' id='word_1_420' title='bbox 2083 737 2236 776; x_wconf 78' lang='lat' dir='ltr'>terram,</span> <span class='ocrx_word' id='word_1_421' title='bbox 2267 734 2334 768; x_wconf 76' lang='lat' dir='ltr'>erit</span> 
     </span>
     <span class='ocr_line' id='line_1_63' title="bbox 1451 782 1806 818; baseline 0 -1"><span class='ocrx_word' id='word_1_422' title='bbox 1451 782 1612 818; x_wconf 80' lang='lat' dir='ltr'>solutum</span> <span class='ocrx_word' id='word_1_423' title='bbox 1632 783 1670 817; x_wconf 81' lang='lat' dir='ltr'>in</span> <span class='ocrx_word' id='word_1_424' title='bbox 1687 782 1806 818; x_wconf 80' lang='lat' dir='ltr'>coelis.</span> 
     </span>
    </p>
   </div>
   <div class='ocr_carea' id='block_1_8' title="bbox 1402 848 1766 897">
    <p class='ocr_par' dir='ltr' id='par_1_9' title="bbox 1402 848 1766 897">
     <span class='ocr_line' id='line_1_64' title="bbox 1402 848 1766 897; baseline 0.005 -13"><span class='ocrx_word' id='word_1_425' title='bbox 1402 848 1574 897; x_wconf 80' lang='lat' dir='ltr'>Quatuor</span> <span class='ocrx_word' id='word_1_426' title='bbox 1589 859 1670 886; x_wconf 88' lang='lat' dir='ltr'>sunt</span> <span class='ocrx_word' id='word_1_427' title='bbox 1686 851 1766 886; x_wconf 90' lang='lat' dir='ltr'>loci.</span> 
     </span>
    </p>
   </div>
   <div class='ocr_carea' id='block_1_9' title="bbox 1505 917 2337 1306">
    <p class='ocr_par' dir='ltr' id='par_1_10' title="bbox 1505 917 2337 1165">
     <span class='ocr_line' id='line_1_65' title="bbox 1505 917 2198 962; baseline -0.001 -9"><span class='ocrx_word' id='word_1_428' title='bbox 1505 918 1534 953; x_wconf 87' lang='lat' dir='ltr'>l.</span> <span class='ocrx_word' id='word_1_429' title='bbox 1586 917 1640 952; x_wconf 90' lang='lat' dir='ltr'>De</span> <span class='ocrx_word' id='word_1_430' title='bbox 1656 919 1834 962; x_wconf 87' lang='lat' dir='ltr'>agnitione</span> <span class='ocrx_word' id='word_1_431' title='bbox 1851 917 1935 960; x_wconf 90' lang='lat' dir='ltr'>Dei,</span> <span class='ocrx_word' id='word_1_432' title='bbox 1962 925 1994 952; x_wconf 91' lang='lat' dir='ltr'>et</span> <span class='ocrx_word' id='word_1_433' title='bbox 2012 918 2095 952; x_wconf 89' lang='lat' dir='ltr'>Filii</span> <span class='ocrx_word' id='word_1_434' title='bbox 2113 919 2198 952; x_wconf 87' lang='lat' dir='ltr'>eius.</span> 
     </span>
     <span class='ocr_line' id='line_1_66' title="bbox 1560 1020 2337 1064; baseline -0.001 -11"><span class='ocrx_word' id='word_1_435' title='bbox 1560 1027 1594 1054; x_wconf 89' lang='lat' dir='ltr'>et</span> <span class='ocrx_word' id='word_1_436' title='bbox 1619 1032 1756 1061; x_wconf 77' lang='lat' dir='ltr'>veram,</span> <span class='ocrx_word' id='word_1_437' title='bbox 1782 1027 1816 1053; x_wconf 86' lang='lat' dir='ltr'>et</span> <span class='ocrx_word' id='word_1_438' title='bbox 1839 1021 1932 1064; x_wconf 87' lang='lat' dir='ltr'>quod</span> <span class='ocrx_word' id='word_1_439' title='bbox 1957 1032 2093 1064; x_wconf 88' lang='lat' dir='ltr'>semper</span> <span class='ocrx_word' id='word_1_440' title='bbox 2108 1020 2337 1053; x_wconf 83' lang='lat' dir='ltr'>consideran-</span> 
     </span>
     <span class='ocr_line' id='line_1_67' title="bbox 1559 1067 2337 1115; baseline -0.001 -11"><span class='ocrx_word' id='word_1_441' title='bbox 1559 1071 1644 1104; x_wconf 92' lang='lat' dir='ltr'>dum</span> <span class='ocrx_word' id='word_1_442' title='bbox 1661 1070 1724 1110; x_wconf 90' lang='lat' dir='ltr'>sit,</span> <span class='ocrx_word' id='word_1_443' title='bbox 1751 1072 1844 1115; x_wconf 89' lang='lat' dir='ltr'>quod</span> <span class='ocrx_word' id='word_1_444' title='bbox 1858 1069 1953 1104; x_wconf 89' lang='lat' dir='ltr'>Deus</span> <span class='ocrx_word' id='word_1_445' title='bbox 1967 1083 2002 1104; x_wconf 87' lang='lat' dir='ltr'>se</span> <span class='ocrx_word' id='word_1_446' title='bbox 2019 1067 2197 1114; x_wconf 74' lang='lat' dir='ltr'>patefecit,</span> <span class='ocrx_word' id='word_1_447' title='bbox 2225 1076 2259 1104; x_wconf 90' lang='lat' dir='ltr'>et</span> <span class='ocrx_word' id='word_1_448' title='bbox 2275 1081 2337 1104; x_wconf 89' lang='lat' dir='ltr'>cur</span> 
     </span>
     <span class='ocr_line' id='line_1_68' title="bbox 1560 1121 1823 1165; baseline -0.004 -11"><span class='ocrx_word' id='word_1_449' title='bbox 1560 1133 1595 1154; x_wconf 91' lang='lat' dir='ltr'>se</span> <span class='ocrx_word' id='word_1_450' title='bbox 1613 1121 1823 1165; x_wconf 84' lang='lat' dir='ltr'>patefecerit.</span> 
     </span>
    </p>

    <p class='ocr_par' dir='ltr' id='par_1_11' title="bbox 1506 1167 2312 1214">
     <span class='ocr_line' id='line_1_69' title="bbox 1506 1167 2312 1214; baseline 0.001 -10"><span class='ocrx_word' id='word_1_451' title='bbox 1506 1170 1570 1206; x_wconf 84' lang='lat' dir='ltr'>Ill.</span> <span class='ocrx_word' id='word_1_452' title='bbox 1624 1172 1823 1207; x_wconf 87' lang='lat' dir='ltr'>Discrimen</span> <span class='ocrx_word' id='word_1_453' title='bbox 1842 1169 1975 1204; x_wconf 86' lang='lat' dir='ltr'>Christi</span> <span class='ocrx_word' id='word_1_454' title='bbox 1992 1178 2024 1205; x_wconf 87' lang='lat' dir='ltr'>et</span> <span class='ocrx_word' id='word_1_455' title='bbox 2041 1167 2312 1214; x_wconf 84' lang='lat' dir='ltr'>Prophetarum.</span> 
     </span>
    </p>

    <p class='ocr_par' dir='ltr' id='par_1_12' title="bbox 1505 1220 2337 1306">
     <span class='ocr_line' id='line_1_70' title="bbox 1505 1220 2337 1267; baseline 0 -12"><span class='ocrx_word' id='word_1_456' title='bbox 1505 1221 1589 1255; x_wconf 79' lang='lat' dir='ltr'>llll.</span> <span class='ocrx_word' id='word_1_457' title='bbox 1625 1221 1805 1255; x_wconf 84' lang='lat' dir='ltr'>Institutio</span> <span class='ocrx_word' id='word_1_458' title='bbox 1823 1220 2204 1267; x_wconf 83' lang='lat' dir='ltr'>ministeriiEvangelii</span> <span class='ocrx_word' id='word_1_459' title='bbox 2221 1227 2253 1255; x_wconf 88' lang='lat' dir='ltr'>et</span> <span class='ocrx_word' id='word_1_460' title='bbox 2264 1221 2337 1255; x_wconf 86' lang='lat' dir='ltr'>effi-</span> 
     </span>
     <span class='ocr_line' id='line_1_71' title="bbox 1559 1273 1948 1306; baseline -0.003 0"><span class='ocrx_word' id='word_1_461' title='bbox 1559 1273 1651 1306; x_wconf 91' lang='lat' dir='ltr'>cacia</span> <span class='ocrx_word' id='word_1_462' title='bbox 1670 1279 1701 1306; x_wconf 88' lang='lat' dir='ltr'>et</span> <span class='ocrx_word' id='word_1_463' title='bbox 1719 1273 1948 1306; x_wconf 89' lang='lat' dir='ltr'>conservatio.</span> 
     </span>
    </p>
   </div>
   <div class='ocr_carea' id='block_1_10' title="bbox 1750 1372 1943 1402">
    <p class='ocr_par' dir='ltr' id='par_1_13' title="bbox 1750 1372 1943 1402">
     <span class='ocr_line' id='line_1_72' title="bbox 1750 1372 1943 1402; baseline 0.005 -7"><span class='ocrx_word' id='word_1_464' title='bbox 1750 1372 1795 1395; x_wconf 82' lang='lat' dir='ltr'>De</span> <span class='ocrx_word' id='word_1_465' title='bbox 1827 1372 1943 1402; x_wconf 85' lang='lat' dir='ltr'>primo.</span> 
     </span>
    </p>
   </div>
   <div class='ocr_carea' id='block_1_11' title="bbox 1352 1421 2339 1923">
    <p class='ocr_par' dir='ltr' id='par_1_14' title="bbox 1352 1421 2339 1923">
     <span class='ocr_line' id='line_1_73' title="bbox 1454 1421 2338 1469; baseline -0.002 -11"><span class='ocrx_word' id='word_1_466' title='bbox 1454 1423 1689 1458; x_wconf 89' lang='lat' dir='ltr'>Utilissimum</span> <span class='ocrx_word' id='word_1_467' title='bbox 1718 1431 1767 1458; x_wconf 88' lang='lat' dir='ltr'>est</span> <span class='ocrx_word' id='word_1_468' title='bbox 1792 1437 1928 1469; x_wconf 85' lang='lat' dir='ltr'>semper</span> <span class='ocrx_word' id='word_1_469' title='bbox 1954 1424 2193 1465; x_wconf 85' lang='lat' dir='ltr'>considerare,</span> <span class='ocrx_word' id='word_1_470' title='bbox 2221 1421 2338 1457; x_wconf 90' lang='lat' dir='ltr'>homi-</span> 
     </span>
     <span class='ocr_line' id='line_1_74' title="bbox 1352 1473 2338 1515; baseline 0.001 -8"><span class='ocrx_word' id='word_1_471' title='bbox 1352 1487 1413 1508; x_wconf 90' lang='lat' dir='ltr'>nes</span> <span class='ocrx_word' id='word_1_472' title='bbox 1439 1487 1511 1507; x_wconf 92' lang='lat' dir='ltr'>non</span> <span class='ocrx_word' id='word_1_473' title='bbox 1535 1482 1630 1508; x_wconf 87' lang='lat' dir='ltr'>ortos</span> <span class='ocrx_word' id='word_1_474' title='bbox 1653 1486 1724 1508; x_wconf 85' lang='lat' dir='ltr'>esse</span> <span class='ocrx_word' id='word_1_475' title='bbox 1751 1487 1850 1515; x_wconf 86' lang='lat' dir='ltr'>casu,</span> <span class='ocrx_word' id='word_1_476' title='bbox 1878 1476 1936 1508; x_wconf 90' lang='lat' dir='ltr'>sed</span> <span class='ocrx_word' id='word_1_477' title='bbox 1963 1487 1980 1507; x_wconf 88' lang='lat' dir='ltr'>a</span> <span class='ocrx_word' id='word_1_478' title='bbox 1999 1473 2073 1507; x_wconf 89' lang='lat' dir='ltr'>Deo</span> <span class='ocrx_word' id='word_1_479' title='bbox 2098 1475 2278 1514; x_wconf 89' lang='lat' dir='ltr'>conditos,</span> <span class='ocrx_word' id='word_1_480' title='bbox 2305 1481 2338 1508; x_wconf 85' lang='lat' dir='ltr'>et</span> 
     </span>
     <span class='ocr_line' id='line_1_75' title="bbox 1352 1523 2339 1568; baseline -0.001 -10"><span class='ocrx_word' id='word_1_481' title='bbox 1352 1527 1395 1559; x_wconf 90' lang='lat' dir='ltr'>ad</span> <span class='ocrx_word' id='word_1_482' title='bbox 1429 1523 1524 1559; x_wconf 87' lang='lat' dir='ltr'>hunc</span> <span class='ocrx_word' id='word_1_483' title='bbox 1553 1526 1657 1557; x_wconf 87' lang='lat' dir='ltr'>finem</span> <span class='ocrx_word' id='word_1_484' title='bbox 1689 1526 1869 1564; x_wconf 77' lang='lat' dir='ltr'>conditos,</span> <span class='ocrx_word' id='word_1_485' title='bbox 1904 1532 1942 1559; x_wconf 88' lang='lat' dir='ltr'>ut</span> <span class='ocrx_word' id='word_1_486' title='bbox 1967 1526 2036 1558; x_wconf 88' lang='lat' dir='ltr'>sint</span> <span class='ocrx_word' id='word_1_487' title='bbox 2061 1525 2229 1568; x_wconf 80' lang='lat' dir='ltr'>imagines</span> <span class='ocrx_word' id='word_1_488' title='bbox 2253 1525 2339 1565; x_wconf 85' lang='lat' dir='ltr'>eius,</span> 
     </span>
     <span class='ocr_line' id='line_1_76' title="bbox 1353 1573 2337 1620; baseline -0.001 -11"><span class='ocrx_word' id='word_1_489' title='bbox 1353 1577 1567 1609; x_wconf 82' lang='lat' dir='ltr'>celebrantes</span> <span class='ocrx_word' id='word_1_490' title='bbox 1600 1576 1727 1619; x_wconf 88' lang='lat' dir='ltr'>ipsum.</span> <span class='ocrx_word' id='word_1_491' title='bbox 1780 1575 1832 1609; x_wconf 81' lang='lat' dir='ltr'>Ac</span> <span class='ocrx_word' id='word_1_492' title='bbox 1864 1573 2016 1609; x_wconf 86' lang='lat' dir='ltr'>humana</span> <span class='ocrx_word' id='word_1_493' title='bbox 2047 1587 2146 1608; x_wconf 83' lang='lat' dir='ltr'>mens</span> <span class='ocrx_word' id='word_1_494' title='bbox 2171 1582 2337 1620; x_wconf 87' lang='lat' dir='ltr'>tanquam</span> 
     </span>
     <span class='ocr_line' id='line_1_77' title="bbox 1353 1625 2339 1670; baseline -0.001 -11"><span class='ocrx_word' id='word_1_495' title='bbox 1353 1627 1531 1670; x_wconf 89' lang='lat' dir='ltr'>speculum</span> <span class='ocrx_word' id='word_1_496' title='bbox 1565 1637 1636 1659; x_wconf 87' lang='lat' dir='ltr'>esse</span> <span class='ocrx_word' id='word_1_497' title='bbox 1667 1626 1832 1666; x_wconf 86' lang='lat' dir='ltr'>debebat,</span> <span class='ocrx_word' id='word_1_498' title='bbox 1867 1626 1903 1659; x_wconf 90' lang='lat' dir='ltr'>in</span> <span class='ocrx_word' id='word_1_499' title='bbox 1936 1639 2006 1670; x_wconf 89' lang='lat' dir='ltr'>quo</span> <span class='ocrx_word' id='word_1_500' title='bbox 2038 1626 2168 1659; x_wconf 88' lang='lat' dir='ltr'>luceret</span> <span class='ocrx_word' id='word_1_501' title='bbox 2192 1625 2339 1659; x_wconf 84' lang='lat' dir='ltr'>illustris</span> 
     </span>
     <span class='ocr_line' id='line_1_78' title="bbox 1353 1673 2339 1721; baseline -0.002 -10"><span class='ocrx_word' id='word_1_502' title='bbox 1353 1677 1419 1711; x_wconf 82' lang='lat' dir='ltr'>Dei</span> <span class='ocrx_word' id='word_1_503' title='bbox 1452 1677 1591 1710; x_wconf 89' lang='lat' dir='ltr'>noticia.</span> <span class='ocrx_word' id='word_1_504' title='bbox 1656 1675 1808 1721; x_wconf 83' lang='lat' dir='ltr'>Ideoque</span> <span class='ocrx_word' id='word_1_505' title='bbox 1837 1688 1872 1710; x_wconf 89' lang='lat' dir='ltr'>se</span> <span class='ocrx_word' id='word_1_506' title='bbox 1896 1677 2056 1720; x_wconf 83' lang='lat' dir='ltr'>patefecit</span> <span class='ocrx_word' id='word_1_507' title='bbox 2080 1674 2175 1709; x_wconf 88' lang='lat' dir='ltr'>Deus</span> <span class='ocrx_word' id='word_1_508' title='bbox 2200 1673 2339 1710; x_wconf 88' lang='lat' dir='ltr'>homini</span> 
     </span>
     <span class='ocr_line' id='line_1_79' title="bbox 1354 1725 2337 1772; baseline 0 -12"><span class='ocrx_word' id='word_1_509' title='bbox 1354 1727 1552 1771; x_wconf 88' lang='lat' dir='ltr'>dupliciter.</span> <span class='ocrx_word' id='word_1_510' title='bbox 1616 1725 1722 1760; x_wconf 88' lang='lat' dir='ltr'>lnsita</span> <span class='ocrx_word' id='word_1_511' title='bbox 1756 1728 1906 1761; x_wconf 79' lang='lat' dir='ltr'>naturali</span> <span class='ocrx_word' id='word_1_512' title='bbox 1939 1727 2089 1767; x_wconf 87' lang='lat' dir='ltr'>noticia,</span> <span class='ocrx_word' id='word_1_513' title='bbox 2123 1735 2155 1761; x_wconf 88' lang='lat' dir='ltr'>et</span> <span class='ocrx_word' id='word_1_514' title='bbox 2178 1727 2337 1772; x_wconf 75' lang='lat' dir='ltr'>promul-</span> 
     </span>
     <span class='ocr_line' id='line_1_80' title="bbox 1354 1777 2339 1822; baseline 0.001 -12"><span class='ocrx_word' id='word_1_515' title='bbox 1354 1786 1433 1821; x_wconf 72' lang='lat' dir='ltr'>gato</span> <span class='ocrx_word' id='word_1_516' title='bbox 1458 1785 1551 1811; x_wconf 87' lang='lat' dir='ltr'>certo</span> <span class='ocrx_word' id='word_1_517' title='bbox 1578 1778 1703 1818; x_wconf 76' lang='lat' dir='ltr'>verbo,</span> <span class='ocrx_word' id='word_1_518' title='bbox 1729 1779 1822 1822; x_wconf 83' lang='lat' dir='ltr'>quod</span> <span class='ocrx_word' id='word_1_519' title='bbox 1849 1778 1951 1811; x_wconf 88' lang='lat' dir='ltr'>certis</span> <span class='ocrx_word' id='word_1_520' title='bbox 1974 1777 2186 1811; x_wconf 85' lang='lat' dir='ltr'>testimoniis</span> <span class='ocrx_word' id='word_1_521' title='bbox 2209 1777 2339 1811; x_wconf 86' lang='lat' dir='ltr'>confir-</span> 
     </span>
     <span class='ocr_line' id='line_1_81' title="bbox 1355 1827 2338 1871; baseline -0.001 -10"><span class='ocrx_word' id='word_1_522' title='bbox 1355 1829 1475 1862; x_wconf 72' lang='lat' dir='ltr'>mavit.</span> <span class='ocrx_word' id='word_1_523' title='bbox 1519 1827 1689 1871; x_wconf 84' lang='lat' dir='ltr'>Magnum</span> <span class='ocrx_word' id='word_1_524' title='bbox 1710 1828 1915 1861; x_wconf 86' lang='lat' dir='ltr'>heneficium</span> <span class='ocrx_word' id='word_1_525' title='bbox 1935 1835 1983 1861; x_wconf 89' lang='lat' dir='ltr'>est</span> <span class='ocrx_word' id='word_1_526' title='bbox 2001 1829 2140 1868; x_wconf 78' lang='lat' dir='ltr'>creatio,</span> <span class='ocrx_word' id='word_1_527' title='bbox 2167 1829 2226 1862; x_wconf 89' lang='lat' dir='ltr'>sed</span> <span class='ocrx_word' id='word_1_528' title='bbox 2244 1828 2338 1861; x_wconf 84' lang='lat' dir='ltr'>mul-</span> 
     </span>
     <span class='ocr_line' id='line_1_82' title="bbox 1356 1878 2337 1923; baseline 0 -11"><span class='ocrx_word' id='word_1_529' title='bbox 1356 1887 1391 1913; x_wconf 86' lang='lat' dir='ltr'>to</span> <span class='ocrx_word' id='word_1_530' title='bbox 1415 1879 1546 1919; x_wconf 89' lang='lat' dir='ltr'>maius,</span> <span class='ocrx_word' id='word_1_531' title='bbox 1572 1880 1666 1923; x_wconf 86' lang='lat' dir='ltr'>quod</span> <span class='ocrx_word' id='word_1_532' title='bbox 1686 1878 1780 1911; x_wconf 87' lang='lat' dir='ltr'>Dens</span> <span class='ocrx_word' id='word_1_533' title='bbox 1803 1879 1904 1911; x_wconf 81' lang='lat' dir='ltr'>ctiam</span> <span class='ocrx_word' id='word_1_534' title='bbox 1929 1890 1964 1911; x_wconf 91' lang='lat' dir='ltr'>se</span> <span class='ocrx_word' id='word_1_535' title='bbox 1987 1879 2094 1911; x_wconf 82' lang='lat' dir='ltr'>verbo</span> <span class='ocrx_word' id='word_1_536' title='bbox 2118 1891 2181 1912; x_wconf 87' lang='lat' dir='ltr'>suo</span> <span class='ocrx_word' id='word_1_537' title='bbox 2205 1879 2337 1923; x_wconf 81' lang='lat' dir='ltr'>patefe-</span> 
     </span>
    </p>
   </div>
   <div class='ocr_carea' id='block_1_12' title="bbox 1326 1929 2335 1972">
    <p class='ocr_par' dir='ltr' id='par_1_15' title="bbox 1326 1929 2335 1972">
     <span class='ocr_line' id='line_1_83' title="bbox 1326 1929 2335 1972; baseline -0.002 -9"><span class='ocrx_word' id='word_1_538' title='bbox 1326 1946 1327 1955; x_wconf 46' lang='grc' dir='ltr'>Ι</span> <span class='ocrx_word' id='word_1_539' title='bbox 1355 1931 1421 1970; x_wconf 85' lang='lat' dir='ltr'>cit,</span> <span class='ocrx_word' id='word_1_540' title='bbox 1450 1937 1481 1963; x_wconf 90' lang='lat' dir='ltr'>et</span> <span class='ocrx_word' id='word_1_541' title='bbox 1505 1929 1579 1961; x_wconf 87' lang='lat' dir='ltr'>vult</span> <span class='ocrx_word' id='word_1_542' title='bbox 1603 1929 1741 1972; x_wconf 84' lang='lat' dir='ltr'>agnosci</span> <span class='ocrx_word' id='word_1_543' title='bbox 1769 1937 1797 1962; x_wconf 90' lang='lat' dir='ltr'>et</span> <span class='ocrx_word' id='word_1_544' title='bbox 1822 1929 1998 1969; x_wconf 76' lang='lat' dir='ltr'>invocari,</span> <span class='ocrx_word' id='word_1_545' title='bbox 2025 1936 2062 1962; x_wconf 91' lang='lat' dir='ltr'>ut</span> <span class='ocrx_word' id='word_1_546' title='bbox 2080 1930 2137 1963; x_wconf 90' lang='lat' dir='ltr'>det</span> <span class='ocrx_word' id='word_1_547' title='bbox 2156 1929 2261 1963; x_wconf 77' lang='lat' dir='ltr'>vitam</span> <span class='ocrx_word' id='word_1_548' title='bbox 2278 1941 2335 1962; x_wconf 85' lang='lat' dir='ltr'>ae-</span> 
     </span>
    </p>
   </div>
   <div class='ocr_carea' id='block_1_13' title="bbox 1354 1977 2338 2175">
    <p class='ocr_par' dir='ltr' id='par_1_16' title="bbox 1354 1977 2338 2175">
     <span class='ocr_line' id='line_1_84' title="bbox 1355 1977 2336 2023; baseline -0.002 -9"><span class='ocrx_word' id='word_1_549' title='bbox 1355 1988 1501 2015; x_wconf 86' lang='lat' dir='ltr'>ternam.</span> <span class='ocrx_word' id='word_1_550' title='bbox 1553 1977 1599 2013; x_wconf 86' lang='lat' dir='ltr'>Et</span> <span class='ocrx_word' id='word_1_551' title='bbox 1617 1978 1700 2012; x_wconf 90' lang='lat' dir='ltr'>haec</span> <span class='ocrx_word' id='word_1_552' title='bbox 1719 1980 1901 2023; x_wconf 86' lang='lat' dir='ltr'>patefactio</span> <span class='ocrx_word' id='word_1_553' title='bbox 1920 1980 2159 2013; x_wconf 90' lang='lat' dir='ltr'>testimonium</span> <span class='ocrx_word' id='word_1_554' title='bbox 2177 1986 2244 2020; x_wconf 87' lang='lat' dir='ltr'>est,</span> <span class='ocrx_word' id='word_1_555' title='bbox 2272 1977 2336 2013; x_wconf 85' lang='lat' dir='ltr'>ho-</span> 
     </span>
     <span class='ocr_line' id='line_1_85' title="bbox 1354 2029 2334 2073; baseline 0 -10"><span class='ocrx_word' id='word_1_556' title='bbox 1354 2032 1466 2063; x_wconf 90' lang='lat' dir='ltr'>mines</span> <span class='ocrx_word' id='word_1_557' title='bbox 1497 2041 1568 2062; x_wconf 90' lang='lat' dir='ltr'>non</span> <span class='ocrx_word' id='word_1_558' title='bbox 1602 2042 1681 2063; x_wconf 88' lang='lat' dir='ltr'>casu</span> <span class='ocrx_word' id='word_1_559' title='bbox 1714 2031 1827 2073; x_wconf 89' lang='lat' dir='ltr'>nasci,</span> <span class='ocrx_word' id='word_1_560' title='bbox 1863 2042 1934 2063; x_wconf 91' lang='lat' dir='ltr'>non</span> <span class='ocrx_word' id='word_1_561' title='bbox 1959 2041 2039 2063; x_wconf 85' lang='lat' dir='ltr'>casu</span> <span class='ocrx_word' id='word_1_562' title='bbox 2066 2030 2195 2065; x_wconf 70' lang='lat' dir='ltr'>vivere.</span> <span class='ocrx_word' id='word_1_563' title='bbox 2255 2029 2334 2063; x_wconf 80' lang='lat' dir='ltr'>Non</span> 
     </span>
     <span class='ocr_line' id='line_1_86' title="bbox 1355 2079 2338 2124; baseline 0 -10"><span class='ocrx_word' id='word_1_564' title='bbox 1355 2082 1448 2114; x_wconf 84' lang='lat' dir='ltr'>enim</span> <span class='ocrx_word' id='word_1_565' title='bbox 1472 2081 1598 2114; x_wconf 85' lang='lat' dir='ltr'>frustra</span> <span class='ocrx_word' id='word_1_566' title='bbox 1625 2081 1783 2124; x_wconf 76' lang='lat' dir='ltr'>patefecit</span> <span class='ocrx_word' id='word_1_567' title='bbox 1810 2079 1974 2121; x_wconf 80' lang='lat' dir='ltr'>senens,</span> <span class='ocrx_word' id='word_1_568' title='bbox 2001 2081 2060 2114; x_wconf 85' lang='lat' dir='ltr'>scd</span> <span class='ocrx_word' id='word_1_569' title='bbox 2086 2088 2124 2115; x_wconf 92' lang='lat' dir='ltr'>ut</span> <span class='ocrx_word' id='word_1_570' title='bbox 2143 2081 2338 2121; x_wconf 79' lang='lat' dir='ltr'>invocetur,</span> 
     </span>
     <span class='ocr_line' id='line_1_87' title="bbox 1354 2130 2252 2175; baseline 0 -9"><span class='ocrx_word' id='word_1_571' title='bbox 1354 2139 1387 2166; x_wconf 87' lang='lat' dir='ltr'>ct</span> <span class='ocrx_word' id='word_1_572' title='bbox 1405 2132 1527 2165; x_wconf 85' lang='lat' dir='ltr'>salvet.</span> <span class='ocrx_word' id='word_1_573' title='bbox 1580 2130 1675 2165; x_wconf 86' lang='lat' dir='ltr'>Haec</span> <span class='ocrx_word' id='word_1_574' title='bbox 1691 2131 1790 2164; x_wconf 88' lang='lat' dir='ltr'>initia</span> <span class='ocrx_word' id='word_1_575' title='bbox 1807 2143 1944 2175; x_wconf 82' lang='lat' dir='ltr'>semper</span> <span class='ocrx_word' id='word_1_576' title='bbox 1960 2132 2143 2175; x_wconf 80' lang='lat' dir='ltr'>cogitanda</span> <span class='ocrx_word' id='word_1_577' title='bbox 2159 2138 2252 2166; x_wconf 85' lang='lat' dir='ltr'>sunt.</span> 
     </span>
    </p>
   </div>
   <div class='ocr_carea' id='block_1_14' title="bbox 1723 2239 1968 2264">
    <p class='ocr_par' dir='ltr' id='par_1_17' title="bbox 1723 2239 1968 2264">
     <span class='ocr_line' id='line_1_88' title="bbox 1723 2239 1968 2264; baseline 0 -1"><span class='ocrx_word' id='word_1_578' title='bbox 1723 2240 1768 2263; x_wconf 80' lang='lat' dir='ltr'>Dc</span> <span class='ocrx_word' id='word_1_579' title='bbox 1800 2239 1968 2264; x_wconf 78' lang='lat' dir='ltr'>secundo.</span> 
     </span>
    </p>
   </div>
   <div class='ocr_carea' id='block_1_15' title="bbox 1350 2289 2336 2681">
    <p class='ocr_par' dir='ltr' id='par_1_18' title="bbox 1350 2289 2336 2681">
     <span class='ocr_line' id='line_1_89' title="bbox 1456 2289 2336 2333; baseline -0.001 -7"><span class='ocrx_word' id='word_1_580' title='bbox 1456 2290 1599 2326; x_wconf 84' lang='lat' dir='ltr'>Etbnici</span> <span class='ocrx_word' id='word_1_581' title='bbox 1615 2304 1692 2325; x_wconf 88' lang='lat' dir='ltr'>cum</span> <span class='ocrx_word' id='word_1_582' title='bbox 1710 2292 1883 2324; x_wconf 86' lang='lat' dir='ltr'>disserunt</span> <span class='ocrx_word' id='word_1_583' title='bbox 1904 2289 2044 2328; x_wconf 76' lang='lat' dir='ltr'>denen,</span> <span class='ocrx_word' id='word_1_584' title='bbox 2073 2298 2243 2333; x_wconf 74' lang='lat' dir='ltr'>vagantur</span> <span class='ocrx_word' id='word_1_585' title='bbox 2257 2293 2336 2325; x_wconf 79' lang='lat' dir='ltr'>ani·</span> 
     </span>
     <span class='ocr_line' id='line_1_90' title="bbox 1353 2340 2335 2387; baseline 0.002 -11"><span class='ocrx_word' id='word_1_586' title='bbox 1353 2344 1438 2382; x_wconf 88' lang='lat' dir='ltr'>mis,</span> <span class='ocrx_word' id='word_1_587' title='bbox 1466 2350 1499 2377; x_wconf 87' lang='lat' dir='ltr'>et</span> <span class='ocrx_word' id='word_1_588' title='bbox 1520 2345 1679 2375; x_wconf 82' lang='lat' dir='ltr'>deerrant</span> <span class='ocrx_word' id='word_1_589' title='bbox 1704 2355 1722 2375; x_wconf 83' lang='lat' dir='ltr'>a</span> <span class='ocrx_word' id='word_1_590' title='bbox 1748 2354 1831 2375; x_wconf 79' lang='lat' dir='ltr'>vero</span> <span class='ocrx_word' id='word_1_591' title='bbox 1849 2340 1939 2380; x_wconf 72' lang='lat' dir='ltr'>Deo,</span> <span class='ocrx_word' id='word_1_592' title='bbox 1967 2342 2047 2386; x_wconf 82' lang='lat' dir='ltr'>quia</span> <span class='ocrx_word' id='word_1_593' title='bbox 2071 2354 2142 2375; x_wconf 87' lang='lat' dir='ltr'>non</span> <span class='ocrx_word' id='word_1_594' title='bbox 2160 2349 2335 2387; x_wconf 83' lang='lat' dir='ltr'>quaerunt</span> 
     </span>
     <span class='ocr_line' id='line_1_91' title="bbox 1353 2391 2333 2438; baseline 0 -10"><span class='ocrx_word' id='word_1_595' title='bbox 1353 2395 1454 2428; x_wconf 81' lang='lat' dir='ltr'>illum</span> <span class='ocrx_word' id='word_1_596' title='bbox 1475 2394 1609 2433; x_wconf 87' lang='lat' dir='ltr'>Deum,</span> <span class='ocrx_word' id='word_1_597' title='bbox 1638 2393 1697 2438; x_wconf 86' lang='lat' dir='ltr'>qui</span> <span class='ocrx_word' id='word_1_598' title='bbox 1725 2405 1759 2425; x_wconf 85' lang='lat' dir='ltr'>se</span> <span class='ocrx_word' id='word_1_599' title='bbox 1786 2393 1821 2424; x_wconf 91' lang='lat' dir='ltr'>in</span> <span class='ocrx_word' id='word_1_600' title='bbox 1850 2391 1956 2425; x_wconf 67' lang='lat' dir='ltr'>verbo</span> <span class='ocrx_word' id='word_1_601' title='bbox 1981 2404 2043 2425; x_wconf 86' lang='lat' dir='ltr'>suo</span> <span class='ocrx_word' id='word_1_602' title='bbox 2066 2393 2235 2436; x_wconf 84' lang='lat' dir='ltr'>patefecit.</span> <span class='ocrx_word' id='word_1_603' title='bbox 2286 2392 2333 2428; x_wconf 79' lang='lat' dir='ltr'>Et</span> 
     </span>
     <span class='ocr_line' id='line_1_92' title="bbox 1352 2443 2333 2490; baseline 0.001 -13"><span class='ocrx_word' id='word_1_604' title='bbox 1352 2457 1551 2490; x_wconf 82' lang='lat' dir='ltr'>quanquam</span> <span class='ocrx_word' id='word_1_605' title='bbox 1578 2443 1728 2477; x_wconf 88' lang='lat' dir='ltr'>naturali</span> <span class='ocrx_word' id='word_1_606' title='bbox 1752 2443 1882 2476; x_wconf 88' lang='lat' dir='ltr'>iudicio</span> <span class='ocrx_word' id='word_1_607' title='bbox 1904 2443 2013 2485; x_wconf 73' lang='lat' dir='ltr'>legem</span> <span class='ocrx_word' id='word_1_608' title='bbox 2033 2451 2211 2489; x_wconf 85' lang='lat' dir='ltr'>utcunque</span> <span class='ocrx_word' id='word_1_609' title='bbox 2225 2454 2333 2488; x_wconf 74' lang='lat' dir='ltr'>agno·</span> 
     </span>
     <span class='ocr_line' id='line_1_93' title="bbox 1351 2494 2332 2539; baseline -0.002 -10"><span class='ocrx_word' id='word_1_610' title='bbox 1351 2503 1471 2539; x_wconf 89' lang='lat' dir='ltr'>scunt,</span> <span class='ocrx_word' id='word_1_611' title='bbox 1509 2503 1623 2529; x_wconf 85' lang='lat' dir='ltr'>tamen</span> <span class='ocrx_word' id='word_1_612' title='bbox 1655 2506 1726 2526; x_wconf 87' lang='lat' dir='ltr'>non</span> <span class='ocrx_word' id='word_1_613' title='bbox 1753 2501 1883 2527; x_wconf 83' lang='lat' dir='ltr'>norunt</span> <span class='ocrx_word' id='word_1_614' title='bbox 1907 2494 2149 2527; x_wconf 75' lang='lat' dir='ltr'>remissionem</span> <span class='ocrx_word' id='word_1_615' title='bbox 2175 2502 2332 2539; x_wconf 71' lang='lat' dir='ltr'>peccato-</span> 
     </span>
     <span class='ocr_line' id='line_1_94' title="bbox 1351 2544 2331 2591; baseline -0.002 -11"><span class='ocrx_word' id='word_1_616' title='bbox 1351 2560 1427 2580; x_wconf 84' lang='lat' dir='ltr'>rum</span> <span class='ocrx_word' id='word_1_617' title='bbox 1462 2547 1666 2591; x_wconf 83' lang='lat' dir='ltr'>promissam</span> <span class='ocrx_word' id='word_1_618' title='bbox 1697 2551 1838 2588; x_wconf 84' lang='lat' dir='ltr'>propter</span> <span class='ocrx_word' id='word_1_619' title='bbox 1872 2544 2015 2578; x_wconf 83' lang='lat' dir='ltr'>Filium.</span> <span class='ocrx_word' id='word_1_620' title='bbox 2079 2544 2160 2577; x_wconf 83' lang='lat' dir='ltr'>tdeo</span> <span class='ocrx_word' id='word_1_621' title='bbox 2191 2545 2331 2589; x_wconf 74' lang='lat' dir='ltr'>fugiunt</span> 
     </span>
     <span class='ocr_line' id='line_1_95' title="bbox 1350 2593 2329 2640; baseline -0.001 -10"><span class='ocrx_word' id='word_1_622' title='bbox 1350 2597 1483 2637; x_wconf 77' lang='lat' dir='ltr'>Deum,</span> <span class='ocrx_word' id='word_1_623' title='bbox 1516 2604 1547 2630; x_wconf 82' lang='lat' dir='ltr'>et</span> <span class='ocrx_word' id='word_1_624' title='bbox 1580 2597 1778 2629; x_wconf 78' lang='lat' dir='ltr'>irascuntur</span> <span class='ocrx_word' id='word_1_625' title='bbox 1802 2595 1852 2634; x_wconf 78' lang='lat' dir='ltr'>ei,</span> <span class='ocrx_word' id='word_1_626' title='bbox 1887 2596 1980 2640; x_wconf 89' lang='lat' dir='ltr'>quod</span> <span class='ocrx_word' id='word_1_627' title='bbox 2006 2593 2096 2629; x_wconf 81' lang='lat' dir='ltr'>hane</span> <span class='ocrx_word' id='word_1_628' title='bbox 2118 2595 2329 2629; x_wconf 84' lang='lat' dir='ltr'>imbecillem</span> 
     </span>
     <span class='ocr_line' id='line_1_96' title="bbox 1350 2645 2330 2681; baseline -0.001 -1"><span class='ocrx_word' id='word_1_629' title='bbox 1350 2655 1509 2681; x_wconf 80' lang='lat' dir='ltr'>naturam</span> <span class='ocrx_word' id='word_1_630' title='bbox 1540 2655 1675 2681; x_wconf 85' lang='lat' dir='ltr'>tantum</span> <span class='ocrx_word' id='word_1_631' title='bbox 1707 2648 1749 2679; x_wconf 88' lang='lat' dir='ltr'>ad</span> <span class='ocrx_word' id='word_1_632' title='bbox 1781 2646 1924 2680; x_wconf 66' lang='lat' dir='ltr'>exitium</span> <span class='ocrx_word' id='word_1_633' title='bbox 1953 2645 2161 2680; x_wconf 77' lang='lat' dir='ltr'>condiderit.</span> <span class='ocrx_word' id='word_1_634' title='bbox 2225 2646 2330 2681; x_wconf 82' lang='lat' dir='ltr'>Tales</span> 
     </span>
    </p>
   </div>
   <div class='ocr_carea' id='block_1_16' title="bbox 1605 967 2390 1013">
    <p class='ocr_par' dir='ltr' id='par_1_19' title="bbox 1605 967 2390 1013">
     <span class='ocr_line' id='line_1_97' title="bbox 1605 967 2390 1013; baseline -0.001 -9"><span class='ocrx_word' id='word_1_635' title='bbox 1605 969 1803 1004; x_wconf 87' lang='lat' dir='ltr'>Discrimen</span> <span class='ocrx_word' id='word_1_636' title='bbox 1822 970 1914 1003; x_wconf 88' lang='lat' dir='ltr'>iuter</span> <span class='ocrx_word' id='word_1_637' title='bbox 1928 970 2144 1013; x_wconf 89' lang='lat' dir='ltr'>agnitionem</span> <span class='ocrx_word' id='word_1_638' title='bbox 2161 967 2337 1003; x_wconf 86' lang='lat' dir='ltr'>ethnicam</span> <span class='ocrx_word' id='word_1_639' title='bbox 2386 973 2390 977; x_wconf 84' lang='grc'><strong>”</strong></span> 
     </span>
    </p>
   </div>
   <div class='ocr_carea' id='block_1_17' title="bbox 2379 1721 2409 2579">
    <p class='ocr_par' dir='ltr' id='par_1_20' title="bbox 2379 1721 2409 2579">
     <span class='ocr_line' id='line_1_98' title="bbox 2379 1721 2409 2579; baseline 0 0"><span class='ocrx_word' id='word_1_640' title='bbox 2379 1721 2409 2579; x_wconf 95' lang='lat' dir='ltr'> </span> 
     </span>
    </p>
   </div>
  </div>
 </body>
</html>
