2409 2915
620 89 699 127 XII.

463 175 512 200 Do
536 173 660 199 tertio.

161 224 248 257 Ordo
270 224 316 256 sil
336 224 597 267 quaerendorum
621 222 777 255 bonorum
801 225 960 265 corpori-e.

170 285 312 320 Primus
333 286 459 329 gradus
479 291 529 318 est
544 283 619 318 Deo
637 284 899 329 obtemperare,
924 293 957 320 et
976 286 1050 321 eius

26 332 31 367 :¹
68 336 265 370 doctrinam
297 342 330 369 et
358 336 561 368 mandatum
586 335 758 368 anteferre
783 336 875 381 vjtae
901 344 1049 377 nostrae,

30 380 31 411 ἶ
67 393 101 420 et
131 387 295 420 omnibus
325 386 518 418 commodis
549 385 723 429 corporis,
759 386 847 420 sicut
877 387 1050 421 faciebant

28 446 31 469 ,-·
66 443 137 471 tres
168 436 239 474 illi,
272 435 333 477 qui
365 442 512 469 statuam
536 436 626 478 regis
648 434 856 481 Babylonici
881 438 1049 472 nolebant

64 488 224 522 adorare.
276 484 353 518 Hoc
374 486 500 518 ordine
524 492 680 526 servato,
713 486 789 520 vult
811 485 906 520 Deus
932 495 1046 531 postea

65 537 135 582 peti
155 529 196 569 'et
225 535 396 579 expectari
428 536 521 569 bona
554 535 730 578 corporis,
764 543 797 570 et
833 537 974 582 quidem
1008 550 1046 571 ea

64 585 259 631 promittit,
285 586 373 619 sicut
397 583 454 619 hic
477 586 569 619 clare
586 586 687 619 dicit:
716 585 874 620 Primum
893 589 1046 633 quaerite

18 654 21 672 ;,
61 648 209 680 regnum
236 635 322 675 Dei,
350 642 383 669 et
407 643 540 670 caetera
567 636 777 670 adiicientur
800 638 912 673 vobis.
966 638 1045 672 Non

18 692 27 720 =.''
63 687 156 720 enim
180 686 255 719 vult
270 686 364 720 Deus
379 686 570 720 Ecclesiam
594 698 737 730 prorsus
761 688 870 720 deleri
888 689 923 721 in
943 695 1046 729 terra,

18 761 19 770 1
61 739 141 771 ideo
175 737 264 770 sicut
292 736 403 769 Paulo
435 737 616 779 naviganti
647 737 798 771 servavit
827 739 964 779 navim,
997 740 1043 773 ita

61 787 188 832 passim
213 793 325 820 servat
348 787 415 831 piis
438 787 633 829 domicilia,
661 788 819 831 politias,
848 787 1043 822 haeredita-

14 835 19 874 ζ’
60 845 132 879 tes,
165 838 364 880 suppeditat
390 837 539 878 victum,
571 838 827 878 defensionem,
854 839 1043 880 facultates,

14 905 17 912 ·
58 895 99 922 ut
117 887 316 922 conservari
336 888 469 928 studia,
494 895 526 921 et
542 888 727 932 propagari
746 889 904 922 doctrina
923 888 1041 922 Evan-

59 939 141 982 gelii
164 938 307 981 possint.
362 937 458 971 Haec
483 938 676 981 intelligere
702 939 776 982 pios
796 941 976 979 convenit,
1004 947 1041 973 ut

12 991 13 999 ¹
57 991 95 1022 in
127 988 387 1032 precationibus
420 989 591 1031 cogitent,
625 1001 733 1032 quare
762 990 918 1031 corporis
949 991 1039 1022 bona

12 1030 15 1042 ’
57 1040 205 1084 petenda
227 1038 314 1077 sint,
342 1039 493 1076 scilicet,
520 1050 564 1071 ne
582 1039 727 1072 intereat
747 1037 922 1080 Ecclesia,
952 1040 1041 1073 sicut

56 1096 133 1124 orat
152 1088 328 1122 Psalmus:
355 1088 407 1122 Ne
432 1090 549 1122 tradas
573 1089 692 1122 bestiis
715 1090 850 1123 animas
870 1091 1039 1124 confiten-

10 1175 13 1186 ;
55 1141 143 1174 tium
161 1139 239 1174 tibi.

74 90 148 128 ³29

440 1230 486 1254 De
517 1232 652 1261 quarto.

154 1289 293 1334 Duplex
316 1296 366 1323 est
387 1290 594 1330 solicitudo,
622 1291 688 1323 alia
712 1291 947 1332 diffidentiae,
972 1292 1038 1325 alia

4 1359 8 1383 χ
53 1348 103 1375 est
119 1340 323 1381 diligentiae
341 1340 377 1372 in
397 1340 554 1373 facienda
573 1341 766 1374 vocatione.

4 1455 7 1458 .
152 1415 256 1449 Prior
279 1415 339 1448 illa
357 1427 445 1460 qnae
461 1427 501 1449 ex
519 1416 713 1449 diffidentia
732 1416 862 1456 oritur,
890 1423 939 1450 est
957 1428 1038 1449 cru-

51 1467 160 1500 ciatus
176 1465 284 1498 animi
303 1466 497 1500 dubitantis
514 1467 556 1499 de
574 1467 686 1508 exitu,
713 1474 745 1500 et
762 1467 920 1500 destituti
938 1478 1037 1510 prae-

50 1517 150 1551 sidiis
179 1523 210 1549 et
244 1517 396 1552 auxiliis,
447 1516 506 1551 Sic
528 1517 669 1560 angitur
691 1518 830 1550 animus
853 1517 969 1551 Saulis
994 1518 1037 1550 de

49 1568 135 1601 belli
153 1567 265 1607 exitu,
293 1567 373 1612 quia
391 1579 463 1600 non
482 1574 597 1611 sperat
615 1567 783 1601 auxilium
801 1566 923 1607 aDeo,
951 1579 1037 1600 con-

0 1630 8 1661 ,'
49 1618 133 1651 sulit
156 1627 286 1660 magos.
353 1615 404 1650 lta
426 1628 551 1660 magna
573 1628 653 1661 pars
677 1615 860 1651 hominum
885 1618 1036 1660 angitur,

0 1665 7 1698 Ξ·
49 1668 132 1714 quia
160 1679 233 1701 non
265 1673 420 1711 expectat
443 1667 614 1700 auxilium
638 1679 657 1700 a
683 1668 783 1707 Deo,
818 1679 964 1712 eamque
990 1668 1036 1701 ob

0 1730 7 1747 ·:
48 1729 187 1751 causam
225 1717 361 1762 quaerit
399 1717 599 1750 inconcessa
630 1718 803 1761 praesidia
831 1724 865 1751 et
895 1717 1036 1751 auxilia·

0 1767 2 1770 ’
46 1767 144 1802 Haec
159 1767 346 1801 solicitudo
364 1765 422 1800 hic
439 1765 658 1811 prohibetur.

149 1834 231 1868 Alia
253 1833 441 1867 solicitudo
460 1840 510 1867 est
527 1845 608 1866 cura
627 1832 807 1866 faciendae
827 1832 1034 1871 vocationis,

46 1892 86 1920 ut
107 1884 227 1922 losue,
261 1884 324 1917 etsi
352 1884 513 1928 undique
538 1883 763 1917 circundatus
785 1889 832 1915 est
861 1880 1032 1923 hostibus,

0 1971 2 1974 ,
47 1943 164 1970 tamen
195 1934 321 1968 retinet
351 1934 460 1967 animi
489 1934 744 1976 constantiam,
779 1940 894 1976 sperat
920 1934 1032 1966 bonos

47 1974 176 2026 excitus,
196 1985 283 2029 *quia
307 1985 372 2018 scit
396 1996 432 2018 se
454 1988 616 2017 vocatum
633 1996 652 2018 a
669 1983 762 2023 Deo,
789 1983 902 2016 iuvari
921 1990 953 2016 et
970 1984 1032 2016 de-

0 2075 2 2081 r
46 2037 143 2070 fendi
161 2048 178 2068 a
196 2034 290 2073 Deo,
316 2047 426 2080 eoque
442 2035 592 2068 invocat.
644 2033 728 2067 Ideo
746 2033 846 2066 losue
860 2034 896 2069 5.
913 2040 1031 2067 osten-

46 2087 99 2119 dit
121 2097 155 2119 se
179 2085 351 2129 quispiam
377 2097 417 2118 ex
443 2085 562 2126 coelo,
589 2085 649 2129 qui
667 2096 703 2118 se
720 2086 842 2117 ducem
861 2084 1030 2117 exercitus

46 2147 118 2169 esse
144 2135 239 2168 dicit.
295 2133 440 2167 Interim
465 2142 582 2168 tamen
603 2134 704 2168 losue
729 2135 854 2167 iustam
879 2134 1029 2177 diligen-

45 2187 130 2221 tiam
157 2183 321 2225 adhibet,
349 2185 528 2217 distribuit
550 2185 685 2228 copias,
712 2185 860 2218 collocat
884 2184 919 2216 in
942 2185 1029 2217 insi-

44 2238 132 2276 diis,
161 2235 302 2268 dimicat
326 2235 463 2267 sortiter
484 2246 562 2267 cum
580 2235 699 2275 hoste,
727 2235 815 2268 sicut
832 2235 958 2267 colono
975 2235 1028 2267 fa—

44 2288 207 2322 ciendum
231 2293 300 2326 est,
326 2285 398 2327 agri
417 2285 539 2317 arandi
556 2291 587 2318 et
605 2285 832 2323 conserendi,
860 2292 891 2317 et
910 2292 1026 2317 tamen

45 2350 64 2372 a
87 2338 165 2371 Deo
190 2336 422 2380 expectandus
447 2342 648 2379 proventus.
709 2334 763 2368 Sit
788 2341 903 2367 autem
927 2335 1028 2367 labor

43 2386 237 2422 vocationis
265 2386 447 2430 proprius,
489 2383 584 2419 hunc
617 2385 764 2429 requirit
793 2384 906 2424 Deus,
944 2385 1025 2429 quia

45 2438 120 2473 uult
138 2448 202 2471 nos
218 2448 300 2470 suae
315 2435 488 2470 vocationi
507 2447 645 2479 parere,
673 2442 704 2468 et
722 2432 805 2468 haec
823 2434 933 2467 virtus
951 2436 1025 2478 pla-

43 2495 95 2523 cet
112 2488 204 2525 Deo.
227 2486 391 2520 videlicet
409 2486 574 2520 sedulitas
591 2498 650 2519 seu
667 2485 848 2528 diligentia
864 2484 901 2517 in
922 2497 1024 2518 voca-

1 2533 3 2580 ]
44 2539 151 2574 tione.
183 2536 300 2571 Habet
315 2543 430 2569 autem
446 2537 613 2582 utrinque
629 2537 787 2580 opposita
804 2535 900 2578 vitia,
925 2535 1022 2578 igna-

1 2590 3 2596 '
43 2589 153 2630 viam,
179 2595 212 2622 et
234 2584 618 2633 πολυπραγμοσύνην,
645 2599 733 2631 quae
757 2593 806 2619 est
830 2586 938 2618 multa
963 2597 1021 2619 co-

42 2639 139 2680 nari,
171 2645 305 2672 tentare
337 2644 431 2671 extra
463 2637 700 2679 vocationem,
736 2636 955 2670 communire
984 2648 1020 2669 se

750 88 1142 130 ANNOTATIONES
1170 93 1220 129 IN
1245 93 1545 135 EVANGELIA,

2012 105 2088 141 330

1100 178 1330 223 factionibus,
1357 194 1523 226 quaerere
1537 185 1729 229 praesidia,
1756 198 1815 221 seu
1834 199 2007 230 concessa,
2024 201 2084 224 seu

1100 229 1312 266 inconcessa.
1378 230 1520 268 Amittit
1552 235 1811 282 Sardanapalus
1845 250 1990 282 regnum
2023 252 2085 284 per

1099 279 1285 323 ignaviam.
1345 279 1461 315 Achas
1484 296 1565 317 vero
1589 286 1709 319 infelix
1734 295 1783 322 est
1807 296 1950 333 propter
1973 290 2083 333 ipsam

1098 329 1479 377 πολυπραγμοσύνην,
1511 341 1689 380 utrunque
1719 339 1812 371 enim
1837 339 1962 373 vitium
1987 339 2083 374 Deus

1098 381 1305 421 detestatur,
1322 383 1380 415 sed
1398 384 1515 425 regula
1534 387 1683 418 tenenda
1702 394 1763 425 est,
1780 388 1870 422 Psal.
1883 390 1958 423 36.;
1987 390 2082 424 Sub-

1098 431 1192 464 ditus
1211 438 1282 465 esto
1299 431 1392 471 Deo,
1421 441 1455 467 et
1479 447 1539 467 ora
1566 447 1657 469 eum.
1710 435 1756 470 Et
1782 435 1839 471 hic
1857 437 2016 474 Christus
2039 443 2082 474 de

1097 481 1216 514 labore
1237 483 1483 525 concionatur,
1520 485 1700 530 iuquiens:
1735 486 1872 521 Sufficit
1894 490 1964 522 diei
1990 492 2082 524 asili-

1097 532 1165 564 ctio
1181 543 1263 572 sua,
1292 534 1389 576 quasi
1408 535 1516 575 dicat,
1544 548 1587 568 ne
1606 537 1763 570 cumules
1788 538 1852 571 tibi
1878 538 1944 582 ipsi
1971 541 2081 573 mole-

1096 582 1195 622 stias,
1222 583 1381 616 crucians
1398 585 1554 618 animum
1573 587 1787 628 diffidentia,
1814 590 1873 621 sed
1894 596 2081 624 contentus

1096 640 1167 665 esto
1185 632 1312 665 diurno
1331 633 1469 673 labore,
1497 649 1599 680 quem
1628 638 1786 681 quotidie
1808 639 1944 672 vocatio
1970 641 2082 681 affert,

1096 680 1180 715 haec
1199 683 1235 715 in
1252 689 1347 716 tanta
1366 691 1510 718 naturae
1529 684 1703 719 humanae
1726 688 1882 727 miseria,
1910 690 1947 722 in
1975 691 2080 724 tantis

1095 733 1373 776 impedimentis,
1409 747 1497 779 quae
1528 737 1691 769 diabolus
1725 745 1756 771 et
1786 750 1915 781 organa
1945 740 2080 774 diaboli

1094 783 1286 821 obiiciunt,
1320 796 1382 828 per
1404 797 1477 818 sese
1502 787 1583 819 satis
1608 784 1751 820 habebit
1774 789 2020 823 difficultatum
2046 798 2079 824 et

1093 845 1352 869 aerumnarum.
1410 835 1542 869 Moises
1573 837 1759 879 diligenter
1785 839 1872 881 regit
1896 840 2079 883 populum,

1094 884 1151 916 sed
1179 891 1348 927 quantum
1373 886 1424 918 illi
1451 887 1609 931 qnotidie
1634 900 1807 921 novorum
1833 890 2077 931 certaminum,

1093 934 1329 975 tumultuum,
1356 937 1568 969 seditionum
1588 939 1755 977 excitant,
1782 951 1876 972 nunc
1892 940 2078 984 principes,

1093 996 1187 1017 nunc
1212 985 1362 1028 vulgus?
1396 985 1491 1020 Haec
1515 988 1558 1020 de
1583 988 1703 1022 labore
1730 986 1795 1022 hoc
1818 989 1895 1023 loco
1917 990 2078 1024 conside-

1091 1041 1225 1070 rentur.

1476 1141 1525 1166 De
1552 1142 1698 1173 quinto.

1193 1197 1329 1232 Sufficit
1348 1200 1416 1232 diei
1433 1201 1576 1235 afssictio
1596 1213 1676 1243 sua,
1704 1203 1738 1235 id
1756 1210 1825 1241 est,
1862 1204 1963 1237 labor
1982 1216 2074 1241 suus.

1090 1245 1173 1280 Dixi
1191 1249 1283 1280 enim
1302 1250 1345 1281 de
1362 1250 1482 1283 labore
1499 1253 1662 1295 praecipi.
1702 1253 1768 1286 Sed
1787 1255 1974 1296 diligenter
1989 1267 2074 1288 con-

1091 1298 1317 1330 siderandum
1334 1306 1407 1339 est,
1436 1298 1610 1339 humanos
1632 1303 1787 1343 labores,
1814 1297 1936 1338 et'hoc
1960 1312 2074 1339 totum

1091 1347 1181 1380 vitae
1202 1349 1418 1381 curriculum
1441 1347 1497 1383 hic
1516 1352 1633 1385 vocari
1657 1353 1896 1390 afflictionem.
1948 1354 1986 1389 Si
2010 1368 2074 1388 na-

1090 1403 1168 1430 tura
1198 1395 1350 1431 humana
1375 1412 1447 1432 non
1474 1408 1562 1434 esset
1586 1414 1750 1446 oppressa
1782 1411 1945 1447 peccato,
1987 1406 2073 1450 quid

1090 1453 1178 1480 esset
1194 1448 1386 1482 iucundius
1404 1453 1648 1493 generatione,
1673 1454 1900 1496 educatione,
1934 1455 2073 1489 cultura

1089 1504 1221 1539 terrae,
1261 1500 1534 1543 gubernatione,
1574 1503 1699 1536 studiis
1724 1505 1928 1538 doctrinae?
1967 1504 2071 1540 Nunc

1089 1560 1171 1581 vero
1190 1556 1268 1592 post
1284 1557 1462 1593 peccatum
1488 1553 1605 1586 omnia
1633 1552 1717 1587 haec
1742 1555 1854 1588 officia
1879 1567 1897 1588 a
1916 1554 1989 1588 Deo
2013 1569 2072 1590 or-

1089 1598 1209 1631 din‘ata
1243 1599 1507 1644 impediuntur,
1549 1610 1622 1636 tum
1653 1611 1799 1637 naturae
1829 1605 2072 1640 imbecillitate

1088 1655 1121 1682 et
1139 1649 1298 1692 malicia,
1326 1657 1401 1683 tum
1424 1663 1442 1683 a
1470 1653 1631 1691 diabolo,
1659 1659 1733 1686 tum
1757 1655 1801 1687 ab
1826 1656 1967 1698 organis
1994 1656 2070 1689 dia-

1087 1698 1172 1731 boli.
1233 1698 1344 1743 Saepe
1368 1707 1496 1734 matres
1522 1709 1554 1735 et
1581 1703 1694 1737 foetus
1718 1711 1869 1748 pereunt
1894 1705 1929 1738 in
1954 1713 2069 1753 partu,

1088 1748 1247 1782 educatio
1277 1757 1393 1793 postea
1425 1752 1618 1786 difficilima
1650 1760 1710 1787 est.
1773 1754 1831 1788 Sic
1857 1756 2066 1798 gubernatio

1086 1799 1228 1842 politica
1261 1806 1293 1833 et
1323 1801 1572 1842 ecclesiastica,
1612 1811 1743 1848 quanta
1777 1802 1883 1840 habet
1915 1806 2066 1850 impedi-

1086 1849 1227 1882 menta?
1253 1849 1429 1884 Diabolus
1447 1852 1603 1895 undique
1619 1852 1842 1888 machinatur
1866 1856 2068 1900 dissipatio—

1085 1910 1165 1937 nes,
1192 1906 1224 1933 et
1242 1900 1342 1933 multi
1360 1907 1441 1934 sunt
1458 1901 1556 1945 impii
1577 1899 1756 1945 homines,
1773 1905 1833 1949 qui
1852 1913 1933 1940 sunt
1949 1907 2067 1950 ignavi

1084 1949 1120 1981 in
1138 1950 1338 1990 vocatione,
1365 1958 1446 1984 sunt
1463 1953 1658 1992 ambitiosi,
1688 1955 1807 1995 lividi,
1834 1965 2066 2001 corrumpunt

1084 2000 1298 2041 doctrinam,
1325 2001 1540 2035 insidiantur
1555 2004 1676 2044 bonis,
1703 2006 1858 2040 excitant
1876 2008 2066 2042 dissensio-

1083 2062 1154 2083 nes.
1210 2050 1291 2083 ldeo
1315 2063 1437 2084 omnes
1463 2050 1628 2086 historiae
1653 2055 1776 2098 plenae
1800 2063 1881 2090 sunt
1905 2059 2064 2103 querela—

1082 2112 1159 2132 rum
1177 2101 1219 2133 de
1238 2101 1385 2135 miseriis
1403 2103 1691 2147 gubernationis,
1719 2113 1752 2140 et
1769 2108 1921 2152 exempla
1946 2108 2063 2154 quoti-

1081 2150 1184 2183 diana
1202 2158 1282 2185 sunt
1301 2151 1337 2184 in
1358 2161 1557 2197 conspectu.

1180 2232 1331 2278 Propter
1366 2232 1450 2269 haec
1482 2236 1730 2280 impedimenta
1765 2236 1929 2272 Christus
1963 2240 2062 2273 brevi

1079 2282 1220 2328 quidem
1239 2297 1321 2318 voce
1338 2283 1512 2319 humanos
1528 2287 1665 2320 labores
1684 2289 1823 2323 vocavit
1843 2290 2062 2331 afflictiones,

1079 2335 1135 2366 sed
1156 2335 1355 2368 universam
1375 2336 1464 2369 vitae
1483 2335 1664 2370 historiam
1684 2340 1884 2383 con-plexus
1901 2347 1961 2375 est.
2002 2340 2060 2374 Si-

1078 2384 1150 2417 mul
1177 2391 1291 2418 autem
1318 2388 1480 2420 admonet
1508 2399 1590 2428 nos,
1625 2399 1668 2420 ne
1693 2389 1759 2433 ipsi
1786 2402 1928 2434 quoquo
1952 2392 2058 2424 modo

1076 2435 1294 2468 cumulemus
1311 2434 1393 2470 haec
1414 2437 1682 2481 impedimenta,
1713 2440 1801 2473 sicut
1819 2440 1985 2473 usitatum
2009 2448 2058 2475 est

1076 2484 1231 2529 inquieta
1252 2485 1390 2529 ingenia
1408 2488 1560 2521 subinde
1578 2501 1686 2522 novas
1702 2490 1819 2522 turbas
1838 2490 1996 2530 excitare,
2025 2498 2058 2524 et

1074 2535 1141 2567 sibi
1166 2542 1198 2569 et
1220 2536 1297 2570 aliis
1319 2538 1502 2580 negocium
1528 2539 1659 2578 facere,
1700 2546 1731 2571 et
1756 2539 1860 2572 simul
1887 2540 2057 2584 impedire

1073 2597 1125 2618 res
1141 2586 1336 2630 'meliores,
1372 2595 1411 2622 ut
1435 2587 1581 2623 Clodius
1604 2589 1740 2624 Romae
1766 2590 2055 2633 gubernationem

1071 2636 1248 2671 turbabat.
