2409 2915
296 85 370 120 515
900 78 1023 112 PHlL.
1052 77 1166 114 MEL.
1195 77 1403 114 SCRIPTA
1432 77 1731 116 EXEGETlCA.
2251 84 2327 121 516

301 172 394 215 quod
413 170 515 203 dicit:
545 166 696 210 Asssigor
713 164 930 210 propterTe,
954 165 1049 199 iuxta
1066 165 1172 199 illud:
1200 164 1289 199 Pro·
1339 164 1526 200 Ecclesiae.
1595 165 1693 201 Sicut
1732 173 1847 200 autem
1886 167 1924 200 in
1956 167 2191 211 descriptione
2223 181 2326 204 verae

303 229 378 265 pter
393 228 424 252 te
443 226 637 252 mactamur
651 224 722 251 tota
739 217 807 250 die.
1341 214 1516 251 Ecclesiae
1548 218 1620 251 duo
1651 218 1744 251 bona
1775 218 1994 259 nominavit,
2042 219 2262 253 sanctitatem
2293 227 2329 255 et
2385 220 2400 237 ¹*

406 268 627 302 Describitur
653 279 734 311 ergo
759 265 825 301 hoc
852 278 974 308 versu,
1009 279 1097 312 quae
1119 267 1165 302 sit
1188 279 1290 301 causa
1341 268 1506 311 gloriam:
1539 268 1585 300 ita
1612 267 1648 300 in
1675 268 1911 313 descriptione
1933 269 2041 302 {alsae
2065 267 2241 302 Ecclesiae
2263 281 2330 304 no-

304 320 475 365 passionis
493 317 636 354 Christi.
688 317 839 363 Propter
854 325 888 352 te
903 318 1034 362 patior,
1059 318 1095 352 id
1113 325 1183 357 est,
1209 331 1291 363 pro·
1342 319 1455 352 minat
1485 318 1614 363 duplex
1647 319 1788 352 malum.
1850 319 1988 354 Malum
2024 320 2168 364 culpae,
2201 319 2238 353 id
2271 327 2333 362 est,
2389 342 2395 349 ·

306 378 382 415 pter
406 377 505 403 tuum
528 381 695 404 arcanum
721 369 908 403 consilium
933 369 976 402 de
998 369 1215 403 restituendo
1234 380 1292 412 ge·
1344 377 1499 414 peccata,
1538 376 1570 403 et
1603 369 1735 402 malum
1764 382 1917 414 poenae,
1954 370 2135 409 videlicet,
2170 370 2333 404 reiectio-

307 433 389 454 nere
421 419 597 461 humano,
631 422 725 465 quod
758 419 900 453 voluisti
927 431 981 452 me
1005 420 1081 453 fieri
1105 422 1294 453 victimam·
1344 433 1424 453 nem
1443 429 1473 454 et
1491 421 1770 454 damnationem.
1821 421 1965 456 Peccata
1983 428 2084 462 sunt,
2110 421 2196 454 salsa
2211 418 2334 455 Eccle-

307 472 400 506 Huic
425 478 504 506 tuae
529 471 702 505 voluntati
731 471 953 512 obtempero,
981 477 1014 504 et
1038 471 1192 505 sustineo
1210 469 1294 504 hor·
1345 473 1393 505 sia
1420 472 1588 515 excogitat
1614 471 1681 504 sibi
1705 471 1818 512 idola,
1842 472 1916 506 imo
1942 472 2052 506 multa
2077 472 2170 506 idola
2188 470 2335 506 commi-

307 523 433 556 rendas
465 533 612 567 poenas,
647 533 720 554 non
749 527 892 564 propter
917 521 1034 566 aliqua
1057 535 1131 555 mea
1157 522 1294 555 delicta.
1345 523 1510 562 niscitur,
1543 521 1680 567 quaerit
1705 521 1812 555 alium
1834 522 1970 565 Deum,
1994 531 2027 558 et
2051 524 2093 557 ad
2119 521 2215 556 hunc
2238 521 2336 556 sesti·
2385 525 2394 533 ⁴

309 572 429 616 Quare
452 585 531 607 cum
555 573 601 605 sis
624 570 719 605 Deus
746 583 864 611 meus,
901 579 934 606 et
956 572 1043 605 velis
1068 585 1123 605 me
1146 583 1295 611 servare,
1347 580 1424 614 nat,
1452 570 1535 606 huic
1560 572 1725 613 confidit,
1752 569 1848 606 hunc
1871 574 2033 608 celebrat.
2088 573 2187 617 Quid
2205 580 2255 607 est
2271 585 2336 607 au-
2372 568 2402 608 ,¹

309 631 342 657 et
366 624 528 666 colligere
553 622 618 656 tibi
642 622 796 668 aliquam
822 619 1014 656 Ecclesiam
1033 631 1227 664 aeternam,
1253 634 1297 655 ne
1348 632 1416 658 tem
1437 624 1571 657 idolum
1591 624 1722 662 colere,
1751 630 1810 657 aut
1828 624 1937 657 alium
1953 623 2094 658 Deum?
2146 623 2337 668 Multiplex

309 674 403 707 sinas
428 686 481 707 me
505 674 543 706 in
568 671 624 706 his
644 673 822 707 aerumnis
848 675 1093 716 succumbere,
1128 675 1187 708 sed
1214 686 1297 708 con-
1349 682 1399 708 est
1414 674 1624 708 idololatria.
1666 673 1826 707 Primum
1843 682 1925 708 sunt
1942 674 2167 715 idololatrae,
2194 675 2255 718 qui
2271 672 2338 708 hoe

310 725 408 758 firma
427 731 461 758 et
478 731 653 768 sustenta,
683 731 715 758 et
734 725 843 758 libera
861 737 926 758 me.
1349 727 1486 769 fingunt
1497 736 1567 758 esse
1578 725 1707 765 Deum,
1724 726 1817 770 quod
1831 737 1903 759 non
1915 732 1964 759 est
1974 724 2080 765 Deus,
2094 722 2339 760 sicutEthnici

413 774 551 810 Sanctis
576 775 740 820 quisunt
765 776 802 808 in
826 782 937 816 terra,
973 777 1071 821 quasi
1097 777 1208 813 dicat,
1243 773 1300 807 Ad
1350 784 1481 810 statuas
1517 787 1614 814 suas,
1655 776 1795 814 lovem,
1838 776 2011 815 Martem,
2054 775 2247 814 lunonem,
2289 775 2340 809 sic

311 823 375 859 hos
401 826 552 870 pertinet
578 824 662 860 haec
679 839 753 859 mea
774 827 906 870 passio,
934 825 1067 871 Estque
1085 825 1169 859 haec
1187 825 1300 869 appli-
1351 828 1455 861 etiam
1474 826 1632 870 Papistae
1652 833 1788 860 sanctos
1806 834 1929 871 putant
1946 839 2018 861 esse
2034 825 2147 868 Deos,
2174 826 2341 860 invocant
2380 831 2382 833 '

312 877 401 911 catio
419 889 482 921 pro
500 875 675 916 Ecclesia,
704 875 964 911 sicnthristus
980 877 1053 919 ipse
1070 885 1150 910 ante
1169 876 1302 920 passio·
1352 890 1409 911 eos
1434 885 1600 922 tanquam
1621 877 1692 911 sint
1708 879 1986 923 omnipotentes,
2014 885 2181 923 tanquam
2198 877 2342 911 videant

312 939 393 960 nem
409 928 482 960 suis
498 927 613 960 verbis
629 927 834 971 applicavit:
863 925 966 969 Rogo
982 939 1048 973 pro
1063 927 1122 966 eis,
1147 939 1219 959 nou
1238 939 1300 970 pro
1352 937 1468 962 mutus
1491 928 1652 961 omnium
1677 929 1849 963 cordium.
1902 928 1995 962 Haec
2021 927 2137 962 adbuc
2160 935 2212 962 est
2226 927 2342 961 mani-

312 979 526 1017 eistantum,
552 978 611 1010 sed
629 990 691 1021 pro
709 977 873 1010 omnibus
890 978 1228 1021 quicrediturisunt
1241 989 1301 1021 per
1352 981 1436 1013 festa
1470 979 1686 1012 idololatria:
1723 986 1757 1012 et
1787 981 1830 1013 ad
1866 977 1960 1013 bunc
1989 981 2136 1022 gradum
2163 978 2343 1023 pertinent

313 1030 460 1062 verbum
485 1040 617 1061 eorum.
677 1027 781 1061 Pater
805 1028 979 1061 sanctifica
1004 1040 1062 1062 eos
1087 1030 1121 1061 iu
1147 1029 1303 1069 veritate,
1354 1028 1461 1064 Athei
1479 1042 1540 1062 seu
1555 1027 1723 1072 Epicurei
1740 1028 1957 1074 blasphemi,
1986 1030 2047 1075 qui
2065 1029 2224 1064 sentiunt
2240 1040 2342 1074 pror·
2384 1038 2386 1042 “

313 1091 427 1112 sermo
445 1085 525 1112 tuus
544 1085 593 1112 est
613 1079 749 1113 veritas,
803 1076 838 1112 Ο
856 1079 993 1112 dulcem
1012 1080 1303 1119 consolationem,
1353 1093 1411 1114 sus
1437 1079 1527 1113 nihil
1551 1092 1622 1113 esse
1637 1078 1770 1120 Deum,
1799 1087 1857 1113 aut
1882 1093 1954 1113 non
1976 1092 2097 1114 curare
2115 1078 2269 1114 humana
2285 1080 2343 1114 di-

313 1128 371 1163 hic
390 1130 542 1163 ostendit
560 1129 672 1162 Filius
687 1128 753 1162 Dei
771 1141 806 1162 se
824 1142 896 1163 esse
915 1131 1113 1174 pontificem
1133 1138 1303 1170 nostrum,
1354 1139 1455 1170 cunt,
1483 1131 1602 1175 quales
1627 1137 1708 1164 sunt
1736 1131 1880 1174 plurimi
1898 1130 2084 1164 Pontifices
2109 1138 2142 1164 et
2158 1129 2344 1172 Canonici,
2388 1142 2399 1173 z,

314 1188 347 1214 et
370 1180 667 1224 interpellatorem
695 1181 788 1224 apud
806 1179 932 1215 Deum.
987 1180 1036 1214 Ita
1062 1179 1120 1214 hic
1138 1181 1303 1225 applicat:
1355 1191 1387 1217 et
1415 1183 1476 1215 alii
1504 1180 1690 1226 Epicurei,
1731 1182 1791 1227 qui
1821 1182 1975 1225 cogitant
2006 1179 2242 1225 Evangelium
2270 1193 2344 1215 esse

314 1230 396 1264 Mea
419 1232 532 1275 passio
559 1231 667 1264 servit
690 1231 818 1264 sanctis
843 1239 876 1266 et
899 1229 1118 1265 honorandis
1142 1233 1177 1265 iu
1200 1239 1303 1270 terra,
1353 1234 1519 1268 fabulam.

315 1280 370 1315 his
395 1289 446 1316 est
470 1282 653 1326 profutura
679 1283 721 1315 ad
741 1281 907 1323 salutem,
935 1283 995 1328 qui
1014 1290 1095 1316 sunt
1113 1283 1240 1323 sancti,
1268 1283 1302 1315 id
1457 1284 1638 1317 Pertinent
1670 1285 1773 1318 etiam
1803 1282 1889 1324 buc,
1925 1285 1985 1325 qui
2012 1291 2138 1327 negant
2162 1280 2345 1317 Christum
2375 1296 2380 1302 ·

316 1340 384 1373 est,
418 1333 497 1367 Deo
522 1333 646 1373 dicati,
676 1332 791 1367 Deum
816 1333 1040 1374 invocantes,
1067 1340 1304 1374 agnoscentes,
1355 1345 1426 1366 esse
1442 1331 1574 1372 Deum,
1602 1340 1640 1366 ut
1660 1332 1778 1366 ludaei
1796 1341 1828 1367 et
1844 1333 1968 1367 Ariani
1988 1341 2115 1377 negant
2131 1333 2263 1367 Filium
2279 1331 2346 1367 Dei

316 1384 488 1423 colentes,
513 1382 560 1416 Hi
579 1390 681 1421 sunt,
707 1383 767 1427 qui
785 1395 900 1416 meum
919 1382 1152 1425 Evangelium
1171 1382 1303 1426 ample·
1357 1384 1559 1417 crucifixum
1580 1391 1611 1417 et
1630 1384 1890 1420 resuscitatum,
1911 1396 1984 1417 esse
1994 1383 2119 1418 Deum.
2159 1383 2207 1418 Hi
2224 1395 2347 1418 omnes

316 1441 476 1474 duntur,
503 1431 568 1467 hos
590 1433 707 1466 iudico
735 1440 873 1467 sanctos
899 1439 931 1466 et
953 1434 1142 1476 gloriosos,
1170 1445 1233 1477 pro
1252 1431 1304 1465 his
1357 1447 1428 1467 non
1448 1434 1568 1467 colunt
1587 1442 1617 1468 et
1635 1435 1801 1468 invocant
1817 1446 1938 1467 verum
1956 1434 2091 1476 Deum,
2120 1435 2190 1469 imo
2207 1435 2347 1468 nullutn

315 1497 372 1518 me
395 1485 526 1523 offero,
553 1484 642 1518 sicut
667 1484 753 1516 alias
779 1484 911 1529 inquit:
939 1483 1014 1527 Ego
1034 1496 1096 1527 pro
1111 1485 1160 1517 eis
1177 1484 1305 1517 sancti·
1356 1485 1470 1520 Deum
1494 1482 1642 1525 habent,
1669 1485 1751 1530 quia
1775 1483 1869 1517 hunc
1888 1485 2001 1518 solum
2019 1492 2051 1518 et
2068 1486 2212 1518 unicum
2232 1483 2347 1518 Deum

316 1537 380 1570 fico
405 1535 595 1579 meipsum,
625 1532 680 1567 his
697 1534 835 1578 applico
854 1546 970 1567 meum
990 1535 1217 1572 sacrificium,
1243 1532 1306 1567 hos
1358 1549 1429 1569 non
1454 1543 1587 1569 norunt
1610 1548 1672 1568 nec
1699 1537 1885 1575 invocant,
1919 1536 1978 1580 qui
2003 1542 2053 1568 est
2078 1542 2175 1576 pater
2198 1533 2347 1568 Domini

316 1598 395 1620 amo
419 1592 452 1619 et
475 1585 709 1628 complector,
736 1592 768 1618 et
793 1582 930 1628 probis
947 1596 1044 1628 rogo.
1103 1585 1150 1618 lta
1169 1583 1224 1618 hic
1245 1586 1306 1618 de·
1360 1587 1468 1620 nostri
1496 1585 1573 1619 Iesu
1592 1585 1744 1624 Christi,
1773 1587 1815 1619 de
1842 1598 1911 1630 quo
1940 1585 2046 1619 dixit:
2074 1584 2143 1619 Hic
2167 1593 2218 1620 est
2235 1584 2349 1619 Filius

317 1637 523 1671 clarandum
556 1642 605 1669 est
639 1635 870 1676 vocabulum,
898 1635 1030 1671 Sancti.
1084 1634 1217 1681 Estque
1250 1633 1307 1669 hic
1331 1650 1335 1869 Ι
1360 1649 1457 1671 meus
1482 1637 1649 1675 dilectus,
1679 1649 1747 1681 quo
1774 1636 1945 1676 delector,
1974 1636 2082 1670 Hunc
2109 1637 2238 1672 audite.
2289 1634 2350 1670 Sic

317 1689 390 1732 ipse
418 1687 587 1721 articulus
617 1686 653 1719 in
683 1686 861 1732 symbolo:
898 1685 1014 1720 Credo
1037 1686 1227 1720 Ecclesiam
1251 1699 1307 1720 ca-
1360 1689 1435 1722 vult
1467 1688 1607 1730 agnosci
1640 1695 1671 1722 et
1697 1687 1871 1727 invocari,
1903 1689 1992 1721 sicut
2019 1699 2054 1720 se
2080 1687 2152 1731 ipse
2178 1686 2350 1732 patefecit,

317 1737 482 1774 tholicam
521 1744 694 1779 sanctam,
735 1737 771 1771 id
802 1744 872 1776 est,
906 1738 1056 1771 dicatam
1090 1738 1183 1779 Deo,
1228 1750 1308 1771 vere
1360 1740 1453 1785 quod
1481 1739 1526 1774 sit
1552 1745 1649 1783 pater
1674 1736 1778 1772 buius
1797 1737 1902 1777 Filii,
1928 1739 1988 1783 qui
2008 1745 2056 1771 est
2073 1739 2148 1771 eius
2165 1745 2348 1772 coaeterna

317 1796 582 1834 agnoscentem,
608 1788 780 1823 colentem
806 1795 839 1822 et
856 1789 1091 1823 celebrantem
1107 1788 1221 1823 Deum
1234 1816 1243 1830 ,
1271 1790 1308 1822 in
1360 1792 1494 1834 imago,
1517 1797 1550 1823 et
1564 1791 1658 1834 quod
1678 1796 1820 1833 propter
1838 1787 1931 1822 huuc
1948 1789 2030 1822 velit
2047 1791 2227 1823 credentes
2243 1796 2275 1823 et
2294 1789 2349 1822 in—

318 1842 385 1874 fide
411 1847 445 1874 et
467 1839 686 1874 consessione
703 1839 787 1873 Filii
802 1840 882 1875 Dei.
933 1839 1029 1873 Haec
1054 1840 1158 1874 etiam
1177 1847 1225 1873 est
1243 1839 1307 1873 ho-
1361 1849 1526 1874 vocantes
1545 1841 1711 1884 recipere,
1739 1847 1768 1873 et
1787 1840 1870 1872 dare
1888 1841 1994 1873 vitam
2012 1847 2200 1875 aeternam.
2250 1839 2350 1874 Sicut

320 1892 478 1924 notanda
503 1897 534 1924 et
559 1891 729 1933 gloriosa,
756 1890 838 1934 quia
858 1891 956 1923 Deus
978 1890 1130 1923 vicissim
1150 1903 1224 1923 eam
1243 1889 1308 1924 bo-
1363 1891 1482 1927 lohan.
1504 1891 1558 1926 17.
1587 1892 1732 1925 dicitur:
1761 1889 1857 1923 llaec
1882 1897 1931 1924 est
1956 1891 2025 1923 vita
2050 1897 2210 1929 aeterna,
2236 1897 2274 1924 ut
2289 1902 2348 1924 co-

319 1953 406 1975 nore
430 1941 534 1973 afficit
548 1967 556 1979 ,
583 1940 708 1973 tribuit
731 1941 761 1972 ei
787 1940 934 1983 gloriam
947 1965 955 1977 ,
984 1941 1115 1974 scilicet
1134 1941 1306 1985 Spiritum
1360 1951 1527 1986 gnoscant
1547 1949 1579 1976 te
1594 1942 1708 1976 solum
1727 1953 1798 1974 esse
1815 1953 1935 1974 verum
1952 1940 2083 1982 Deum,
2111 1948 2143 1975 et
2160 1953 2263 1986 quem
2282 1941 2350 1974 mi-

320 1999 496 2029 sanctum,
523 1998 555 2024 et
582 2002 643 2034 per
665 1990 838 2034 Spiritum
862 1998 1019 2025 sanctum
1049 1991 1181 2033 lucem,
1209 1992 1304 2026 iusti·
1360 1994 1434 2028 sisti
1454 1994 1587 2033 Iesum,
1613 2004 1684 2026 esse
1699 1990 1892 2026 Christum.

319 2044 408 2077 ciam
428 2049 460 2075 et
475 2042 583 2075 vitam
603 2042 863 2085 sempiternam.
1332 2050 1335 2078 Ι
1463 2043 1646 2078 Secundus
1662 2044 1790 2087 gradus
1806 2050 1854 2077 est
1871 2043 2072 2083 obscurior,
2100 2042 2158 2076 sed
2175 2041 2348 2086 superiori

421 2092 545 2126 Brevis
568 2099 618 2126 est
640 2093 850 2133 versiculus,
875 2093 932 2125 sed
952 2093 1160 2137 pulcerrima
1178 2094 1308 2127 deseri·
1332 2097 1335 2172 Ι
1361 2101 1538 2135 cognatus.
1595 2093 1797 2128 idololatria
1823 2101 1871 2128 est
1890 2095 2002 2127 colere
2019 2094 2133 2128 Deum
2149 2093 2226 2127 sine
2241 2094 2348 2128 verbo

321 2145 392 2190 ptio
409 2142 600 2178 Ecclesiae:
629 2150 660 2177 et
683 2141 767 2176 hinc
792 2144 951 2188 sequitur
975 2142 1176 2185 antithesis,
1201 2158 1306 2190 quam
1332 2186 1335 2196 Δ
1361 2147 1489 2190 ipsius,
1517 2145 1717 2189 excogitatis
1740 2145 1894 2193 propriis
1917 2145 2090 2184 cultibus,
2117 2151 2148 2178 et
2175 2144 2351 2179 confidere

320 2209 399 2230 mox
421 2195 594 2237 adiungit.
648 2193 721 2228 Alii
741 2206 811 2228 non
830 2201 909 2227 sunt
929 2195 1059 2233 sancti,
1088 2197 1121 2227 itl
1142 2203 1207 2234 est,
1236 2209 1306 2229 nou
1333 2213 1335 2243 3
1361 2195 1416 2230 his
1438 2197 1612 2238 cultibus,
1642 2197 1735 2241 quod
1763 2203 1905 2240 propter
1930 2209 1989 2230 cos
2012 2195 2108 2230 Deus
2132 2195 2293 2229 exaudiat
2317 2202 2350 2229 et

318 2254 400 2281 sunt
418 2246 522 2279 dicati
540 2245 634 2286 Deo,
663 2258 734 2278 non
752 2252 977 2289 agnoscentes
996 2245 1110 2279 Deum
1123 2274 1131 2286 ,
1160 2259 1230 2280 non
1250 2261 1308 2280 co-
1332 2277 1335 2289 ,
1361 2249 1568 2282 benefaciat.
1624 2248 1722 2281 Sicut
1739 2247 1823 2280 olim
1839 2248 1959 2280 Iudaei
1977 2247 2219 2291 excogitabant
2235 2246 2351 2280 varios

320 2299 446 2337 lentes,
475 2309 537 2330 nec
561 2304 641 2330 sunt
658 2294 880 2337 honorandi,
909 2297 942 2329 id
963 2303 1033 2336 est,
1062 2306 1177 2332 carent
1196 2299 1306 2341 gloria
1332 2294 1335 2344 l
1361 2300 1495 2339 cultus,
1523 2306 1554 2333 vt
1579 2299 1741 2332 fiduciam
1760 2296 1887 2332 horum
1905 2299 2062 2332 cultuum
2080 2295 2273 2332 habebant:
2302 2297 2348 2332 ita

318 2348 404 2389 Dei,
430 2360 502 2381 non
527 2355 608 2381 sunt
633 2348 747 2381 ornati
774 2359 791 2381 a
810 2346 885 2381 Deo
911 2347 1005 2386 luce,
1035 2349 1225 2392 sapientia,
1254 2351 1306 2382 iu-
1332 2358 1334 2391 }
1360 2363 1455 2384 nunc
1473 2350 1632 2395 Papistae
1656 2350 1775 2383 colunt
1795 2348 1928 2388 Deam.
1955 2350 2052 2383 cultu
2073 2348 2222 2390 Missae,
2248 2347 2349 2387 votis.

316 2399 432 2436 sticia.
462 2399 530 2431 vita
548 2406 699 2433 aeterna.
1331 2413 1334 2446 4
1361 2399 1589 2437 Monachatu.
1643 2400 1719 2434 liae
1735 2412 1806 2440 res,
1832 2399 1957 2440 Missa,
1986 2397 2240 2439 Monachatns,
2266 2405 2347 2432 nunt

420 2449 657 2494 Multiplicata
691 2456 772 2482 sunt
801 2449 894 2482 idola
921 2450 1083 2489 illorum,
1123 2460 1197 2495 post
1220 2465 1307 2495 quac
1332 2451 1333 2455 ’
1360 2465 1440 2486 vera
1469 2453 1582 2492 idola,
1616 2452 1697 2497 quia
1724 2451 1931 2495 scriptumm
1957 2458 2022 2485 est:
2059 2451 2201 2485 frustra
2225 2448 2346 2483 colunt

316 2501 493 2536 festinant.
547 2499 644 2534 Dixit
666 2512 701 2533 se
718 2511 854 2544 passum
873 2513 945 2534 esse
962 2513 1025 2545 pro
1042 2513 1121 2535 vera
1143 2500 1307 2536 Ecclesia.
1329 2523 1333 2557 Ι
1359 2515 1414 2537 me
1439 2504 1615 2538 mandatis
1640 2500 1836 2536 hominum.
1894 2501 1996 2541 lic-m.
2025 2500 2140 2536 honos
2160 2501 2220 2546 qui
2239 2500 2345 2534 debe-

317 2551 416 2585 Hanc
438 2564 533 2586 nunc
551 2551 720 2585 discernit
735 2552 779 2584 ab
798 2551 932 2595 impiis,
959 2553 1019 2596 qui
1039 2553 1165 2586 nolunt
1185 2566 1304 2587 verum
1330 2567 1333 2596 ζ
1359 2561 1417 2588 tur
1446 2553 1605 2592 (fhristo.
1638 2553 1786 2590 scilicet.
1823 2553 1948 2587 fiducia
1980 2551 2201 2590 mediatoris.
2232 2557 2346 2585 trans—

317 2603 434 2637 Deum
466 2614 692 2645 cognoscere,
725 2609 755 2635 et
786 2610 1046 2648 persequuntur
1069 2601 1251 2638 Christum
1274 2613 1304 2639 ct
1329 2633 1332 2648 ,
1359 2606 1470 2640 set-tur
1499 2606 1535 2639 in
1558 2604 1723 2647 Missam,
1754 2605 1788 2637 in
1823 2611 1919 2646 vota,
1955 2605 1989 2638 in
2016 2610 2172 2638 mortuos
2198 2609 2348 2642 sanctos,
2402 2620 2407 2632 ·

314 2660 461 2699 patrem.
522 2653 648 2688 Tradit
674 2654 780 2697 igitur
805 2653 992 2688 discrimen
1020 2654 1127 2689 falsae
1147 2663 1177 2689 et
1206 2668 1305 2689 verae
1330 2650 1331 2667 ³
1357 2664 1388 2690 et
1405 2657 1536 2690 similes
1553 2667 1618 2692 res.
