2409 2915
104 119 178 157 675
358 117 443 153 XII.

103 205 260 239 criticum
286 216 349 238 nec
373 204 576 237 accersitum
601 208 668 240 est,
700 199 893 236 Christiani
918 202 1089 234 memine-

103 256 174 290 rint
210 255 503 294 consolationem,
543 254 722 297 quomodo
753 253 978 286 tolerandum
1010 264 1088 296 per-

101 308 356 351 ferendumque
380 306 442 345 sit,
468 315 506 336 ac
529 303 650 336 norint
667 303 817 336 efficacia
836 304 988 336 remedia
1010 315 1088 336 vere

103 357 263 390 sanantia
282 357 421 390 dolores
438 354 565 389 cordis.

205 414 365 448 Tertium
405 411 578 445 ieiunium
620 418 670 445 est
711 413 1001 455 paedagogicum‚
1049 424 1087 445 ac

104 473 227 511 sponte
251 477 308 498 seu
331 463 424 496 ultro
450 463 597 496 electum
625 463 846 500 exercitium,
873 470 925 503 ut,
953 463 979 495 si
1009 463 1087 508 quis

104 518 141 549 in
164 517 219 549 die
235 521 294 548 aut
311 525 453 557 prorsus
473 514 648 546 abstinere
667 526 683 546 a
701 513 779 546 cibo
792 540 800 554 ‚
828 520 999 557 potuque,
1027 521 1086 547 aut

102 567 206 600 semel
230 565 397 598 duntaxat
415 570 448 597 et
465 564 656 606 pauxillum
675 564 759 597 velit
775 564 896 603 edere,
925 562 990 596 hoc
1008 565 1086 604 fine,

101 624 140 650 ut
171 615 279 657 magis
311 615 460 647 idoneus
485 615 528 648 sit
555 615 693 647 animus
719 615 762 647 ad
788 615 1022 648 intentionem
1047 616 1083 647 in

99 666 335 705 invocatione,
369 666 512 705 studiis,
545 678 583 698 ac
614 665 773 708 negotiis.
844 664 921 698 Hoc
955 666 1082 698 exerci-

98 718 184 751 tium
215 716 364 749 arbitrio
389 723 510 749 nostro
535 716 682 749 electum
710 728 746 749 re
770 716 843 759 ipsa
869 723 1006 750 tantum
1035 722 1082 749 cst

97 778 186 811 opus
207 766 445 800 voluntarium
465 767 715 809 temperantiae
733 768 948 800 moderantis
964 767 1080 800 cibum

97 825 132 851 et
164 824 304 861 potum,
337 818 487 862 ideoque
519 817 662 851 cuilibet
695 818 843 850 liberum
877 825 942 856 est,
979 824 1081 860 prout

97 869 200 902 aetati
224 868 428 912 viribusque
453 868 524 901 suis
549 869 738 901 convenire
764 869 912 907 iudicat,
947 868 1001 900 vel
1026 868 1080 899 in-

98 919 172 951 edia
193 918 319 961 integri
338 919 407 950 diei
425 930 551 962 corpus
567 920 746 957 coercere,
774 920 825 951 vel
849 920 883 951 in
903 919 957 950 die
976 930 1079 962 quam

97 969 283 1002 minimum
324 969 394 1001 cibi
431 975 462 1001 et
493 969 648 1011 potionis
681 971 721 1001 ad
758 970 959 1002 reficiendas
990 969 1081 1001 vires

96 1017 275 1054 adbibere.
330 1018 449 1064 ltaque
468 1020 633 1052 usitatum
655 1020 720 1052 suit
739 1021 773 1051 in
792 1018 945 1052 Ecclesia
964 1019 1080 1052 omni·

95 1071 160 1102 hus
193 1070 424 1113 temporibus:
468 1069 615 1103 Sanctus
647 1073 834 1103 convenire
868 1071 1003 1102 ieiunos
1036 1070 1077 1101 ad

94 1121 321 1163 precandum.
376 1120 433 1153 Sic
454 1121 528 1153 Act.
548 1121 618 1155 10.:
647 1119 832 1153 Cornelius
852 1121 1077 1165 quatriduum

96 1171 247 1208 ieiunat,
280 1183 358 1204 cum
393 1172 497 1203 misso
528 1171 698 1203 divinitus
728 1172 850 1213 angelo
876 1172 1078 1203 mandatum

95 1221 220 1265 accipit
244 1223 286 1253 de.
312 1223 517 1254 accersendo
534 1220 648 1253 Petro.
705 1220 755 1253 De
782 1220 847 1254 hoc
872 1233 967 1253 more
992 1221 1077 1253 ieiu-

96 1272 203 1304 nandi
223 1284 293 1304 non
311 1279 422 1315 potest
438 1272 520 1304 ferri
538 1272 589 1304 lex
607 1272 722 1316 aliqua
740 1271 908 1314 generalis
926 1271 978 1303 vel
997 1271 1077 1303 uni-

96 1323 257 1361 versalis,
294 1322 533 1365 praescribens
564 1333 673 1353 unum
699 1323 841 1354 modum
865 1333 924 1353 seu
950 1327 1076 1354 certam

94 1373 242 1404 sormam
278 1372 400 1405 talium
435 1372 699 1412 exercitiorum,
748 1383 898 1416 quorum
932 1370 1078 1403 varietas

93 1423 217 1466 nequit
241 1420 490 1464 comprehendi
517 1422 665 1463 regulis,
701 1434 778 1454 cum
803 1422 870 1454 alia
893 1421 971 1454 aliis
994 1432 1075 1453 con-

92 1479 230 1515 gruant.
291 1471 430 1514 Singuli
456 1479 571 1505 tamen
600 1473 782 1514 privatim,
817 1479 918 1515 prout
945 1472 1079 1504 valetu-

92 1523 187 1555 dinis
213 1535 249 1555 ac
274 1523 440 1566 temporis
460 1523 548 1555 ratio
568 1530 760 1566 pateretur,
788 1524 963 1556 dehebant
979 1533 1079 1566 saepe

93 1573 248 1606 tribuere
272 1573 432 1617 precibus
455 1580 487 1606 et
506 1574 638 1606 ieiunio
656 1581 786 1607 certum
803 1575 955 1618 aliquem
974 1573 1078 1612 diem,

93 1635 196 1668 quem
222 1630 332 1657 totum
359 1636 376 1656 a
396 1624 474 1657 cibo
492 1636 526 1656 se
544 1625 759 1657 abstinentes
776 1631 1023 1657 consumerent
1042 1623 1077 1655 in

92 1675 148 1718 pia
167 1675 392 1707 meditatione
412 1675 682 1715 pates-actionum
696 1683 727 1708 et
741 1675 1012 1717 promissionum
1026 1673 1080 1705 di-

93 1724 278 1761 vinarum.
305 1732 341 1757 ut
367 1725 527 1757 videlicet
553 1725 662 1757 animi
688 1726 884 1758 intentione
911 1732 943 1757 et
965 1724 1080 1756 cordis

91 1775 271 1808 alacritate
295 1775 438 1807 excitata
456 1776 494 1807 ad
516 1776 762 1817 cogitationem
780 1778 822 1808 de
838 1774 931 1811 Deo,
958 1786 1078 1807 accen-

95 1826 236 1858 deretur
262 1826 454 1866 invocatio,
484 1838 546 1858 nec
570 1826 766 1868 spirituales
793 1826 945 1859 actiones
969 1825 1078 1868 impe-

94 1875 265 1908 direntur.

197 1933 265 1968 Sed
291 1947 327 1967 ea
351 1935 527 1968 barbaries
548 1943 595 1967 est
617 1936 651 1968 in
673 1937 821 1979 populo,
850 1942 887 1967 ut
906 1935 1079 1978 plerisque

95 1995 297 2027 persuasum
320 1985 378 2025 sit,
406 1997 459 2025 se,
488 1986 513 2018 si
535 1998 644 2018 unum
661 1987 751 2019 diem
772 1987 879 2018 ieiuni
899 1986 986 2025 sint,
1015 1997 1077 2016 no-

95 2042 182 2068 ttem
202 2035 369 2068 continuo
390 2044 590 2081 sequentem
611 2049 680 2068 nun
700 2049 799 2080 posse
818 2037 943 2069 vivere.

195 2100 266 2133 Noc
290 2101 460 2144 prolixius
484 2100 546 2134 hac
573 2104 614 2134 dc
642 2115 677 2134 re
701 2103 833 2141 dicam,
863 2103 918 2133 sed
945 2108 1078 2134 tantum

95 2163 156 2184 vos
179 2152 222 2183 ad
242 2151 412 2183 ieiunium
429 2153 532 2194 primi
550 2153 684 2194 generis
702 2150 936 2190 adbortabor,
966 2152 998 2184 id
1019 2158 1080 2191 est,

96 2202 137 2233 ad
178 2201 443 2244 temperantiam
475 2203 690 2235 severissime
723 2204 921 2235 mandatam
956 2214 972 2234 a
1005 2201 1079 2234 Deo

95 2252 262 2284 omnibus
283 2249 504 2287 homiuibus,
533 2265 576 2284 ne
593 2254 628 2284 in
646 2253 976 2292 comessationibus,
1003 2249 1079 2287 tuel-

96 2302 329 2342 mationibus,
371 2303 691 2347 certaminibusque
726 2304 932 2346 poculorum
974 2303 1078 2337 vitam

97 2354 272 2394 degamus.
326 2351 377 2386 De
402 2351 464 2385 hac
489 2354 668 2394 diligentia
693 2354 855 2386 frenandi
873 2353 1080 2397 cupiditates

98 2403 276 2436 Dominus
294 2404 524 2437 concionatur
541 2403 655 2437 Lucae
669 2405 745 2438 QL:
776 2403 899 2437 Yidete
916 2416 960 2437 ne
976 2405 1079 2436 corda

99 2461 208 2487 vestra
225 2461 414 2495 graventur
430 2455 594 2487 ebrietate
615 2461 645 2487 ct
664 2455 815 2498 crapula.

199 2521 373 2565 Loquitur
388 2529 500 2554 autem
518 2535 571 2554 res
588 2523 672 2566 ipsa,
701 2530 730 2554 et
745 2522 950 2567 quotidiana
967 2534 1081 2554 exem-

100 2572 175 2615 pla,
209 2569 297 2616 proh
321 2572 440 2611 dolor,
475 2573 579 2606 nimis
605 2574 713 2605 multa
742 2580 931 2611 testantur,
967 2573 1001 2604 iu
1028 2570 1082 2604 bis

101 2622 299 2665 regionibus
324 2635 427 2655 omne
455 2623 524 2655 sere
542 2624 696 2656 studium
714 2624 833 2656 convix
846 2624 957 2655 iorum
975 2635 1081 2666 appa-

103 2672 252 2713 ratibus,
279 2680 312 2707 et
334 2674 509 2713 ebrietati,
539 2681 640 2718 atque
658 2675 872 2707 immanibus
890 2674 958 2706 illis
976 2686 1082 2717 pocu-

154 2724 328 2756 Mun-ra.
349 2726 450 2757 Orsr..
482 2726 563 2758 Vos.
584 2724 675 2757 xlv.

497 114 886 153 ANNOTATmNEs
912 114 977 150 ET
1004 113 1283 151 coxctoNEs
1314 116 1361 151 m
1391 116 1574 155 EVANG.
1604 119 1879 157 MATTHAEL

2061 130 2135 164 674

1142 201 1184 234 lis
1204 201 1376 245 impendi.
1431 203 1550 247 Quare
1569 206 1795 244 manifestum
1813 216 1881 253 est,
1908 225 2003 248 nunc
2021 227 2039 248 a
2059 215 2133 249 Deo

1143 251 1249 284 variis
1274 254 1387 285 modis
1410 255 1548 297 puniri,
1573 263 1610 289 ut
1630 257 1824 303 incendiis,
1854 264 1972 305 bellis,
1999 273 2032 300 et.
2049 279 2132 300 con-

1144 303 1366 337 vulsionibus
1388 310 1491 348 atque
1515 307 1783 344 confusionibus
1808 315 2038 357 regiminum,
2072 330 2131 351 seu

1142 353 1366 396 politiarum‚
1403 355 1481 398 plus
1511 369 1614 401 quam
1650 360 1843 396 belluinam
1873 366 1972 398 istam
1999 369 2130 401 ventris

1141 404 1354 446 ingluviem,
1390 413 1423 439 et
1456 403 1640 441 helluandi
1674 416 1952 460 perpotandique
1983 430 2129 451 consue-

1140 455 1311 490 tudinem.
1361 454 1562 496 Praeterea,
1606 461 1743 504 quoties
1772 464 1897 497 videtis
1921 470 2129 501 temulentos

1140 503 1301 538 homines
1340 506 1433 539 ultro
1473 519 1575 542 ruere
1614 511 1651 543 in
1684 523 1762 545 suas
1792 514 1923 555 clades,
1965 525 1995 550 et
2028 531 2128 563 saepe

1139 563 1284 589 cruento
1317 555 1410 589 ferro
1438 557 1531 592 inter
1555 572 1590 593 se
1614 561 1707 604 ipsos
1735 576 1962 606 concurrere,
2000 569 2069 601 imo
2095 579 2127 604 et

1138 606 1302 640 caedibus
1323 608 1455 640 mutuis
1478 612 1654 651 grassari?
1709 612 1815 655 Item,
1848 624 1933 661 quot
1958 624 1989 650 et
2015 632 2125 663 quan-

1137 664 1190 690 tae
1228 657 1354 700 passim
1396 659 1593 694 audiuntur
1629 665 1790 706 querelae
1824 667 2125 703 declamitantium

1138 708 1276 751 publice
1302 708 1558 754 privatimque,
1586 725 1738 747 crescere
1756 717 1864 756 pretia
1884 729 2000 751 rerum
2020 732 2124 754 vena-

1137 758 1243 799 lium,
1294 766 1326 791 et
1362 759 1398 791 in
1431 762 1602 803 agricolas
1633 765 1814 799 maledicta
1846 769 2125 812 coniicientium,

1136 810 1228 853 quod
1254 821 1325 842 non
1349 810 1501 844 minoris
1524 815 1677 847 vendant
1701 816 1816 859 fruges
1834 825 1864 850 et
1881 821 2024 852 carnes?
2077 824 2123 856 At

1135 860 1313 904 quomodo
1340 867 1455 903 potest
1478 863 1591 896 laxior
1613 877 1754 899 annona
1779 869 1930 912 sperari,
1960 870 1995 902 in
2017 874 2123 906 tantis

1135 910 1417 953 profusionibus,
1458 910 1755 957 helluationibus,
1797 931 2003 961 pomparum
2037 934 2121 955 cun-

1134 961 1381 1005 viviorumque
1404 964 1655 1006 apparatibus?
1706 966 1881 1011 Equidem
1905 972 2007 1004 credo
2027 976 2121 1017 quod

1134 1009 1228 1044 Deus
1260 1023 1481 1056 nequaquam
1510 1015 1596 1047 adeo
1624 1017 1774 1059 benigne
1798 1020 2025 1055 foecundaret
2053 1031 2120 1057 ter—

1134 1073 1227 1101 ram,
1264 1063 1321 1094 sed
1352 1063 1472 1106 inopia
1496 1065 1663 1099 frumenti
1689 1075 1721 1100 et
1749 1081 1913 1111 agrorum
1940 1073 2121 1107 sterilitate

1135 1123 1198 1144 nos
1215 1112 1418 1156 castigaret,
1446 1114 1513 1146 nisi
1534 1117 1732 1160 puerperis,
1763 1121 1977 1163 infantibus,
2004 1126 2121 1166 pueri-

1134 1163 1220 1200 tiae,
1252 1174 1290 1195 ac
1320 1164 1464 1197 misellis
1490 1172 1521 1198 et
1545 1168 1725 1208 egentibus
1751 1170 1930 1204 familiolis
1957 1184 2121 1215 parceret.

1134 1211 1198 1244 His
1229 1220 1265 1245 ut
1299 1215 1430 1247 victum
1458 1215 1626 1257 largiatur
1650 1216 1762 1260 Deus,
1798 1222 1974 1258 benedicit
1999 1231 2119 1264 terrae,

1132 1263 1226 1295 fovet
1252 1264 1387 1296 semina
1412 1276 1528 1298 rerum
1556 1270 1792 1310 nascentium,
1826 1273 1976 1315 largiore
1999 1288 2119 1320 messe,

1133 1313 1290 1345 ubertate
1322 1315 1462 1357 frugum
1494 1322 1527 1348 et
1557 1318 1732 1351 fructuum
1763 1324 1929 1366 prospicit
1957 1323 2120 1360 humanis

1132 1363 1410 1399 necessitatibus,

1236 1420 1368 1455 Verum
1404 1420 1461 1456 bic
1487 1432 1585 1458 erant
1610 1427 1769 1461 addenda
1795 1441 1876 1463 sane
1899 1433 2050 1475 plurima
2079 1438 2121 1469 de

1132 1471 1256 1504 crassis
1284 1473 1463 1507 abusibus.
1517 1473 1589 1508 Alii
1617 1486 1760 1521 propter
1784 1482 1966 1516 avaritiam
1993 1497 2046 1518 res
2069 1488 2121 1519 vi-

1132 1522 1237 1555 tiosas
1254 1525 1424 1568 vendunt,
1453 1531 1557 1569 atque
1570 1525 1636 1560 Dei
1654 1529 1746 1563 dona
1764 1542 2005 1577 corrumpunt,
2034 1538 2119 1571 adeo

1132 1579 1171 1606 ut
1194 1585 1259 1606 nec
1277 1574 1377 1617 panis
1395 1587 1458 1608 nec
1476 1582 1577 1619 potus
1596 1579 1746 1613 salubris
1763 1589 1978 1628 naturaeque
1996 1599 2119 1630 corpo-

1134 1635 1214 1656 rum
1245 1625 1460 1658 conveniens
1489 1623 1611 1659 haberi
1641 1631 1761 1672 possit.
1823 1632 1897 1666 Alii
1930 1634 2119 1671 Homerico

1134 1672 1251 1706 Grillo
1270 1675 1418 1715 similes,
1447 1677 1506 1720 qui
1524 1688 1540 1708 a
1555 1677 1656 1711 Circe
1676 1680 1711 1712 in
1730 1694 1874 1724 porcum
1891 1692 2046 1719 mutatus
2065 1701 2119 1721 re-

1134 1723 1247 1766 cipere
1273 1722 1430 1758 hominis
1455 1727 1600 1769 figuram
1624 1730 1757 1771 noluit,
1790 1734 1876 1767 adeo
1903 1736 2121 1771 delectantur

1133 1774 1378 1813 immunditie,
1413 1777 1576 1810 sordibus
1613 1786 1646 1813 et
1678 1781 1817 1824 illuvie,
1851 1792 1888 1818 ut
1919 1786 1953 1818 in
1987 1800 2118 1822 morem

1133 1825 1203 1857 suis
1220 1825 1385 1858 lutulenti
1404 1827 1575 1870 quaslibet
1592 1842 1660 1870 res,
1689 1845 1832 1875 panem,
1861 1848 1999 1876 carnes,
2027 1852 2119 1872 cere-

1134 1875 1276 1913 visiam,
1303 1882 1335 1909 et
1360 1876 1393 1908 id
1421 1889 1530 1919 genus
1555 1880 1620 1912 alia
1647 1894 1870 1927 corrumpere
1897 1893 1929 1920 et
1949 1891 2119 1922 contami-

1134 1938 1217 1958 nare
1234 1926 1379 1960 soleant,

1238 1983 1324 2018 Istos
1348 1996 1479 2019 crassos
1504 1987 1633 2020 abusus
1654 2001 1725 2023 nou
1744 1995 1930 2035 agnoscitis
1947 2009 2008 2031 nec
2027 1998 2119 2031 iudi-

1135 2034 1217 2067 catis
1241 2047 1312 2067 esse
1334 2043 1491 2078 peccata,
1520 2045 1701 2082 propterea
1727 2045 1954 2080 cumulantur
1972 2060 2118 2091 poenae,

1133 2084 1227 2117 Deus
1259 2092 1419 2119 aeternus
1451 2087 1640 2121 clementer
1666 2094 1776 2125 nostri
1801 2096 1964 2131 misertus
1988 2100 2117 2133 tribuat

1134 2133 1187 2167 bis
1211 2135 1414 2177 regionibus
1439 2138 1604 2172 salutaria
1628 2143 1819 2183 regimina,
1848 2160 1935 2191 quae
1953 2160 2022 2181 non
2041 2163 2115 2194 per-

1134 2187 1272 2219 mittant
1298 2186 1406 2219 laxari
1430 2189 1629 2231 petulanter
1652 2189 1795 2227 honesta
1813 2197 2020 2241 discipliuae
2041 2202 2117 2233 vin-

1134 2237 1224 2269 cula.

1186 2332 1268 2365 Non
1289 2330 1550 2367 thesaurizate
1570 2333 1666 2367 vobis
1684 2334 1877 2374 thesauros
1893 2343 1928 2375 in
1946 2347 2065 2378 terra.

1237 2413 1309 2447 Iam
1342 2415 1500 2459 sequitur
1532 2417 1653 2449 concio
1686 2419 1728 2452 de
1759 2424 1904 2456 avaritia
1933 2432 1963 2457 et
1991 2427 2115 2460 fiducia

1135 2465 1374 2509 acquiescente
1398 2466 1432 2497 in
1458 2466 1622 2509 pecunia,
1648 2469 1793 2514 opibus,
1823 2481 1852 2506 et
1879 2476 1976 2517 copia
2002 2477 2049 2509 rvi
2068 2479 2116 2511 sa-

1134 2516 1293 2549 miliaris.

1236 2574 1304 2608 Hic
1327 2575 1479 2617 primum
1500 2575 1720 2612 familiariter
1738 2588 1817 2613 nota
1837 2582 1902 2615 :zint
1923 2586 2021 2618 vobis
2042 2600 2115 2621 ver-

1136 2626 1177 2658 ba
1201 2625 1299 2658 Pauli
1327 2623 1455 2669 Eplies.
1481 2626 1534 2660 4.:
1572 2626 1820 2675 Unusquisque
1848 2633 1977 2669 laboret
2004 2640 2117 2671 mani-

1135 2676 1199 2711 bus
1217 2677 1288 2710 suis
1305 2688 1454 2720 operans
1472 2678 1604 2710 bonum
1617 2705 1625 2717 ,
1653 2687 1688 2713 ut
1704 2687 1734 2713 et
1753 2683 1824 2725 ipse
1841 2680 1984 2725 habeat,
2013 2695 2044 2721 et
2063 2690 2116 2722 in-

1568 2728 1615 2761 43
