2409 2915
311 95 386 132 50⁷

415 176 498 212 Duo
522 171 608 208 dicit
627 166 822 214 Propheta:
850 162 984 202 Omnis
1006 163 1069 210 qui
1085 160 1303 198 invocaverit

315 240 445 266 nomen
465 223 628 262 Domini,
656 221 772 254 salvus
789 218 866 253 erit.
916 215 1026 257 Item,
1051 215 1096 249 de
1111 212 1303 248 donatione

317 279 472 325 Spiritus
489 274 617 309 sancti:
645 269 838 305 Effundam
853 269 898 302 de
912 266 1039 313 spiritu
1054 276 1146 301 meo.
1198 261 1304 297 Utra-

316 341 386 376 que
409 325 581 362 sententia
604 329 655 357 est
676 320 836 366 opposita
851 317 932 362 legi.
983 316 1056 351 Lex
1074 317 1174 349 docet
1190 320 1223 347 et
1241 324 1305 357 po-

317 381 424 415 stulat
440 377 571 416 multa,
597 373 657 408 sed
673 383 746 406 non
763 371 890 408 salvat,
918 369 989 401 imo
1005 371 1159 404 accusat,
1185 369 1224 397 ut
1241 364 1305 396 do-

319 437 372 465 cet
388 428 535 463 Paulus:
562 424 636 459 Lex
652 423 740 456 iram
755 426 933 466 operatur.
984 416 1055 452 Sed
1071 416 1139 450 alia
1156 421 1205 448 est
1220 412 1305 446 novi

319 477 538 516 Testamenti
569 472 804 520 praedicatio,
836 481 925 514 quae
949 467 1126 513 promittit
1147 465 1307 520 salutem,

319 540 352 566 et
375 530 518 576 quidem
542 523 716 571 promittit
740 519 928 558 omnibus,
955 519 1014 552 sed
1040 512 1306 550 invocantzbus.

321 582 418 625 Quid
442 585 493 613 est
508 576 713 622 promittere
728 570 900 606 salutem?
951 568 1162 603 Promittere
1178 566 1309 598 libera-

321 633 453 666 tionem
481 640 499 661 a
524 632 683 671 peccato,
717 623 761 657 ab
785 622 836 656 ira
860 620 946 662 Dei,
980 631 999 653 a
1023 626 1134 653 morte
1158 622 1310 656 aeterna,

320 679 550 716 donationem
566 676 658 710 vitae
676 681 848 708 aeternae.

425 736 523 771 Haec
546 735 660 769 adfert
677 744 810 767 novum
828 730 1113 767 Testamentum,
1139 738 1212 760 non
1229 736 1312 770 pro-

321 798 399 836 pter
431 789 561 831 legem,
596 785 656 819 sed
691 790 828 817 tantum
861 778 1052 814 invocanti.
1104 776 1188 810 Ideo
1216 775 1311 809 enim

323 840 426 875 dicit:
454 837 647 874 lavemus,
674 841 713 868 ut
732 834 907 867 discernat
924 830 1056 868 tultus,
1083 826 1183 872 quasi
1201 826 1311 859 dicat:

322 892 408 926 Non
438 893 626 934 quaeretur
656 892 741 919 tunc
775 883 838 915 iste
862 881 977 914 cultus
1001 878 1104 920 legis,
1139 877 1198 911 sed
1223 875 1313 909 alius

323 942 455 978 cultus,
480 937 631 976 scilicet,
656 931 833 967 invocatio
848 930 941 970 sola,
966 939 1055 973 quae
1072 933 1123 961 est
1137 939 1204 960 vox
1221 925 1314 967 fidei,

324 989 500 1027 credentis
517 994 550 1020 et
567 983 770 1029 accipientis
789 980 1058 1026 promissionem
1070 1005 1079 1018 ‚
1106 984 1140 1011 et
1159 977 1312 1010 claman-

325 1043 386 1077 tis:
415 1040 518 1074 Abba
541 1043 650 1081 pater.
706 1032 788 1067 ldeo
807 1030 875 1065 hoc
891 1031 1024 1064 dictum
1044 1028 1218 1061 dulcescet
1235 1027 1313 1060 ani·

325 1105 406 1134 mo,
435 1101 513 1124 cum
536 1085 768 1130 cogitabimus
792 1081 1061 1131 promissionem
1079 1090 1153 1112 esse
1170 1077 1314 1112 univer-

326 1143 453 1181 salem,
480 1145 513 1173 et
537 1139 579 1171 ad
604 1148 669 1170 nos
694 1135 788 1179 ipsos
815 1133 997 1177 pertinere.
1052 1127 1098 1163 Et
1124 1141 1187 1173 per
1210 1129 1313 1161 invo-

325 1193 500 1227 cationem
516 1187 747 1230 intelligimus
760 1185 882 1224 fidem,
909 1181 1152 1216 excludentem
1171 1178 1313 1224 propria

325 1243 470 1281 merita,
496 1247 529 1274 et
553 1244 692 1273 tantum
716 1235 885 1270 nitentem
902 1232 1078 1271 Domino,
1104 1230 1165 1276 qui
1191 1230 1260 1263 iam
1280 1241 1315 1262 se
1340 1234 1341 1238 ’

326 1292 500 1340 patefecit.
560 1287 714 1334 Oportet
744 1285 838 1320 enim
869 1282 1022 1318 discerni
1054 1280 1314 1315 invocationem

327 1357 347 1378 a
371 1343 470 1378 cultu
490 1341 585 1384 legis.
640 1338 729 1373 Nam
754 1342 788 1370 et
803 1333 888 1368 haec
906 1335 978 1378 ipsa
995 1344 1078 1365 vox:
1106 1329 1237 1364 Omnis
1254 1329 1315 1374 qui

329 1396 470 1428 invocat
493 1402 624 1425 nomen
649 1386 815 1426 Domini,
845 1383 1057 1424 salvabitur,
1094 1386 1143 1413 est
1168 1380 1316 1422 abroga—

329 1445 378 1479 tio
396 1443 492 1487 legis.

431 1501 500 1536 Hic
524 1499 756 1533 admoneatur
778 1494 938 1531 auditor,
975 1498 1013 1526 ut
1039 1490 1228 1533 diligenter
1250 1488 1317 1522 sibi

332 1553 484 1588 inculcet
504 1548 596 1583 hanc
620 1545 844 1592 particulam:
873 1541 1004 1577 Omnis
1023 1541 1083 1587 qui
1103 1539 1319 1574 invocaverit

331 1614 461 1638 nomen
486 1598 649 1638 Domini,
683 1597 800 1630 salvus
825 1595 910 1634 erit,
938 1593 1021 1626 sciat
1047 1603 1119 1624 esse
1143 1602 1317 1623 summam

330 1651 537 1697 Evangelii,
569 1657 602 1684 et
634 1647 808 1690 intelligat
838 1643 1097 1678 invocationem
1122 1653 1196 1675 non
1221 1653 1318 1673 more

331 1705 436 1748 legis,
463 1703 498 1736 id
525 1707 593 1741 est,
620 1711 693 1733 non
719 1698 767 1731 sic
791 1696 936 1739 cogitet,
963 1694 1131 1726 invocans
1155 1692 1320 1731 salvatur,

332 1755 463 1789 scilicet
481 1753 510 1786 si
527 1752 654 1796 dignus
671 1749 755 1789 erit,
782 1748 809 1781 si
828 1746 908 1780 satis
927 1743 1074 1778 habebit
1089 1755 1235 1788 operum
1254 1749 1318 1775 etc.

333 1807 390 1840 sed
411 1806 598 1843 invocans,
624 1801 659 1834 id
677 1807 746 1840 est,
772 1811 845 1832 non
864 1796 1000 1839 fugiens
1012 1794 1145 1834 Deum,
1171 1794 1228 1827 sed
1246 1805 1320 1826 cre—

333 1858 420 1889 dens
438 1855 466 1889 ei
486 1861 628 1899 propter
643 1851 810 1886 Messiam
827 1848 972 1882 missum
991 1858 1008 1879 a
1026 1852 1123 1890 patre
1140 1844 1294 1878 coelesti.

803 1948 849 1984 ll.

438 2022 490 2057 De
518 2022 626 2054 altera
652 2016 837 2062 particula:
872 2000 1062 2057 Quomodo
1086 2012 1121 2046 fit
1146 2009 1230 2044 baec
1254 2012 1323 2045 sal-

337 2074 457 2109 vatio'?
510 2071 566 2105 Fit
582 2068 648 2103 boc
665 2069 788 2101 modo:
818 2064 1010 2099 Effundam
1028 2065 1070 2096 de
1090 2063 1215 2107 spiritu
1234 2075 1321 2096 meo.
1347 2066 1349 2082 ¹

338 2125 433 2159 Haec
465 2130 515 2157 est
546 2121 633 2154 mira
660 2131 744 2158 vox,
780 2125 812 2151 et
835 2128 936 2160 snpra
963 2126 1102 2147 omnem
1127 2111 1321 2147 humanum

337 2183 496 2219 captum,
521 2171 618 2207 Deus
636 2169 802 2205 salvabit,
829 2179 902 2199 non
923 2167 1011 2207 tego,
1039 2165 1097 2197 sed
1120 2165 1323 2208 impertiens

339 2228 509 2270 seipsum,
536 2221 748 2258 Effundam,
777 2217 910 2262 inquit,
938 2217 979 2248 dc
999 2215 1080 2248 Meo
1098 2215 1252 2259 Spiritu,
1280 2216 1322 2248 de

338 2289 414 2310 mea
446 2273 657 2309 substantia,
695 2269 905 2312 Ubicunque
941 2273 988 2299 cst
1022 2267 1212 2298 substantia
1247 2265 1323 2306 Dei,

342 2328 389 2360 ibi
419 2333 467 2359 est
498 2323 627 2358 noticia
657 2320 743 2360 Dei,
777 2318 918 2352 dilectio
950 2316 1034 2353 Dei.
1072 2317 1140 2348 vita
1171 2325 1320 2350 aeterna.
1346 2314 1349 2337 ⁴

339 2377 436 2420 Quid
458 2381 569 2419 potest
588 2374 684 2407 Dens
703 2373 784 2404 dare
805 2369 934 2405 maius,
960 2379 1063 2412 qnam
1082 2369 1173 2411 quod
1195 2369 1321 2410 imper-
1346 2366 1350 2398 ι’

341 2430 381 2462 tit
405 2427 507 2460 nobis
531 2426 574 2458 de
596 2436 658 2457 suo
679 2422 825 2465 spiritu,
853 2421 894 2453 de
915 2431 974 2452 sua
993 2418 1208 2451 substantia?
1235 2419 1322 2452 sicut

341 2478 464 2512 Petrus
481 2475 614 2521 inquit,
643 2485 705 2506 nos
722 2473 793 2505 ficri
813 2470 999 2515 participes
1017 2476 1159 2501 naturae
1176 2467 1252 2502 Dei.

904 77 1029 115 PntL.
1058 73 1173 113 MEL.
1201 72 1412 113 SCRIPTA
1437 69 1740 110 EXEGETICA.

441 2544 586 2579 Utinam
610 2548 747 2575 tantum
772 2540 905 2571 donum
926 2548 1191 2579 agnoscere-mus
1209 2549 1245 2569 ac
1265 2549 1321 2580 pe·
1346 2505 1350 2557 Ι

341 2605 508 2634 teramus,
536 2601 572 2627 ut
590 2591 655 2625 boc
672 2591 797 2633 spiritu
811 2588 1025 2625 confirmati,
1052 2587 1323 2629 glorificatorum

340 2645 452 2680 Deum
475 2646 514 2681 in
543 2642 778 2681 confessione,
808 2647 838 2673 et
864 2640 900 2672 in
925 2645 994 2673 tota
1018 2638 1097 2671 vita.
1153 2636 1220 2670 Sed
1241 2639 1322 2682 quia
1346 2622 1350 2663 i

2259 73 2333 110 ³0⁸

1353 171 1428 194 non
1443 169 1642 193 exercemus
1653 185 1662 199 ,
1692 169 1731 192 ac
1747 156 2026 201 languescimus,
2051 155 2131 190 ideo
2146 158 2336 195 amittimus

1355 211 1450 244 dona
1468 208 1558 250 Dei,
1584 209 1675 243 sicut
1697 208 1843 243 dicitur:
1871 206 2026 241 Habenti
2051 207 2203 241 dabitur.
2254 208 2336 244 ldeo

1354 259 1634 305 magnitudinem
1657 257 1763 293 huius
1786 259 1872 292 doni
1891 257 2025 299 divini,
2048 257 2202 301 Spiritus
2218 260 2339 300 sancti,

1356 311 1394 345 in
1421 321 1486 344 nos
1509 309 1630 350 effusi,
1660 321 1734 342 non
1757 309 2008 353 intelligimus,
2039 308 2122 353 qnia
2146 320 2218 341 non
2243 320 2341 342 exer-

1358 371 1494 402 cemus,
1527 371 1601 393 non
1633 360 1843 403 proferimus
1871 358 1939 393 boc
1965 360 2122 399 donum,
2155 359 2213 391 sed
2240 370 2345 393 excu-

1358 412 1484 452 timus,
1522 410 1770 444 contristamus
1803 409 1976 455 Spiritum
2011 415 2183 444 sanctum.
2248 407 2342 443 Haec

1358 468 1441 496 sunt
1463 472 1590 505 magna
1615 467 1751 505 peccata
1776 460 1813 493 in
1833 461 1987 502 mundo,
2013 471 2102 506 quae
2119 467 2237 494 tamen
2255 460 2343 494 ratio

1359 524 1432 546 non
1447 512 1579 546 iudicat
1596 517 1655 544 aut
1671 510 1795 546 cernit.

1462 568 1607 604 Eruditi
1624 569 1847 603 considerent
1865 566 1930 603 hoc
1946 569 2110 607 verbum,
2137 563 2238 608 Meo,
2266 578 2345 601 cum

1361 619 1507 654 dicitur:
1535 619 1728 655 Effundam
1746 620 1789 653 de
1804 619 1929 664 spiritu
1946 630 2037 653 meo.
2077 618 2236 653 Primum
2253 618 2347 651 euim

1362 670 1534 714 significat
1561 671 1725 715 spiritum
1757 681 1828 704 esse
1854 681 2040 715 personam
2066 669 2347 703 consubstantia-

1363 722 1433 755 lem
1451 719 1539 756 Deo.
1591 720 1729 754 Deinde
1751 721 1872 761 docet,
1899 721 1994 766 quod
2012 719 2106 754 Deus
2129 720 2177 754 ita
2202 730 2267 753 nos
2292 730 2347 752 re-

1365 771 1505 811 stituat,
1532 771 1667 817 aliquid
1685 783 1768 805 suae
1783 771 1996 805 substantiae
2012 769 2226 814 impertiens.
2278 767 2350 804 Ubi

1364 829 1481 856 autem
1504 829 1554 856 est
1571 822 1765 856 substantia
1782 821 1869 862 Dei,
1896 822 1945 854 ibi
1964 829 2015 857 est
2032 821 2108 862 lux,
2135 821 2170 854 id
2189 827 2258 859 est,
2284 831 2348 853 no-

1365 873 1446 907 ticia
1469 885 1549 906 vera
1565 871 1650 913 Dei,
1677 885 1758 906 vera
1782 873 1924 906 dilectio
1946 872 2037 913 Dei,
2063 878 2096 905 et
2112 872 2181 905 vita
2198 877 2349 905 aeterna.
2372 898 2377 900 ,

1365 922 1460 956 Haec
1490 923 1610 957 omnia
1642 930 1724 957 sunt
1754 923 1858 967 longe
1891 935 1995 967 supra
2024 929 2163 966 captum
2186 921 2351 960 rationes,
2378 917 2395 965 J

1365 985 1470 1018 supra
1503 973 1679 1007 iusticiam
1709 973 1815 1017 legis,
1847 980 1880 1007 et
1911 971 2100 1007 humanam
2129 971 2348 1016 sapientiam.

1366 1024 1520 1067 Intelligi
1544 1030 1661 1057 autem
1686 1030 1873 1067 poterunt,
1900 1024 1928 1056 si
1952 1023 2190 1056 exercebimus
2207 1023 2352 1062 donum,

1366 1075 1403 1108 in
1419 1073 1638 1108 confessione
1655 1081 1688 1108 et
1703 1073 1924 1108 invocatione
1942 1073 2159 1119 quotidiana.

1826 1182 1892 1219 Ill.

1600 1247 1643 1279 Εἰ
1662 1247 1902 1289 prophetabunt
1920 1246 1988 1288 filiu·
2010 1248 2122 1279 vestri.

1471 1315 1582 1348 Addit
1599 1315 1696 1358 signa
1711 1321 1744 1348 et
1762 1316 1974 1357 testimonia,
2001 1323 2033 1350 et
2050 1316 2234 1361 praecipua
2250 1329 2354 1361 opera

1369 1365 1524 1411 Spiritus
1541 1365 1662 1400 sancti.
1711 1364 1871 1399 Primum
1889 1373 1959 1405 est,
1986 1364 2214 1411 prophetare,
2240 1367 2275 1401 id
2295 1375 2356 1407 est,

1369 1423 1461 1450 recte
1494 1415 1690 1459 intelligere
1721 1422 1753 1449 et
1784 1427 1948 1449 enarrare
1977 1414 2232 1460 Evangelium,
2274 1418 2355 1463 quia

1369 1466 1603 1509 Evangelinm
1635 1472 1684 1499 est
1714 1466 1872 1500 doctrina
1903 1467 1946 1499 de
1977 1467 2158 1500 voluntate
2183 1466 2248 1500 Dei
2276 1479 2355 1511 erga

1369 1529 1453 1557 nOS,
1486 1529 1591 1562 qnam
1617 1514 1770 1549 hnmana
1795 1516 1883 1549 ratio
1909 1528 1980 1548 non
2007 1517 2154 1560 percipit
2176 1517 2252 1550 sine
2274 1517 2357 1562 Spi-

1371 1569 1441 1602 ritu
1463 1574 1602 1607 sancto,
1628 1567 1718 1600 sicut
1735 1566 1865 1599 Paulus
1890 1566 2021 1611 inquit:
2050 1566 2226 1601 Animalis
2249 1564 2356 1602 bomo

1372 1631 1443 1652 non
1469 1617 1616 1662 percipit
1639 1629 1675 1649 ea
1699 1629 1787 1661 quae
1803 1615 1868 1650 Dei
1895 1623 1988 1651 sunt.
2041 1616 2140 1651 Sicut
2163 1617 2231 1650 iam
2258 1618 2357 1651 vide-

1372 1680 1467 1709 mus,
1494 1668 1578 1713 qnid
1599 1674 1700 1711 agant
1718 1667 1891 1710 sapientes
1908 1667 2051 1707 mundi,
2077 1679 2229 1713 qnorum
2247 1668 2358 1714 aliqui

1372 1721 1498 1753 volunt
1522 1719 1632 1752 videri
1664 1718 1860 1760 intelligere
1885 1717 2136 1760 Iis-angelium,
2163 1730 2242 1752 cum
2267 1727 2359 1754 certe

1373 1783 1447 1803 nou
1476 1769 1686 1812 intelligant.
1750 1766 1941 1812 Origenes.
1978 1767 2218 1814 Hieronymus
2239 1775 2274 1803 et
2297 1769 2357 1803 alii

1373 1821 1474 1854 multi
1500 1832 1572 1854 non
1598 1819 1844 1852 intellexerunt
1864 1819 2029 1853 noticiam
2049 1820 2140 1853 fidei.
2192 1818 2287 1854 Haec
2303 1821 2359 1853 di-

1374 1879 1426 1905 cta
1444 1871 1561 1904 Pauli:
1589 1870 1660 1903 Lex
1684 1871 1770 1902 iram
1796 1877 1980 1913 operatur.
2013 1869 2190 1904 lustificati
2213 1870 2280 1903 fide
2297 1882 2358 1914 pa-

1374 1935 1446 1955 cem
1475 1919 1662 1959 habemus,
1689 1921 1774 1953 adeo
1800 1933 1872 1953 non
1899 1920 2166 1961 intellexerunt,
2192 1927 2230 1954 ut
2253 1921 2357 1954 etiarn

1375 1973 1525 2005 absurda
1552 1978 1585 2004 et
1610 1971 1800 2014 impropria
1826 1983 1898 2003 esse
1922 1971 2135 2015 putaverint.
2190 1970 2238 2005 lta
2264 1983 2358 2005 nunc

1375 2022 1478 2056 multi
1495 2019 1669 2064 Theologi
1696 2019 1779 2055 haec
1802 2022 1892 2055 dicta
1913 2034 1983 2054 non
2006 2021 2226 2065 intelligunt,
2253 2023 2358 2056 etiarn

1375 2085 1453 2106 cuin
1472 2073 1575 2105 verba
1594 2072 1788 2105 imitantur.
1843 2072 1911 2106 Sed
1930 2073 1990 2117 qni
2009 2072 2235 2116 intelligunt?
2269 2071 2359 2106 Vere

1377 2124 1579 2156 invocantes
1599 2122 1809 2159 Dominum,
1836 2123 1896 2167 qni
1917 2120 2045 2157 liabent
2066 2123 2190 2163 fidem,
2216 2123 2254 2156 in
2271 2135 2359 2169 quos

1376 2174 1505 2206 effusus
1522 2181 1568 2206 est
1581 2173 1733 2217 Spiritus
1750 2180 1899 2208 sanctus.

1377 2225 1600 2267 intelligunt,
1643 2232 1732 2257 recte
1764 2231 1946 2264 enarrant,
1987 2225 2215 2264 confitentur,
2249 2226 2358 2268 glori-

1377 2327 1569 2360 dcfenduut
1591 2325 1738 2369 gloriam
1757 2324 1832 2359 Dei.

2391 2082 2402 2106 7
2391 2030 2407 2055 r?
2392 1919 2409 2008 *-⁷-·2

1953 2173 1999 2207 lli
2019 2171 2242 2218 prophetant,
2270 2182 2360 2208 recte
2393 2192 2398 2205 ·

1348 2307 1349 2311 ,
1376 2277 1477 2308 fleant
1497 2274 1626 2312 Deum,
1654 2282 1860 2308 conservant
1879 2273 1954 2309 Deo
1979 2276 2163 2320 puritatem
2184 2276 2299 2319 verbi,
2327 2283 2360 2309 et
2395 2270 2396 2274 Ἰ

1479 2385 1571 2418 llaec
1593 2386 1712 2418 omnia
1731 2382 1999 2428 comprehendit
2018 2387 2175 2425 verbum,
2202 2383 2358 2430 Prophe*
2388 2352 2395 2482 ξ

1376 2445 1467 2474 tare,
1497 2434 1532 2469 lii
1551 2444 1630 2469 sunt
1648 2436 1735 2479 grati
1752 2437 1865 2469 cultus
1883 2433 1977 2473 Deo,
2006 2437 2095 2470 sicut
2110 2437 2276 2480 scriptum
2292 2443 2356 2470 σευ

1377 2487 1532 2521 Laudato
1561 2487 1659 2528 pueri
1685 2485 1877 2520 Dominum
1897 2494 1960 2521 etc.

1375 2545 1522 2576 stemus,
1559 2536 1664 2571 Tales
1689 2534 1879 2581 prophetae
1903 2537 2028 2578 simus,
2055 2538 2127 2571 veri
2151 2537 2358 2580 interpretes
2386 2533 2392 2573 l

1375 2596 1407 2621 et
1434 2589 1658 2622 confessores.
1720 2586 1904 2621 Discamus
1928 2599 2027 2631 ergo.
2057 2594 2204 2633 quantas
2228 2599 2280 2620 ren
2304 2588 2358 2621 his
2384 2603 2391 2632 ²¹.

1375 2640 1605 2672 concionibus
1629 2645 1820 2683 proponat,
1847 2639 1890 2671 de
1914 2650 1993 2672 vera
2015 2638 2254 2678 invocatione,
2281 2639 2358 2678 fide,
2386 2648 2391 2673 t

2020 2485 2095 2521 llos
2119 2487 2232 2521 cultus
2257 2498 2357 2531 prae·-
2388 2486 2394 2532 t
