2409 2915
136 127 185 164 5⁷
564 127 611 162 X.
663 123 965 161 EXPLlCATlO
993 123 1402 162 PROVERBIORUM
1430 126 1731 165 SALOMONIS.
2113 131 2160 165 58

134 225 217 248 men
248 214 373 248 volunt
402 211 515 246 videri
544 211 709 255 defugere
740 211 795 253 id,
844 213 939 258 quod
970 213 1120 246 maxime

134 271 316 310 appetunt.
370 263 475 297 Tales
495 262 657 296 nominat
673 261 880 297 Aristoteles
901 262 1119 309 βαυκοπαν-

135 312 311 364 ούργους,
336 316 372 348 id
390 320 461 357 est,
489 314 566 348 ficte
581 313 810 349 fastidientes,

233 383 414 417 Praeterea
442 381 503 426 qui
528 388 610 415 sunt
634 382 743 415 evecti
767 383 896 416 deinde
920 383 1117 428 plerunque

132 435 327 468 abutuntur
351 438 521 477 potestate
544 433 587 465 ad
607 432 759 476 privatas
777 434 1003 477 cupiditates,
1027 435 1118 468 sicut

131 484 244 521 David
269 483 305 516 in
331 494 438 526 regno
459 483 528 516 sibi
545 483 711 524 indulsit,
739 491 771 517 et
789 485 899 518 multo
919 485 1027 528 magis
1044 485 1115 520 alii.

130 535 198 569 Hic
226 534 336 568 simus
368 545 540 567 memores
570 534 657 567 dicti
691 534 892 578 Siracidae,
927 537 1040 580 capite
1063 536 1114 571 5.;

129 584 211 628 Quo
237 585 349 618 maior
373 597 428 626 es,
455 591 552 618 tanto
577 585 685 629 magis
705 593 738 619 te
756 583 923 629 humilia,
952 587 1000 620 sic
1016 587 1114 620 inve-

86 629 90 634 ’
127 636 230 670 niens
253 637 400 679 gratiam
418 648 533 669 coram
554 634 640 669 Deo.
695 637 826 670 Notum
845 638 888 671 sit
908 638 1010 671 etiam
1029 637 1114 671 Plu-

127 685 241 721 tarchi
261 687 410 721 dictum:
440 686 608 730 Princeps
627 687 785 721 imitetur
802 689 909 721 solem
924 715 932 728 ‚
959 689 1019 734 qui
1035 700 1112 721 cum

127 739 165 771 in
186 750 362 772 summum
387 737 564 780 fastigium
591 739 687 772 venit
713 739 748 771 in
772 746 869 782 parte
893 739 1024 772 boreali
1041 745 1113 772 tar-

127 789 207 823 dior
229 795 298 849 est,
333 796 371 823 ut
394 789 439 822 sit
461 788 631 821 securior:
667 788 854 834 ¹ttttcozg'fum
858 802 900 824 ου
922 788 988 824 τὸν
1010 787 1112 834 ἥλιον

126 842 193 875 τοῦ
226 838 422 885 ἅοχοντος,
460 838 499 878 ὃς
525 837 616 873 ὅται
641 839 780 886 ὕψωμα
805 837 901 887 λάβῃ
924 852 1111 899 μεγιστοιὶ

127 889 294 936 ἐξαρθεις
312 891 350 925 ἐι
369 892 444 929 τοῖς
461 888 640 935 βορείοις,
669 891 840 936 ἐλάχιστα
858 893 1030 931 κιιεῖται,
1058 893 1111 935 τῷ

126 941 371 988 σχολαιοτέρῳ
402 940 467 976 τὸν
497 937 641 987 δρόμον
671 943 719 982 εἷς
744 939 906 989 ἀσφαλὲς
929 940 1112 977 καθιστά-

123 1006 245 1039 μενος.

175 1101 263 1139 Νοη
289 1103 448 1149 angaris
471 1104 617 1146 animo,
654 1109 691 1137 11!
704 1101 786 1149 fias
805 1102 920 1146 dives,
950 1102 1113 1151 pruden-

227 1154 319 1188 tiam
340 1159 442 1188 iuam
463 1155 631 1191 omz'llito.

227 1239 340 1274 Antea
369 1241 412 1274 de
442 1240 617 1285 Superbia
649 1241 878 1274 concionatus
912 1247 971 1276 est.
1043 1240 1112 1275 Hic

123 1292 355 1326 concionatur
372 1292 414 1324 de
423 1290 600 1327 Avaricia.
649 1290 879 1336 Nequaquam
895 1298 1011 1325 autem
1028 1304 1110 1336 pro-

122 1341 221 1376 hibet
244 1339 328 1375 haec
351 1342 525 1375 sententia
548 1342 769 1376 sedulitatem
791 1348 822 1375 et
842 1343 997 1376 lahorem
1015 1343 1110 1377 iuxta

121 1393 364 1431 vocationem,
418 1404 532 1438 neque
574 1393 793 1437 diligentiam
834 1393 870 1425 in
913 1394 1109 1428 vocatione.

121 1443 332 1489 Saepissime
355 1443 449 1477 enim
475 1456 635 1488 expresse
656 1443 871 1488 praecipitur
895 1445 939 1477 de
957 1445 1110 1488 diligen-

120 1496 168 1530 tia
192 1502 225 1529 et
253 1495 390 1535 labore,
418 1501 457 1529 ut
482 1507 586 1539 supra
608 1495 776 1528 formicae
801 1496 1000 1543 exemplum
1026 1508 1110 1540 pro-

119 1546 276 1592 ponitur.
327 1545 373 1580 Et
403 1545 440 1578 in
464 1546 675 1580 Ecclesiaste
704 1546 816 1590 capite
843 1559 951 1582 nono.
1005 1545 1108 1580 Item:

120 1597 194 1641 Qui
224 1604 393 1641 praesunt
423 1597 493 1631 sint
524 1597 720 1641 diligentes.

120 1661 194 1683 non
213 1648 330 1691 ignavi
351 1655 414 1681 etc.

221 1712 269 1748 Et
297 1715 326 1746 1.
344 1714 427 1747 Cor.
447 1713 498 1749 4.:
527 1712 604 1746 Hoc
627 1714 839 1758 requiritur,
866 1722 905 1748 ut
927 1715 1046 1747 fideles
1061 1715 1108 1747 si-

118 1776 208 1799 mus.
278 1763 361 1796 Huc
401 1771 434 1796 et
471 1764 637 1807 parabola
677 1764 827 1807 pertinet
860 1765 903 1796 de
939 1764 1108 1805 Talentis,

117 1811 248 1850 Matth.
263 1811 324 1848 25.

219 1880 379 1915 Sciamus
395 1887 530 1921 autem,
555 1881 694 1914 labores
713 1880 759 1913 ita
776 1880 894 1914 felices
907 1881 998 1922 sore,
1026 1893 1105 1914 cum

117 1932 252 1968 accedit
275 1932 445 1965 auxilium
471 1930 557 1972 Dei,
584 1932 678 1965 iuxta
700 1931 833 1964 dictum
852 1931 1002 1965 Psalmi:
1029 1931 1106 1965 Nisi

116 1984 294 2020 Dominus
323 1983 557 2016 aedificaverit
588 1983 733 2016 domum
762 1989 826 2016 etc.
879 1982 967 2016 Vult
998 1983 1107 2026 igitur

117 2034 285 2077 coniungi
303 2033 565 2067 invocationem
581 2032 646 2067 Dei
666 2040 699 2067 et
713 2039 869 2066 nostram
885 2034 1104 2077 diligentiam

116 2088 154 2121 in
183 2085 365 2120 laboribus
397 2085 640 2125 vocationum,

116 2188 229 2223 faciet.

776 1596 878 1630 Hem:
915 1596 1108 1641 D¹l¹gem¹a
1133 1582 1137 1647 i
1163 1629 1297 1674 inquit:
1327 1629 1438 1663 Labes
1461 1637 1566 1676 atque
1588 1630 1722 1663 macula
1747 1627 1850 1662 liuius
1870 1628 1975 1662 seculi
1997 1634 2067 1665 est,
2094 1628 2150 1659 in-

680 2085 775 2117 iuxta
807 2084 957 2117 dictum:
996 2083 1103 2118 Com·
1131 2119 1133 2126 Ι

117 2138 244 2171 menda
259 2136 335 2169 Deo
358 2137 449 2168 viam
475 2143 593 2180 tuam,
621 2143 653 2169 et
676 2147 774 2180 spera
799 2135 834 2167 in
859 2147 958 2176 eum,
983 2143 1016 2169 et
1034 2136 1105 2193 ipse
1130 2128 1134 2180 J

282 2184 453 2220 Prohibet
475 2194 590 2221 autem
615 2182 982 2233 ποὶυποαγυοσύνην
1000 2194 1031 2220 et
1048 2187 1104 2219 in—
1129 2187 1132 2224 ξ
1159 2186 1251 2218 dona
1275 2197 1292 2218 a
1317 2185 1392 2219 Deo
1417 2186 1564 2226 tradita,

1224 209 1283 247 Ne
1305 223 1383 246 cum
1401 212 1526 247 imtdo
1542 212 1704 249 comedas
1718 226 1870 274 panem,
1897 226 2008 263 neque
2030 228 2156 250 concu-

1272 262 1396 308 piscas
1417 263 1514 298 cibos
1537 264 1631 305 eius,
1659 266 1747 313 quia
1770 267 1809 300 in
1831 265 1960 300 anima
1977 267 2052 300 eius
2069 272 2155 300 lan-

1273 326 1385 361 quam
1403 319 1580 361 spectrum
1597 321 1658 355 est,
1685 321 1746 352 etc.

1272 389 1387 435 Supra
1417 392 1526 433 dixit,
1562 392 1775 437 periculosas
1806 406 1876 428 esse
1897 395 2153 430 familiaritates

1169 447 1353 485 potentum
1384 454 1443 476 seu
1472 443 1619 484 aulicas,
1651 444 1779 477 deinde
1804 446 1957 486 monuit,
1991 458 2034 479 ne
2057 453 2152 479 extra

1170 493 1389 526 vocationem
1417 501 1620 537 appetamus
1643 495 1836 539 potentiam
1854 502 1886 528 et
1904 508 1998 539 opes.
2050 496 2152 530 Nunc

1169 550 1307 584 monet,
1333 544 1519 587 fugiendos
1537 557 1609 578 esse
1628 545 1780 581 invidos.

1271 601 1364 637 Sunt
1388 610 1502 637 autem
1529 604 1660 646 imidi,
1685 605 1746 650 qui
1769 605 1908 643 dolent,
1936 605 2023 637 alios
2042 606 2153 638 bonos

1166 664 1228 686 seu
1255 654 1446 687 mediocres
1469 655 1589 699 aliquo
1615 657 1709 689 dono
1735 667 1795 689 seu
1818 656 1965 695 virtute,
1992 668 2052 688 seu
2075 656 2153 688 aliis

1167 704 1270 737 bonis
1286 705 1390 738 rebus
1408 706 1627 739 antecellere.
1679 705 1769 740 Cain
1788 707 1901 746 dolet,
1928 706 2070 740 fratrem
2089 719 2153 740 an-

1167 755 1328 788 tecellere
1350 752 1415 789 hac
1438 768 1563 798 magna
1578 757 1718 800 gloria,
1746 758 1840 802 qnod
1863 756 1958 790 Deus
1980 769 2059 790 eum
2086 755 2153 790 hoc

1168 806 1308 848 publico
1333 807 1537 840 testimonio
1562 809 1713 843 ornavit.
1765 807 1833 840 Hic
1857 808 1959 840 dolor
1983 819 2083 840 causa
2103 815 2153 841 cst

1166 854 1393 890 horribilium
1413 858 1588 891 malorum
1607 859 1645 892 in
1660 859 1748 899 vita,
1774 865 1812 891 ut
1828 859 2019 891 ostendunt
2038 870 2152 891 exem—

1166 907 1224 951 pla
1245 906 1355 948 Cain,
1388 906 1501 948 Esau,
1535 910 1640 948 Saul,
1675 909 1801 950 Marii,
1837 908 2014 953 Pompeii,
2051 917 2082 942 et
2106 911 2152 941 si-

1165 957 1262 991 milia
1284 958 1570 995 innumerabilia.

1266 1016 1332 1052 Est
1353 1025 1470 1052 autem
1490 1020 1569 1053 fons
1587 1019 1803 1052 invidentiae
1821 1018 2004 1063 Superbia.
2059 1019 2152 1060 Quia

1166 1069 1261 1102 enim
1289 1081 1410 1103 omnes
1444 1068 1607 1105 homines
1639 1070 1766 1104 volunt
1798 1070 1971 1109 eminere,
2008 1076 2041 1102 et
2071 1077 2152 1103 sunt

1165 1118 1394 1165 φιλαρχικοὶ,
1423 1121 1513 1155 sicut
1529 1120 1811 1155 diabolusEvam
1830 1121 2040 1165 alloquitur:
2068 1118 2152 1153 Eri—

1165 1171 1209 1204 tis
1233 1171 1321 1205 sicut
1344 1170 1416 1205 Dii.
1476 1170 1524 1206 Et
1546 1171 1678 1206 Seneca
1701 1173 1832 1217 inquit:
1867 1170 2052 1204 Humanos
2073 1172 2151 1203 ani-

1166 1232 1241 1254 mos
1265 1221 1385 1265 igneos
1406 1235 1494 1263 esse,
1523 1235 1561 1256 ac
1579 1224 1657 1257 ideo
1674 1234 1811 1256 sursum
1830 1223 1987 1256 tendere:
2017 1221 2151 1255 Dolent

1164 1270 1345 1313 homines,
1374 1286 1452 1306 cum
1477 1274 1599 1308 vident
1622 1274 1709 1307 alios
1733 1274 1959 1312 antecellere,
1988 1284 2026 1305 ac
2051 1283 2151 1315 prae—

1165 1324 1266 1367 cipue
1287 1336 1365 1357 cum
1386 1323 1452 1357 hoc
1470 1326 1622 1364 accedit,
1651 1331 1688 1358 ut
1708 1324 1774 1368 ipsi
1791 1324 2011 1357 deiiciantur.
2068 1321 2149 1355 Ideo

1163 1374 1331 1418 scriptum
1362 1383 1412 1409 est
1443 1376 1479 1408 in
1512 1375 1686 1409 Siracide:
1723 1371 1895 1418 Superbia
1926 1374 2067 1406 initium
2100 1380 2150 1406 est

1163 1425 1279 1459 omnis
1303 1427 1444 1469 peccati.
1497 1425 1542 1460 Et
1559 1428 1646 1459 adeo
1664 1426 1864 1459 communia
1883 1425 1973 1457 mala
1991 1431 2074 1458 sunt
2089 1435 2150 1457 su—

1164 1476 1283 1521 perbia
1302 1483 1334 1510 et
1353 1477 1565 1518 invidentia,
1591 1484 1630 1511 ut
1647 1477 1778 1510 dictum
1798 1477 1842 1510 sit
1861 1476 1897 1508 in
1918 1475 2054 1508 Graeco
2071 1486 2150 1507 ver-

1163 1540 1224 1567 su,
1266 1528 1386 1561 omnia
1421 1525 1566 1562 honesta
1601 1540 1736 1569 semper
1770 1527 1929 1560 comitari
1962 1526 2148 1558 invidiam:

1163 1576 1218 1612 ἀεὶ
1241 1576 1287 1612 τὰ
1312 1576 1428 1623 σεμνὰ
1450 1576 1573 1613 πάντα
1599 1578 1716 1613 ἕπεται
1744 1574 1902 1623 φθόνος.
1959 1577 2000 1610 Et
2025 1575 2147 1610 Cicero

1162 1679 1281 1712 videre
1298 1680 1434 1714 virtuti.

1264 1728 1348 1761 Ideo
1370 1735 1486 1762 autem
1508 1726 1566 1762 liic
1589 1729 1692 1763 dolor
1713 1729 1865 1762 iniustus
1889 1735 1958 1769 est,
1985 1729 2065 1772 quia
2087 1741 2150 1761 nec

1161 1779 1241 1812 Deo
1265 1791 1329 1812 nec
1351 1777 1558 1812 hominibus
1582 1779 1708 1813 tribuit
1732 1779 1904 1814 debitum.
1964 1777 2029 1819 Ut,
2060 1777 2149 1812 Cain

1161 1841 1235 1862 non
1265 1829 1335 1872 agit
1370 1830 1496 1873 gratias
1519 1828 1595 1863 Deo
1618 1830 1733 1863 edenti
1757 1829 1997 1863 testimonium
2021 1830 2064 1862 de
2088 1841 2148 1862 sua

1161 1880 1378 1923 praesentia,
1406 1887 1439 1914 et
1461 1881 1507 1913 de
1520 1880 1728 1914 collectione
1743 1878 1930 1915 Ecclesiae.
1985 1879 2055 1913 Nec
2073 1880 2148 1913 vult

1160 1931 1304 1964 fratrem
1329 1929 1458 1964 habere
1476 1932 1568 1964 dona
1587 1943 1604 1964 a
1626 1930 1700 1965 Deo
1717 1932 1794 1964 data
1807 1957 1816 1974 ,
1842 1938 1874 1964 et
1891 1937 2008 1975 postea
2028 1931 2148 1964 fu-rens

1160 1982 1283 2015 tollere
1309 1994 1387 2015 eum
1411 1990 1569 2015 conatur.
1631 1982 1689 2016 Sic
1714 1989 1747 2016 et
1773 1981 1858 2016 Saul
1881 1993 1954 2015 non
1979 1981 2048 2025 agit
2071 1980 2147 2015 Deo

1159 2033 1286 2076 gratias
1309 2045 1372 2076 pro
1398 2033 1519 2066 multis
1543 2034 1734 2072 beneficiis,
1767 2034 1861 2078 quod
1886 2045 1947 2075 per
1973 2031 2147 2065 Davidem

1161 2091 1193 2117 et
1219 2083 1419 2117 testimonia
1446 2086 1504 2117 dat
1524 2081 1718 2124 Ecclesiae,
1745 2092 1777 2118 et
1799 2084 1923 2117 tribuit
1949 2083 2076 2116 multas
2093 2084 2147 2115 vi-

1159 2134 1286 2168 ctorias
1310 2146 1373 2168 suo
1397 2146 1517 2178 regno.
1570 2134 1642 2168 Nec
1661 2136 1736 2168 vult
1751 2134 1922 2167 Davidem
1942 2131 2070 2166 habere
2087 2134 2146 2166 illa

1598 2187 1800 2220 incenditur
1824 2185 2084 2228 indignatione,
2113 2191 2145 2218 et

117 2241 207 2274 iusta
233 2237 400 2281 aucupia,
428 2249 517 2282 quae
536 2235 644 2271 homo
662 2237 816 2283 quaerit,
844 2237 932 2282 qnia
942 2236 1018 2271 Deo
1036 2238 1103 2271 dis-
1129 2213 1132 2308 ξ
1159 2236 1349 2269 insidiatur
1365 2237 1439 2270 eius
1459 2237 1562 2270 vitae.

117 2291 211 2331 fidit,
239 2297 272 2323 et
289 2287 351 2322 hac
369 2288 565 2322 diffidentia
581 2289 768 2322 cruciatur.
822 2289 854 2321 fl
860 2300 922 2321 ane
939 2281 1132 2356 diffidam-J

116 2343 200 2376 tiam
228 2346 337 2380 taxat,
368 2351 439 2372 non
467 2339 687 2383 diligentiam
713 2339 750 2371 in
777 2340 941 2373 mandato
970 2340 1101 2374 labore.

115 2392 210 2427 Dicit
235 2392 342 2434 igitur
365 2387 423 2423 hic
441 2390 629 2431 Salomon,
657 2388 811 2423 hnmana
836 2391 981 2423 consilia
1006 2391 1103 2424 vide-
1128 2376 1131 2445 Ξ

1128 2449 1130 2451 “
1128 2423 1252 2474 Haec
1277 2441 1361 2475 vitia
1387 2438 1547 2474 hocloco
1564 2441 1795 2480 damnantur,
1824 2446 1855 2472 et
1875 2439 2063 2471 traduntur
2080 2440 2140 2471 ad-

115 2445 196 2478 licet
222 2449 315 2476 extra
340 2441 558 2474 vocationem
587 2448 743 2485 suscepta
770 2447 802 2474 et
827 2441 976 2481 iniusta,
1004 2441 1102 2475 irrita

116 2507 207 2535 esse,
244 2500 275 2527 et
313 2492 431 2535 sugere
462 2493 604 2526 divitias
638 2505 699 2526 ceu
732 2492 881 2537 Aquilas
912 2493 1100 2527 av.olantes

114 2545 272 2581 Revocat
303 2543 410 2587 igitur
444 2556 509 2577 nos
544 2545 585 2576 ad
620 2550 727 2577 metas
754 2543 966 2583 vocationis,
1001 2551 1033 2577 et
1058 2545 1129 2578 ad

113 2597 306 2642 petendum
325 2594 493 2627 auxilium
505 2593 583 2634 Dei,
613 2601 645 2628 et
662 2595 704 2628 ad
724 2594 944 2638 diligentiam
962 2607 1000 2628 ac
1018 2607 1101 2639 pru-
1126 2595 1129 2637 j

117 2648 271 2682 dentiam
290 2645 463 2680 divinitus
480 2652 711 2690 praeceptam.

1261 2286 1427 2321 Vicinum
1461 2294 1512 2321 est
1539 2288 1663 2321 vitium
1691 2284 1982 2333 ἕπιχαιοεκακία,
2025 2287 2057 2318 id
2085 2293 2144 2325 est,

1129 2326 1293 2399 {laeticia
1326 2339 1363 2372 in
1391 2339 1587 2372 calamitate
1612 2340 1785 2372 iustorum
1812 2350 1870 2370 sen
1895 2337 2143 2376 toleralxilinm,

1156 2396 1196 2423 ut
1235 2389 1399 2424 diabolus
1446 2390 1729 2424 manifestissime
1768 2396 1818 2423 est
1858 2386 2141 2432 ἕπιχαιοεκακος.

1157 2491 1370 2526 monitiones
1387 2493 1430 2525 de
1448 2491 1613 2535 fugienda
1632 2492 1795 2525 societate
1813 2489 2015 2522 invidorum
2034 2495 2065 2521 et
2084 2501 2142 2522 su-

1156 2543 1355 2587 spicacium.
1420 2541 1506 2576 Item
1528 2543 1571 2575 de
1594 2554 1674 2576 vera
1697 2539 1941 2575 benevolentia
1966 2540 2081 2572 cordis
2106 2541 2142 2572 in

1156 2595 1324 2628 omnibus
1339 2594 1464 2628 officiis
1481 2595 1700 2638 praestanda.

1259 2644 1306 2680 Ut
1327 2653 1542 2679 caeterarum
1568 2644 1738 2677 virtutum
1755 2642 1854 2676 initia
1870 2648 1951 2675 sunt
1968 2653 1985 2674 a
2003 2642 2145 2680 indicio,

1157 2696 1339 2730 voluntate
1366 2703 1399 2730 et
1425 2696 1548 2729 corde:
1587 2694 1633 2728 ita
1660 2701 1694 2729 et
1720 2693 1949 2728 beneficentia
1977 2694 2078 2726 debet
2107 2706 2145 2725 ex
