<?xml version="1.0" encoding="UTF-8"?>
<!DOCTYPE html PUBLIC "-//W3C//DTD XHTML 1.0 Transitional//EN"
    "http://www.w3.org/TR/xhtml1/DTD/xhtml1-transitional.dtd">
<html xmlns="http://www.w3.org/1999/xhtml" xml:lang="en" lang="en">
 <head>
  <title>
</title>
<meta http-equiv="Content-Type" content="text/html;charset=utf-8" />
  <meta name='ocr-system' content='tesseract 3.04.00' />
  <meta name='ocr-capabilities' content='ocr_page ocr_carea ocr_par ocr_line ocrx_word'/>
</head>
<body>
  <div class='ocr_page' id='page_1' title='image "./operaquaesupersu14melauoft/operaquaesupersu14melauoft_0442.png"; bbox 0 0 2409 2915; ppageno 0'>
   <div class='ocr_carea' id='block_1_1' title="bbox 264 107 339 143">
    <p class='ocr_par' dir='ltr' id='par_1_1' title="bbox 264 107 339 143">
     <span class='ocr_line' id='line_1_1' title="bbox 264 107 339 143; baseline -0.053 1"><span class='ocrx_word' id='word_1_1' title='bbox 264 107 339 143; x_wconf 87' lang='grc'>867</span> 
     </span>
    </p>
   </div>
   <div class='ocr_carea' id='block_1_2' title="bbox 271 178 1282 235">
    <p class='ocr_par' dir='ltr' id='par_1_2' title="bbox 271 178 1282 235">
     <span class='ocr_line' id='line_1_2' title="bbox 271 178 1282 235; baseline -0.016 -9"><span class='ocrx_word' id='word_1_2' title='bbox 271 192 326 227; x_wconf 85' lang='lat' dir='ltr'>Illi</span> <span class='ocrx_word' id='word_1_3' title='bbox 346 191 404 235; x_wconf 81' lang='lat' dir='ltr'>qui</span> <span class='ocrx_word' id='word_1_4' title='bbox 424 189 547 221; x_wconf 76' lang='lat' dir='ltr'>vivunt</span> <span class='ocrx_word' id='word_1_5' title='bbox 563 185 600 218; x_wconf 93' lang='lat' dir='ltr'>in</span> <span class='ocrx_word' id='word_1_6' title='bbox 616 181 809 216; x_wconf 71' lang='lat' dir='ltr'>manifestis</span> <span class='ocrx_word' id='word_1_7' title='bbox 826 181 979 220; x_wconf 87' lang='lat' dir='ltr'>delictis,</span> <span class='ocrx_word' id='word_1_8' title='bbox 1006 180 1036 213; x_wconf 90' lang='lat' dir='ltr'>si</span> <span class='ocrx_word' id='word_1_9' title='bbox 1053 190 1125 212; x_wconf 89' lang='lat' dir='ltr'>non</span> <span class='ocrx_word' id='word_1_10' title='bbox 1144 178 1254 211; x_wconf 78' lang='lat' dir='ltr'>velint</span> <span class='ocrx_word' id='word_1_11' title='bbox 1280 188 1282 192; x_wconf 75' lang='grc'>’</span> 
     </span>
    </p>
   </div>
   <div class='ocr_carea' id='block_1_3' title="bbox 273 231 1258 485">
    <p class='ocr_par' dir='ltr' id='par_1_3' title="bbox 273 231 1126 285">
     <span class='ocr_line' id='line_1_3' title="bbox 273 231 1126 285; baseline -0.012 -10"><span class='ocrx_word' id='word_1_12' title='bbox 273 253 371 285; x_wconf 86' lang='lat' dir='ltr'>agere</span> <span class='ocrx_word' id='word_1_13' title='bbox 393 236 662 282; x_wconf 83' lang='lat' dir='ltr'>poenitentiam,</span> <span class='ocrx_word' id='word_1_14' title='bbox 689 239 769 267; x_wconf 88' lang='lat' dir='ltr'>sunt</span> <span class='ocrx_word' id='word_1_15' title='bbox 788 231 1126 265; x_wconf 82' lang='lat' dir='ltr'>excommunicandi.</span> 
     </span>
    </p>

    <p class='ocr_par' dir='ltr' id='par_1_4' title="bbox 273 279 1258 485">
     <span class='ocr_line' id='line_1_4' title="bbox 376 279 1256 332; baseline -0.013 -10"><span class='ocrx_word' id='word_1_16' title='bbox 376 290 444 323; x_wconf 87' lang='lat' dir='ltr'>Sed</span> <span class='ocrx_word' id='word_1_17' title='bbox 470 293 607 332; x_wconf 83' lang='lat' dir='ltr'>praeter</span> <span class='ocrx_word' id='word_1_18' title='bbox 628 282 695 317; x_wconf 90' lang='lat' dir='ltr'>hos</span> <span class='ocrx_word' id='word_1_19' title='bbox 717 290 834 317; x_wconf 87' lang='lat' dir='ltr'>tamen</span> <span class='ocrx_word' id='word_1_20' title='bbox 860 279 975 314; x_wconf 88' lang='lat' dir='ltr'>adbuc</span> <span class='ocrx_word' id='word_1_21' title='bbox 990 280 1093 315; x_wconf 89' lang='lat' dir='ltr'>multi</span> <span class='ocrx_word' id='word_1_22' title='bbox 1112 284 1256 313; x_wconf 87' lang='lat' dir='ltr'>manent</span> 
     </span>
     <span class='ocr_line' id='line_1_5' title="bbox 274 329 1256 387; baseline -0.015 -11"><span class='ocrx_word' id='word_1_23' title='bbox 274 341 498 387; x_wconf 68' lang='lat' dir='ltr'>hypocritae,</span> <span class='ocrx_word' id='word_1_24' title='bbox 531 345 565 371; x_wconf 88' lang='lat' dir='ltr'>et</span> <span class='ocrx_word' id='word_1_25' title='bbox 589 335 694 369; x_wconf 83' lang='lat' dir='ltr'>variis</span> <span class='ocrx_word' id='word_1_26' title='bbox 721 333 812 367; x_wconf 89' lang='lat' dir='ltr'>vitiis</span> <span class='ocrx_word' id='word_1_27' title='bbox 835 332 1055 372; x_wconf 74' lang='lat' dir='ltr'>laborantes,</span> <span class='ocrx_word' id='word_1_28' title='bbox 1082 330 1142 376; x_wconf 89' lang='lat' dir='ltr'>qui</span> <span class='ocrx_word' id='word_1_29' title='bbox 1169 329 1256 363; x_wconf 88' lang='lat' dir='ltr'>tole—</span> 
     </span>
     <span class='ocr_line' id='line_1_6' title="bbox 273 380 1258 428; baseline -0.013 -2"><span class='ocrx_word' id='word_1_30' title='bbox 273 392 376 426; x_wconf 88' lang='lat' dir='ltr'>randi</span> <span class='ocrx_word' id='word_1_31' title='bbox 407 396 508 428; x_wconf 85' lang='lat' dir='ltr'>sunt,</span> <span class='ocrx_word' id='word_1_32' title='bbox 543 387 603 420; x_wconf 89' lang='lat' dir='ltr'>sed</span> <span class='ocrx_word' id='word_1_33' title='bbox 634 385 772 418; x_wconf 80' lang='lat' dir='ltr'>assidue</span> <span class='ocrx_word' id='word_1_34' title='bbox 803 383 1043 427; x_wconf 81' lang='lat' dir='ltr'>praedicamus</span> <span class='ocrx_word' id='word_1_35' title='bbox 1071 380 1258 426; x_wconf 87' lang='lat' dir='ltr'>poeniten-</span> 
     </span>
     <span class='ocr_line' id='line_1_7' title="bbox 274 439 843 485; baseline -0.019 -8"><span class='ocrx_word' id='word_1_36' title='bbox 274 443 378 484; x_wconf 88' lang='lat' dir='ltr'>tiam,</span> <span class='ocrx_word' id='word_1_37' title='bbox 399 447 436 475; x_wconf 94' lang='lat' dir='ltr'>ut</span> <span class='ocrx_word' id='word_1_38' title='bbox 454 439 565 485; x_wconf 83' lang='lat' dir='ltr'>aliqui</span> <span class='ocrx_word' id='word_1_39' title='bbox 581 440 843 472; x_wconf 77' lang='lat' dir='ltr'>convertantur.</span> 
     </span>
    </p>
   </div>
   <div class='ocr_carea' id='block_1_4' title="bbox 533 534 1012 650">
    <p class='ocr_par' dir='ltr' id='par_1_5' title="bbox 533 534 1012 650">
     <span class='ocr_line' id='line_1_8' title="bbox 581 534 960 582; baseline -0.013 -9"><span class='ocrx_word' id='word_1_40' title='bbox 581 538 700 582; x_wconf 86' lang='lat' dir='ltr'><strong>Quare</strong></span> <span class='ocrx_word' id='word_1_41' title='bbox 721 535 828 580; x_wconf 88' lang='lat' dir='ltr'>igitur</span> <span class='ocrx_word' id='word_1_42' title='bbox 847 534 960 569; x_wconf 84' lang='lat' dir='ltr'>dicit?</span> 
     </span>
     <span class='ocr_line' id='line_1_9' title="bbox 533 605 1012 650; baseline -0.008 -10"><span class='ocrx_word' id='word_1_43' title='bbox 533 605 652 640; x_wconf 78' lang='lat' dir='ltr'>Sinite</span> <span class='ocrx_word' id='word_1_44' title='bbox 676 607 829 650; x_wconf 75' lang='lat' dir='ltr'>utraque</span> <span class='ocrx_word' id='word_1_45' title='bbox 852 612 1012 636; x_wconf 83' lang='lat' dir='ltr'>crescere.</span> 
     </span>
    </p>
   </div>
   <div class='ocr_carea' id='block_1_5' title="bbox 278 672 1267 1028">
    <p class='ocr_par' dir='ltr' id='par_1_6' title="bbox 278 672 1265 921">
     <span class='ocr_line' id='line_1_10' title="bbox 379 672 1262 723; baseline -0.014 -6"><span class='ocrx_word' id='word_1_46' title='bbox 379 683 539 718; x_wconf 88' lang='lat' dir='ltr'>Primum</span> <span class='ocrx_word' id='word_1_47' title='bbox 563 681 690 715; x_wconf 75' lang='lat' dir='ltr'>refutat</span> <span class='ocrx_word' id='word_1_48' title='bbox 714 678 919 723; x_wconf 83' lang='lat' dir='ltr'>opinionem</span> <span class='ocrx_word' id='word_1_49' title='bbox 941 674 1194 720; x_wconf 75' lang='lat' dir='ltr'>Apostolorum</span> <span class='ocrx_word' id='word_1_50' title='bbox 1220 672 1262 705; x_wconf 92' lang='lat' dir='ltr'>de</span> 
     </span>
     <span class='ocr_line' id='line_1_11' title="bbox 278 725 1263 777; baseline -0.014 -7"><span class='ocrx_word' id='word_1_51' title='bbox 278 737 460 770; x_wconf 89' lang='lat' dir='ltr'>mundano</span> <span class='ocrx_word' id='word_1_52' title='bbox 486 745 594 777; x_wconf 86' lang='lat' dir='ltr'>regno</span> <span class='ocrx_word' id='word_1_53' title='bbox 616 730 780 765; x_wconf 86' lang='lat' dir='ltr'>Messiae.</span> <span class='ocrx_word' id='word_1_54' title='bbox 834 728 921 762; x_wconf 89' lang='lat' dir='ltr'>Nam</span> <span class='ocrx_word' id='word_1_55' title='bbox 948 734 980 760; x_wconf 91' lang='lat' dir='ltr'>et</span> <span class='ocrx_word' id='word_1_56' title='bbox 1001 725 1161 770; x_wconf 82' lang='lat' dir='ltr'>Apostoli</span> <span class='ocrx_word' id='word_1_57' title='bbox 1184 735 1263 768; x_wconf 90' lang='lat' dir='ltr'>spe—</span> 
     </span>
     <span class='ocr_line' id='line_1_12' title="bbox 278 774 1264 828; baseline -0.015 -7"><span class='ocrx_word' id='word_1_58' title='bbox 278 787 405 820; x_wconf 86' lang='lat' dir='ltr'>rabant</span> <span class='ocrx_word' id='word_1_59' title='bbox 428 784 532 819; x_wconf 88' lang='lat' dir='ltr'>talem</span> <span class='ocrx_word' id='word_1_60' title='bbox 559 783 720 828; x_wconf 89' lang='lat' dir='ltr'>pulcrum</span> <span class='ocrx_word' id='word_1_61' title='bbox 745 786 874 813; x_wconf 88' lang='lat' dir='ltr'>statum</span> <span class='ocrx_word' id='word_1_62' title='bbox 897 778 988 817; x_wconf 80' lang='lat' dir='ltr'>fore,</span> <span class='ocrx_word' id='word_1_63' title='bbox 1016 784 1054 810; x_wconf 92' lang='lat' dir='ltr'>ut</span> <span class='ocrx_word' id='word_1_64' title='bbox 1068 774 1212 809; x_wconf 89' lang='lat' dir='ltr'>domitis</span> <span class='ocrx_word' id='word_1_65' title='bbox 1231 780 1264 807; x_wconf 87' lang='lat' dir='ltr'>et</span> 
     </span>
     <span class='ocr_line' id='line_1_13' title="bbox 279 824 1265 875; baseline -0.014 -4"><span class='ocrx_word' id='word_1_66' title='bbox 279 837 404 871; x_wconf 89' lang='lat' dir='ltr'>deletis</span> <span class='ocrx_word' id='word_1_67' title='bbox 427 835 593 869; x_wconf 91' lang='lat' dir='ltr'>omnibus</span> <span class='ocrx_word' id='word_1_68' title='bbox 615 831 752 875; x_wconf 91' lang='lat' dir='ltr'>impiis,</span> <span class='ocrx_word' id='word_1_69' title='bbox 778 829 844 864; x_wconf 88' lang='lat' dir='ltr'>soli</span> <span class='ocrx_word' id='word_1_70' title='bbox 865 840 936 862; x_wconf 85' lang='lat' dir='ltr'>una</span> <span class='ocrx_word' id='word_1_71' title='bbox 959 828 1119 861; x_wconf 87' lang='lat' dir='ltr'>viverent</span> <span class='ocrx_word' id='word_1_72' title='bbox 1141 824 1265 865; x_wconf 90' lang='lat' dir='ltr'>sancti,</span> 
     </span>
     <span class='ocr_line' id='line_1_14' title="bbox 279 883 732 921; baseline -0.013 0"><span class='ocrx_word' id='word_1_73' title='bbox 279 887 319 921; x_wconf 89' lang='lat' dir='ltr'>in</span> <span class='ocrx_word' id='word_1_74' title='bbox 337 885 400 921; x_wconf 84' lang='lat' dir='ltr'>hac</span> <span class='ocrx_word' id='word_1_75' title='bbox 419 885 561 919; x_wconf 86' lang='lat' dir='ltr'>mortali</span> <span class='ocrx_word' id='word_1_76' title='bbox 578 883 648 917; x_wconf 90' lang='lat' dir='ltr'>vita</span> <span class='ocrx_word' id='word_1_77' title='bbox 668 888 732 916; x_wconf 92' lang='lat' dir='ltr'>etc.</span> 
     </span>
    </p>

    <p class='ocr_par' dir='ltr' id='par_1_7' title="bbox 280 925 1267 1028">
     <span class='ocr_line' id='line_1_15' title="bbox 383 925 1265 981; baseline -0.016 -9"><span class='ocrx_word' id='word_1_78' title='bbox 383 933 627 981; x_wconf 64' lang='lat' dir='ltr'>Pit-prehendit</span> <span class='ocrx_word' id='word_1_79' title='bbox 660 943 741 974; x_wconf 85' lang='lat' dir='ltr'>ergo</span> <span class='ocrx_word' id='word_1_80' title='bbox 772 941 847 967; x_wconf 88' lang='lat' dir='ltr'>eos,</span> <span class='ocrx_word' id='word_1_81' title='bbox 882 934 914 961; x_wconf 90' lang='lat' dir='ltr'>et</span> <span class='ocrx_word' id='word_1_82' title='bbox 944 928 1044 961; x_wconf 87' lang='lat' dir='ltr'>docet</span> <span class='ocrx_word' id='word_1_83' title='bbox 1072 925 1265 959; x_wconf 85' lang='lat' dir='ltr'>Ecclesiam</span> 
     </span>
     <span class='ocr_line' id='line_1_16' title="bbox 280 976 1267 1028; baseline -0.014 -5"><span class='ocrx_word' id='word_1_84' title='bbox 280 1001 354 1022; x_wconf 89' lang='lat' dir='ltr'>non</span> <span class='ocrx_word' id='word_1_85' title='bbox 387 988 461 1021; x_wconf 88' lang='lat' dir='ltr'>fore</span> <span class='ocrx_word' id='word_1_86' title='bbox 492 995 638 1028; x_wconf 85' lang='lat' dir='ltr'>regnum</span> <span class='ocrx_word' id='word_1_87' title='bbox 667 982 906 1019; x_wconf 83' lang='lat' dir='ltr'>mundanum,</span> <span class='ocrx_word' id='word_1_88' title='bbox 941 985 974 1012; x_wconf 88' lang='lat' dir='ltr'>et</span> <span class='ocrx_word' id='word_1_89' title='bbox 999 989 1071 1011; x_wconf 89' lang='lat' dir='ltr'>non</span> <span class='ocrx_word' id='word_1_90' title='bbox 1097 976 1193 1017; x_wconf 91' lang='lat' dir='ltr'>vult,</span> <span class='ocrx_word' id='word_1_91' title='bbox 1226 982 1267 1009; x_wconf 88' lang='lat' dir='ltr'>ut</span> 
     </span>
    </p>
   </div>
   <div class='ocr_carea' id='block_1_6' title="bbox 281 1026 1293 1083">
    <p class='ocr_par' dir='ltr' id='par_1_8' title="bbox 281 1026 1293 1083">
     <span class='ocr_line' id='line_1_17' title="bbox 281 1026 1293 1083; baseline -0.015 -10"><span class='ocrx_word' id='word_1_92' title='bbox 281 1038 443 1083; x_wconf 82' lang='lat' dir='ltr'>Apostoli</span> <span class='ocrx_word' id='word_1_93' title='bbox 468 1042 591 1080; x_wconf 84' lang='lat' dir='ltr'>gerant</span> <span class='ocrx_word' id='word_1_94' title='bbox 614 1032 788 1077; x_wconf 82' lang='lat' dir='ltr'>gladium,</span> <span class='ocrx_word' id='word_1_95' title='bbox 813 1037 871 1064; x_wconf 92' lang='lat' dir='ltr'>aut</span> <span class='ocrx_word' id='word_1_96' title='bbox 893 1029 1010 1073; x_wconf 88' lang='lat' dir='ltr'>gladio</span> <span class='ocrx_word' id='word_1_97' title='bbox 1035 1027 1186 1073; x_wconf 85' lang='lat' dir='ltr'>puniant</span> <span class='ocrx_word' id='word_1_98' title='bbox 1206 1027 1267 1060; x_wconf 88' lang='lat' dir='ltr'>de-</span> <span class='ocrx_word' id='word_1_99' title='bbox 1292 1026 1293 1045; x_wconf 68' lang='lat'><em>³</em></span> 
     </span>
    </p>
   </div>
   <div class='ocr_carea' id='block_1_7' title="bbox 282 1089 1271 1528">
    <p class='ocr_par' dir='ltr' id='par_1_9' title="bbox 282 1089 493 1134">
     <span class='ocr_line' id='line_1_18' title="bbox 282 1089 493 1134; baseline -0.014 -12"><span class='ocrx_word' id='word_1_100' title='bbox 282 1089 493 1134; x_wconf 76' lang='lat' dir='ltr'>linquentes,</span> 
     </span>
    </p>

    <p class='ocr_par' dir='ltr' id='par_1_10' title="bbox 283 1127 1268 1333">
     <span class='ocr_line' id='line_1_19' title="bbox 384 1127 1266 1173; baseline -0.014 -1"><span class='ocrx_word' id='word_1_101' title='bbox 384 1139 453 1173; x_wconf 82' lang='lat' dir='ltr'>Sed</span> <span class='ocrx_word' id='word_1_102' title='bbox 478 1142 598 1170; x_wconf 88' lang='lat' dir='ltr'>contra</span> <span class='ocrx_word' id='word_1_103' title='bbox 623 1133 808 1167; x_wconf 86' lang='lat' dir='ltr'>manifesta</span> <span class='ocrx_word' id='word_1_104' title='bbox 833 1131 959 1165; x_wconf 87' lang='lat' dir='ltr'>delicta</span> <span class='ocrx_word' id='word_1_105' title='bbox 982 1129 1089 1164; x_wconf 87' lang='lat' dir='ltr'>tradit</span> <span class='ocrx_word' id='word_1_106' title='bbox 1104 1127 1189 1162; x_wconf 89' lang='lat' dir='ltr'>alibi</span> <span class='ocrx_word' id='word_1_107' title='bbox 1209 1139 1266 1161; x_wconf 81' lang='lat' dir='ltr'>ex-</span> 
     </span>
     <span class='ocr_line' id='line_1_20' title="bbox 283 1178 1267 1224; baseline -0.013 0"><span class='ocrx_word' id='word_1_108' title='bbox 283 1187 650 1224; x_wconf 83' lang='lat' dir='ltr'>communicationem.</span> <span class='ocrx_word' id='word_1_109' title='bbox 716 1183 839 1218; x_wconf 91' lang='lat' dir='ltr'>Postea</span> <span class='ocrx_word' id='word_1_110' title='bbox 878 1189 995 1216; x_wconf 81' lang='lat' dir='ltr'>tamen</span> <span class='ocrx_word' id='word_1_111' title='bbox 1032 1180 1143 1213; x_wconf 87' lang='lat' dir='ltr'>multa</span> <span class='ocrx_word' id='word_1_112' title='bbox 1183 1178 1267 1212; x_wconf 88' lang='lat' dir='ltr'>vitia</span> 
     </span>
     <span class='ocr_line' id='line_1_21' title="bbox 284 1230 1268 1277; baseline -0.012 -4"><span class='ocrx_word' id='word_1_113' title='bbox 284 1246 438 1273; x_wconf 87' lang='lat' dir='ltr'>manent.</span> <span class='ocrx_word' id='word_1_114' title='bbox 491 1236 559 1270; x_wconf 87' lang='lat' dir='ltr'>Hic</span> <span class='ocrx_word' id='word_1_115' title='bbox 584 1235 734 1269; x_wconf 88' lang='lat' dir='ltr'>sciamus</span> <span class='ocrx_word' id='word_1_116' title='bbox 751 1246 822 1267; x_wconf 92' lang='lat' dir='ltr'>non</span> <span class='ocrx_word' id='word_1_117' title='bbox 844 1239 1027 1277; x_wconf 89' lang='lat' dir='ltr'>propterea</span> <span class='ocrx_word' id='word_1_118' title='bbox 1042 1230 1178 1263; x_wconf 91' lang='lat' dir='ltr'>nullam</span> <span class='ocrx_word' id='word_1_119' title='bbox 1196 1241 1268 1262; x_wconf 89' lang='lat' dir='ltr'>esse</span> 
     </span>
     <span class='ocr_line' id='line_1_22' title="bbox 284 1280 1256 1333; baseline -0.012 -9"><span class='ocrx_word' id='word_1_120' title='bbox 284 1291 494 1328; x_wconf 77' lang='lat' dir='ltr'>Ecclesiam,</span> <span class='ocrx_word' id='word_1_121' title='bbox 522 1287 626 1321; x_wconf 87' lang='lat' dir='ltr'>etiam</span> <span class='ocrx_word' id='word_1_122' title='bbox 644 1285 807 1333; x_wconf 81' lang='lat' dir='ltr'>permixti</span> <span class='ocrx_word' id='word_1_123' title='bbox 825 1291 906 1318; x_wconf 91' lang='lat' dir='ltr'>sunt</span> <span class='ocrx_word' id='word_1_124' title='bbox 923 1282 1025 1316; x_wconf 90' lang='lat' dir='ltr'>bonis</span> <span class='ocrx_word' id='word_1_125' title='bbox 1040 1280 1143 1314; x_wconf 88' lang='lat' dir='ltr'>multi</span> <span class='ocrx_word' id='word_1_126' title='bbox 1161 1280 1256 1313; x_wconf 88' lang='lat' dir='ltr'>mali.</span> 
     </span>
    </p>

    <p class='ocr_par' dir='ltr' id='par_1_11' title="bbox 286 1330 1271 1528">
     <span class='ocr_line' id='line_1_23' title="bbox 389 1330 1269 1375; baseline -0.015 -1"><span class='ocrx_word' id='word_1_127' title='bbox 389 1340 482 1374; x_wconf 84' lang='lat' dir='ltr'>Haec</span> <span class='ocrx_word' id='word_1_128' title='bbox 521 1338 681 1372; x_wconf 88' lang='lat' dir='ltr'>doctrina</span> <span class='ocrx_word' id='word_1_129' title='bbox 719 1334 913 1369; x_wconf 85' lang='lat' dir='ltr'>consolatio</span> <span class='ocrx_word' id='word_1_130' title='bbox 948 1332 1047 1366; x_wconf 90' lang='lat' dir='ltr'>utilis</span> <span class='ocrx_word' id='word_1_131' title='bbox 1076 1337 1145 1369; x_wconf 86' lang='lat' dir='ltr'>est,</span> <span class='ocrx_word' id='word_1_132' title='bbox 1186 1330 1269 1375; x_wconf 90' lang='lat' dir='ltr'>quia</span> 
     </span>
     <span class='ocr_line' id='line_1_24' title="bbox 286 1380 1269 1433; baseline -0.013 -8"><span class='ocrx_word' id='word_1_133' title='bbox 286 1392 388 1425; x_wconf 87' lang='lat' dir='ltr'>multi</span> <span class='ocrx_word' id='word_1_134' title='bbox 421 1402 515 1423; x_wconf 80' lang='lat' dir='ltr'>nunc</span> <span class='ocrx_word' id='word_1_135' title='bbox 540 1398 680 1433; x_wconf 90' lang='lat' dir='ltr'>quoque</span> <span class='ocrx_word' id='word_1_136' title='bbox 708 1391 851 1429; x_wconf 87' lang='lat' dir='ltr'>propter</span> <span class='ocrx_word' id='word_1_137' title='bbox 875 1384 984 1417; x_wconf 91' lang='lat' dir='ltr'>multa</span> <span class='ocrx_word' id='word_1_138' title='bbox 1009 1381 1172 1415; x_wconf 85' lang='lat' dir='ltr'>scandala</span> <span class='ocrx_word' id='word_1_139' title='bbox 1198 1380 1269 1413; x_wconf 86' lang='lat' dir='ltr'>cla-</span> 
     </span>
     <span class='ocr_line' id='line_1_25' title="bbox 286 1431 1271 1475; baseline -0.012 1"><span class='ocrx_word' id='word_1_140' title='bbox 286 1443 428 1475; x_wconf 88' lang='lat' dir='ltr'>mitant:</span> <span class='ocrx_word' id='word_1_141' title='bbox 457 1440 494 1475; x_wconf 89' lang='lat' dir='ltr'>Si</span> <span class='ocrx_word' id='word_1_142' title='bbox 513 1435 707 1473; x_wconf 87' lang='lat' dir='ltr'>Lutberani</span> <span class='ocrx_word' id='word_1_143' title='bbox 726 1433 1022 1470; x_wconf 86' lang='lat' dir='ltr'>essentEcclesia‚</span> <span class='ocrx_word' id='word_1_144' title='bbox 1050 1431 1139 1465; x_wconf 91' lang='lat' dir='ltr'>nulli</span> <span class='ocrx_word' id='word_1_145' title='bbox 1157 1437 1271 1464; x_wconf 87' lang='lat' dir='ltr'>essent</span> 
     </span>
     <span class='ocr_line' id='line_1_26' title="bbox 288 1481 1271 1528; baseline -0.013 -3"><span class='ocrx_word' id='word_1_146' title='bbox 288 1493 381 1526; x_wconf 86' lang='lat' dir='ltr'>inter</span> <span class='ocrx_word' id='word_1_147' title='bbox 418 1503 477 1525; x_wconf 88' lang='lat' dir='ltr'>eos</span> <span class='ocrx_word' id='word_1_148' title='bbox 512 1487 681 1528; x_wconf 88' lang='lat' dir='ltr'>adulteri,</span> <span class='ocrx_word' id='word_1_149' title='bbox 723 1485 868 1525; x_wconf 87' lang='lat' dir='ltr'>ebriosi,</span> <span class='ocrx_word' id='word_1_150' title='bbox 910 1485 1022 1521; x_wconf 85' lang='lat' dir='ltr'>sures,</span> <span class='ocrx_word' id='word_1_151' title='bbox 1057 1488 1120 1515; x_wconf 90' lang='lat' dir='ltr'>etc.</span> <span class='ocrx_word' id='word_1_152' title='bbox 1195 1481 1271 1514; x_wconf 77' lang='lat' dir='ltr'>Ad-</span> 
     </span>
    </p>
   </div>
   <div class='ocr_carea' id='block_1_8' title="bbox 288 1534 1301 1630">
    <p class='ocr_par' dir='ltr' id='par_1_12' title="bbox 288 1534 1301 1630">
     <span class='ocr_line' id='line_1_27' title="bbox 288 1534 1297 1576; baseline -0.014 1"><span class='ocrx_word' id='word_1_153' title='bbox 288 1555 409 1576; x_wconf 77' lang='lat' dir='ltr'>versus</span> <span class='ocrx_word' id='word_1_154' title='bbox 433 1541 498 1575; x_wconf 87' lang='lat' dir='ltr'>hoc</span> <span class='ocrx_word' id='word_1_155' title='bbox 521 1539 724 1573; x_wconf 89' lang='lat' dir='ltr'>scandalum</span> <span class='ocrx_word' id='word_1_156' title='bbox 749 1535 857 1574; x_wconf 82' lang='lat' dir='ltr'>scias,</span> <span class='ocrx_word' id='word_1_157' title='bbox 882 1534 1074 1567; x_wconf 79' lang='lat' dir='ltr'>Ecclesiam</span> <span class='ocrx_word' id='word_1_158' title='bbox 1099 1543 1271 1576; x_wconf 84' lang='lat' dir='ltr'>quaeren-</span> <span class='ocrx_word' id='word_1_159' title='bbox 1296 1535 1297 1549; x_wconf 73' lang='lat'>³</span> 
     </span>
     <span class='ocr_line' id='line_1_28' title="bbox 288 1584 1301 1630; baseline -0.014 -2"><span class='ocrx_word' id='word_1_160' title='bbox 288 1595 368 1627; x_wconf 79' lang='lat' dir='ltr'>dam</span> <span class='ocrx_word' id='word_1_161' title='bbox 386 1605 456 1626; x_wconf 87' lang='lat' dir='ltr'>esse</span> <span class='ocrx_word' id='word_1_162' title='bbox 474 1590 534 1630; x_wconf 90' lang='lat' dir='ltr'>ibi,</span> <span class='ocrx_word' id='word_1_163' title='bbox 560 1588 621 1622; x_wconf 89' lang='lat' dir='ltr'>ubi</span> <span class='ocrx_word' id='word_1_164' title='bbox 638 1594 738 1621; x_wconf 87' lang='lat' dir='ltr'>sonat</span> <span class='ocrx_word' id='word_1_165' title='bbox 753 1598 817 1619; x_wconf 88' lang='lat' dir='ltr'>vox</span> <span class='ocrx_word' id='word_1_166' title='bbox 827 1584 1024 1627; x_wconf 80' lang='lat' dir='ltr'>Evangelii,</span> <span class='ocrx_word' id='word_1_167' title='bbox 1049 1589 1083 1616; x_wconf 90' lang='lat' dir='ltr'>et</span> <span class='ocrx_word' id='word_1_168' title='bbox 1098 1593 1272 1627; x_wconf 86' lang='lat' dir='ltr'>nusquam</span> <span class='ocrx_word' id='word_1_169' title='bbox 1298 1605 1301 1627; x_wconf 77' lang='lat' dir='ltr'>t</span> 
     </span>
    </p>
   </div>
   <div class='ocr_carea' id='block_1_9' title="bbox 288 1644 1277 1881">
    <p class='ocr_par' dir='ltr' id='par_1_13' title="bbox 288 1644 1277 1881">
     <span class='ocr_line' id='line_1_29' title="bbox 288 1644 385 1679; baseline 0.01 -2"><span class='ocrx_word' id='word_1_170' title='bbox 288 1644 385 1679; x_wconf 86' lang='lat' dir='ltr'>alibi.</span> 
     </span>
     <span class='ocr_line' id='line_1_30' title="bbox 288 1682 1276 1735; baseline -0.012 -9"><span class='ocrx_word' id='word_1_171' title='bbox 288 1701 494 1731; x_wconf 74' lang='lat' dir='ltr'>vertuntur,</span> <span class='ocrx_word' id='word_1_172' title='bbox 532 1698 596 1724; x_wconf 89' lang='lat' dir='ltr'>etc.</span> <span class='ocrx_word' id='word_1_173' title='bbox 622 1689 704 1735; x_wconf 89' lang='lat' dir='ltr'>quia</span> <span class='ocrx_word' id='word_1_174' title='bbox 738 1698 910 1732; x_wconf 85' lang='lat' dir='ltr'>nusquam</span> <span class='ocrx_word' id='word_1_175' title='bbox 939 1692 989 1719; x_wconf 88' lang='lat' dir='ltr'>est</span> <span class='ocrx_word' id='word_1_176' title='bbox 1017 1683 1172 1717; x_wconf 74' lang='lat' dir='ltr'>Ecclesia</span> <span class='ocrx_word' id='word_1_177' title='bbox 1197 1682 1276 1723; x_wconf 88' lang='lat' dir='ltr'>Dei,</span> 
     </span>
     <span class='ocr_line' id='line_1_31' title="bbox 289 1736 1275 1778; baseline -0.012 0"><span class='ocrx_word' id='word_1_178' title='bbox 289 1745 357 1778; x_wconf 89' lang='lat' dir='ltr'>nisi</span> <span class='ocrx_word' id='word_1_179' title='bbox 385 1745 419 1777; x_wconf 90' lang='lat' dir='ltr'>in</span> <span class='ocrx_word' id='word_1_180' title='bbox 445 1749 545 1777; x_wconf 88' lang='lat' dir='ltr'>coetu</span> <span class='ocrx_word' id='word_1_181' title='bbox 571 1748 794 1778; x_wconf 84' lang='lat' dir='ltr'>vocatorum,</span> <span class='ocrx_word' id='word_1_182' title='bbox 830 1737 864 1770; x_wconf 91' lang='lat' dir='ltr'>id</span> <span class='ocrx_word' id='word_1_183' title='bbox 889 1743 958 1777; x_wconf 89' lang='lat' dir='ltr'>est,</span> <span class='ocrx_word' id='word_1_184' title='bbox 986 1736 1047 1769; x_wconf 94' lang='lat' dir='ltr'>ubi</span> <span class='ocrx_word' id='word_1_185' title='bbox 1071 1741 1170 1768; x_wconf 90' lang='lat' dir='ltr'>sonat</span> <span class='ocrx_word' id='word_1_186' title='bbox 1195 1745 1275 1767; x_wconf 73' lang='lat' dir='ltr'>vera</span> 
     </span>
     <span class='ocr_line' id='line_1_32' title="bbox 289 1782 1277 1837; baseline -0.01 -10"><span class='ocrx_word' id='word_1_187' title='bbox 289 1808 355 1829; x_wconf 67' lang='lat' dir='ltr'>vox</span> <span class='ocrx_word' id='word_1_188' title='bbox 389 1792 586 1837; x_wconf 80' lang='lat' dir='ltr'>Evangelii.</span> <span class='ocrx_word' id='word_1_189' title='bbox 646 1789 752 1825; x_wconf 87' lang='lat' dir='ltr'>Rom.</span> <span class='ocrx_word' id='word_1_190' title='bbox 776 1789 828 1825; x_wconf 86' lang='lat'>8.:</span> <span class='ocrx_word' id='word_1_191' title='bbox 863 1786 964 1831; x_wconf 89' lang='lat' dir='ltr'>Quos</span> <span class='ocrx_word' id='word_1_192' title='bbox 991 1785 1113 1830; x_wconf 88' lang='lat' dir='ltr'>elegit,</span> <span class='ocrx_word' id='word_1_193' title='bbox 1148 1782 1212 1818; x_wconf 87' lang='lat' dir='ltr'>bos</span> <span class='ocrx_word' id='word_1_194' title='bbox 1244 1791 1277 1818; x_wconf 89' lang='lat' dir='ltr'>et</span> 
     </span>
     <span class='ocr_line' id='line_1_33' title="bbox 288 1846 508 1881; baseline 0.009 -2"><span class='ocrx_word' id='word_1_195' title='bbox 288 1846 425 1881; x_wconf 72' lang='lat' dir='ltr'>vocavit</span> <span class='ocrx_word' id='word_1_196' title='bbox 444 1853 508 1881; x_wconf 83' lang='lat' dir='ltr'>etc.</span> 
     </span>
    </p>
   </div>
   <div class='ocr_carea' id='block_1_10' title="bbox 350 1929 1278 2108">
    <p class='ocr_par' dir='ltr' id='par_1_14' title="bbox 350 1929 1278 2108">
     <span class='ocr_line' id='line_1_34' title="bbox 579 1929 990 1979; baseline -0.019 -9"><span class='ocrx_word' id='word_1_197' title='bbox 579 1934 740 1970; x_wconf 84' lang='lat' dir='ltr'>Tertia</span> <span class='ocrx_word' id='word_1_198' title='bbox 767 1929 990 1979; x_wconf 83' lang='lat' dir='ltr'>parabola.</span> 
     </span>
     <span class='ocr_line' id='line_1_35' title="bbox 350 1993 1219 2048; baseline -0.012 -9"><span class='ocrx_word' id='word_1_199' title='bbox 350 2003 480 2039; x_wconf 82' lang='lat' dir='ltr'>Simile</span> <span class='ocrx_word' id='word_1_200' title='bbox 498 2007 547 2037; x_wconf 80' lang='lat' dir='ltr'>esl</span> <span class='ocrx_word' id='word_1_201' title='bbox 565 2013 714 2048; x_wconf 74' lang='lat' dir='ltr'>regnum</span> <span class='ocrx_word' id='word_1_202' title='bbox 731 1997 908 2034; x_wconf 81' lang='lat' dir='ltr'>coelorum</span> <span class='ocrx_word' id='word_1_203' title='bbox 922 2008 1045 2043; x_wconf 75' lang='lat' dir='ltr'>grano</span> <span class='ocrx_word' id='word_1_204' title='bbox 1060 1993 1219 2042; x_wconf 80' lang='lat' dir='ltr'>sinapis.</span> 
     </span>
     <span class='ocr_line' id='line_1_36' title="bbox 395 2063 1278 2108; baseline -0.014 -1"><span class='ocrx_word' id='word_1_205' title='bbox 395 2074 540 2108; x_wconf 83' lang='lat' dir='ltr'>Summa</span> <span class='ocrx_word' id='word_1_206' title='bbox 570 2077 620 2104; x_wconf 83' lang='lat' dir='ltr'>est</span> <span class='ocrx_word' id='word_1_207' title='bbox 645 2068 846 2107; x_wconf 86' lang='lat' dir='ltr'>concionis,</span> <span class='ocrx_word' id='word_1_208' title='bbox 880 2072 913 2100; x_wconf 90' lang='lat' dir='ltr'>et</span> <span class='ocrx_word' id='word_1_209' title='bbox 940 2063 1203 2104; x_wconf 87' lang='lat' dir='ltr'>similitudinis,</span> <span class='ocrx_word' id='word_1_210' title='bbox 1235 2063 1278 2096; x_wconf 86' lang='lat' dir='ltr'>de</span> 
     </span>
    </p>
   </div>
   <div class='ocr_carea' id='block_1_11' title="bbox 293 2116 1039 2165">
    <p class='ocr_par' dir='ltr' id='par_1_15' title="bbox 293 2116 1039 2165">
     <span class='ocr_line' id='line_1_37' title="bbox 293 2116 1039 2165; baseline -0.017 -5"><span class='ocrx_word' id='word_1_211' title='bbox 293 2125 490 2160; x_wconf 84' lang='lat' dir='ltr'>ministerio</span> <span class='ocrx_word' id='word_1_212' title='bbox 507 2121 690 2165; x_wconf 79' lang='lat' dir='ltr'>Evangelii</span> <span class='ocrx_word' id='word_1_213' title='bbox 707 2126 740 2153; x_wconf 88' lang='lat' dir='ltr'>et</span> <span class='ocrx_word' id='word_1_214' title='bbox 758 2119 831 2151; x_wconf 89' lang='lat' dir='ltr'>eius</span> <span class='ocrx_word' id='word_1_215' title='bbox 848 2116 1039 2150; x_wconf 73' lang='lat' dir='ltr'>effectibus.</span> 
     </span>
    </p>
   </div>
   <div class='ocr_carea' id='block_1_12' title="bbox 293 2177 1278 2329">
    <p class='ocr_par' dir='ltr' id='par_1_16' title="bbox 293 2177 1278 2329">
     <span class='ocr_line' id='line_1_38' title="bbox 396 2177 1277 2225; baseline -0.016 -8"><span class='ocrx_word' id='word_1_216' title='bbox 396 2184 492 2217; x_wconf 77' lang='lat' dir='ltr'>Sicut</span> <span class='ocrx_word' id='word_1_217' title='bbox 518 2192 666 2225; x_wconf 78' lang='lat' dir='ltr'>granum</span> <span class='ocrx_word' id='word_1_218' title='bbox 692 2177 823 2221; x_wconf 82' lang='lat' dir='ltr'>sinapis</span> <span class='ocrx_word' id='word_1_219' title='bbox 846 2182 893 2208; x_wconf 79' lang='lat' dir='ltr'>est</span> <span class='ocrx_word' id='word_1_220' title='bbox 917 2186 1084 2219; x_wconf 75' lang='lat' dir='ltr'>parvum,</span> <span class='ocrx_word' id='word_1_221' title='bbox 1110 2179 1142 2205; x_wconf 89' lang='lat' dir='ltr'>et</span> <span class='ocrx_word' id='word_1_222' title='bbox 1162 2178 1277 2205; x_wconf 77' lang='lat' dir='ltr'>tamen</span> 
     </span>
     <span class='ocr_line' id='line_1_39' title="bbox 293 2220 1278 2281; baseline -0.017 -11"><span class='ocrx_word' id='word_1_223' title='bbox 293 2237 402 2281; x_wconf 67' lang='lat' dir='ltr'>giguit</span> <span class='ocrx_word' id='word_1_224' title='bbox 430 2245 593 2277; x_wconf 82' lang='lat' dir='ltr'>magnum</span> <span class='ocrx_word' id='word_1_225' title='bbox 620 2241 745 2274; x_wconf 86' lang='lat' dir='ltr'>corpus</span> <span class='ocrx_word' id='word_1_226' title='bbox 768 2235 801 2262; x_wconf 89' lang='lat' dir='ltr'>et</span> <span class='ocrx_word' id='word_1_227' title='bbox 818 2226 919 2263; x_wconf 79' lang='lat' dir='ltr'>solia,</span> <span class='ocrx_word' id='word_1_228' title='bbox 946 2232 977 2257; x_wconf 84' lang='lat' dir='ltr'>et</span> <span class='ocrx_word' id='word_1_229' title='bbox 995 2236 1108 2256; x_wconf 78' lang='lat' dir='ltr'>acrem</span> <span class='ocrx_word' id='word_1_230' title='bbox 1127 2223 1197 2255; x_wconf 90' lang='lat' dir='ltr'>vim</span> <span class='ocrx_word' id='word_1_231' title='bbox 1217 2220 1278 2254; x_wconf 75' lang='lat' dir='ltr'>lia-</span> 
     </span>
     <span class='ocr_line' id='line_1_40' title="bbox 294 2273 1278 2329; baseline -0.018 -8"><span class='ocrx_word' id='word_1_232' title='bbox 294 2291 353 2323; x_wconf 66' lang='lat' dir='ltr'>liet</span> <span class='ocrx_word' id='word_1_233' title='bbox 377 2288 417 2319; x_wconf 76' lang='lat' dir='ltr'>:ul</span> <span class='ocrx_word' id='word_1_234' title='bbox 447 2283 689 2329; x_wconf 78' lang='lat' dir='ltr'>purgandum,</span> <span class='ocrx_word' id='word_1_235' title='bbox 732 2280 780 2314; x_wconf 87' lang='lat' dir='ltr'>sic</span> <span class='ocrx_word' id='word_1_236' title='bbox 807 2290 872 2310; x_wconf 75' lang='lat' dir='ltr'>vox</span> <span class='ocrx_word' id='word_1_237' title='bbox 897 2275 1077 2316; x_wconf 72' lang='lat' dir='ltr'>Evangelii</span> <span class='ocrx_word' id='word_1_238' title='bbox 1101 2281 1149 2306; x_wconf 77' lang='lat' dir='ltr'>est</span> <span class='ocrx_word' id='word_1_239' title='bbox 1175 2273 1278 2317; x_wconf 82' lang='lat' dir='ltr'>quid-</span> 
     </span>
    </p>
   </div>
   <div class='ocr_carea' id='block_1_13' title="bbox 296 2323 1307 2478">
    <p class='ocr_par' dir='ltr' id='par_1_17' title="bbox 296 2323 1307 2478">
     <span class='ocr_line' id='line_1_41' title="bbox 296 2323 1305 2382; baseline -0.019 -10"><span class='ocrx_word' id='word_1_240' title='bbox 296 2343 376 2375; x_wconf 77' lang='lat' dir='ltr'>dam</span> <span class='ocrx_word' id='word_1_241' title='bbox 402 2344 556 2382; x_wconf 79' lang='lat' dir='ltr'>spretum</span> <span class='ocrx_word' id='word_1_242' title='bbox 572 2345 688 2365; x_wconf 82' lang='lat' dir='ltr'>coram</span> <span class='ocrx_word' id='word_1_243' title='bbox 707 2330 860 2367; x_wconf 79' lang='lat' dir='ltr'>mnodo,</span> <span class='ocrx_word' id='word_1_244' title='bbox 887 2333 919 2360; x_wconf 77' lang='lat' dir='ltr'>et</span> <span class='ocrx_word' id='word_1_245' title='bbox 938 2333 1051 2359; x_wconf 71' lang='lat' dir='ltr'>tumen</span> <span class='ocrx_word' id='word_1_246' title='bbox 1071 2332 1117 2357; x_wconf 78' lang='lat' dir='ltr'>est</span> <span class='ocrx_word' id='word_1_247' title='bbox 1136 2336 1189 2356; x_wconf 86' lang='lat' dir='ltr'>res</span> <span class='ocrx_word' id='word_1_248' title='bbox 1206 2324 1279 2356; x_wconf 81' lang='lat' dir='ltr'>efli-</span> <span class='ocrx_word' id='word_1_249' title='bbox 1304 2323 1305 2342; x_wconf 63' lang='lat'>³</span> 
     </span>
     <span class='ocr_line' id='line_1_42' title="bbox 297 2375 1306 2427; baseline -0.022 -1"><span class='ocrx_word' id='word_1_250' title='bbox 297 2389 493 2427; x_wconf 75' lang='lat' dir='ltr'>cacissimn,</span> <span class='ocrx_word' id='word_1_251' title='bbox 528 2383 661 2423; x_wconf 73' lang='lat' dir='ltr'>colligit</span> <span class='ocrx_word' id='word_1_252' title='bbox 695 2381 769 2415; x_wconf 80' lang='lat' dir='ltr'>Deo</span> <span class='ocrx_word' id='word_1_253' title='bbox 797 2387 972 2413; x_wconf 78' lang='lat' dir='ltr'>aeternam</span> <span class='ocrx_word' id='word_1_254' title='bbox 1005 2375 1213 2412; x_wconf 63' lang='lat' dir='ltr'>Ecclesiam,</span> <span class='ocrx_word' id='word_1_255' title='bbox 1247 2379 1306 2406; x_wconf 80' lang='lat' dir='ltr'>et&#39;</span> 
     </span>
     <span class='ocr_line' id='line_1_43' title="bbox 297 2425 1307 2478; baseline -0.019 -2"><span class='ocrx_word' id='word_1_256' title='bbox 297 2450 346 2477; x_wconf 88' lang='lat' dir='ltr'>est</span> <span class='ocrx_word' id='word_1_257' title='bbox 376 2442 668 2475; x_wconf 74' lang='lat' dir='ltr'>instrumentum,</span> <span class='ocrx_word' id='word_1_258' title='bbox 702 2445 773 2478; x_wconf 84' lang='lat' dir='ltr'>quo</span> <span class='ocrx_word' id='word_1_259' title='bbox 803 2431 838 2463; x_wconf 89' lang='lat' dir='ltr'>in</span> <span class='ocrx_word' id='word_1_260' title='bbox 868 2427 970 2462; x_wconf 83' lang='lat' dir='ltr'>nobis</span> <span class='ocrx_word' id='word_1_261' title='bbox 999 2425 1185 2460; x_wconf 80' lang='lat' dir='ltr'>inclinatur</span> <span class='ocrx_word' id='word_1_262' title='bbox 1211 2425 1279 2458; x_wconf 75' lang='lat' dir='ltr'>vita</span> <span class='ocrx_word' id='word_1_263' title='bbox 1305 2430 1307 2450; x_wconf 70' lang='grc' dir='ltr'>ῑ</span> 
     </span>
    </p>
   </div>
   <div class='ocr_carea' id='block_1_14' title="bbox 298 2500 983 2586">
    <p class='ocr_par' dir='ltr' id='par_1_18' title="bbox 298 2500 983 2586">
     <span class='ocr_line' id='line_1_44' title="bbox 298 2500 449 2528; baseline -0.033 0"><span class='ocrx_word' id='word_1_264' title='bbox 298 2500 449 2528; x_wconf 80' lang='lat' dir='ltr'>aeterua.</span> 
     </span>
     <span class='ocr_line' id='line_1_45' title="bbox 601 2554 983 2586; baseline -0.024 0"><span class='ocrx_word' id='word_1_265' title='bbox 601 2560 754 2586; x_wconf 69' lang='grc' dir='ltr'>[111-ΗΜ</span> <span class='ocrx_word' id='word_1_266' title='bbox 778 2554 983 2582; x_wconf 63' lang='lat' dir='ltr'>antithesis.</span> 
     </span>
    </p>
   </div>
   <div class='ocr_carea' id='block_1_15' title="bbox 402 2603 1281 2658">
    <p class='ocr_par' dir='ltr' id='par_1_19' title="bbox 402 2603 1281 2658">
     <span class='ocr_line' id='line_1_46' title="bbox 402 2603 1281 2658; baseline -0.024 -3"><span class='ocrx_word' id='word_1_267' title='bbox 402 2619 521 2655; x_wconf 76' lang='lat' dir='ltr'>ludaei</span> <span class='ocrx_word' id='word_1_268' title='bbox 554 2614 795 2658; x_wconf 77' lang='lat' dir='ltr'>intelligebant</span> <span class='ocrx_word' id='word_1_269' title='bbox 825 2606 1075 2654; x_wconf 66' lang='lat' dir='ltr'>promissiones</span> <span class='ocrx_word' id='word_1_270' title='bbox 1104 2603 1148 2637; x_wconf 89' lang='lat' dir='ltr'>de</span> <span class='ocrx_word' id='word_1_271' title='bbox 1176 2614 1281 2646; x_wconf 82' lang='lat' dir='ltr'>reguo</span> 
     </span>
    </p>
   </div>
   <div class='ocr_carea' id='block_1_16' title="bbox 300 2675 453 2720">
    <p class='ocr_par' dir='ltr' id='par_1_20' title="bbox 300 2675 453 2720">
     <span class='ocr_line' id='line_1_47' title="bbox 300 2675 453 2720; baseline 0.007 -13"><span class='ocrx_word' id='word_1_272' title='bbox 300 2675 453 2720; x_wconf 77' lang='lat' dir='ltr'>politico,</span> 
     </span>
    </p>
   </div>
   <div class='ocr_carea' id='block_1_17' title="bbox 859 87 1687 130">
    <p class='ocr_par' dir='ltr' id='par_1_21' title="bbox 859 87 1687 130">
     <span class='ocr_line' id='line_1_48' title="bbox 859 87 1687 130; baseline -0.008 0"><span class='ocrx_word' id='word_1_273' title='bbox 859 95 984 130; x_wconf 88' lang='lat' dir='ltr'>PHlL.</span> <span class='ocrx_word' id='word_1_274' title='bbox 1013 92 1127 130; x_wconf 83' lang='lat' dir='ltr'>MEL.</span> <span class='ocrx_word' id='word_1_275' title='bbox 1154 88 1364 128; x_wconf 84' lang='lat' dir='ltr'><strong>SCRIPTA</strong></span> <span class='ocrx_word' id='word_1_276' title='bbox 1392 87 1593 125; x_wconf 85' lang='lat' dir='ltr'>EXEGET</span> <span class='ocrx_word' id='word_1_277' title='bbox 1598 87 1687 125; x_wconf 77' lang='lat' dir='ltr'>1CA.</span> 
     </span>
    </p>
   </div>
   <div class='ocr_carea' id='block_1_18' title="bbox 440 1636 1301 1678">
    <p class='ocr_par' dir='ltr' id='par_1_22' title="bbox 440 1636 1301 1678">
     <span class='ocr_line' id='line_1_49' title="bbox 440 1636 1301 1678; baseline -0.013 -3"><span class='ocrx_word' id='word_1_278' title='bbox 440 1642 510 1676; x_wconf 79' lang='lat' dir='ltr'>Nec</span> <span class='ocrx_word' id='word_1_279' title='bbox 535 1641 708 1673; x_wconf 85' lang='lat' dir='ltr'>deterreat</span> <span class='ocrx_word' id='word_1_280' title='bbox 729 1645 780 1678; x_wconf 88' lang='lat' dir='ltr'>te,</span> <span class='ocrx_word' id='word_1_281' title='bbox 807 1636 942 1669; x_wconf 87' lang='lat' dir='ltr'>etiamsi</span> <span class='ocrx_word' id='word_1_282' title='bbox 961 1646 1033 1667; x_wconf 90' lang='lat' dir='ltr'>non</span> <span class='ocrx_word' id='word_1_283' title='bbox 1052 1645 1174 1666; x_wconf 85' lang='lat' dir='ltr'>omnes</span> <span class='ocrx_word' id='word_1_284' title='bbox 1189 1644 1274 1665; x_wconf 85' lang='lat' dir='ltr'>con·</span> <span class='ocrx_word' id='word_1_285' title='bbox 1299 1659 1301 1668; x_wconf 31' lang='grc' dir='ltr'><em>Α</em></span> 
     </span>
    </p>
   </div>
   <div class='ocr_carea' id='block_1_19' title="bbox 2212 82 2287 119">
    <p class='ocr_par' dir='ltr' id='par_1_23' title="bbox 2212 82 2287 119">
     <span class='ocr_line' id='line_1_50' title="bbox 2212 82 2287 119; baseline -0.013 -1"><span class='ocrx_word' id='word_1_286' title='bbox 2212 82 2287 119; x_wconf 88' lang='grc'>868</span> 
     </span>
    </p>
   </div>
   <div class='ocr_carea' id='block_1_20' title="bbox 1280 168 2303 881">
    <p class='ocr_par' dir='ltr' id='par_1_24' title="bbox 1280 168 2292 270">
     <span class='ocr_line' id='line_1_51' title="bbox 1407 168 2292 215; baseline -0.009 -6"><span class='ocrx_word' id='word_1_287' title='bbox 1407 173 1569 210; x_wconf 79' lang='lat' dir='ltr'>Christus</span> <span class='ocrx_word' id='word_1_288' title='bbox 1584 181 1704 209; x_wconf 89' lang='lat' dir='ltr'>contra</span> <span class='ocrx_word' id='word_1_289' title='bbox 1718 172 1823 215; x_wconf 91' lang='lat' dir='ltr'>dicit,</span> <span class='ocrx_word' id='word_1_290' title='bbox 1848 169 1915 206; x_wconf 90' lang='lat' dir='ltr'>hoc</span> <span class='ocrx_word' id='word_1_291' title='bbox 1930 181 2078 215; x_wconf 87' lang='lat' dir='ltr'>regnum</span> <span class='ocrx_word' id='word_1_292' title='bbox 2092 169 2201 203; x_wconf 90' lang='lat' dir='ltr'>verbo</span> <span class='ocrx_word' id='word_1_293' title='bbox 2217 168 2292 202; x_wconf 89' lang='lat' dir='ltr'>col-</span> 
     </span>
     <span class='ocr_line' id='line_1_52' title="bbox 1280 227 1589 270; baseline -0.006 -10"><span class='ocrx_word' id='word_1_294' title='bbox 1280 259 1282 269; x_wconf 60' lang='lat'>,</span> <span class='ocrx_word' id='word_1_295' title='bbox 1307 227 1486 270; x_wconf 87' lang='lat' dir='ltr'>ligendum</span> <span class='ocrx_word' id='word_1_296' title='bbox 1506 238 1589 259; x_wconf 89' lang='lat' dir='ltr'>esse.</span> 
     </span>
    </p>

    <p class='ocr_par' dir='ltr' id='par_1_25' title="bbox 1310 268 2296 419">
     <span class='ocr_line' id='line_1_53' title="bbox 1409 268 2293 310; baseline -0.009 -1"><span class='ocrx_word' id='word_1_297' title='bbox 1409 276 1452 310; x_wconf 80' lang='lat' dir='ltr'>Et</span> <span class='ocrx_word' id='word_1_298' title='bbox 1476 273 1534 309; x_wconf 88' lang='lat' dir='ltr'>hic</span> <span class='ocrx_word' id='word_1_299' title='bbox 1559 276 1734 309; x_wconf 85' lang='lat' dir='ltr'>discamus</span> <span class='ocrx_word' id='word_1_300' title='bbox 1758 281 1879 309; x_wconf 88' lang='lat' dir='ltr'>contra</span> <span class='ocrx_word' id='word_1_301' title='bbox 1895 270 2143 306; x_wconf 87' lang='lat' dir='ltr'>Enthusiastas</span> <span class='ocrx_word' id='word_1_302' title='bbox 2159 268 2293 303; x_wconf 89' lang='lat' dir='ltr'>doctri-</span> 
     </span>
     <span class='ocr_line' id='line_1_54' title="bbox 1310 319 2294 364; baseline -0.008 -5"><span class='ocrx_word' id='word_1_303' title='bbox 1310 338 1390 359; x_wconf 89' lang='lat' dir='ltr'>nam</span> <span class='ocrx_word' id='word_1_304' title='bbox 1418 327 1461 359; x_wconf 89' lang='lat' dir='ltr'>de</span> <span class='ocrx_word' id='word_1_305' title='bbox 1486 326 1635 359; x_wconf 88' lang='lat' dir='ltr'>efficacia</span> <span class='ocrx_word' id='word_1_306' title='bbox 1661 326 1772 359; x_wconf 89' lang='lat' dir='ltr'>verbi.</span> <span class='ocrx_word' id='word_1_307' title='bbox 1822 324 1982 358; x_wconf 89' lang='lat' dir='ltr'>Primum</span> <span class='ocrx_word' id='word_1_308' title='bbox 2005 322 2179 355; x_wconf 90' lang='lat' dir='ltr'>discamus</span> <span class='ocrx_word' id='word_1_309' title='bbox 2197 319 2294 364; x_wconf 85' lang='lat' dir='ltr'>quod</span> 
     </span>
     <span class='ocr_line' id='line_1_55' title="bbox 1310 368 2296 419; baseline -0.009 -10"><span class='ocrx_word' id='word_1_310' title='bbox 1310 387 1379 410; x_wconf 73' lang='lat' dir='ltr'>vox</span> <span class='ocrx_word' id='word_1_311' title='bbox 1401 376 1587 419; x_wconf 85' lang='lat' dir='ltr'>Evangelii</span> <span class='ocrx_word' id='word_1_312' title='bbox 1615 388 1688 409; x_wconf 89' lang='lat' dir='ltr'>non</span> <span class='ocrx_word' id='word_1_313' title='bbox 1709 376 1753 410; x_wconf 89' lang='lat' dir='ltr'>sit</span> <span class='ocrx_word' id='word_1_314' title='bbox 1777 375 1911 414; x_wconf 89' lang='lat' dir='ltr'>inanis,</span> <span class='ocrx_word' id='word_1_315' title='bbox 1943 374 2002 406; x_wconf 89' lang='lat' dir='ltr'>sed</span> <span class='ocrx_word' id='word_1_316' title='bbox 2024 381 2161 415; x_wconf 84' lang='lat' dir='ltr'>semper</span> <span class='ocrx_word' id='word_1_317' title='bbox 2183 368 2296 414; x_wconf 85' lang='lat' dir='ltr'>aliqui</span> 
     </span>
    </p>

    <p class='ocr_par' dir='ltr' id='par_1_26' title="bbox 1284 421 2300 672">
     <span class='ocr_line' id='line_1_56' title="bbox 1284 421 2296 472; baseline -0.01 -11"><span class='ocrx_word' id='word_1_318' title='bbox 1284 438 1285 444; x_wconf 63' lang='lat'>¹</span> <span class='ocrx_word' id='word_1_319' title='bbox 1311 439 1372 472; x_wconf 90' lang='lat' dir='ltr'>per</span> <span class='ocrx_word' id='word_1_320' title='bbox 1398 438 1472 460; x_wconf 88' lang='lat' dir='ltr'>eam</span> <span class='ocrx_word' id='word_1_321' title='bbox 1497 433 1765 466; x_wconf 88' lang='lat' dir='ltr'>convertantur,</span> <span class='ocrx_word' id='word_1_322' title='bbox 1792 425 1864 459; x_wconf 88' lang='lat' dir='ltr'>imo</span> <span class='ocrx_word' id='word_1_323' title='bbox 1881 435 2024 464; x_wconf 89' lang='lat' dir='ltr'>omnes,</span> <span class='ocrx_word' id='word_1_324' title='bbox 2050 422 2111 467; x_wconf 91' lang='lat' dir='ltr'>qui</span> <span class='ocrx_word' id='word_1_325' title='bbox 2128 421 2160 453; x_wconf 89' lang='lat' dir='ltr'>ei</span> <span class='ocrx_word' id='word_1_326' title='bbox 2176 431 2296 454; x_wconf 86' lang='lat' dir='ltr'>assen-</span> 
     </span>
     <span class='ocr_line' id='line_1_57' title="bbox 1311 471 2298 520; baseline -0.009 -9"><span class='ocrx_word' id='word_1_327' title='bbox 1311 478 1460 512; x_wconf 88' lang='lat' dir='ltr'>tiuntur.</span> <span class='ocrx_word' id='word_1_328' title='bbox 1523 476 1686 511; x_wconf 89' lang='lat' dir='ltr'>Secundo</span> <span class='ocrx_word' id='word_1_329' title='bbox 1714 477 1887 510; x_wconf 87' lang='lat' dir='ltr'>discamus</span> <span class='ocrx_word' id='word_1_330' title='bbox 1908 474 2127 520; x_wconf 86' lang='lat' dir='ltr'>acquiescere</span> <span class='ocrx_word' id='word_1_331' title='bbox 2150 471 2187 503; x_wconf 89' lang='lat' dir='ltr'>in</span> <span class='ocrx_word' id='word_1_332' title='bbox 2213 481 2298 514; x_wconf 89' lang='lat' dir='ltr'>pro-</span> 
     </span>
     <span class='ocr_line' id='line_1_58' title="bbox 1314 520 2300 568; baseline -0.008 -7"><span class='ocrx_word' id='word_1_333' title='bbox 1314 528 1559 566; x_wconf 86' lang='lat' dir='ltr'>missionibus,</span> <span class='ocrx_word' id='word_1_334' title='bbox 1595 533 1628 560; x_wconf 91' lang='lat' dir='ltr'>et</span> <span class='ocrx_word' id='word_1_335' title='bbox 1659 533 1838 560; x_wconf 82' lang='lat' dir='ltr'>teneamus</span> <span class='ocrx_word' id='word_1_336' title='bbox 1868 524 1959 559; x_wconf 83' lang='lat' dir='ltr'>hanc</span> <span class='ocrx_word' id='word_1_337' title='bbox 1988 523 2165 568; x_wconf 86' lang='lat' dir='ltr'>regulam,</span> <span class='ocrx_word' id='word_1_338' title='bbox 2201 520 2300 566; x_wconf 84' lang='lat' dir='ltr'>quod</span> 
     </span>
     <span class='ocr_line' id='line_1_59' title="bbox 1315 569 2300 622; baseline -0.009 -10"><span class='ocrx_word' id='word_1_339' title='bbox 1315 578 1410 612; x_wconf 89' lang='lat' dir='ltr'>Deus</span> <span class='ocrx_word' id='word_1_340' title='bbox 1425 590 1488 611; x_wconf 89' lang='lat' dir='ltr'>nec</span> <span class='ocrx_word' id='word_1_341' title='bbox 1507 578 1620 617; x_wconf 88' lang='lat' dir='ltr'>cerni,</span> <span class='ocrx_word' id='word_1_342' title='bbox 1647 589 1710 610; x_wconf 90' lang='lat' dir='ltr'>nec</span> <span class='ocrx_word' id='word_1_343' title='bbox 1725 574 1942 622; x_wconf 86' lang='lat' dir='ltr'>adprehendi</span> <span class='ocrx_word' id='word_1_344' title='bbox 1960 575 2062 610; x_wconf 86' lang='lat' dir='ltr'>aliter</span> <span class='ocrx_word' id='word_1_345' title='bbox 2076 572 2202 619; x_wconf 82' lang='lat' dir='ltr'>possit,</span> <span class='ocrx_word' id='word_1_346' title='bbox 2230 569 2300 604; x_wconf 88' lang='lat' dir='ltr'>nisi</span> 
     </span>
     <span class='ocr_line' id='line_1_60' title="bbox 1315 625 1776 672; baseline -0.004 -10"><span class='ocrx_word' id='word_1_347' title='bbox 1315 629 1525 672; x_wconf 87' lang='lat' dir='ltr'>cogitatione</span> <span class='ocrx_word' id='word_1_348' title='bbox 1542 625 1648 661; x_wconf 87' lang='lat' dir='ltr'>huius</span> <span class='ocrx_word' id='word_1_349' title='bbox 1665 627 1776 663; x_wconf 91' lang='lat' dir='ltr'>verbi.</span> 
     </span>
    </p>

    <p class='ocr_par' dir='ltr' id='par_1_27' title="bbox 1289 677 2303 881">
     <span class='ocr_line' id='line_1_61' title="bbox 1418 677 2301 723; baseline -0.008 -11"><span class='ocrx_word' id='word_1_350' title='bbox 1418 678 1714 723; x_wconf 83' lang='lat' dir='ltr'>Quandocunque</span> <span class='ocrx_word' id='word_1_351' title='bbox 1743 677 1966 715; x_wconf 82' lang='lat' dir='ltr'>invocamus,</span> <span class='ocrx_word' id='word_1_352' title='bbox 1999 679 2173 721; x_wconf 86' lang='lat' dir='ltr'>quaerunt</span> <span class='ocrx_word' id='word_1_353' title='bbox 2198 683 2301 706; x_wconf 89' lang='lat' dir='ltr'>men-</span> 
     </span>
     <span class='ocr_line' id='line_1_62' title="bbox 1289 723 2303 773; baseline -0.005 -12"><span class='ocrx_word' id='word_1_354' title='bbox 1289 755 1291 761; x_wconf 70' lang='lat'><em>,</em></span> <span class='ocrx_word' id='word_1_355' title='bbox 1316 737 1367 764; x_wconf 90' lang='lat' dir='ltr'>tes</span> <span class='ocrx_word' id='word_1_356' title='bbox 1384 730 1445 763; x_wconf 93' lang='lat' dir='ltr'>ubi</span> <span class='ocrx_word' id='word_1_357' title='bbox 1463 729 1507 762; x_wconf 86' lang='lat' dir='ltr'>sit</span> <span class='ocrx_word' id='word_1_358' title='bbox 1523 728 1636 767; x_wconf 86' lang='lat' dir='ltr'>Deus,</span> <span class='ocrx_word' id='word_1_359' title='bbox 1665 735 1697 761; x_wconf 91' lang='lat' dir='ltr'>et</span> <span class='ocrx_word' id='word_1_360' title='bbox 1715 728 1793 773; x_wconf 90' lang='lat' dir='ltr'>quis</span> <span class='ocrx_word' id='word_1_361' title='bbox 1810 728 1853 760; x_wconf 90' lang='lat' dir='ltr'>sit</span> <span class='ocrx_word' id='word_1_362' title='bbox 1871 726 1987 767; x_wconf 90' lang='lat' dir='ltr'>Deus,</span> <span class='ocrx_word' id='word_1_363' title='bbox 2012 732 2045 759; x_wconf 84' lang='lat' dir='ltr'>et</span> <span class='ocrx_word' id='word_1_364' title='bbox 2060 725 2211 758; x_wconf 85' lang='lat' dir='ltr'>libenter</span> <span class='ocrx_word' id='word_1_365' title='bbox 2227 723 2303 756; x_wconf 61' lang='grc'>1111-</span> 
     </span>
     <span class='ocr_line' id='line_1_63' title="bbox 1290 776 2303 826; baseline -0.007 -13"><span class='ocrx_word' id='word_1_366' title='bbox 1290 781 1390 826; x_wconf 52' lang='grc'>111111</span> <span class='ocrx_word' id='word_1_367' title='bbox 1422 780 1632 824; x_wconf 88' lang='lat' dir='ltr'>compellare</span> <span class='ocrx_word' id='word_1_368' title='bbox 1665 790 1787 811; x_wconf 88' lang='lat' dir='ltr'>verum</span> <span class='ocrx_word' id='word_1_369' title='bbox 1813 777 1948 815; x_wconf 89' lang='lat' dir='ltr'>Deum,</span> <span class='ocrx_word' id='word_1_370' title='bbox 1983 787 2056 809; x_wconf 91' lang='lat' dir='ltr'>non</span> <span class='ocrx_word' id='word_1_371' title='bbox 2088 776 2252 809; x_wconf 85' lang='lat' dir='ltr'>aberrare</span> <span class='ocrx_word' id='word_1_372' title='bbox 2282 784 2303 806; x_wconf 76' lang='lat' dir='ltr'>a</span> 
     </span>
     <span class='ocr_line' id='line_1_64' title="bbox 1290 823 2291 881; baseline -0.004 -18"><span class='ocrx_word' id='word_1_373' title='bbox 1290 871 1291 881; x_wconf 15' lang='grc' dir='ltr'>ἵ</span> <span class='ocrx_word' id='word_1_374' title='bbox 1317 842 1400 864; x_wconf 86' lang='lat' dir='ltr'>vero</span> <span class='ocrx_word' id='word_1_375' title='bbox 1418 829 1509 868; x_wconf 89' lang='lat' dir='ltr'>Deo,</span> <span class='ocrx_word' id='word_1_376' title='bbox 1536 841 1610 862; x_wconf 89' lang='lat' dir='ltr'>non</span> <span class='ocrx_word' id='word_1_377' title='bbox 1626 829 1760 874; x_wconf 90' lang='lat' dir='ltr'>alloqui</span> <span class='ocrx_word' id='word_1_378' title='bbox 1779 828 1891 868; x_wconf 84' lang='lat' dir='ltr'>aliud,</span> <span class='ocrx_word' id='word_1_379' title='bbox 1919 827 2013 872; x_wconf 88' lang='lat' dir='ltr'>quod</span> <span class='ocrx_word' id='word_1_380' title='bbox 2029 838 2102 859; x_wconf 93' lang='lat' dir='ltr'>non</span> <span class='ocrx_word' id='word_1_381' title='bbox 2118 832 2168 859; x_wconf 92' lang='lat' dir='ltr'>est</span> <span class='ocrx_word' id='word_1_382' title='bbox 2183 823 2291 859; x_wconf 88' lang='lat' dir='ltr'>Deus.</span> 
     </span>
    </p>
   </div>
   <div class='ocr_carea' id='block_1_21' title="bbox 1289 883 2307 1186">
    <p class='ocr_par' dir='ltr' id='par_1_28' title="bbox 1289 883 2307 1186">
     <span class='ocr_line' id='line_1_65' title="bbox 1289 883 2304 931; baseline -0.005 -10"><span class='ocrx_word' id='word_1_383' title='bbox 1289 883 1293 920; x_wconf 85' lang='lat' dir='ltr'>l</span> <span class='ocrx_word' id='word_1_384' title='bbox 1423 887 1465 921; x_wconf 91' lang='lat' dir='ltr'>ln</span> <span class='ocrx_word' id='word_1_385' title='bbox 1490 885 1555 921; x_wconf 87' lang='lat' dir='ltr'>bac</span> <span class='ocrx_word' id='word_1_386' title='bbox 1570 887 1780 931; x_wconf 83' lang='lat' dir='ltr'>cogitatione</span> <span class='ocrx_word' id='word_1_387' title='bbox 1795 893 1829 921; x_wconf 92' lang='lat' dir='ltr'>et</span> <span class='ocrx_word' id='word_1_388' title='bbox 1845 886 2038 920; x_wconf 85' lang='lat' dir='ltr'>tentatione</span> <span class='ocrx_word' id='word_1_389' title='bbox 2051 896 2150 918; x_wconf 85' lang='lat' dir='ltr'>mens</span> <span class='ocrx_word' id='word_1_390' title='bbox 2167 884 2304 918; x_wconf 81' lang='lat' dir='ltr'>iutuea-</span> 
     </span>
     <span class='ocr_line' id='line_1_66' title="bbox 1290 929 2305 981; baseline -0.007 -8"><span class='ocrx_word' id='word_1_391' title='bbox 1290 929 1294 964; x_wconf 73' lang='lat' dir='ltr'>l</span> <span class='ocrx_word' id='word_1_392' title='bbox 1319 947 1377 973; x_wconf 92' lang='lat' dir='ltr'>tur</span> <span class='ocrx_word' id='word_1_393' title='bbox 1400 939 1545 972; x_wconf 89' lang='lat' dir='ltr'>verbum</span> <span class='ocrx_word' id='word_1_394' title='bbox 1564 945 1597 971; x_wconf 89' lang='lat' dir='ltr'>et</span> <span class='ocrx_word' id='word_1_395' title='bbox 1613 938 1833 976; x_wconf 84' lang='lat' dir='ltr'>testimonia,</span> <span class='ocrx_word' id='word_1_396' title='bbox 1861 949 1923 981; x_wconf 92' lang='lat' dir='ltr'>per</span> <span class='ocrx_word' id='word_1_397' title='bbox 1939 948 2027 981; x_wconf 81' lang='lat' dir='ltr'>quae</span> <span class='ocrx_word' id='word_1_398' title='bbox 2043 935 2138 969; x_wconf 92' lang='lat' dir='ltr'>Deus</span> <span class='ocrx_word' id='word_1_399' title='bbox 2155 946 2190 968; x_wconf 88' lang='lat' dir='ltr'>se</span> <span class='ocrx_word' id='word_1_400' title='bbox 2208 940 2305 978; x_wconf 87' lang='lat' dir='ltr'>pate·—</span> 
     </span>
     <span class='ocr_line' id='line_1_67' title="bbox 1319 982 2305 1031; baseline -0.006 -8"><span class='ocrx_word' id='word_1_401' title='bbox 1319 990 1420 1030; x_wconf 86' lang='lat' dir='ltr'>secit,</span> <span class='ocrx_word' id='word_1_402' title='bbox 1448 996 1480 1023; x_wconf 93' lang='lat' dir='ltr'>et</span> <span class='ocrx_word' id='word_1_403' title='bbox 1504 988 1634 1031; x_wconf 78' lang='lat' dir='ltr'>cogites</span> <span class='ocrx_word' id='word_1_404' title='bbox 1657 985 1753 1022; x_wconf 88' lang='lat' dir='ltr'>hunc</span> <span class='ocrx_word' id='word_1_405' title='bbox 1777 999 1849 1022; x_wconf 87' lang='lat' dir='ltr'>esse</span> <span class='ocrx_word' id='word_1_406' title='bbox 1866 999 1988 1021; x_wconf 84' lang='lat' dir='ltr'>verum</span> <span class='ocrx_word' id='word_1_407' title='bbox 2005 985 2138 1026; x_wconf 90' lang='lat' dir='ltr'>Deum,</span> <span class='ocrx_word' id='word_1_408' title='bbox 2161 984 2222 1030; x_wconf 89' lang='lat' dir='ltr'>qui</span> <span class='ocrx_word' id='word_1_409' title='bbox 2238 982 2305 1018; x_wconf 86' lang='lat' dir='ltr'>boc</span> 
     </span>
     <span class='ocr_line' id='line_1_68' title="bbox 1319 1036 2306 1083; baseline -0.006 -10"><span class='ocrx_word' id='word_1_410' title='bbox 1319 1040 1552 1083; x_wconf 80' lang='lat' dir='ltr'>Evangelium</span> <span class='ocrx_word' id='word_1_411' title='bbox 1572 1038 1749 1072; x_wconf 82' lang='lat' dir='ltr'>Ecclesiae</span> <span class='ocrx_word' id='word_1_412' title='bbox 1771 1038 1932 1077; x_wconf 85' lang='lat' dir='ltr'>tradidit,</span> <span class='ocrx_word' id='word_1_413' title='bbox 1958 1038 2019 1082; x_wconf 90' lang='lat' dir='ltr'>qui</span> <span class='ocrx_word' id='word_1_414' title='bbox 2044 1036 2306 1070; x_wconf 88' lang='lat' dir='ltr'>resuscitatione</span> 
     </span>
     <span class='ocr_line' id='line_1_69' title="bbox 1292 1086 2307 1129; baseline -0.006 -5"><span class='ocrx_word' id='word_1_415' title='bbox 1292 1099 1293 1105; x_wconf 64' lang='lat'>¹</span> <span class='ocrx_word' id='word_1_416' title='bbox 1319 1097 1541 1124; x_wconf 90' lang='lat' dir='ltr'>mortuorum</span> <span class='ocrx_word' id='word_1_417' title='bbox 1566 1096 1709 1123; x_wconf 89' lang='lat' dir='ltr'>testatus</span> <span class='ocrx_word' id='word_1_418' title='bbox 1733 1096 1803 1129; x_wconf 90' lang='lat' dir='ltr'>est,</span> <span class='ocrx_word' id='word_1_419' title='bbox 1829 1100 1864 1121; x_wconf 89' lang='lat' dir='ltr'>se</span> <span class='ocrx_word' id='word_1_420' title='bbox 1890 1089 1992 1121; x_wconf 90' lang='lat' dir='ltr'>edere</span> <span class='ocrx_word' id='word_1_421' title='bbox 2016 1086 2106 1120; x_wconf 81' lang='lat' dir='ltr'>hane</span> <span class='ocrx_word' id='word_1_422' title='bbox 2130 1097 2249 1120; x_wconf 90' lang='lat' dir='ltr'>vocem</span> <span class='ocrx_word' id='word_1_423' title='bbox 2274 1091 2307 1118; x_wconf 87' lang='lat' dir='ltr'>et</span> 
     </span>
     <span class='ocr_line' id='line_1_70' title="bbox 1321 1137 2272 1186; baseline -0.004 -11"><span class='ocrx_word' id='word_1_424' title='bbox 1321 1139 1382 1175; x_wconf 83' lang='lat' dir='ltr'>has</span> <span class='ocrx_word' id='word_1_425' title='bbox 1399 1140 1668 1186; x_wconf 87' lang='lat' dir='ltr'>promissiones,</span> <span class='ocrx_word' id='word_1_426' title='bbox 1696 1137 1791 1174; x_wconf 89' lang='lat' dir='ltr'>hunc</span> <span class='ocrx_word' id='word_1_427' title='bbox 1808 1137 1921 1173; x_wconf 88' lang='lat' dir='ltr'>Deum</span> <span class='ocrx_word' id='word_1_428' title='bbox 1938 1138 2070 1183; x_wconf 90' lang='lat' dir='ltr'>alloqui</span> <span class='ocrx_word' id='word_1_429' title='bbox 2087 1144 2120 1171; x_wconf 88' lang='lat' dir='ltr'>te</span> <span class='ocrx_word' id='word_1_430' title='bbox 2132 1137 2272 1181; x_wconf 82' lang='lat' dir='ltr'>cogites.</span> 
     </span>
    </p>
   </div>
   <div class='ocr_carea' id='block_1_22' title="bbox 1320 1195 2309 1293">
    <p class='ocr_par' dir='ltr' id='par_1_29' title="bbox 1320 1195 2309 1293">
     <span class='ocr_line' id='line_1_71' title="bbox 1424 1195 2308 1240; baseline -0.006 -7"><span class='ocrx_word' id='word_1_431' title='bbox 1424 1199 1562 1240; x_wconf 89' lang='lat' dir='ltr'>Tertio,</span> <span class='ocrx_word' id='word_1_432' title='bbox 1589 1199 1786 1232; x_wconf 86' lang='lat' dir='ltr'>similitudo</span> <span class='ocrx_word' id='word_1_433' title='bbox 1807 1198 1910 1232; x_wconf 91' lang='lat' dir='ltr'>etiam</span> <span class='ocrx_word' id='word_1_434' title='bbox 1925 1197 2177 1232; x_wconf 87' lang='lat' dir='ltr'>consideretur.</span> <span class='ocrx_word' id='word_1_435' title='bbox 2230 1195 2308 1230; x_wconf 90' lang='lat' dir='ltr'>Sic-</span> 
     </span>
     <span class='ocr_line' id='line_1_72' title="bbox 1320 1247 2309 1293; baseline -0.005 -9"><span class='ocrx_word' id='word_1_436' title='bbox 1320 1258 1359 1285; x_wconf 85' lang='grc'>111</span> <span class='ocrx_word' id='word_1_437' title='bbox 1390 1251 1503 1293; x_wconf 80' lang='lat' dir='ltr'>sinapi</span> <span class='ocrx_word' id='word_1_438' title='bbox 1533 1257 1583 1283; x_wconf 88' lang='lat' dir='ltr'>est</span> <span class='ocrx_word' id='word_1_439' title='bbox 1612 1251 1779 1287; x_wconf 78' lang='lat' dir='ltr'>mordax,</span> <span class='ocrx_word' id='word_1_440' title='bbox 1816 1256 1849 1282; x_wconf 88' lang='lat' dir='ltr'>et</span> <span class='ocrx_word' id='word_1_441' title='bbox 1876 1255 2000 1293; x_wconf 86' lang='lat' dir='ltr'>purgat</span> <span class='ocrx_word' id='word_1_442' title='bbox 2022 1247 2224 1287; x_wconf 83' lang='lat' dir='ltr'>cerebrum,</span> <span class='ocrx_word' id='word_1_443' title='bbox 2261 1247 2309 1280; x_wconf 80' lang='lat' dir='ltr'>ita</span> 
     </span>
    </p>
   </div>
   <div class='ocr_carea' id='block_1_23' title="bbox 1320 1299 2310 1396">
    <p class='ocr_par' dir='ltr' id='par_1_30' title="bbox 1320 1299 2310 1396">
     <span class='ocr_line' id='line_1_73' title="bbox 1320 1299 2310 1344; baseline -0.003 -10"><span class='ocrx_word' id='word_1_444' title='bbox 1320 1301 1555 1343; x_wconf 83' lang='lat' dir='ltr'>Evangelium</span> <span class='ocrx_word' id='word_1_445' title='bbox 1588 1301 1725 1334; x_wconf 89' lang='lat' dir='ltr'>mordet</span> <span class='ocrx_word' id='word_1_446' title='bbox 1753 1300 1857 1333; x_wconf 81' lang='lat' dir='ltr'>falsas</span> <span class='ocrx_word' id='word_1_447' title='bbox 1886 1299 2090 1344; x_wconf 88' lang='lat' dir='ltr'>opiniones,</span> <span class='ocrx_word' id='word_1_448' title='bbox 2124 1304 2158 1332; x_wconf 92' lang='lat' dir='ltr'>et</span> <span class='ocrx_word' id='word_1_449' title='bbox 2185 1308 2310 1342; x_wconf 83' lang='lat' dir='ltr'>pravas</span> 
     </span>
     <span class='ocr_line' id='line_1_74' title="bbox 1323 1352 1543 1396; baseline -0.009 -11"><span class='ocrx_word' id='word_1_450' title='bbox 1323 1352 1543 1396; x_wconf 87' lang='lat' dir='ltr'>cupiditates.</span> 
     </span>
    </p>
   </div>
   <div class='ocr_carea' id='block_1_24' title="bbox 1293 1403 1296 1416">
    <p class='ocr_par' dir='ltr' id='par_1_31' title="bbox 1293 1403 1296 1416">
     <span class='ocr_line' id='line_1_75' title="bbox 1293 1403 1296 1416; baseline 0 0"><span class='ocrx_word' id='word_1_451' title='bbox 1293 1403 1296 1416; x_wconf 83' lang='lat' dir='ltr'>l</span> 
     </span>
    </p>
   </div>
   <div class='ocr_carea' id='block_1_25' title="bbox 1432 1440 2201 1490">
    <p class='ocr_par' dir='ltr' id='par_1_32' title="bbox 1432 1440 2201 1490">
     <span class='ocr_line' id='line_1_76' title="bbox 1432 1440 2201 1490; baseline 0.003 -15"><span class='ocrx_word' id='word_1_452' title='bbox 1432 1440 1564 1476; x_wconf 82' lang='lat' dir='ltr'>Simile</span> <span class='ocrx_word' id='word_1_453' title='bbox 1578 1447 1628 1476; x_wconf 78' lang='lat' dir='ltr'>es!</span> <span class='ocrx_word' id='word_1_454' title='bbox 1648 1453 1798 1488; x_wconf 71' lang='lat' dir='ltr'>regnum</span> <span class='ocrx_word' id='word_1_455' title='bbox 1817 1441 1994 1476; x_wconf 72' lang='lat' dir='ltr'>coelorum</span> <span class='ocrx_word' id='word_1_456' title='bbox 2005 1441 2201 1490; x_wconf 75' lang='lat' dir='ltr'>fermento.</span> 
     </span>
    </p>
   </div>
   <div class='ocr_carea' id='block_1_26' title="bbox 1299 1517 2318 2311">
    <p class='ocr_par' dir='ltr' id='par_1_33' title="bbox 1299 1517 2318 2311">
     <span class='ocr_line' id='line_1_77' title="bbox 1426 1517 2311 1561; baseline -0.001 -10"><span class='ocrx_word' id='word_1_457' title='bbox 1426 1519 1524 1551; x_wconf 89' lang='lat' dir='ltr'>Idem</span> <span class='ocrx_word' id='word_1_458' title='bbox 1548 1526 1791 1561; x_wconf 78' lang='lat' dir='ltr'>argumentum</span> <span class='ocrx_word' id='word_1_459' title='bbox 1811 1525 1858 1552; x_wconf 88' lang='lat' dir='ltr'>est</span> <span class='ocrx_word' id='word_1_460' title='bbox 1877 1519 1920 1551; x_wconf 91' lang='lat' dir='ltr'>de</span> <span class='ocrx_word' id='word_1_461' title='bbox 1935 1518 2131 1551; x_wconf 88' lang='lat' dir='ltr'>ministerio</span> <span class='ocrx_word' id='word_1_462' title='bbox 2147 1517 2311 1561; x_wconf 82' lang='lat' dir='ltr'>Evange-</span> 
     </span>
     <span class='ocr_line' id='line_1_78' title="bbox 1325 1569 1777 1610; baseline 0.002 -8"><span class='ocrx_word' id='word_1_463' title='bbox 1325 1569 1384 1610; x_wconf 90' lang='lat' dir='ltr'>lii,</span> <span class='ocrx_word' id='word_1_464' title='bbox 1414 1570 1506 1602; x_wconf 90' lang='lat' dir='ltr'>etde</span> <span class='ocrx_word' id='word_1_465' title='bbox 1523 1569 1672 1602; x_wconf 84' lang='lat' dir='ltr'>efficacia</span> <span class='ocrx_word' id='word_1_466' title='bbox 1692 1569 1777 1603; x_wconf 90' lang='lat' dir='ltr'>eius.</span> 
     </span>
     <span class='ocr_line' id='line_1_79' title="bbox 1299 1616 2312 1657; baseline -0.001 -5"><span class='ocrx_word' id='word_1_467' title='bbox 1299 1631 1301 1657; x_wconf 79' lang='lat'>;</span> <span class='ocrx_word' id='word_1_468' title='bbox 1429 1617 1475 1652; x_wconf 89' lang='lat' dir='ltr'>Et</span> <span class='ocrx_word' id='word_1_469' title='bbox 1504 1631 1626 1653; x_wconf 86' lang='lat' dir='ltr'>rursus</span> <span class='ocrx_word' id='word_1_470' title='bbox 1658 1619 1902 1652; x_wconf 88' lang='lat' dir='ltr'>consideretur</span> <span class='ocrx_word' id='word_1_471' title='bbox 1929 1616 2124 1654; x_wconf 77' lang='lat' dir='ltr'>antithesis.</span> <span class='ocrx_word' id='word_1_472' title='bbox 2192 1617 2312 1652; x_wconf 85' lang='lat' dir='ltr'>ludaei</span> 
     </span>
     <span class='ocr_line' id='line_1_80' title="bbox 1300 1667 2314 1714; baseline -0.001 -11"><span class='ocrx_word' id='word_1_473' title='bbox 1300 1679 1301 1682; x_wconf 77' lang='grc'>’</span> <span class='ocrx_word' id='word_1_474' title='bbox 1327 1677 1526 1714; x_wconf 84' lang='lat' dir='ltr'>exspectant</span> <span class='ocrx_word' id='word_1_475' title='bbox 1546 1681 1691 1713; x_wconf 81' lang='lat' dir='ltr'>regnum</span> <span class='ocrx_word' id='word_1_476' title='bbox 1711 1670 1911 1713; x_wconf 85' lang='lat' dir='ltr'>politicum,</span> <span class='ocrx_word' id='word_1_477' title='bbox 1947 1671 2006 1703; x_wconf 90' lang='lat' dir='ltr'>sed</span> <span class='ocrx_word' id='word_1_478' title='bbox 2024 1667 2186 1703; x_wconf 82' lang='lat' dir='ltr'>Christus</span> <span class='ocrx_word' id='word_1_479' title='bbox 2199 1681 2314 1713; x_wconf 85' lang='lat' dir='ltr'>oppo-</span> 
     </span>
     <span class='ocr_line' id='line_1_81' title="bbox 1301 1719 2315 1765; baseline -0.002 -11"><span class='ocrx_word' id='word_1_480' title='bbox 1301 1743 1303 1747; x_wconf 70' lang='lat'>,</span> <span class='ocrx_word' id='word_1_481' title='bbox 1329 1721 1381 1754; x_wconf 92' lang='lat' dir='ltr'>nit</span> <span class='ocrx_word' id='word_1_482' title='bbox 1397 1721 1501 1754; x_wconf 91' lang='lat' dir='ltr'>aliam</span> <span class='ocrx_word' id='word_1_483' title='bbox 1519 1721 1680 1756; x_wconf 83' lang='lat' dir='ltr'>formam.</span> <span class='ocrx_word' id='word_1_484' title='bbox 1718 1719 1811 1757; x_wconf 82' lang='lat' dir='ltr'>lmo.</span> <span class='ocrx_word' id='word_1_485' title='bbox 1840 1720 1967 1765; x_wconf 75' lang='lat' dir='ltr'>inquit,</span> <span class='ocrx_word' id='word_1_486' title='bbox 1990 1720 2057 1754; x_wconf 89' lang='lat' dir='ltr'>erit</span> <span class='ocrx_word' id='word_1_487' title='bbox 2072 1731 2218 1763; x_wconf 87' lang='lat' dir='ltr'>regnum</span> <span class='ocrx_word' id='word_1_488' title='bbox 2233 1719 2315 1760; x_wconf 79' lang='lat' dir='ltr'>tale,</span> 
     </span>
     <span class='ocr_line' id='line_1_82' title="bbox 1302 1768 2285 1817; baseline -0.002 -12"><span class='ocrx_word' id='word_1_489' title='bbox 1302 1776 1303 1781; x_wconf 78' lang='grc'>’</span> <span class='ocrx_word' id='word_1_490' title='bbox 1329 1772 1366 1805; x_wconf 84' lang='grc'>111</span> <span class='ocrx_word' id='word_1_491' title='bbox 1386 1784 1456 1817; x_wconf 88' lang='lat' dir='ltr'>quo</span> <span class='ocrx_word' id='word_1_492' title='bbox 1476 1783 1537 1815; x_wconf 88' lang='lat' dir='ltr'>per</span> <span class='ocrx_word' id='word_1_493' title='bbox 1552 1771 1696 1804; x_wconf 77' lang='lat' dir='ltr'>verbum</span> <span class='ocrx_word' id='word_1_494' title='bbox 1715 1773 1819 1804; x_wconf 80' lang='lat' dir='ltr'>corda</span> <span class='ocrx_word' id='word_1_495' title='bbox 1839 1768 2023 1804; x_wconf 84' lang='lat' dir='ltr'>bominum</span> <span class='ocrx_word' id='word_1_496' title='bbox 2042 1771 2285 1804; x_wconf 89' lang='lat' dir='ltr'>mutabuntur.</span> 
     </span>
     <span class='ocr_line' id='line_1_83' title="bbox 1301 1820 2315 1880; baseline -0.001 -25"><span class='ocrx_word' id='word_1_497' title='bbox 1301 1820 1305 1880; x_wconf 73' lang='grc' dir='ltr'>Ι</span> <span class='ocrx_word' id='word_1_498' title='bbox 1431 1821 1500 1855; x_wconf 84' lang='lat' dir='ltr'>Hic</span> <span class='ocrx_word' id='word_1_499' title='bbox 1533 1834 1672 1866; x_wconf 83' lang='lat' dir='ltr'>quoque</span> <span class='ocrx_word' id='word_1_500' title='bbox 1703 1820 1786 1854; x_wconf 84' lang='lat' dir='ltr'>baec</span> <span class='ocrx_word' id='word_1_501' title='bbox 1820 1823 1892 1854; x_wconf 84' lang='grc'>111111</span> <span class='ocrx_word' id='word_1_502' title='bbox 1922 1821 2206 1860; x_wconf 78' lang='lat' dir='ltr'>considerentur.</span> <span class='ocrx_word' id='word_1_503' title='bbox 2241 1821 2315 1865; x_wconf 83' lang='lat' dir='ltr'>pri-</span> 
     </span>
     <span class='ocr_line' id='line_1_84' title="bbox 1301 1871 2316 1961; baseline -0.002 -56"><span class='ocrx_word' id='word_1_504' title='bbox 1301 1883 1305 1961; x_wconf 79' lang='grc' dir='ltr'>Ι</span> <span class='ocrx_word' id='word_1_505' title='bbox 1330 1884 1427 1906; x_wconf 83' lang='grc'>11111111</span> <span class='ocrx_word' id='word_1_506' title='bbox 1454 1874 1548 1917; x_wconf 82' lang='lat' dir='ltr'>quod</span> <span class='ocrx_word' id='word_1_507' title='bbox 1576 1885 1641 1905; x_wconf 78' lang='lat' dir='ltr'>vox</span> <span class='ocrx_word' id='word_1_508' title='bbox 1660 1871 1842 1914; x_wconf 80' lang='lat' dir='ltr'>Evangelii</span> <span class='ocrx_word' id='word_1_509' title='bbox 1861 1884 1932 1904; x_wconf 77' lang='lat' dir='ltr'>non</span> <span class='ocrx_word' id='word_1_510' title='bbox 1951 1872 1994 1905; x_wconf 89' lang='lat' dir='ltr'>sit</span> <span class='ocrx_word' id='word_1_511' title='bbox 2014 1872 2117 1904; x_wconf 79' lang='lat' dir='ltr'>inane</span> <span class='ocrx_word' id='word_1_512' title='bbox 2134 1871 2316 1916; x_wconf 84' lang='lat' dir='ltr'>quiddam,</span> 
     </span>
     <span class='ocr_line' id='line_1_85' title="bbox 1331 1922 2315 1965; baseline -0.002 -9"><span class='ocrx_word' id='word_1_513' title='bbox 1331 1925 1389 1956; x_wconf 84' lang='lat' dir='ltr'>sed</span> <span class='ocrx_word' id='word_1_514' title='bbox 1417 1935 1497 1956; x_wconf 81' lang='lat' dir='ltr'>vere</span> <span class='ocrx_word' id='word_1_515' title='bbox 1521 1923 1563 1956; x_wconf 89' lang='lat' dir='ltr'>sit</span> <span class='ocrx_word' id='word_1_516' title='bbox 1589 1923 1727 1959; x_wconf 69' lang='lat' dir='ltr'>efficax,</span> <span class='ocrx_word' id='word_1_517' title='bbox 1756 1930 1787 1955; x_wconf 73' lang='lat' dir='ltr'>et</span> <span class='ocrx_word' id='word_1_518' title='bbox 1811 1923 1904 1965; x_wconf 81' lang='lat' dir='ltr'>quod</span> <span class='ocrx_word' id='word_1_519' title='bbox 1932 1934 1992 1965; x_wconf 89' lang='lat' dir='ltr'>per</span> <span class='ocrx_word' id='word_1_520' title='bbox 2008 1934 2082 1955; x_wconf 76' lang='lat' dir='ltr'>eain</span> <span class='ocrx_word' id='word_1_521' title='bbox 2100 1934 2236 1965; x_wconf 83' lang='lat' dir='ltr'>semper</span> <span class='ocrx_word' id='word_1_522' title='bbox 2249 1922 2315 1955; x_wconf 75' lang='lat' dir='ltr'>ali-</span> 
     </span>
     <span class='ocr_line' id='line_1_86' title="bbox 1301 1967 2315 2030; baseline -0.001 -24"><span class='ocrx_word' id='word_1_523' title='bbox 1301 1967 1305 2030; x_wconf 81' lang='grc' dir='ltr'>Ι</span> <span class='ocrx_word' id='word_1_524' title='bbox 1331 1974 1391 2018; x_wconf 85' lang='lat' dir='ltr'>qui</span> <span class='ocrx_word' id='word_1_525' title='bbox 1417 1980 1678 2008; x_wconf 71' lang='lat' dir='ltr'>convertantur.</span> <span class='ocrx_word' id='word_1_526' title='bbox 1732 1972 1804 2006; x_wconf 84' lang='grc'>111111</span> <span class='ocrx_word' id='word_1_527' title='bbox 1829 1984 1950 2005; x_wconf 76' lang='lat' dir='ltr'>omues</span> <span class='ocrx_word' id='word_1_528' title='bbox 1974 1972 2033 2016; x_wconf 85' lang='lat' dir='ltr'>qui</span> <span class='ocrx_word' id='word_1_529' title='bbox 2058 1973 2088 2005; x_wconf 92' lang='lat' dir='ltr'>ei</span> <span class='ocrx_word' id='word_1_530' title='bbox 2108 1973 2315 2006; x_wconf 79' lang='lat' dir='ltr'>adsentiun-</span> 
     </span>
     <span class='ocr_line' id='line_1_87' title="bbox 1331 2022 2204 2068; baseline 0 -11"><span class='ocrx_word' id='word_1_531' title='bbox 1331 2030 1401 2059; x_wconf 85' lang='lat' dir='ltr'>tur.</span> <span class='ocrx_word' id='word_1_532' title='bbox 1454 2023 1618 2057; x_wconf 86' lang='lat' dir='ltr'>Secundo</span> <span class='ocrx_word' id='word_1_533' title='bbox 1637 2023 1757 2068; x_wconf 67' lang='lat' dir='ltr'>quales</span> <span class='ocrx_word' id='word_1_534' title='bbox 1773 2023 1841 2056; x_wconf 90' lang='lat' dir='ltr'>sint</span> <span class='ocrx_word' id='word_1_535' title='bbox 1858 2023 2000 2055; x_wconf 74' lang='lat' dir='ltr'>effectus</span> <span class='ocrx_word' id='word_1_536' title='bbox 2019 2022 2204 2058; x_wconf 80' lang='lat' dir='ltr'>discamus.</span> 
     </span>
     <span class='ocr_line' id='line_1_88' title="bbox 1432 2072 2318 2117; baseline 0 -10"><span class='ocrx_word' id='word_1_537' title='bbox 1432 2073 1663 2115; x_wconf 62' lang='lat' dir='ltr'>Euangelium</span> <span class='ocrx_word' id='word_1_538' title='bbox 1683 2072 1747 2107; x_wconf 77' lang='lat' dir='ltr'>linc</span> <span class='ocrx_word' id='word_1_539' title='bbox 1766 2074 1842 2106; x_wconf 79' lang='lat' dir='ltr'>loco</span> <span class='ocrx_word' id='word_1_540' title='bbox 1855 2074 2070 2115; x_wconf 80' lang='lat' dir='ltr'>significatur</span> <span class='ocrx_word' id='word_1_541' title='bbox 2089 2085 2149 2117; x_wconf 83' lang='lat' dir='ltr'>per</span> <span class='ocrx_word' id='word_1_542' title='bbox 2165 2073 2318 2107; x_wconf 74' lang='lat' dir='ltr'>sermen-</span> 
     </span>
     <span class='ocr_line' id='line_1_89' title="bbox 1302 2123 2316 2162; baseline 0 -5"><span class='ocrx_word' id='word_1_543' title='bbox 1302 2131 1306 2153; x_wconf 78' lang='lat' dir='ltr'>t</span> <span class='ocrx_word' id='word_1_544' title='bbox 1331 2132 1419 2158; x_wconf 89' lang='lat' dir='ltr'>tum.</span> <span class='ocrx_word' id='word_1_545' title='bbox 1483 2123 1524 2157; x_wconf 53' lang='lat' dir='ltr'>lit</span> <span class='ocrx_word' id='word_1_546' title='bbox 1555 2125 1642 2158; x_wconf 85' lang='lat' dir='ltr'>sicut</span> <span class='ocrx_word' id='word_1_547' title='bbox 1673 2127 1883 2157; x_wconf 75' lang='lat' dir='ltr'>fermentum</span> <span class='ocrx_word' id='word_1_548' title='bbox 1908 2125 2071 2157; x_wconf 70' lang='lat' dir='ltr'>&#39;uisu-tur</span> <span class='ocrx_word' id='word_1_549' title='bbox 2098 2124 2248 2162; x_wconf 70' lang='lat' dir='ltr'>farinae,</span> <span class='ocrx_word' id='word_1_550' title='bbox 2283 2132 2316 2158; x_wconf 68' lang='lat' dir='ltr'>rt</span> 
     </span>
     <span class='ocr_line' id='line_1_90' title="bbox 1332 2173 2315 2219; baseline -0.001 -11"><span class='ocrx_word' id='word_1_551' title='bbox 1332 2176 1430 2209; x_wconf 68' lang='lat' dir='ltr'>inflat</span> <span class='ocrx_word' id='word_1_552' title='bbox 1457 2187 1602 2219; x_wconf 80' lang='lat' dir='ltr'>panem.</span> <span class='ocrx_word' id='word_1_553' title='bbox 1629 2175 1677 2207; x_wconf 90' lang='lat' dir='ltr'>sic</span> <span class='ocrx_word' id='word_1_554' title='bbox 1705 2176 1848 2207; x_wconf 72' lang='lat' dir='ltr'>verbum</span> <span class='ocrx_word' id='word_1_555' title='bbox 1875 2175 2040 2208; x_wconf 77' lang='lat' dir='ltr'>miscetur</span> <span class='ocrx_word' id='word_1_556' title='bbox 2065 2173 2315 2208; x_wconf 56' lang='grc'>(111-1111105110-</span> 
     </span>
     <span class='ocr_line' id='line_1_91' title="bbox 1333 2225 2316 2267; baseline 0.001 -8"><span class='ocrx_word' id='word_1_557' title='bbox 1333 2227 1489 2266; x_wconf 87' lang='lat' dir='ltr'>miuum,</span> <span class='ocrx_word' id='word_1_558' title='bbox 1519 2233 1548 2258; x_wconf 84' lang='lat' dir='ltr'>et</span> <span class='ocrx_word' id='word_1_559' title='bbox 1573 2226 1676 2258; x_wconf 88' lang='lat' dir='ltr'>simul</span> <span class='ocrx_word' id='word_1_560' title='bbox 1703 2227 1807 2258; x_wconf 76' lang='lat' dir='ltr'>datur</span> <span class='ocrx_word' id='word_1_561' title='bbox 1825 2225 1979 2267; x_wconf 73' lang='lat' dir='ltr'>Spiritus</span> <span class='ocrx_word' id='word_1_562' title='bbox 2005 2234 2163 2267; x_wconf 79' lang='lat' dir='ltr'>sanctus,</span> <span class='ocrx_word' id='word_1_563' title='bbox 2192 2233 2229 2260; x_wconf 84' lang='grc'>111</span> <span class='ocrx_word' id='word_1_564' title='bbox 2254 2225 2316 2260; x_wconf 86' lang='grc'>1110</span> 
     </span>
     <span class='ocr_line' id='line_1_92' title="bbox 1331 2275 1958 2311; baseline -0.003 -1"><span class='ocrx_word' id='word_1_565' title='bbox 1331 2284 1425 2311; x_wconf 78' lang='lat' dir='ltr'>mota</span> <span class='ocrx_word' id='word_1_566' title='bbox 1440 2278 1544 2310; x_wconf 78' lang='lat' dir='ltr'>corda</span> <span class='ocrx_word' id='word_1_567' title='bbox 1564 2277 1755 2310; x_wconf 84' lang='lat' dir='ltr'>incitentur</span> <span class='ocrx_word' id='word_1_568' title='bbox 1772 2279 1813 2309; x_wconf 74' lang='lat' dir='ltr'>:ul</span> <span class='ocrx_word' id='word_1_569' title='bbox 1833 2275 1958 2310; x_wconf 83' lang='lat' dir='ltr'>Deum.</span> 
     </span>
    </p>
   </div>
   <div class='ocr_carea' id='block_1_27' title="bbox 1304 2348 2043 2416">
    <p class='ocr_par' dir='ltr' id='par_1_34' title="bbox 1304 2348 2043 2416">
     <span class='ocr_line' id='line_1_93' title="bbox 1304 2348 2043 2416; baseline 0.003 -16"><span class='ocrx_word' id='word_1_570' title='bbox 1304 2348 1306 2370; x_wconf 67' lang='grc' dir='ltr'>Ι</span> <span class='ocrx_word' id='word_1_571' title='bbox 1610 2367 1751 2416; x_wconf 76' lang='lat' dir='ltr'>Qualts</span> <span class='ocrx_word' id='word_1_572' title='bbox 1778 2368 1853 2402; x_wconf 79' lang='lat' dir='ltr'>sin!</span> <span class='ocrx_word' id='word_1_573' title='bbox 1879 2365 2043 2416; x_wconf 75' lang='lat' dir='ltr'>affectus.</span> 
     </span>
    </p>
   </div>
   <div class='ocr_carea' id='block_1_28' title="bbox 1305 2446 2318 2643">
    <p class='ocr_par' dir='ltr' id='par_1_35' title="bbox 1305 2446 2318 2643">
     <span class='ocr_line' id='line_1_94' title="bbox 1436 2446 2317 2490; baseline 0.003 -11"><span class='ocrx_word' id='word_1_574' title='bbox 1436 2446 1525 2479; x_wconf 78' lang='lat' dir='ltr'>Sunt</span> <span class='ocrx_word' id='word_1_575' title='bbox 1557 2453 1671 2480; x_wconf 80' lang='lat' dir='ltr'>autem</span> <span class='ocrx_word' id='word_1_576' title='bbox 1703 2452 1773 2479; x_wconf 80' lang='lat' dir='ltr'>sata</span> <span class='ocrx_word' id='word_1_577' title='bbox 1805 2447 1888 2484; x_wconf 72' lang='lat' dir='ltr'>tria.</span> <span class='ocrx_word' id='word_1_578' title='bbox 1922 2446 1955 2479; x_wconf 87' lang='grc'>111</span> <span class='ocrx_word' id='word_1_579' title='bbox 1986 2453 2053 2486; x_wconf 76' lang='lat' dir='ltr'>cst,</span> <span class='ocrx_word' id='word_1_580' title='bbox 2088 2448 2162 2486; x_wconf 68' lang='lat' dir='ltr'>bret&gt;</span> <span class='ocrx_word' id='word_1_581' title='bbox 2192 2446 2317 2490; x_wconf 63' lang='grc' dir='ltr'>Ῐῲοῆεῐ.</span> 
     </span>
     <span class='ocr_line' id='line_1_95' title="bbox 1306 2495 2317 2547; baseline 0.001 -17"><span class='ocrx_word' id='word_1_582' title='bbox 1306 2522 1307 2547; x_wconf 28' lang='grc' dir='ltr'>ᾖ</span> <span class='ocrx_word' id='word_1_583' title='bbox 1333 2497 1476 2531; x_wconf 76' lang='lat' dir='ltr'>Certum</span> <span class='ocrx_word' id='word_1_584' title='bbox 1502 2504 1549 2530; x_wconf 87' lang='lat' dir='ltr'>est</span> <span class='ocrx_word' id='word_1_585' title='bbox 1575 2497 1610 2529; x_wconf 90' lang='lat' dir='ltr'>in</span> <span class='ocrx_word' id='word_1_586' title='bbox 1636 2508 1761 2539; x_wconf 76' lang='lat' dir='ltr'>genere</span> <span class='ocrx_word' id='word_1_587' title='bbox 1785 2497 1972 2539; x_wconf 80' lang='lat' dir='ltr'>significari</span> <span class='ocrx_word' id='word_1_588' title='bbox 1999 2495 2190 2531; x_wconf 71' lang='lat' dir='ltr'>humanam</span> <span class='ocrx_word' id='word_1_589' title='bbox 2211 2505 2317 2532; x_wconf 78' lang='lat' dir='ltr'>natu-</span> 
     </span>
     <span class='ocr_line' id='line_1_96' title="bbox 1305 2547 2318 2592; baseline 0.004 -14"><span class='ocrx_word' id='word_1_590' title='bbox 1305 2550 1308 2578; x_wconf 66' lang='grc'>1</span> <span class='ocrx_word' id='word_1_591' title='bbox 1335 2561 1421 2583; x_wconf 76' lang='lat' dir='ltr'>ram.</span> <span class='ocrx_word' id='word_1_592' title='bbox 1476 2547 1514 2581; x_wconf 60' lang='lat' dir='ltr'>lit</span> <span class='ocrx_word' id='word_1_593' title='bbox 1536 2559 1736 2592; x_wconf 82' lang='lat' dir='ltr'>quanquam</span> <span class='ocrx_word' id='word_1_594' title='bbox 1757 2548 1799 2580; x_wconf 70' lang='lat' dir='ltr'>ile</span> <span class='ocrx_word' id='word_1_595' title='bbox 1815 2560 1962 2581; x_wconf 84' lang='lat' dir='ltr'>numero</span> <span class='ocrx_word' id='word_1_596' title='bbox 1980 2558 2052 2581; x_wconf 86' lang='lat' dir='ltr'>non</span> <span class='ocrx_word' id='word_1_597' title='bbox 2069 2555 2116 2582; x_wconf 64' lang='lat' dir='ltr'>ost</span> <span class='ocrx_word' id='word_1_598' title='bbox 2131 2559 2219 2591; x_wconf 82' lang='lat' dir='ltr'>opus</span> <span class='ocrx_word' id='word_1_599' title='bbox 2233 2549 2318 2582; x_wconf 73' lang='grc'>51111-</span> 
     </span>
     <span class='ocr_line' id='line_1_97' title="bbox 1335 2598 2318 2643; baseline 0.003 -12"><span class='ocrx_word' id='word_1_600' title='bbox 1335 2599 1386 2632; x_wconf 87' lang='lat' dir='ltr'>tili</span> <span class='ocrx_word' id='word_1_601' title='bbox 1421 2600 1642 2643; x_wconf 79' lang='lat' dir='ltr'>quaestione,</span> <span class='ocrx_word' id='word_1_602' title='bbox 1675 2604 1791 2631; x_wconf 72' lang='lat' dir='ltr'>tamen</span> <span class='ocrx_word' id='word_1_603' title='bbox 1817 2611 1896 2632; x_wconf 86' lang='lat' dir='ltr'>cum</span> <span class='ocrx_word' id='word_1_604' title='bbox 1923 2606 1992 2632; x_wconf 86' lang='lat' dir='ltr'>tres</span> <span class='ocrx_word' id='word_1_605' title='bbox 2017 2599 2084 2632; x_wconf 84' lang='lat' dir='ltr'>sint</span> <span class='ocrx_word' id='word_1_606' title='bbox 2110 2598 2146 2631; x_wconf 88' lang='lat' dir='ltr'>in</span> <span class='ocrx_word' id='word_1_607' title='bbox 2173 2598 2318 2634; x_wconf 78' lang='lat' dir='ltr'>homine</span> 
     </span>
    </p>
   </div>
   <div class='ocr_carea' id='block_1_29' title="bbox 1306 2648 2315 2695">
    <p class='ocr_par' dir='ltr' id='par_1_36' title="bbox 1306 2648 2315 2695">
     <span class='ocr_line' id='line_1_98' title="bbox 1306 2648 2315 2695; baseline -0.001 -13"><span class='ocrx_word' id='word_1_608' title='bbox 1306 2664 1310 2686; x_wconf 77' lang='grc'>1</span> <span class='ocrx_word' id='word_1_609' title='bbox 1336 2661 1542 2695; x_wconf 76' lang='lat' dir='ltr'>praecipuae</span> <span class='ocrx_word' id='word_1_610' title='bbox 1572 2648 1683 2691; x_wconf 85' lang='lat' dir='ltr'>vires,</span> <span class='ocrx_word' id='word_1_611' title='bbox 1717 2662 1833 2692; x_wconf 82' lang='lat' dir='ltr'>meus,</span> <span class='ocrx_word' id='word_1_612' title='bbox 1867 2650 2031 2684; x_wconf 74' lang='lat' dir='ltr'>voluntas</span> <span class='ocrx_word' id='word_1_613' title='bbox 2062 2655 2095 2683; x_wconf 88' lang='lat' dir='ltr'>et</span> <span class='ocrx_word' id='word_1_614' title='bbox 2117 2661 2196 2692; x_wconf 88' lang='lat' dir='ltr'>cor,</span> <span class='ocrx_word' id='word_1_615' title='bbox 2231 2649 2315 2687; x_wconf 58' lang='grc' dir='ltr'>Ἐστι</span> 
     </span>
    </p>
   </div>
   <div class='ocr_carea' id='block_1_30' title="bbox 2307 0 2409 2915">
    <p class='ocr_par' dir='ltr' id='par_1_37' title="bbox 2307 0 2409 2915">
     <span class='ocr_line' id='line_1_99' title="bbox 2307 0 2409 2915; baseline 0 0"><span class='ocrx_word' id='word_1_616' title='bbox 2307 0 2409 2915; x_wconf 95' lang='lat' dir='ltr'> </span> 
     </span>
    </p>
   </div>
  </div>
 </body>
</html>
