2409 2915
103 102 184 145 349,

269 186 486 227 Dominica
500 185 555 226 X.
570 187 667 237 post
685 184 916 225 Trinitatis,

362 257 595 302 Evangelium
612 257 728 291 Lucae
749 257 804 292 19.

151 328 204 362 Et
222 333 259 362 ut
284 324 612 373 appropinquavit,
641 323 765 359 videns·
791 324 991 370 civitatem,
1011 325 1080 373 fle-

203 379 250 413 vit
265 389 371 423 super
388 374 515 417 illam,
544 373 679 409 dicens:
708 373 810 422 Quia
832 375 868 408 si
891 376 1079 422 cognovis-

200 441 255 463 ses
273 432 302 461 el
318 432 374 466 lu,
410 430 440 459 et
467 424 610 473 quidem
633 426 672 459 in
695 423 766 459 hac
789 424 845 459 die
868 431 952 468 tua,
986 438 1079 474 quae

197 477 385 524 adpacem
403 476 490 518 tibi,
508 489 603 510 nunc
621 481 740 510 (cutem
756 475 974 510 abscondita
991 481 1077 511 sunl

199 528 247 562 ab
265 527 380 562 oculis
398 527 484 562 tuis.
538 526 639 574 Quia
660 527 796 561 venient
815 525 891 561 dies
906 540 1014 575 super
1035 533 1077 567 te,

198 584 230 612 et
247 576 513 613 circundabunt
530 583 561 611 te
578 577 720 611 i''n1mzci
737 578 794 611 tui
810 577 928 617 callo,
956 583 985 612 el
1007 579 1078 612 cir-

200 630 425 675 cumcengent
441 633 535 670 1e‚et
549 629 844 675 coangustabunt
860 634 891 662 te
909 628 1078 678 undique,

197 685 228 714 et
244 678 324 714 solo
341 680 550 737 aequabunt
567 684 617 721 te,
645 677 790 724 etfilios
807 684 887 713 tuos
903 680 942 712 in
959 685 1006 713 te:
1047 684 1078 713 et

198 744 271 765 non
292 730 528 778 relinquent
513 743 550 763 ιη
567 735 598 763 te
618 728 895 778 lnp1demsuper
906 729 1078 778 lapidem,

197 794 236 816 eo
253 779 353 829 quod
367 794 439 814 non
458 780 665 827 cogam-'eris
684 786 822 828 tempus
849 781 1077 815 usitati'onzs

196 838 292 869 tuae.

146 883 198 918 Et
216 883 402 929 ingressus
426 882 464 916 in
490 880 684 930 ternplum,
718 882 828 929 coepit
852 882 972 917 eiicere
996 895 1077 916 ven—

196 932 317 968 dentes
358 933 397 966 in
438 932 506 966 illo
541 937 572 966 et
608 937 779 974 ementes,
822 931 942 967 dicens
979 932 1078 966 illis:

195 983 379 1032 Scriptum
413 989 483 1025 est,
522 982 670 1017 Domus
691 996 770 1017 mea
794 982 921 1018 domus
940 983 1076 1017 oratio-

197 1037 256 1069 nis
292 1040 364 1076 est,
410 1047 470 1069 vos
493 1039 612 1068 autem
629 1034 778 1082 fecistis
798 1033 906 1068 illam
928 1033 1076 1081 spelun-

193 1098 271 1120 cam
290 1085 491 1121 latronum.
544 1083 598 1118 Et
616 1090 692 1118 erat
711 1083 839 1119 docens
856 1083 1017 1132 quotidie
1035 1085 1074 1118 in

193 1135 337 1183 templo.
397 1133 587 1182 Principes
619 1140 738 1168 autem
762 1133 1010 1177 sacerdotum,
1044 1140 1074 1168 et

192 1187 350 1228 scribae,
378 1191 408 1220 el
423 1186 601 1233 primores
617 1185 751 1232 plebis,
779 1186 1002 1233 quaerebant
1027 1185 1075 1218 il-

195 1237 271 1271 lum
287 1235 449 1283 perdere,
477 1242 508 1270 et
525 1249 597 1269 non
615 1235 844 1270 inveniebant
860 1234 955 1283 quid
966 1236 1075 1283 face-

197 1293 284 1324 rent.
338 1284 472 1321 Omnis
490 1286 584 1320 enim
599 1285 757 1333 populus
779 1298 975 1333 suspensus
998 1291 1074 1320 erat

189 1337 345 1372 audiens
361 1336 480 1373 illum.

141 1395 312 1444 Ouatuor
326 1404 404 1430 sunt
421 1396 499 1430 loci.

189 1448 402 1492 Prtecipuus
417 1448 515 1480 locus
540 1453 589 1480 est
613 1447 840 1481 comminatio
861 1459 1072 1495 poenarum,

91 1511 179 1545 quae
194 1500 359 1532 omnibus
376 1497 535 1532 hostibus
557 1504 590 1530 et
613 1499 891 1531 contemtoribus
908 1496 1071 1542 Evange-

89 1551 126 1583 lii
147 1550 364 1594 impendent.
420 1548 486 1582 Hic
506 1549 734 1581 conferuntur
751 1550 794 1581 ab
821 1549 922 1582 initio
945 1550 1069 1582 mundi

89 1599 273 1635 horribilia
298 1601 472 1644 exempla,
500 1600 629 1644 quibus
654 1599 748 1632 Deus
775 1601 861 1632 iram
884 1611 981 1632 suam
1007 1602 1070 1633 ad-

88 1663 206 1685 versus
231 1659 407 1695 peccatum
435 1650 637 1683 declaravit.
698 1649 741 1683 Et
768 1651 921 1682 vicissim
955 1651 1070 1683 consi-

88 1703 410 1736 dereturaltissitna
432 1701 599 1734 securitas
626 1698 861 1732 humanarum
886 1702 1069 1742 mentium,

88 1765 175 1799 quae
205 1761 275 1787 tam
309 1751 541 1785 horribilibus
572 1751 739 1793 exemplis
770 1748 861 1783 nihil
895 1758 1067 1789 movetur,

85 1816 195 1848 poena
226 1804 342 1844 Adae,
383 1802 537 1842 diluvio,
577 1801 849 1843 conflagratione
883 1801 1068 1842 Sodomae,

87 1853 280 1888 Pharaonis
299 1853 422 1894 exitio,
456 1852 684 1896 dissipatione
708 1853 804 1893 regni
831 1851 957 1893 lsrael,
992 1851 1066 1885 rre-

86 1905 158 1938 bris
174 1906 317 1938 excidiis
335 1904 585 1950 ierosolymae,
612 1903 791 1935 eversione
807 1903 966 1935 omnium
991 1916 1067 1935 rno-

86 1954 330 1997 narchen-um,
357 1963 390 1989 et
407 1955 564 1988 omnium
585 1965 788 1995 magnarum
809 1954 962 1989 urbium.

188 2006 325 2039 Horum
357 2007 596 2049 exemplorum
633 2005 844 2047 cogitatione
878 2005 1065 2037 excitemus

85 2057 240 2097 animos,
264 2064 295 2090 et
315 2058 555 2095 recordemur,
576 2067 678 2100 quam
695 2052 796 2088 foede
813 2055 977 2088 trucidati
995 2056 1065 2090 sint

38 2138 39 2141 ,
84 2106 265 2146 homines,
293 2107 405 2140 necati
423 2107 572 2139 infantes
591 2113 622 2139 et
641 2117 761 2146 senes,
790 2106 955 2139 mulieres
978 2119 1063 2139 con-

84 2157 249 2192 tumeliae
264 2157 406 2191 affectae
423 2163 455 2189 et
480 2157 621 2190 occisae.
676 2156 823 2198 Quoties
847 2157 949 2189 etiam
973 2157 1063 2189 fame

84 2208 226 2253 perierit
245 2208 453 2247 multitudo,
479 2207 616 2252 quoties
641 2207 674 2239 in
701 2207 946 2240 obsidionibus
970 2207 1064 2240 deci-

85 2266 197 2293 matae
211 2259 281 2292 sint
298 2259 452 2302 legiones
470 2257 505 2290 in
525 2257 661 2297 cibum,
695 2269 772 2289 cum
800 2258 969 2290 exercitus
997 2256 1064 2290 bu·-

85 2310 197 2343 manis
220 2310 386 2343 carnibus
409 2316 617 2342 vesceretur.
669 2306 784 2340 Tanta
808 2315 922 2340 autem
951 2309 1062 2341 coeci-

84 2367 135 2395 tas
151 2368 219 2399 est,
246 2367 285 2394 ut
301 2358 384 2393 haec
402 2367 568 2404 putentur
584 2370 663 2391 casu
685 2357 860 2396 accidere,
896 2359 985 2392 sicut
1007 2357 1063 2391 hic

84 2411 200 2456 inquit
217 2409 398 2445 Christus:
427 2410 529 2443 Nunc
550 2418 664 2443 autem
691 2409 895 2441 abscondita
919 2417 999 2443 sunt
1021 2411 1065 2442 ab
1088 2416 1090 2446 t

85 2462 195 2496 oculis
219 2461 298 2496 tuis.
358 2460 401 2495 Et
433 2460 596 2494 Ieremias
622 2460 777 2502 increpat
803 2471 880 2497 eos,
916 2461 976 2504 qui
1002 2473 1063 2492 nc·-

87 2520 166 2555 gant
190 2512 253 2545 Dei
279 2513 427 2545 consilio
454 2512 609 2544 accidere
640 2522 788 2557 poenas,
824 2508 984 2545 Throno.
1008 2511 1062 2544 3.;
1086 2511 1088 2519 '

87 2561 175 2605 Quis
212 2570 261 2595 est
296 2564 355 2608 qui
389 2563 474 2596 dicit
498 2559 580 2594 haec
604 2561 696 2600 sieri,
730 2561 884 2593 Domino
911 2574 981 2594 non
1009 2530 1088 2604 itt-¹l

85 2611 279 2655 benteJEt
301 2611 502 2656 Sophouiae
524 2613 572 2645 1.:
602 2611 762 2645 Visitabo
778 2612 907 2643 defixos
925 2613 959 2645 in
979 2613 1062 2646 seri-
1084 2605 1087 2625 '

86 2664 149 2696 bus
177 2664 264 2704 suis,
298 2666 356 2709 qui
380 2665 521 2703 dicunt,
557 2662 627 2696 Nec
651 2663 736 2696 bene
762 2675 822 2696 uec
846 2664 935 2696 nude
960 2663 1061 2698 faciet
1083 2626 1086 2709 l

653 102 733 138 XII.
773 87 1162 137 ANNOTATIONES
1190 100 1240 136 IN
1266 101 1566 139 EVANGELIA.

1088 2369 1091 2411 Ι
1116 2361 1228 2394 ctrina
1252 2360 1450 2405 Evangelii.

1087 2453 1090 2504 ξ
1114 2459 1240 2497 thesis:

2039 102 2111 138 350

1133 183 1317 221 Dominus.
1370 184 1470 218 Hanc
1486 185 1686 220 coecitatem
1704 196 1948 230 agnoscamus,
1977 190 2008 217 et
2033 196 2109 217 cor-

1133 234 1304 278 rigamus,
1346 242 1379 269 et
1415 236 1604 279 cogitemus
1640 237 1741 269 nobis
1777 237 1878 272 etiam
1906 235 2109 279 impendere

1133 296 1280 329 poenas,
1307 292 1341 319 et
1357 285 1498 331 quidem
1520 286 1689 319 iudicium
1706 299 1723 321 a
1742 289 1847 322 domo
1865 286 1930 319 Dei
1950 286 2082 330 incipit.

1504 386 1551 411 De
1576 386 1739 411 secundo.

1229 437 1342 472 Dolor
1365 444 1396 470 et
1422 438 1587 471 lacrimae
1603 436 1737 472 Christi
1763 445 1844 471 sunt
1868 437 2107 471 testimonium

1131 489 1255 522 veriet
1280 501 1350 521 non
1376 489 1532 522 simulati
1557 490 1684 522 amoris
1709 501 1788 532 erga
1813 501 1887 521 nos.
1948 488 2014 520 Sed
2042 485 2108 520 hu-

1129 551 1231 572 mana
1248 540 1395 573 coecitas
1421 552 1499 572 cum
1523 540 1611 573 iram
1636 540 1823 584 propositis
1846 547 1915 573 tam
1939 538 2108 570 terribili-

1130 591 1195 623 bus
1211 591 1377 634 exemplis
1395 590 1563 633 negligat,
1579 591 1689 624 multo
1707 591 1823 623 minus
1839 589 1993 633 agnoscit
2011 600 2108 620 arno·

1130 653 1202 674 rem
1219 639 1298 676 Dei.
1358 640 1427 674 Sed
1455 641 1649 674 eluctemur
1674 654 1713 674 ex
1738 641 1844 675 tantis
1868 639 2040 675 tenebris,
2075 646 2106 670 et

1129 699 1319 737 utrumque
1342 702 1588 733 agnoscamus,
1622 699 1655 725 et
1683 692 1775 724 iuter
1799 701 1984 725 aerumnas
2008 688 2108 731 diligi

1129 754 1192 775 nos
1209 749 1419 781 statuamus,
1445 742 1525 786 quia
1546 743 1648 786 punit
1666 754 1737 774 nou
1762 749 1799 775 ut
1825 742 1962 785 perdat,
1986 741 2044 772 sed
2070 746 2106 771 ut

1129 800 1268 827 revocet
1284 794 1326 825 ad
1355 792 1625 836 poenitentiam,
1658 793 1713 825 vel
1738 799 1909 830 exerceat,
1939 791 2028 823 sicut
2052 790 2107 822 in-

1129 844 1222 889 quit:
1253 844 1344 877 Vivo
1360 855 1439 887 ego,
1467 844 1550 876 nolo
1568 849 1716 877 mortem
1735 841 1944 889 peccatoriS,
1971 848 2032 875 etc.

1521 946 1566 970 De
1594 944 1713 969 tertio.

1229 995 1390 1031 Christus
1414 997 1508 1031 eiicit
1532 1005 1685 1031 ementes
1703 1004 1736 1031 et
1752 997 1943 1029 vendentes
1960 1006 1999 1026 ex
2018 1001 2107 1027 tem-

1127 1049 1195 1092 plo.
1237 1048 1468 1091 Praecipuum
1488 1055 1664 1092 peccatum
1684 1055 1733 1081 est
1748 1047 1922 1083 idolatriae
1948 1049 2005 1078 sed
2025 1041 2060 1076 h
2052 1057 2107 1076 aec

1126 1099 1326 1143 ubicunque
1351 1107 1490 1141 regnat,
1518 1100 1564 1131 ibi
1590 1111 1725 1131 necesse
1745 1105 1794 1131 est
1813 1097 1910 1141 sequi
1930 1094 2105 1128 horrenda

1124 1149 1273 1188 scelera,
1308 1157 1339 1182 et
1366 1150 1590 1194 tyrannides,
1625 1161 1703 1182 cum
1728 1149 1805 1182 talis
1828 1155 1937 1181 status
1960 1158 2038 1178 vere
2063 1146 2107 1178 sit

1124 1211 1270 1242 regnum
1291 1200 1434 1235 diaboli.
1487 1199 1585 1233 Sicut
1604 1200 1758 1243 exempla
1775 1198 1932 1232 omnium
1950 1196 2106 1239 gentium

1125 1257 1313 1290 testantur,
1342 1251 1402 1282 ubi
1417 1257 1515 1283 aucta
1534 1257 1566 1283 et
1580 1251 1754 1283 cumulata
1772 1248 1973 1282 idololatria
1991 1253 2105 1279 secuta

1123 1308 1205 1332 suut
1230 1300 1483 1332 immanissima
1511 1301 1657 1339 scelera,
1683 1300 1903 1333 foedissimie
1930 1298 2106 1333 libidines,

1124 1359 1159 1384 ut
1188 1351 1223 1382 iu
1248 1351 1427 1395 Aegypto,
1461 1350 1582 1395 Syria,
1618 1350 1786 1389 Graecia,
1820 1357 1851 1383 et
1877 1350 1958 1381 inde
1983 1349 2105 1381 extite-

1123 1408 1205 1433 runt
1224 1402 1312 1433 bella
1334 1408 1364 1434 et
1383 1402 1593 1434 intuitiones
1609 1401 1775 1434 exitiales.

1224 1451 1291 1485 Sed
1319 1452 1517 1496 quaeritur,
1545 1464 1622 1484 cum
1639 1450 1800 1485 Christus
1826 1450 1965 1484 eiecerit
1988 1461 2105 1482 emen-

1122 1509 1171 1535 tes
1194 1509 1226 1534 et
1244 1506 1450 1542 vendentes,
1478 1515 1521 1535 an
1539 1503 1638 1536 liceat
1653 1503 1730 1536 aliis
1748 1500 2054 1535 concionatoribus
2073 1499 2106 1530 vi

1123 1553 1712 1596 pellereidolatricossacrificulos?
1739 1552 1971 1596 Responderi:
2000 1549 2105 1583 Chri-

1121 1611 1193 1637 stus
1216 1603 1309 1636 eiicit
1331 1610 1429 1636 motu
1452 1604 1640 1645 singulari,
1669 1605 1757 1636 sicut
1783 1603 1906 1635 Petrus
1929 1601 2103 1634 Ananiam

1121 1654 1268 1695 occidit,
1312 1666 1383 1685 non
1414 1661 1464 1686 est
1496 1655 1642 1697 stipatus
1674 1651 1836 1693 cohorte,
1872 1665 1944 1685 non
1979 1652 2104 1685 nititur

1121 1704 1302 1746 praesidiis
1322 1702 1496 1739 humanis.
1550 1704 1727 1748 Quicquid
1746 1711 1860 1736 autem
1877 1703 1913 1736 fit
1928 1703 1988 1735 tali
2007 1709 2103 1734 motu

1120 1754 1242 1786 divino
1267 1766 1327 1787 seu
1351 1752 1511 1794 heroico,
1546 1754 1610 1787 Dei
1633 1766 1721 1798 opus
1743 1760 1803 1787 est.
1862 1753 2102 1796 Significatum

1121 1811 1170 1837 est
1204 1811 1337 1844 autem,
1373 1812 1404 1836 et
1436 1805 1619 1848 postremis
1652 1805 1870 1848 temporibus
1901 1812 2103 1845 regnaturos

1120 1866 1192 1887 esse
1217 1856 1252 1887 in
1271 1853 1425 1888 Ecclesia
1444 1856 1529 1888 tales
1549 1863 1756 1888 mercatores
1774 1867 1880 1898 opum
1899 1862 1931 1887 et
1949 1854 2102 1895 dignita-

1120 1912 1194 1938 tum
1216 1905 1547 1945 ecclesiasticarum,
1578 1906 1639 1950 qui
1666 1906 1854 1938 eliciuntur
1879 1917 1895 1937 e
1915 1917 2019 1948 reguo
2041 1917 2101 1937 suo

1119 1956 1306 1996 divinitus,
1335 1963 1366 1988 et
1393 1963 1533 1999 propter
1558 1969 1646 2002 quos
1673 1957 1826 1990 mundus
1850 1956 1947 1990 dabit
1976 1968 2102 2000 poenas
2134 1953 2140 1956 ’

1119 2007 1309 2051 impiorum
1329 2006 1500 2041 cultuum.

1513 2109 1558 2133 Dc
1576 2111 1715 2139 quarto.

1219 2156 1354 2191 Domus
1387 2171 1461 2192 mea
1495 2162 1620 2194 domus
1651 2162 1820 2194 orationis
1848 2168 1907 2195 est.
1970 2160 2008 2193 ln
2037 2160 2100 2194 hoc

1117 2209 1210 2243 (licto
1227 2210 1379 2243 breviter
1394 2219 1424 2243 et
1439 2211 1678 2253 significanter
1691 2219 1801 2245 totum
1816 2212 1971 2254 regimen
1989 2213 2099 2245 eccle-

1116 2260 1310 2299 siasticum,
1334 2268 1367 2294 et
1386 2273 1488 2294 verus
1506 2263 1619 2295 cultus
1637 2263 1859 2296 describitur.
1913 2261 2001 2296 Nam
2019 2276 2098 2296 cum

1117 2311 1277 2343 nominat
1300 2312 1512 2352 orationem,
1546 2313 1751 2346 correlative
1777 2314 1938 2346 addenda
1963 2322 2011 2347 est
2035 2316 2098 2346 do-

1518 2363 1607 2396 Nam
1636 2365 1711 2410 sine
1742 2365 2036 2408 promissionibus
2066 2373 2097 2396 et

1126 2412 1194 2444 fide
1227 2412 1322 2444 nulla
1354 2413 1469 2446 existit
1499 2414 1624 2449 oratio.
1682 2413 1727 2448 Et
1750 2415 1982 2448 constituatur
2005 2416 2097 2448 nnti-

1280 2462 1349 2496 Vos
1377 2463 1505 2507 putatis
1532 2462 1621 2497 hauc
1651 2466 1795 2498 domum
1822 2466 1999 2498 conditam
2025 2478 2096 2499 esse

1114 2513 1362 2547 sacrificiorum
1385 2526 1503 2554 causa,
1532 2516 1573 2548 ad
1597 2517 1772 2558 augendas
1789 2527 1871 2559 opes
1889 2523 2037 2557 vestras,
2064 2525 2096 2549 et

1112 2570 1291 2609 utrunque
1322 2565 1537 2608 depravatis,
1570 2566 1723 2608 regimen
1752 2573 1783 2598 et
1808 2566 1961 2608 cultum,
1997 2568 2096 2601 vobis

1112 2615 1279 2659 quaeritis
1305 2627 1386 2658 opes
1408 2623 1440 2649 et
1457 2628 1622 2658 regnum,
1646 2623 1677 2648 et
1697 2616 1860 2650 sacrificia
1880 2617 2007 2661 putatis
2025 2630 2095 2651 esse

1111 2665 1257 2701 cultum.
1311 2664 1386 2709 Ego
1410 2674 1529 2700 contra
1557 2667 1717 2704 clamito,
1742 2668 1898 2710 regimen
1915 2679 1986 2702 esse
2004 2676 2094 2703 recte
