2409 2915
279 118 352 153 663

280 201 510 239 derabantur,
548 193 694 229 honesta
722 192 927 237 disciplina,
967 192 1066 226 dicit:
1111 191 1184 225 Vos
1218 202 1257 223 ex

282 251 382 284 Patre
400 247 541 281 diabolo
561 246 653 279 estis.
707 242 793 277 Item
814 243 907 289 Petri
930 242 1167 276 testimonium
1186 252 1259 274 ma-

283 301 448 333 nifestum
465 304 531 330 est:
555 294 728 330 Diabolus
753 301 920 338 tanquam
946 293 1000 326 leo
1025 293 1166 335 rugiens
1188 292 1260 324 cir-

283 349 411 389 cumit,
463 357 631 392 quaerens
673 356 776 389 quem
813 346 965 376 devoret.
1041 342 1120 376 Non
1156 342 1262 384 igitur

282 397 480 438 somnietis,
506 407 568 430 vos
585 396 621 429 in
641 401 716 429 tuto
734 395 889 439 citraque
913 393 1125 437 periculum,
1152 399 1184 425 et
1204 403 1260 424 ve-

283 450 335 482 lut
352 456 444 482 extra
462 447 522 481 teli
539 447 667 480 iactum
692 445 832 483 sedere,
857 455 921 476 nec
945 454 1044 487 posse
1065 455 1127 476 vos
1147 455 1165 475 a
1187 442 1262 474 dia-

284 499 366 533 bolo
385 496 653 535 circumveniri,
679 494 824 527 sauciari
844 494 898 526 vel
916 493 1035 528 everti.

388 547 510 581 Postea
528 546 723 589 cogitentur
742 551 774 577 et
791 543 852 576 alii
867 541 1000 583 hostes,
1028 543 1088 587 qui
1105 549 1186 575 sunt
1208 541 1263 573 in-

285 599 446 632 citatores
461 604 564 641 atque
579 606 700 629 causae
717 594 964 633 tentationum,
984 593 1157 632 videlicet,
1182 591 1263 624 mali

285 647 464 687 homines,
490 653 528 679 ut
552 651 704 685 constat,
737 644 847 677 multa
870 643 979 676 millia
1005 643 1263 676 adolescentum

285 698 386 731 malis
402 695 574 730 sodalitiis
596 702 628 728 et
645 694 810 738 exemplis
827 693 1029 737 depravari,
1055 694 1264 736 tandemque

286 759 412 791 corpus
437 754 470 781 et
494 746 599 778 vitam
624 745 788 789 perdere,
827 744 964 787 aliquos
995 744 1096 776 etiam
1128 742 1265 775 animae

286 799 454 831 iacturam
487 797 610 831 facere.
677 794 782 834 ltem,
821 794 925 827 multi
955 793 1130 837 principes
1158 799 1190 825 et
1211 803 1265 824 sa-

287 848 421 892 pientes
445 846 512 879 viri
542 857 604 889 per
630 856 710 878 suos
737 844 974 884 consiliarios,
1014 854 1164 887 quorum
1186 842 1265 875 fidei

287 909 347 931 cor
371 905 403 931 et
430 897 538 930 vitam
554 907 650 928 suam
669 894 908 933 committunt,
935 900 968 926 et
985 893 1131 938 quibus,
1158 899 1196 926 ut
1212 892 1265 925 di-

287 948 392 987 citur,
416 953 573 990 apertum
591 952 709 988 pectus
726 945 932 983 ostendunt,
958 943 1146 987 capiuntur
1163 949 1194 975 et
1213 953 1266 975 se—

287 999 477 1034 ducuntur,
505 1002 541 1028 ut
556 995 811 1037 amplectantur
827 1005 865 1026 ac
881 993 1051 1036 recipiant
1068 992 1265 1026 doctrinam

286 1048 407 1081 salsam
424 1053 456 1079 et
474 1045 722 1089 perniciosam,
749 1050 788 1077 ut
807 1055 878 1076 non
894 1043 1083 1076 necessaria
1100 1049 1132 1076 et
1149 1043 1264 1087 perni-

287 1098 377 1130 ciosa
396 1096 484 1129 bella
502 1101 682 1133 moveant,
709 1101 749 1127 ut
766 1094 843 1126 aliis
859 1093 960 1126 malis
977 1094 1089 1126 causis
1103 1100 1136 1126 et
1159 1105 1267 1136 nego-

286 1147 342 1181 tiis
361 1146 596 1194 implicentur.
651 1143 709 1178 Sic
727 1151 760 1177 et
785 1144 845 1176 alii
872 1143 999 1186 privati
1025 1141 1184 1176 homines
1206 1145 1266 1176 de-

286 1197 466 1241 cipiuntur
486 1202 518 1228 et
535 1201 812 1236 corrumpuntur
835 1205 1084 1237 saepenumero
1108 1205 1169 1237 per
1192 1205 1266 1226 ma—

287 1247 339 1281 los
357 1246 574 1280 consultores
592 1251 623 1278 et
641 1245 809 1279 doctores.

389 1295 530 1330 Tertius
546 1293 656 1329 bostis
680 1301 713 1328 et
735 1295 893 1327 omnium
919 1293 1065 1327 intimus
1086 1304 1124 1326 ac
1149 1292 1267 1335 proxi-

285 1358 365 1381 mus
387 1354 438 1381 est
470 1353 529 1380 tua
554 1345 695 1388 propria
723 1344 912 1387 sapientia,
947 1351 1004 1377 tua
1029 1343 1119 1376 bella
1144 1342 1266 1385 imagi-

286 1398 400 1437 natio,
426 1408 486 1430 seu
503 1395 686 1439 splendida
703 1394 883 1437 cogitatio,
911 1401 945 1427 et
967 1405 1070 1437 prava
1094 1393 1267 1436 cupiditas

287 1448 323 1480 in
343 1454 402 1480 tuo
421 1446 543 1480 corde:
572 1445 712 1489 quando
733 1445 872 1488 propria
898 1443 1098 1477 curiositate
1121 1454 1181 1475 seu
1208 1454 1262 1486 pe-

286 1496 435 1531 tulantia
458 1495 681 1538 ingeniorum
710 1494 975 1527 exstimulamur
997 1500 1028 1526 et
1054 1493 1268 1536 impellimur

286 1549 328 1581 ad
348 1546 527 1589 fingenda,
553 1545 717 1580 serenda,
746 1544 800 1576 vel
818 1544 1056 1587 amplectenda
1074 1555 1164 1575 nova
1181 1544 1267 1584 dog-

285 1603 396 1637 mata,
443 1601 502 1629 aut
534 1607 612 1627 cum
645 1594 842 1626 errantibus
878 1593 1028 1627 flammis
1059 1593 1266 1626 vitiosorum

285 1647 471 1680 affectuum
495 1643 718 1677 incendimur
736 1644 777 1676 ad
798 1643 990 1681 adulteria,
1015 1650 1075 1676 aut
1096 1643 1269 1685 cupidita-

285 1705 353 1731 tem
380 1695 573 1733 vindictac‚
607 1694 650 1726 ad
675 1693 785 1734 furta,
817 1693 1017 1732 mendacia,
1047 1693 1267 1736 imposturis,

286 1755 318 1781 et
336 1747 403 1780 alia
419 1745 560 1789 flagitia.
599 1743 693 1777 Haec
710 1755 895 1788 possumus
912 1743 976 1787 ipsi
992 1743 1120 1776 sentire
1137 1743 1267 1777 omnia.

284 1797 445 1841 Cumque
467 1797 747 1838 obtemperamus
770 1801 802 1827 et
826 1794 1049 1837 indulgemus
1073 1791 1127 1826 bis
1152 1793 1268 1840 praxis
1291 1782 1294 1832 Ῑ
1318 1791 1454 1824 irretire
1473 1798 1504 1824 et
1521 1790 1700 1834 implicare
1719 1790 1818 1822 malis
1835 1791 1957 1824 causis.

894 1850 1064 1886 vagantur
1089 1844 1176 1876 circa
1205 1855 1267 1874 nos
1291 1846 1293 1856 ¹

285 1897 418 1930 diaboli
443 1902 652 1938 spectatores
672 1895 885 1926 furiosorum
909 1900 1096 1925 conatuum
1127 1901 1267 1926 nostro-
1292 1893 1293 1896 ’

285 1847 440 1880 motibus
475 1852 508 1879 et
541 1845 851 1884 inclinationibus,

286 1959 385 1986 rum,
419 1946 568 1989 ideoque
591 1944 771 1977 confestim
796 1944 978 1980 advolant,
1006 1949 1038 1975 et
1064 1944 1141 1975 «liro
1165 1951 1267 1986 atque

286 2003 459 2029 venenato
475 1995 594 2028 afflatu
614 2005 674 2027 cor
690 1995 874 2030 miserum„
902 1993 1077 2025 imbecille
1096 2006 1133 2023 ar
1151 1993 1265 2024 ‹lvsrr-

288 2055 360 2081 tum
378 2058 396 2079 a
415 2045 488 2080 Deo
513 2045 671 2077 inficiunt
697 2056 733 2075 ac
759 2043 962 2086 impellunt,
987 2050 1020 2075 ut
1043 2043 1264 2076 debilitatum

287 2104 319 2130 et
347 2096 604 2139 languefacium
629 2101 705 2126 ruat
732 2093 767 2125 in
792 2094 972 2125 manifesta
1003 2094 1141 2126 scelera.
1211 2092 1266 2130 [t.

287 2160 365 2181 cum
382 2146 493 2180 David
512 2145 652 2178 intuens
669 2145 818 2176 alienam
837 2143 1018 2184 coniugem
1036 2144 1144 2175 forma
1165 2155 1262 2186 prae—

287 2204 436 2231 stantem
454 2195 700 2228 incenderetur
721 2194 795 2226 eius
817 2205 952 2232 amore,
981 2206 1128 2237 cumque
1147 2195 1266 2225 rol-»us
1290 2206 1291 2210 ¹

287 2249 393 2281 aleret
412 2246 633 2280 incendium.
663 2244 697 2276 in
719 2246 836 2276 animo
859 2250 994 2282 ortum,
1022 2251 1049 2275 rt
1072 2245 1104 2275 iu
1124 2252 1264 2275 exivi-oo

287 2309 426 2343 quoque
440 2304 535 2339 gestu
552 2307 589 2328 ac
606 2307 766 2328 sermonc-
781 2295 1030 2338 obsequrrvtur
1048 2307 1060 2323 x
1072 2295 1180 2325 itiosis
1199 2295 1265 2326 illis

287 2348 440 2381 motibus
458 2353 488 2379 et
513 2345 679 2381 flammis.
707 2345 837 2377 diaboli
863 2345 1020 2376 vidente:-
1043 2357 1120 2375 cuni
1145 2347 1264 2375 craia-r·-

286 2397 443 2437 assrctui,
483 2404 517 2430 et
549 2395 733 2429 admittere
767 2395 962 2433 illecebras„

286 2448 458 2481 violenter
475 2446 712 2487 impellebant.
741 2453 1021 2490 prostratumque
1038 2445 1189 2488 lapsibus
1209 2445 1262 2477 iu-

286 2497 551 2532 extricabilibus
570 2496 807 2539 implicabant.

385 2547 451 2581 llic
469 2547 585 2592 itaque
603 2546 725 2580 tertius
743 2544 870 2583 bostis.
894 2556 1017 2589 nempe
1039 2544 1178 2588 propria
1201 2557 1259 2576 cu-
1285 2539 1287 2554 ¹

285 2599 440 2638 riositas.
467 2605 499 2632 et
516 2597 683 2641 appetitio
699 2607 758 2630 seu
777 2597 949 2641 cupiditas
968 2595 1089 2628 vitiosa
1102 2621 1110 2632 ,

1145 2607 1258 2626 ῪΡΓδ-Ι-

283 2658 339 2684 tur
364 2650 398 2682 in
424 2649 577 2689 lubrico,
610 2659 844 2693 magnumque
875 2646 968 2681 venit
993 2646 1027 2679 in
1052 2645 1257 2691 periculum.
1282 2614 1286 2667 Ι

871 107 995 142 PHlL.
1024 106 1138 142 MEL.
1165 105 1373 143 SCRIPTA
1397 102 1698 141 EXEGETICA.

1288 2379 1289 2383 Ἰ
1316 2343 1445 2374 tionem
1458 2369 1466 2381 ,

1000 2395 1261 2438 praecipitatum
1288 2429 1289 2433 ,

1285 2506 1287 2516 ⁴
1312 2494 1463 2538 ‹tr-niqui
1487 2493 1662 2537 propriam
1690 2491 1947 2531 infirmitatem

1284 2589 1286 2604 ¹
1311 2595 1371 2626 iuti
1392 2594 1472 2626 nei:

2213 106 2288 142 664

1309 195 1460 234 utroque
1475 196 1650 234 tempore,
1675 200 1754 223 cum
1780 188 1816 222 in
1839 189 1944 223 rebus
1969 192 2159 236 prosperis,
2186 200 2218 227 et
2243 195 2289 228 ad

1310 239 1527 273 voluntatem
1543 242 1706 283 2nostram
1731 239 1940 278 fluentibus,
1983 247 2058 274 tum
2086 241 2124 275 in
2146 245 2289 278 adversa

1311 295 1344 323 et
1369 290 1497 324 afflicta
1519 290 1680 330 fortuna,
1712 297 1752 324 ut
1776 291 1918 334 quando
1943 291 2095 332 morbis,
2131 301 2288 334 egestate,

1311 346 1507 380 contemtu,
1533 341 1745 384 caeterisque
1767 340 1915 373 miseriis
1939 348 1971 374 et
1993 342 2170 375 aerumnis
2186 355 2289 387 urge-

1313 401 1408 430 mur,
1434 389 1645 433 premimur,
1672 401 1712 423 ac
1729 391 1925 424 obruimur.
1978 389 2121 424 Etenim
2148 395 2288 437 quando

1312 440 1414 473 nobis
1430 439 1619 484 tranquilla
1635 445 1669 473 et
1682 440 1814 483 placata
1829 448 1910 474 sunt
1926 442 2043 474 omnia
2055 468 2064 482 ‚
2090 453 2238 488 cumque
2252 443 2289 478 in

1313 490 1384 523 vita
1400 489 1640 533 voluptatibus
1654 489 1820 524 affluente
1840 491 1973 525 divitiis
1995 499 2026 525 et
2050 491 2162 535 gloria
2186 494 2293 527 flore-

1313 551 1401 580 mus,
1429 547 1512 573 tunc
1530 539 1764 582 immoderati,
1791 541 1994 585 petulantes,
2017 548 2050 575 et
2067 543 2179 576 securi
2196 544 2293 577 laxa·

1314 601 1391 623 mus
1407 591 1525 623 frenos
1543 589 1653 622 coecis
1669 589 1918 633 cupiditatibus
1930 617 1939 633 ‚
1966 592 2178 636 despicimus
2192 605 2293 628 arro-

1314 647 1453 683 ganter,
1481 646 1516 673 et.
1532 639 1780 673 conculcamus
1794 640 1898 682 alios,
1921 643 2170 677 certaminibus
2188 645 2293 679 motis

1315 690 1488 724 tumultus
1517 690 1728 729 excitamus,
1767 696 1828 724 aut
1853 690 2074 734 indulgentes
2098 694 2293 730 curiositati

1315 747 1531 774 ostentamus
1553 739 1692 783 ingenia
1717 745 1751 773 et
1767 740 1989 783 sapientiam,
2013 753 2132 777 sumus
2155 752 2295 780 autores

1315 802 1490 824 novorum
1513 791 1734 833 dogmatum,
1773 796 1808 823 et
1830 791 1932 824 nobis
1957 795 2204 835 persuademus
2228 807 2295 829 no—

1315 848 1420 874 stram
1442 839 1642 873 felicitatem
1661 846 1862 883 perpetuam
1885 840 1976 882 sore,
2000 842 2088 878 sicut
2104 843 2294 889 Pompeius

1317 891 1472 931 dicebat,
1498 901 1534 923 se
1550 890 1776 934 supplosione
1799 890 1897 934 pedis
1914 889 2048 925 ltaliam
2072 899 2177 927 totam
2196 907 2294 929 exer-

1317 941 1444 975 citibus
1460 940 1716 984 completurum
1737 940 1902 973 adversus
1920 939 2048 974 lulium
2065 941 2257 980 Caesarem.
2283 945 2290 952 ’

1402 990 1450 1024 At
1465 996 1585 1024 contra
1601 1001 1680 1023 curn
1695 990 1927 1025 subeuntibus
1942 991 2098 1034 ingentes
2112 1005 2296 1030 aerumnas

1317 1041 1479 1075 accidunt
1493 1040 1746 1074 inextricabilia
1763 1037 1916 1074 humano
1932 1042 2092 1083 consilio,
2119 1050 2202 1079 tunc
2217 1047 2295 1080 ani-

1316 1091 1383 1123 mis
1403 1091 1502 1125 fracti
1520 1102 1678 1123 moerore
1697 1091 1992 1131 contabescimus,
2024 1093 2159 1127 ruimus
2174 1095 2210 1128 in
2228 1096 2295 1129 im·

1318 1141 1520 1184 patientiam
1538 1146 1570 1172 et
1585 1140 1878 1184 desperationem,
1905 1141 2058 1184 sugimus
2074 1142 2204 1186 Deum,
2230 1146 2296 1180 tri-

1317 1198 1453 1236 stesque
1488 1190 1661 1224 cruciatus
1691 1197 1724 1224 et
1755 1188 1923 1224 horrendi
1949 1191 2108 1226 fremitus
2130 1194 2168 1228 in
2191 1197 2296 1230 corde

1316 1248 1522 1286 sequuntur.

1419 1290 1494 1324 Hos
1522 1297 1592 1324 tam
1618 1290 1734 1323 varios
1764 1287 1881 1324 hostes
1910 1302 2116 1334 agnoscere,
2157 1300 2297 1341 tamque

1318 1341 1530 1384 multiplices
1554 1340 1763 1374 tentationes
1785 1341 2005 1375 considerare
2030 1343 2217 1383 debemus,
2243 1353 2296 1380 at-

1318 1403 1384 1434 que
1408 1391 1486 1424 ideo
1510 1390 1600 1423 veris
1621 1390 1809 1432 gemitibus
1837 1397 1869 1424 et
1898 1391 2059 1437 lacrymis
2085 1405 2202 1427 orare:
2244 1394 2297 1429 Ne

1317 1452 1381 1474 nos
1399 1441 1545 1474 inducas
1564 1440 1599 1472 in
1617 1440 1857 1478 tentationem,
1884 1437 1950 1474 boc
1969 1448 2030 1480 est,
2058 1454 2102 1476 ne
2119 1444 2213 1478 sinas
2232 1457 2296 1480 nos

1318 1491 1445 1533 mergi,
1480 1491 1724 1530 succumbere,
1757 1496 1790 1523 et
1806 1491 1978 1534 opprimi,
2009 1504 2087 1525 cum
2107 1500 2296 1535 tentamur,

1317 1542 1458 1585 qnando
1485 1540 1616 1573 diaboli
1647 1540 1862 1584 periculum,
1903 1549 2051 1584 pestem,
2094 1550 2126 1577 et
2151 1544 2296 1579 exitium

1318 1591 1514 1624 moliuntur
1537 1591 1763 1634 corporibus,
1795 1590 1996 1631 animabus,
2028 1593 2238 1635 coniugibus
2263 1602 2298 1630 et

1318 1641 1437 1673 liberis
1466 1640 1612 1679 nostris,
1653 1641 1795 1685 quando
1820 1640 2011 1674 dilacerare
2035 1639 2227 1685 Ecclesias‚
2263 1651 2298 1680 et

1318 1691 1460 1724 turbare
1475 1690 1689 1733 respublicas
1705 1696 1890 1725 conantur.
1943 1691 2030 1726 Item
2053 1704 2131 1726 cum
2152 1694 2212 1728 alii
2230 1691 2296 1729 ho-

1318 1741 1428 1773 mines
1454 1740 1610 1774 consiliis
1641 1747 1674 1774 et
1702 1740 1969 1774 incitationibus
1990 1741 2062 1775 suis
2084 1743 2208 1778 volunt
2232 1756 2297 1779 nos

2011 1791 2114 1830 ltem,
2142 1805 2219 1827 cum
2236 1807 2296 1829 su-

1319 1842 1424 1884 perati
1453 1841 1592 1885 propria
1618 1839 1819 1872 infirmitate
1843 1841 2001 1884 rapimur
2023 1849 2056 1875 et
2081 1842 2297 1887 impellimur

1317 1892 1358 1923 ad
1378 1888 1559 1924 inbouesta
1579 1891 1632 1923 vel
1650 1890 1792 1922 exitiosa
1815 1890 1965 1933 negotia.
2018 1890 2098 1925 Ac
2088 1904 2124 1925 iu
2140 1904 2294 1928 summa.

1317 1942 1353 1973 Si
1388 1941 1467 1986 quis
1500 1940 1627 1983 cogitat
1660 1951 1720 1972 sua
1754 1939 1923 1984 sapientia
1958 1941 2099 1986 suisque
2128 1945 2296 1985 consiliis,

1317 1991 1419 2022 etiam
1438 1991 1513 2023 sine
1536 1990 1809 2033 gubernatione,
1844 1990 2000 2024 custodia
2027 1998 2059 2025 et
2083 2004 2148 2036 ope
2172 1995 2293 2029 divina

1316 2053 1350 2072 ευ
1376 2052 1492 2083 rogere
1519 2052 1616 2083 posse
1639 2051 1719 2073 suos
1745 2051 1874 2080 mores,
1901 2051 1960 2073 sua
1986 2043 2123 2084 negotia
2146 2051 2179 2078 et
2202 2045 2294 2089 peri-

1317 2091 1409 2123 cula:
1439 2091 1466 2123 is
1491 2103 1570 2123 vere
1594 2101 1733 2128 coecus,
1761 2102 1896 2128 vecors.
1923 2091 2093 2130 furiosus,
2120 2100 2153 2127 et
2177 2102 2295 2129 mente

1316 2148 1436 2184 raptus
1453 2141 1596 2173 indicari
1616 2141 1728 2172 (lebet.
1781 2139 1850 2173 Nec
1867 2141 1958 2172 euim
1980 2142 2049 2174 ulla
2068 2140 2217 2178 buntiana
2241 2158 2295 2179 sa-

1318 2192 1445 2233 p3011113
1463 2198 1492 2223 ρ(
1514 2191 1692 2233 vigitautia
1712 2203 1773 2233 par
1789 2203 1860 2223 esse
1883 2198 1998 2224 tantae
2014 2193 2098 2225 moli
2121 2195 2292 2237 periculo·

1316 2254 1392 2274 rum
1418 2248 1449 2274 et
1474 2241 1825 2285 impedium-ntorum,
1856 2253 1918 2274 nec
1939 2242 2094 2275 sufficere
2117 2250 2226 2286 potest
2248 2247 2291 2279 ad

1316 2293 1501 2332 regendam
1527 2292 1631 2323 xitum
1658 2300 1833 2330 nostram,
1859 2293 1901 2324 ad
1928 2292 2167 2327 sustinendam
2190 2307 2292 2329 vom-

1501 2343 1542 2374 ad
1569 2341 1847 2386 prospiciendas
1875 2342 2034 2375 vitanda·
2056 2350 2088 2376 et
2111 2344 2292 2387 fugiendas

1316 2393 1458 2425 insidias
1475 2393 1521 2424 «li.
1517 2392 1629 2432 omli,
1657 2394 1698 2425 ad
1720 2391 1962 2434 intelligendas
1979 2394 2220 2440 cavendasque
2234 2406 2291 2430 ze-

1313 2444 1493 2475 ‹imiimws
1512 2450 1540 2475 et
1561 2443 1768 2485 imposturas
1789 2439 1992 2485 bominum,
2020 2444 2062 2476 ad
2081 2444 2288 2480 vincendam

1988 2493 2063 2526 sine
2094 2495 2226 2528 auxilio
2255 2503 2289 2531 et

1670 2541 1761 2584 Quia
1788 2553 1923 2586 semper
1947 2555 2025 2577 vera
2048 2549 2097 2578 rat
2116 2547 2288 2581 uenientia

1505 2593 1590 2627 Sine
1609 2605 1662 2624 me
1688 2590 1778 2625 nibil
1805 2594 1947 2636 potestis
1970 2594 2091 2629 faeere.
2157 2594 2290 2632 Sumus

1309 2644 1511 2685 imbeciltes,
1528 2649 1561 2677 et
1573 2642 1677 2676 variis
1692 2643 1946 2678 calamitatibus
1960 2644 2111 2685 onerati5
2127 2653 2290 2692 propter-

1313 2544 1526 2587 protvctione
1544 2541 1618 2577 Dei.
