2409 2915
123 119 196 154 635
367 117 448 155 XII.

121 204 208 237 adeo
232 203 403 247 patienter
426 214 554 237 exuens
575 213 672 235 suam
695 201 862 244 gloriam,
895 207 930 234 et
954 212 988 234 se
1012 201 1102 234 abii-

123 255 236 293 ciens,
263 261 301 287 ut
327 266 441 287 coram
463 260 603 286 aeterno
626 257 724 295 patre
747 251 892 285 iacuerit
909 258 1101 295 prostratus

123 311 156 338 et
180 305 325 349 supplex
349 315 412 347 pro
435 303 552 342 nobis,
579 313 618 335 ac
637 301 784 336 senserit
799 302 954 335 derivata
974 301 1011 334 in
1028 313 1100 335 sese

123 367 204 388 vera
228 363 260 389 et
284 353 446 387 horribili
468 353 518 385 ira
532 352 622 391 Dei,
649 363 820 385 summam
845 352 1086 386 confusionem

123 405 423 442 deformationem,
449 402 623 435 miseriam
640 409 672 436 et
689 403 933 446 ignominiam,
955 403 1099 447 perinde

123 467 161 489 ac
178 456 206 488 si
222 456 294 499 ipse
309 453 437 486 nostris
454 452 643 486 sceleribus
659 460 691 486 et
711 453 849 496 probris
863 464 935 486 sese
950 453 1099 496 polluis—

123 513 185 541 set.
237 502 294 538 Ah
314 503 398 547 quid
419 515 481 535 nos
499 503 659 535 vilissimi
679 510 712 537 et
729 503 1005 548 inquinatissimi
1021 515 1099 536 ver-

122 554 240 588 miculi
256 553 475 596 superbimus
486 579 496 596 ,
524 565 563 586 ac
578 553 706 587 irritati
723 553 837 597 parvis
854 553 1012 593 iniuriis,
1039 560 1098 587 aut

120 605 236 649 aliquo
257 603 411 636 convitio
428 603 551 636 leviter
565 604 694 648 aspersi
713 604 912 645 fremimus,
939 610 971 637 et
988 604 1098 637 coecis

120 654 298 687 affectibus
315 654 450 687 animos
466 661 631 699 tanquam
650 666 773 687 navem
791 654 906 687 ventis
925 654 1098 698 permitti—

1092 379 1101 392 ,ι

118 703 218 737 mus?
268 703 402 737 Pudeat
428 716 491 737 nos
517 705 736 748 arrogantiae
759 711 793 738 et
814 704 1005 747 flagitiosae
1030 705 1097 736 im-
1122 709 1123 712 ’

116 754 305 798 patientiae
330 762 486 795 nostrae,
514 767 591 788 cum
618 755 709 788 filius
723 754 789 789 Dei
814 761 956 799 propter
978 766 1042 787 nos
1058 755 1093 787 in

116 810 247 838 tautam
284 801 518 838 humilitatem
555 817 628 839 sese
664 805 839 838 abiecerit.
908 804 1095 849 Propterea

115 856 189 898 ipse
215 855 314 887 dicit:
342 855 478 888 Discite
509 868 527 888 a
552 868 627 896 me,
659 856 739 900 quia
767 855 860 888 mitis
886 867 963 888 sum
981 863 1011 888 et
1028 853 1095 889 hu-

113 905 207 938 milis
232 905 348 941 corde.

114 955 151 988 in
171 963 366 998 conspectu.

215 1004 246 1039 E
265 1004 440 1039 contrario
458 1007 590 1049 videte,
619 1014 703 1052 quot
721 1019 760 1040 ex
778 1007 872 1039 vitiis
887 1006 1034 1040 conflata
1051 1007 1095 1039 sit

114 1056 295 1099 superbia,
322 1064 563 1101 quantumque
587 1055 691 1090 cliaos
714 1057 994 1091 foedissimarum
1020 1069 1093 1089 sor-

114 1106 232 1147 dium,
264 1107 545 1150 turpitudinum,
573 1119 611 1140 ae
635 1108 802 1150 pestium,
831 1109 865 1140 in
892 1119 950 1140 cor
971 1118 1094 1150 super-

113 1157 216 1195 bum,
252 1164 417 1201 tanquam
449 1158 485 1190 in
511 1157 683 1191 sentinam
710 1158 878 1191 scelerum
903 1158 1094 1191 concluda-

113 1214 170 1240 tur
188 1214 219 1240 et
239 1208 404 1240 confluat.

213 1256 384 1301 Superbia
403 1265 451 1291 est
468 1258 613 1291 coecitas
629 1269 746 1290 errore
763 1258 884 1290 iudicii
900 1270 971 1290 non
984 1269 1093 1300 agno-

112 1318 210 1339 scens
236 1314 412 1350 peccatum
438 1315 471 1340 et
497 1308 672 1350 propriam
697 1308 956 1351 infirmitatem,
992 1308 1092 1340 ideo-

112 1367 180 1401 que
200 1357 418 1390 securissime
439 1364 666 1389 contemnens
683 1357 770 1389 iram
790 1356 854 1390 Dei
867 1384 875 1397 ‚
902 1364 933 1391 et
949 1364 999 1391 est
1015 1364 1090 1391 orta
1116 1387 1118 1393 ,

110 1418 149 1439 ex
175 1403 238 1439 hac
262 1406 334 1450 ipsa
359 1407 524 1440 coecitate
546 1407 732 1440 admiratio
751 1415 854 1452 atque
869 1407 995 1441 fiducia
1012 1419 1090 1441 sua-

109 1468 187 1489 rum
230 1456 377 1497 virium,
427 1457 622 1501 potentiae,
669 1457 882 1499 industriae,
924 1458 1091 1501 neglectis

108 1506 210 1540 metis
240 1507 434 1540 vocationis
463 1519 668 1552 erumpens,
702 1515 735 1541 et
756 1509 887 1542 maiora
913 1516 1090 1552 appetens,

109 1557 264 1601 aliosque
281 1558 333 1590 vel
350 1558 546 1600 arrogantia
565 1558 759 1601 despiciens
776 1571 814 1592 ac
830 1571 1009 1603 premens,
1034 1560 1088 1592 vel

109 1607 303 1640 invidentia
328 1607 519 1641 criminans
542 1615 572 1641 et
592 1610 805 1642 deformans.
861 1609 919 1643 Est
938 1610 1088 1655 denique

107 1657 324 1701 impatientia
342 1658 494 1691 fremens
510 1659 675 1692 adversus
692 1660 806 1692 Deum
825 1660 861 1692 in
879 1661 1013 1702 poenis.

212 1706 368 1740 Primum
394 1719 474 1750 ergo
497 1709 640 1749 vitium,
667 1707 956 1752 comprehensum
976 1711 1011 1743 in
1029 1722 1088 1742 su-

107 1757 247 1800 perbia,
282 1764 332 1790 est
362 1759 508 1791 coecitas
539 1770 611 1791 non
644 1771 833 1802 agnoscens
857 1768 1033 1803 peccatum
1055 1768 1087 1795 et

106 1808 283 1851 propriam
304 1808 551 1841 infirmitatem.

207 1857 426 1899 Secundum,
453 1859 618 1892 securitas
641 1859 810 1900 carnalis,
839 1860 891 1893 vel
917 1873 988 1894 csse
1011 1861 1086 1894 sine

104 1907 230 1941 timore
248 1906 325 1943 Dei.

207 1957 389 1997 Tertium,
417 1959 589 1993 confidere
615 1972 674 1992 sua
700 1959 891 2003 sapientia,
919 1961 1086 2004 potentia,

104 2014 164 2040 aut
187 2008 290 2041 donis
310 2009 630 2054 qualibuscunque,
656 2010 731 2043 sine
749 2011 928 2053 agnitione
943 2017 976 2045 et
994 2011 1085 2045 fidu—

104 2058 156 2090 cia
174 2058 294 2090 auxilii
316 2059 440 2093 dixini.

208 2106 399 2149 Quartum,
433 2122 594 2153 arrogare
623 2110 687 2143 sibi
721 2111 888 2144 maiorem
914 2112 1082 2145 autorita—

104 2164 194 2198 tem,
222 2170 324 2202 quam
350 2161 530 2199 convenit,
557 2167 588 2193 et
613 2168 705 2193 extra
731 2161 947 2194 vocationem
966 2174 1083 2194 erum-

103 2220 204 2252 pere,
233 2214 269 2240 ut
289 2208 465 2247 Absolon,
492 2217 530 2243 ut
554 2211 725 2249 seditiosi,
751 2219 787 2245 ut
811 2218 948 2244 autores
972 2224 1082 2243 nox-o-

103 2271 180 2292 rum
200 2259 399 2300 dogmatum
413 2287 420 2297 ,
447 2272 534 2304 quos
551 2261 680 2300 ingenii
698 2262 927 2305 propriaeque
943 2262 1082 2304 sapimu-

103 2309 170 2342 tiae
194 2309 317 2342 fiducia
342 2317 371 2344 et
399 2310 527 2350 gloriae
550 2311 625 2343 sitis
650 2311 804 2353 impellit
822 2313 863 2344 ad
892 2313 1005 2345 studia
1031 2312 1081 2344 sa—

103 2360 259 2392 ctionurn
294 2367 325 2393 et
356 2361 539 2393 ambitiosa
574 2362 780 2398 certamina,
815 2362 933 2405 quales
963 2361 1082 2402 Arius,

102 2407 302 2448 Mabomm,
330 2419 359 2444 et
380 2423 500 2443 omnes
518 2408 680 2445 haeretici
701 2412 853 2445 suerunt.

204 2460 378 2503 Quintum
391 2489 398 2501 ,
427 2462 620 2495 invidentia
639 2470 670 2495 et
689 2462 838 2495 aliorum
857 2463 1043 2505 despectio,

201 2511 364 2552 Sextum,
409 2512 647 2557 impatientia,
681 2524 876 2557 repugnans
906 2512 1078 2547 voluntati
1104 2542 1105 2557 3

99 2561 248 2595 divinae.

201 2612 298 2646 Talis
321 2613 480 2645 confusio
499 2613 728 2657 pessimorum
748 2612 935 2646 affectuum
955 2620 1002 2646 est
1020 2625 1078 2646 su-

99 2662 228 2706 perbia.

510 113 901 153 ANNOTATIONES
927 112 994 150 ET
1021 114 1301 151 CONClONES
1330 117 1378 151 lN
1405 116 1586 154 EVANG.
1612 116 1892 153 MATTHAEI.

400 905 495 940 Haec
519 919 583 940 vox
610 904 741 940 Christi
768 917 904 950 semper
924 906 968 939 sit
995 905 1094 939 vobis
1119 941 1122 960 Q

2062 119 2140 154 634

1256 199 1351 235 Haec
1375 203 1530 236 breviter
1548 203 1639 236 dicta
1657 203 1725 236 sint
1741 204 1784 236 de
1800 203 2053 237 vocabulorum
2073 205 2135 236 de-

1154 250 1376 285 finitionibus
1397 260 1564 297 tanquam
1582 254 1617 285 in
1635 265 1739 296 parva
1758 253 1884 286 tabella
1902 266 2042 299 quoquo
2058 267 2134 287 mo-

1153 302 1198 333 do
1229 302 1436 344 propositis,
1473 310 1511 335 ut
1545 303 1810 337 commonefacti
1839 304 2012 337 discamus
2046 316 2133 348 pau-

1126 378 1127 401 *
1153 352 1258 394 lisper
1280 352 1433 395 aspicere
1456 364 1520 385 nos
1545 352 1655 395 ipsos,
1687 360 1719 385 et
1742 365 1927 395 agnoscere
1950 356 2068 388 sordes
2094 367 2131 388 ac

1124 402 1127 422 ¹
1152 402 1308 434 miserias
1340 400 1529 441 humanas,
1564 409 1671 446 utque
1702 409 1834 435 mentes
1866 405 2058 438 excitentur
2088 406 2130 437 ad

1151 452 1467 485 considerationem
1499 452 1688 490 virtutum,
1724 464 1809 497 quas
1832 454 1989 488 continet
2013 453 2129 488 humi-

1150 502 1247 541 litas,
1274 509 1307 535 et
1332 505 1572 547 oppositorum
1597 503 1783 544 vitiorum,
1810 515 1898 547 quae
1923 504 2023 547 plura
2045 517 2129 538 con-

1149 559 1293 587 currunt
1310 553 1346 585 in
1365 553 1537 597 superbis.

1442 663 1507 696 De
1538 664 1833 707 precatione.

1121 724 1124 752 ¹
1221 734 1356 774 Quando
1379 745 1474 774 oras,
1504 746 1568 767 non
1591 736 1659 768 eris
1680 736 1764 768 sic-td
1787 736 1974 777 hypocritae
1997 738 2056 767 etc.

1252 803 1292 838 ln
1312 802 1377 838 hac
1395 805 1553 840 doctrina
1573 807 1616 839 de
1636 806 1851 849 precatione,
1879 806 2031 849 primum
2051 817 2129 839 rur-

1146 867 1204 888 sus
1241 853 1402 899 prohibet
1438 856 1653 899 superbiam:
1700 863 1820 904 postea
1851 858 1951 890 docet
1983 857 2128 889 modum

1146 906 1291 946 orandi,
1319 912 1353 939 et
1369 906 1511 950 quidem
1528 913 1656 940 certam
1674 907 1823 940 sormam
1840 907 2027 939 verborum
2048 918 2129 949 pro-

1119 970 1121 999 5
1146 956 1263 1000 ponit:
1301 968 1449 1001 cumque
1480 958 1637 1000 proxime
1666 958 1709 990 de
1742 957 1904 1001 superbia
1929 956 2060 990 dictum
2084 957 2127 988 sit

1120 1007 1121 1030 ἶ
1146 1006 1300 1050 aliquid,
1334 1019 1406 1038 non
1434 1019 1516 1040 sane
1539 1007 1715 1047 retulerit,
1741 1019 1804 1040 nec
1827 1019 1952 1051 operae
1976 1006 2126 1051 pretium

1119 1069 1121 1074 ’
1145 1056 1249 1090 fuerit
1269 1064 1350 1089 tunc
1367 1057 1493 1090 tradita
1511 1058 1644 1101 prolixe
1661 1059 1728 1090 iam
1747 1066 1913 1101 repetere.

1118 1099 1121 1158 ἰ
1247 1105 1310 1140 Est
1326 1108 1472 1139 omnino
1491 1109 1704 1150 profundum
1722 1114 1753 1140 et
1770 1120 1934 1141 arcanum
1950 1115 2125 1151 peccatum

1118 1163 1121 1188 1
1146 1157 1326 1200 superbia,
1360 1157 1541 1201 videlicet,
1576 1158 1762 1191 immodice
1791 1159 1858 1191 sibi
1885 1159 2039 1201 placere,
2072 1169 2126 1190 se-

1145 1207 1258 1250 ipsum
1283 1207 1451 1241 admirari
1475 1215 1507 1241 et
1530 1208 1779 1250 magnifacere,
1806 1220 1841 1242 se
1866 1209 2038 1242 oblectare
2061 1209 2125 1241 do-

1118 1253 1119 1257 *
1144 1258 1221 1297 nis,
1253 1268 1416 1300 arrogare
1442 1258 1510 1291 sibi
1541 1259 1680 1291 laudem
1711 1259 1864 1293 iustitiae
1893 1266 1927 1293 et
1958 1259 2124 1291 sanctita·

1117 1299 1119 1325 3
1143 1308 1208 1347 tis,
1235 1318 1321 1351 quas
1347 1314 1457 1351 pestes
1480 1307 1594 1341 indies
1618 1309 1726 1351 magis
1750 1308 1929 1354 magisque
1944 1308 2125 1342 'discamus

1143 1367 1347 1400 agnoscere,
1397 1364 1436 1391 ut
1479 1358 1611 1391 maiore
1660 1360 1846 1401 prudentia
1890 1370 2125 1402 repugnemus

1143 1407 1310 1440 omnibus
1347 1405 1402 1440 his
1437 1408 1581 1441 morbis.
1659 1407 1812 1454 Ideoque
1847 1421 1925 1442 cum
1963 1409 1999 1440 in
2032 1409 2124 1440 affli-

1142 1457 1320 1490 ctionibus
1338 1470 1556 1499 exercemur,
1581 1465 1615 1492 et
1630 1470 1731 1492 cruce
1748 1471 1997 1503 praeparamur
2012 1460 2054 1491 ad
2073 1459 2123 1491 fe-

1141 1508 1286 1540 rendam
1312 1506 1564 1550 humilitatem,
1590 1515 1674 1543 tunc
1696 1510 1844 1543 sciamus
1863 1510 1987 1543 deduci
2006 1521 2070 1542 nos
2086 1510 2121 1541 in

1140 1555 1232 1591 hanc
1263 1556 1416 1591 scholam
1445 1559 1657 1593 erudiendos
1687 1567 1719 1593 et
1747 1561 1942 1593 domandos
1977 1560 2124 1602 castiga—

1140 1609 1255 1647 tione,
1289 1615 1327 1642 ut
1356 1609 1472 1651 agnita
1503 1610 1651 1652 pristina
1681 1610 1844 1654 superbia
1867 1617 1900 1643 et
1923 1610 2121 1653 arrogantia

1141 1659 1388 1699 emendemur,
1427 1671 1465 1692 ac
1496 1660 1663 1703 proficere
1692 1661 1903 1695 studeamus,
1969 1659 2020 1692 Ita
2049 1659 2121 1692 Na-

1140 1708 1382 1750 bogdonosor,
1415 1709 1512 1743 velut
1541 1709 1659 1742 ebrius
1681 1721 1753 1743 sese
1774 1710 1944 1753 aspiciens
1966 1710 2121 1743 admira-

1112 1777 1114 1784 1
1139 1758 1244 1790 batur
1267 1769 1364 1791 suam
1390 1759 1554 1792 virtutem
1579 1768 1610 1792 et
1635 1759 1844 1802 potentiam,
1880 1761 2036 1794 tumebat
2060 1772 2119 1793 su—

1140 1808 1259 1850 perbia
1290 1816 1322 1842 et
1344 1808 1397 1841 sui
1423 1809 1568 1849 fiducia,
1601 1810 1799 1844 oblectabat
1823 1821 1858 1843 se
1878 1807 1933 1843 his
1956 1811 2117 1844 vocibus:

1139 1856 1226 1902 Ego
1255 1870 1331 1891 sum
1362 1859 1422 1891 ille
1453 1859 1642 1901 gloriosus,
1674 1860 1795 1903 pulcer
1819 1867 1852 1893 et
1872 1860 2023 1894 invictus
2047 1873 2118 1902 rex,

1138 1908 1428 1949 clarissimarum,
1473 1909 1773 1954 maximarumque
1814 1910 1983 1943 virtutum
2018 1923 2119 1954 prae—

1137 1959 1262 1991 stantia
1294 1958 1483 1997 excellens,
1523 1959 1621 1992 cuius
1653 1960 1842 2003 sapientia,
1875 1961 2051 2001 consiliis,
2086 1970 2118 1996 et

1137 2008 1422 2041 dimicationibus
1446 2015 1582 2042 tantum
1608 2009 1791 2052 imperium
1818 2017 1954 2053 partum
1977 2019 2010 2045 et
2033 2024 2118 2045 con-

1137 2059 1296 2092 stitutum
1329 2065 1394 2092 est:
1429 2056 1516 2104 Ego
1547 2060 1611 2093 feci
1638 2059 1856 2106 Babylonem
1882 2067 2013 2095 tantam
2038 2074 2116 2096 meo

1136 2110 1275 2142 robore.
1329 2107 1398 2142 Sed
1421 2110 1570 2142 eundem
1590 2111 1683 2144 dona
1700 2123 1760 2144 sua
1780 2111 1965 2144 immodice
1983 2113 2115 2144 miran-

1135 2165 1204 2191 tem
1229 2165 1259 2191 et
1281 2155 1473 2197 amantem,
1507 2158 1706 2206 elatumque
1728 2161 1852 2194 fiducia
1876 2162 2036 2204 propriae
2060 2174 2115 2196 sa-

1106 2209 1304 2251 tpientiae‚
1339 2209 1478 2243 virtutis
1509 2217 1541 2243 et
1574 2212 1768 2255 potentiae,
1801 2211 1917 2244 subito
1947 2211 2042 2245 Deus
2075 2224 2115 2245 ex

1134 2271 1270 2291 summo
1293 2260 1402 2301 gradu
1429 2260 1610 2299 deturbat,
1636 2269 1667 2295 et
1689 2262 1843 2294 detrudit
1870 2262 1906 2293 in
1931 2263 2112 2295 acerbissi-

1133 2321 1207 2341 mas
1232 2309 1464 2350 calamitates,
1489 2311 1527 2345 in
1553 2312 1680 2356 quibus
1698 2324 1769 2344 non
1788 2312 1899 2344 solum
1919 2323 2062 2355 regnum
2079 2320 2112 2346 et

1133 2360 1374 2400 autoritatem,
1399 2362 1458 2394 sed
1484 2368 1633 2394 mentem
1661 2362 1762 2394 etiam
1789 2362 1923 2403 amisit,
1951 2375 2028 2395 cuin
2056 2364 2112 2396 fu-

1132 2409 1245 2444 riosus
1262 2417 1444 2453 vagaretur
1463 2411 1553 2444 inter
1571 2411 1696 2445 bestias
1715 2419 1778 2447 etc.

1232 2460 1304 2493 Nec
1323 2468 1372 2494 est
1390 2462 1481 2505 quod
1502 2462 1685 2506 quisquam
1704 2462 1922 2496 securitatem
1942 2469 1972 2496 et
1990 2475 2112 2506 super-

1132 2511 1225 2543 biam
1246 2511 1362 2549 alens,
1391 2512 1570 2553 promittat
1585 2512 1650 2544 sibi
1670 2513 1823 2556 placidos
1841 2520 1874 2546 et
1890 2519 2026 2556 optatos
2040 2514 2111 2546 exi-

1103 2575 1105 2595 ι
1131 2567 1198 2596 tus,
1248 2560 1345 2603 Quin
1370 2562 1484 2605 potius
1505 2563 1671 2595 omnibus
1692 2575 1894 2606 persuasum
1920 2574 1991 2596 esse
2009 2565 2111 2597 debet

1100 2598 1105 2656 3¹
1130 2611 1375 2644 universaliter
1406 2612 1496 2644 inter
1525 2610 1706 2652 homines,
1746 2613 1947 2657 quicunque
1978 2614 2112 2647 excelso

1097 2660 1104 2699 i
1130 2661 1310 2706 dignitatis
1344 2662 1452 2705 gradu
1483 2662 1690 2700 collocatus,
1723 2663 2015 2709 amplissimisque
2040 2665 2113 2697 sor-

1120 893 1123 913 t
