2409 2915
236 113 305 146 791

829 103 955 139 PHlL.
988 103 1103 138 MEL.
1133 99 1345 138 SCRIPTA
1373 97 1673 135 EXEGETICA.

2188 98 2262 132 792

238 204 348 230 strum
368 193 480 226 Iesum
498 189 679 225 Christum
698 189 923 233 invocemus,
951 196 981 224 et
1007 189 1076 222 fide
1099 201 1138 222 ae
1163 200 1222 232 spe
1247 192 1250 237 J
1274 197 1377 220 suum
1402 186 1624 230 unigenitum
1649 186 1764 225 daret,
1801 190 1843 218 ut
1866 182 1983 217 omnis
2005 183 2067 229 qui
2089 184 2200 218 credit
2222 185 2261 217 in

238 249 380 279 immota
399 243 571 277 auxilium
588 242 632 275 ab
648 241 724 285 ipso
743 246 901 285 petamus
918 247 950 274 et
967 247 1211 284 exspectemus.
1247 239 1250 270 ἲ
1275 249 1373 278 eum,
1412 249 1485 271 non
1510 243 1648 282 pereat,
1687 236 1748 269 sed
1781 232 1907 269 habeat
1939 234 2045 269 vitam
2075 242 2262 270 aeternam.

339 309 389 344 lta
408 309 534 343 videtis
556 308 593 340 in
619 305 675 340 his
697 307 812 341 tribus
835 306 947 340 causis
971 303 1222 351 comprehendi

236 372 459 396 communem
492 359 690 393 doctrinam
717 357 970 391 miraculorum
995 357 1031 390 in
1056 357 1223 390 omnibus

236 412 404 457 exemplis
427 411 662 455 cogitandam.
724 407 883 441 Primum
904 409 998 453 quod
1023 415 1105 441 sunt
1126 407 1223 441 testi-

234 463 354 497 monia
373 463 416 496 de
425 461 502 495 Deo
518 468 551 494 et
568 461 611 494 de
628 459 787 493 doctrina
802 459 974 493 divinitus
990 459 1129 492 tradita.
1160 457 1221 492 Se-

235 515 372 554 cundo,
398 513 494 558 quod
520 518 602 545 sunt
628 510 782 553 exempla
808 510 1101 553 promissionum,
1135 520 1223 553 quac

236 566 364 599 docent
379 572 412 598 et
427 575 491 596 nos
507 570 623 607 petere
641 568 674 595 et
692 567 889 604 exspectare
904 561 1073 594 auxilium
1091 568 1122 593 et
1138 572 1221 592 con—

236 615 445 649 solationem
476 626 494 647 a
518 611 672 647 Christo.
740 611 864 645 Tertio
889 613 1034 652 docent,
1067 611 1151 656 quid
1180 611 1221 643 ad

237 667 348 699 filium
366 665 431 698 Dei
448 664 666 698 afferendum
690 662 752 703 sit,
786 669 824 696 ut
849 663 982 706 agnitio
1006 661 1137 707 peccati
1163 673 1223 694 seu

235 716 418 751 conversio
437 716 481 749 ad
497 714 631 755 Deum,
658 720 692 747 et
708 712 794 747 fides
819 721 939 758 petens
966 720 999 747 et
1021 719 1224 757 exspectans

236 767 418 802 auxilium.

327 825 400 859 lam
420 826 600 870 leprosum
617 824 818 857 intueamur
835 822 1040 855 afferentem
1058 823 1100 855 ad
1119 819 1224 855 Chri-

236 884 327 911 stum
351 878 465 911 lucem
490 875 571 909 fidei
595 887 668 908 non
691 875 861 917 exiguam.
932 871 1102 915 Agnoscit
1131 873 1224 905 enim

237 941 276 962 ac
293 935 386 962 certo
412 939 529 961 secum
554 927 692 965 statuit,
720 923 814 958 hunc
840 923 1020 956 doctorem
1048 935 1148 967 posse
1172 935 1226 957 sa-

237 991 322 1012 nare
341 991 379 1012 ac
403 978 526 1012 tollere
551 977 694 1020 lepram.
749 973 868 1017 Quare
891 981 983 1007 recte
1005 973 1170 1018 intelligit
1194 981 1226 1007 et

236 1030 393 1073 agnoscit
403 1028 591 1067 Messiam,
619 1033 651 1060 et
666 1025 728 1059 scit
746 1038 825 1058 eum
844 1024 1124 1068 omnipotentem
1143 1037 1227 1065 esse,

237 1081 395 1114 etlilium
414 1077 493 1114 Dei.
546 1075 683 1111 Eodem
702 1077 808 1110 modo
831 1075 982 1108 sciamus
1007 1083 1169 1120 oportere
1194 1083 1225 1109 et

236 1142 301 1165 nos
318 1131 360 1164 ad
378 1127 559 1164 Christum
577 1128 758 1168 accedere,
787 1134 819 1160 et
836 1127 974 1159 adferre
993 1127 1106 1159 lucem
1132 1127 1225 1168 fidei,

236 1189 328 1216 recte
361 1182 476 1226 ipsum
506 1185 770 1223 agnoscentem,
819 1184 853 1211 et
880 1183 974 1210 certo
1003 1183 1227 1216 statuentem,

236 1233 331 1278 quod
350 1232 504 1266 remittat
519 1236 677 1276 peccata,
705 1236 739 1262 et
755 1228 903 1273 accipiat
926 1234 958 1262 et
984 1229 1146 1263 exaudiat
1170 1229 1226 1261 in-

235 1290 410 1318 vocantes.
463 1281 513 1317 Ita
532 1282 691 1326 sequitur
707 1277 813 1313 huius
830 1279 961 1324 leprosi
979 1280 1128 1315 curatio.

644 1371 822 1398 obiectio.

342 1435 537 1478 Quaeritur
565 1432 622 1467 hic
648 1433 776 1467 iterum
799 1434 842 1466 de
867 1430 972 1466 huius
997 1433 1125 1477 leprosi
1150 1433 1226 1466 fide.

238 1486 382 1520 Fatetur
406 1487 564 1530 leprosus
598 1482 692 1518 hunc
719 1484 856 1524 virum,
889 1496 993 1528 quem
1020 1483 1229 1529 alloquitur,

237 1548 338 1582 posse
365 1538 529 1571 morbum
556 1535 657 1568 illum
685 1535 830 1574 tollere,
874 1543 907 1568 et
930 1534 1026 1567 hunc
1050 1546 1228 1567 summum

237 1586 411 1622 honorem
429 1588 461 1620 ei
479 1585 617 1626 tribuit,
644 1587 739 1630 quod
757 1585 877 1618 asserat
896 1584 1093 1618 doctrinam
1111 1597 1227 1618 veram

238 1646 271 1673 et
289 1639 496 1676 salutarem,
525 1648 599 1670 non
616 1637 839 1676 mendacem,
866 1641 922 1669 aut
942 1636 1230 1676 commentitiam,

238 1691 318 1723 ideo
345 1690 430 1734 petit
458 1695 490 1722 et
514 1693 687 1732 exspectat
712 1687 895 1723 auxilium.
947 1686 1037 1720 Nam
1063 1687 1138 1719 sine
1166 1684 1230 1720 hac

238 1741 306 1774 fide
325 1752 507 1786 nunquam
527 1741 568 1773 ad
586 1750 665 1772 eum
683 1738 902 1777 accessisset,
929 1739 989 1770 sed
1005 1745 1121 1772 tamen
1141 1738 1230 1782 peti—

239 1792 328 1826 tioni
350 1790 433 1825 haec
449 1791 554 1824 verba
573 1789 766 1823 interserit:
795 1788 833 1823 Si
851 1789 914 1828 vis,
939 1795 1037 1832 potes
1054 1801 1109 1821 me
1126 1801 1230 1822 mun-

241 1844 336 1876 dare.
400 1841 551 1875 Videtur
575 1840 682 1883 igitur
708 1841 751 1873 de
778 1840 959 1873 voluntate
975 1838 1122 1873 Domini
1145 1841 1230 1873 sub-

240 1894 423 1933 dubitare,
452 1893 514 1926 etsi
531 1903 603 1925 non
622 1897 724 1934 negat
740 1902 819 1923 cum
838 1901 938 1933 posse
954 1891 1134 1934 opitulari.
1179 1890 1230 1924 lta

242 1944 371 1978 scimus
386 1955 516 1987 ⁴omnes
532 1941 646 1976 Deum
665 1941 945 1985 omnipotentem
964 1952 1055 1980 esse,
1083 1948 1113 1974 et
1132 1953 1232 1985 posse

243 1995 297 2029 vel
321 1995 358 2028 in
380 2000 560 2027 momento
583 1991 746 2025 auxiliari
771 1992 806 2024 in
829 1991 994 2025 omnibus
1019 1993 1174 2025 consiliis
1200 1999 1230 2025 et

242 2046 428 2090 periculis,
470 2045 528 2078 sed
560 2045 603 2077 de
634 2054 674 2075 eo
704 2043 926 2083 dubitamus,
966 2049 1085 2076 utrum
1113 2050 1230 2077 nostra

242 2104 321 2130 vota
344 2103 404 2131 aut
423 2095 573 2138 gemitus
597 2093 760 2137 recipiat,
793 2101 913 2127 utrum
941 2094 1043 2127 nobis
1066 2094 1231 2139 opitulari

241 2148 336 2182 velit.
390 2145 458 2180 Hie
478 2157 568 2192 quae
591 2145 785 2179 consolatio
807 2146 1018 2189 opponenda
1045 2146 1089 2179 sit
1113 2145 1231 2179 consi-

242 2200 423 2239 deremus,
450 2204 501 2232 est
514 2196 608 2231 enim
625 2196 786 2230 doctrina
806 2196 998 2230 necessaria
1017 2197 1194 2232 omnibus.

346 2266 465 2310 Quare
501 2264 617 2299 sciatis
659 2264 817 2309 duplices
858 2275 930 2298 esse
970 2265 1232 2308 promissiones,

242 2325 401 2352 aeternas
422 2329 481 2351 seu
507 2315 727 2361 spirituales,
756 2322 789 2350 et
814 2316 1023 2360 corporales.

344 2376 537 2410 Promissio
563 2382 701 2409 aeterna
724 2386 785 2408 seu
808 2375 1018 2419 spiritualis,
1046 2383 1114 2415 est,
1142 2388 1231 2421 quae

242 2428 484 2463 remissionem
511 2433 753 2472 pcccatorum,
782 2426 1062 2461 iustificationem
1089 2434 1231 2471 propter

241 2487 273 2514 et
304 2492 365 2524 per
399 2479 509 2512 filium
534 2476 616 2518 Dci,
659 2478 832 2522 Spiritum
865 2485 1023 2513 sanctum
1056 2485 1089 2512 et
1122 2478 1228 2512 vitam

239 2538 415 2565 aeternam
437 2529 639 2573 pollicetur,
668 2529 811 2574 repetita
837 2529 872 2562 in
902 2527 955 2563 his
982 2537 1014 2563 et
1040 2529 1119 2563 aliis
1143 2531 1228 2562 scri·
1252 2524 1255 2576 ξ

238 2590 360 2626 pturae
377 2581 603 2615 testimoniis:
635 2579 726 2612 Vivo
746 2593 821 2621 ego,
845 2581 928 2614 (licit
942 2580 1126 2619 Dominus,
1146 2582 1227 2613 nolo

237 2641 385 2667 mortem
417 2632 626 2674 peccatoris,
663 2633 719 2664 sed
750 2640 785 2665 ut
813 2640 1040 2666 convertatur
1061 2639 1092 2665 et
1121 2632 1224 2665 vivat.

236 2681 388 2718 Iohann.
406 2684 457 2716 5.:
497 2683 554 2717 sic
571 2682 665 2718 Deus
692 2683 812 2717 dilexit
834 2685 1026 2724 mundum,
1053 2691 1088 2717 ut
1113 2684 1223 2716 filium

1275 287 1371 321 Haec
1386 288 1478 322 dicta
1494 295 1529 321 et
1545 287 1612 320 alia
1627 286 1756 320 similia
1771 293 1854 320 sunt
1876 285 2063 319 conciones
2090 286 2135 319 de
2157 286 2262 319 bonis

1275 339 1444 377 aeternis,
1495 344 1642 386 propter
1676 349 1765 383 quae
1801 336 2044 381 principaliter
2074 335 2168 370 filius
2194 334 2262 370 Dei

1275 389 1402 423 missus
1430 395 1495 422 est:
1539 394 1691 433 suntque
1713 389 1880 422 omnibus
1902 387 2036 432 pariter
2057 387 2263 421 necessaria.

1276 439 1396 483 Quare
1419 440 1456 472 in
1478 439 1576 473 omni
1601 439 1824 473 invocatione
1839 437 1930 473 hanc
1947 444 2120 472 summam
2135 445 2170 472 et
2188 438 2264 483 pri-

1275 503 1369 524 mam
1398 490 1670 535 promissionem
1700 501 1799 523 mens
1831 490 1985 535 primum
2015 488 2177 523 omnium
2207 489 2266 522 in-

1276 548 1418 576 tueatur
1442 548 1474 575 et
1499 541 1568 574 fide
1581 536 1835 585 apprehendat.
1886 539 1959 574 Nec
1981 540 2087 574 addat
2110 540 2147 573 in
2172 539 2264 585 peti-

1276 593 1374 626 tione
1404 590 1533 626 horum
1562 598 1786 625 aeternorum
1809 591 1987 625 bonorum
2008 591 2119 624 ullam
2140 590 2266 624 condi-

1276 644 1429 684 tionem,
1463 655 1524 677 seu
1547 641 1821 676 dubitationem:
1857 641 1898 676 Si
1920 642 1974 675 vis
1995 639 2159 676 Domine.
2212 640 2266 676 lta

1276 695 1371 728 enim
1389 695 1432 728 de
1447 691 1502 728 his
1519 694 1624 727 bonis
1647 693 1864 727 voluntatem
1891 703 1991 726 suam
2006 691 2102 727 Deus
2127 703 2267 737 expres-

1276 746 1339 786 sit,
1373 745 1470 790 quod
1493 744 1579 779 velit
1604 743 1783 777 remittere
1808 749 1968 788 peccata,
2008 749 2042 777 et
2064 749 2159 777 certo
2181 744 2266 776 dare

1278 796 1447 830 iustitiam
1464 803 1497 830 et
1515 796 1622 829 vitam
1639 801 1816 828 aeternam
1837 794 2003 828 omnibus
2021 794 2089 827 fide
2113 794 2266 838 petenti-

1278 849 1355 882 bus.
1408 845 1488 880 Non
1513 846 1589 880 vult
1604 844 1719 884 Deus,
1747 852 1785 879 ut
1810 845 1959 890 peccatis
1983 845 2158 889 oppressi,
2183 857 2267 878 rua-

1278 909 1356 931 mus
1392 898 1429 930 in
1459 903 1642 930 aeternum
1666 897 1833 937 exitium,
1876 895 1955 929 ideo
1989 907 2063 929 non
2094 897 2202 930 addes
2222 897 2267 929 ad

1278 946 1369 982 hanc
1385 948 1656 992 promissionem
1672 947 1782 980 ullam
1803 947 2064 985 conditionem,
2091 947 2151 980 sed
2173 954 2268 980 certo

1278 1007 1311 1033 et
1336 1000 1411 1032 sine
1434 999 1507 1033 ulla
1531 998 1752 1032 dubitatione
1768 1004 1916 1039 statuas,
1942 996 2059 1032 Deum
2084 1004 2179 1031 certo
2202 997 2269 1031 tibi

1276 1051 1456 1084 remittere
1471 1056 1623 1095 peccata,
1644 1049 1799 1093 recipere
1816 1057 1849 1083 te
1865 1061 1927 1093 per
1943 1056 1977 1083 et
1993 1055 2138 1094 propter
2153 1048 2267 1082 filium

1279 1113 1380 1134 suum
1401 1099 1598 1134 Dominum
1617 1099 1730 1134 Iesum
1749 1097 1952 1138 Christum,
1985 1106 2020 1134 et
2041 1111 2105 1144 per
2127 1111 2206 1133 eum
2227 1111 2268 1132 ex

1278 1153 1403 1197 abysso
1420 1152 1634 1191 inferorum,
1663 1158 1695 1185 et
1711 1158 1854 1185 aeterno
1871 1150 1976 1184 exitio
1995 1157 2028 1185 te
2044 1151 2212 1191 liberare,
2236 1157 2269 1184 et

1280 1204 1413 1236 donare
1438 1203 1505 1236 tibi
1531 1202 1702 1236 iustitiam
1725 1209 1759 1236 et
1781 1202 1889 1235 vitam
1916 1208 2107 1237 aeternam.
2173 1200 2270 1234 Haec

1280 1254 1347 1287 fide
1362 1261 1394 1287 te
1411 1260 1549 1298 oportet
1566 1254 1612 1287 ita
1630 1253 1805 1296 accipere,
1832 1264 1871 1286 ac
1889 1259 1983 1287 certo
2001 1258 2164 1286 statuere.

1382 1303 1641 1337 Promissiones
1680 1315 1763 1337 vero
1804 1304 1982 1337 bonorum
2017 1302 2271 1348 corporalium,

1281 1354 1402 1399 quales
1428 1363 1530 1395 sunt,
1564 1356 1607 1388 de
1632 1355 1724 1387 bona
1753 1354 1978 1392 valetudine,
2013 1354 2162 1395 robore,
2188 1354 2273 1394 vita,

1282 1405 1395 1443 victu,
1424 1417 1524 1449 pace,
1551 1416 1590 1438 ac
1613 1404 1818 1438 defensione
1838 1416 2048 1448 corporum,
2080 1405 2185 1438 etiam
2203 1405 2271 1438 im-

1281 1467 1401 1489 mensa
1428 1457 1584 1489 bonitate
1602 1453 1668 1489 Dei
1690 1456 1890 1500 propositae
1913 1462 2007 1489 sunt.
2059 1453 2151 1489 Cum
2175 1455 2270 1489 enim

1281 1506 1366 1539 velit
1391 1504 1487 1540 Deus
1514 1507 1550 1539 iu
1580 1504 1645 1539 hac
1674 1507 1745 1539 vita
1779 1513 1956 1540 aeternam
1983 1504 2178 1540 Ecclesiam
2202 1507 2270 1540 sibi

1282 1557 1466 1600 colligere,
1494 1558 1569 1591 vult
1586 1558 1692 1591 etiam
1710 1557 1793 1590 dare
1818 1557 1911 1590 bona
1930 1556 2128 1601 corporalia
2151 1568 2274 1591 neces-

1282 1609 1372 1641 saria
1399 1608 1510 1648 vitae,
1545 1609 1635 1641 sicut
1662 1608 1814 1648 victum,
1847 1614 1911 1641 etc.
1969 1605 2043 1641 Nec
2065 1607 2176 1642 simus
2200 1615 2271 1643 tam

1283 1665 1451 1701 agrestes,
1485 1665 1524 1692 ut
1553 1656 1638 1692 haec
1660 1658 1753 1692 bona
1775 1670 2024 1703 aspernemur,
2052 1658 2113 1692 sed
2137 1659 2273 1694 intelli-

1283 1721 1405 1753 gamus
1427 1709 1684 1754 multiplicibus
1709 1709 1812 1743 honis
1837 1711 1880 1743 ad
1907 1707 1998 1743 hanc
2021 1721 2272 1745 aerumnosam

1284 1768 1316 1794 et
1335 1761 1538 1804 languidam
1555 1772 1743 1803 corporum
1761 1761 1868 1794 vitam
1883 1771 1973 1805 opus
1992 1771 2076 1795 esse.
2130 1759 2274 1805 Cogite-

1285 1823 1362 1845 mus
1380 1824 1469 1856 quae
1493 1811 1731 1854 adminicula,
1759 1818 1792 1845 et
1816 1823 1922 1856 quam
1949 1811 2160 1856 multiplicia
2183 1813 2274 1847 libe-

1283 1875 1405 1896 rorum
1428 1863 1588 1896 educatio
1614 1862 1779 1906 postulet.
1842 1860 1888 1896 Ut
1912 1861 2059 1896 aviculis
2080 1863 2134 1896 sui
2156 1863 2273 1898 niduli

1284 1913 1471 1947 necessarii
1489 1921 1589 1954 sunt,
1615 1914 1661 1947 ita
1682 1912 1874 1946 necessaria
1891 1920 1971 1946 sunt
1996 1912 2183 1948 infantulis
2204 1914 2272 1948 ali-

1284 1977 1351 2009 qua
1381 1963 1639 2010 qualiacunque
1671 1963 1859 2007 tuguriola.
1918 1962 2142 1998 Necessarius
2166 1972 2217 2000 est
2240 1973 2274 2000 et

1284 2015 1398 2049 victus
1414 2016 1555 2058 frugum
1572 2015 1642 2049 cibi
1658 2027 1695 2048 ac
1714 2022 1817 2058 potus
1838 2014 2054 2048 conveniens
2075 2015 2274 2051 infantibus

1284 2073 1319 2100 et
1334 2066 1489 2102 caeteris.
1543 2065 1742 2100 Necessaria
1759 2073 1839 2100 sunt
1865 2066 2031 2108 imperia,
2058 2072 2092 2100 et
2113 2067 2272 2103 defensio

1284 2117 1379 2161 pacis
1403 2129 1441 2150 ac
1467 2118 1734 2163 tranquillitatis
1760 2117 1933 2161 publicae.
1987 2115 2208 2161 Cogitemus,
2242 2119 2274 2153 si

1284 2175 1450 2213 perpetua
1467 2169 1537 2203 sint
1565 2169 1654 2203 bella
1678 2181 1716 2203 ac
1743 2168 1946 2208 latrocinia,
1981 2180 2070 2214 quae
2089 2169 2208 2204 sutura
2228 2170 2274 2205 sit

1284 2220 1478 2254 liberorum
1503 2220 1688 2254 educatio?
1720 2232 1810 2266 quae
1827 2220 1925 2253 verbi
1942 2226 2002 2253 aut
2019 2219 2114 2253 vocis
2129 2220 2272 2255 divinae

1284 2271 1497 2316 praedicatio
1514 2279 1573 2307 aut
1589 2271 1817 2317 propagatio?
1841 2272 1902 2317 qui
1918 2269 2027 2305 futuri
2043 2270 2114 2305 sint
2129 2283 2168 2306 ac
2183 2284 2273 2318 qua-

1284 2323 1333 2356 les
1349 2334 1555 2366 congressus
1573 2323 1732 2368 publici?

1385 2373 1481 2408 llaec
1503 2375 1594 2408 bona
1617 2375 1738 2409 omnia
1768 2372 1962 2407 necessaria
1984 2373 2152 2408 omnibus
2186 2387 2272 2409 con-

1282 2425 1493 2465 sideremns,
1521 2433 1554 2462 et
1567 2426 1717 2460 sciamus
1730 2423 1843 2459 Deum
1862 2424 1966 2458 etiam
1986 2420 2070 2459 haec
2085 2424 2159 2470 ipsa
2177 2425 2271 2461 bona

1281 2478 1382 2515 dare,
1426 2485 1459 2512 ct
1485 2477 1591 2517 velle,
1632 2484 1670 2511 ut
1701 2475 1849 2519 abipso
1878 2472 1962 2509 haec
1986 2475 2079 2510 bona
2102 2483 2272 2521 petamus,

1280 2529 1367 2563 sicut
1393 2529 1466 2573 ipse
1491 2528 1525 2561 in
1550 2529 1662 2561 forma
1686 2527 1899 2571 precationis
1927 2526 2029 2560 nobis
2046 2527 2269 2571 praescrihit:

1280 2578 1411 2613 Panem
1443 2585 1603 2613 nostrum
1639 2579 1887 2624 quotidianum
1927 2581 1970 2612 «la
2012 2578 2113 2611 nobis
2153 2576 2271 2618 hodie.

1279 2631 1438 2664 Sciamus
1462 2631 1498 2663 in
1525 2628 1589 2664 hac
1614 2631 1685 2674 ipsa
1711 2630 1878 2673 petitione
1904 2629 2078 2663 bonorum
2102 2641 2270 2675 corpora..

1279 2682 1366 2715 lium
1399 2689 1560 2727 oportere
1595 2682 1744 2715 exerceri
1777 2682 1880 2715 fldem
1922 2688 1953 2715 et
1993 2680 2268 2723 invocationem,
