2409 2915
54 92 56 168 ζ
117 115 192 152 413

667 112 748 149 XII.

117 198 313 243 Evangelio
335 199 538 245 opiniones.
565 196 712 232 traditas
734 195 891 233 humana
905 200 1103 241 autoritate,

117 258 152 286 et
168 252 249 296 quia
267 251 421 294 potentia
440 255 473 283 et
489 260 636 282 numero
653 249 850 290 antecellit,
876 250 1102 295 pertinaciter

118 302 277 336 defendit
293 312 438 334 errores.

220 352 379 386 Sciamus
395 355 510 383 autem
531 360 595 382 nos
612 361 630 383 a
646 347 789 385 Christo
809 358 953 396 propter
968 352 1101 396 gravis-

118 403 241 437 simam
265 412 402 435 causam
427 400 664 444 praemonitos
687 412 778 442 esse,
812 414 857 436 ne
881 415 1016 436 errores
1040 415 1100 446 ap-

117 454 323 498 probemus,
350 457 381 483 et
397 462 515 483 severe
529 451 733 484 mandatum
751 460 818 487 est:
846 452 970 497 Fugite
986 454 1100 487 idolo-

117 504 268 538 latriam.
330 501 421 535 Cum
453 500 562 544 igitur
596 501 834 545 disputamus,
868 516 912 537 an
944 503 1098 538 Ecclesia

115 553 224 599 possit
239 563 374 593 errare,
400 551 553 596 primum
572 564 797 597 quaeramus,
822 554 884 587 ubi
904 561 935 588 et
953 567 1041 599 quae
1055 554 1100 588 sit

113 602 288 643 Ecclesia,
314 614 378 636 nec
395 602 577 644 alligemus
593 614 667 635 eam
685 604 726 635 ad
745 603 911 649 imperia,
938 605 1098 639 multitu·

115 654 254 691 dinem,
287 651 493 696 Episcopos.
552 652 647 686 Fieri
670 653 764 686 enim
792 662 924 699 potest,
957 662 997 690 ut
1020 656 1097 700 plu-

114 704 197 738 rimi
227 715 348 737 eorum
379 715 453 737 non
483 704 554 737 sint
582 704 738 737 membra
768 703 967 747 Ecclesiae,
1010 706 1097 740 sicut

114 766 211 788 nunc
232 765 356 797 magna
379 765 460 799 pars
478 766 598 788 eorum
616 754 732 798 palam
749 763 800 789 est
815 755 989 800 Epicurea
1001 783 1010 798 ,
1035 769 1098 790 nec

114 811 233 846 curat,
260 805 344 850 quid
369 805 405 838 in
431 805 635 839 alterutram
657 812 790 849 partem
808 807 993 848 doceatur,
1020 814 1096 840 tan-

114 863 189 890 tum
213 856 249 888 in
266 853 334 888 hoc
351 862 433 889 sunt
450 855 591 894 attenti,
619 867 664 888 ne
680 857 764 901 quid
783 864 958 899 mutetur,
984 869 1028 890 ne
1046 858 1095 890 la-

112 906 217 940 befiat
234 918 354 939 eorum
372 906 539 950 potentia.
592 904 660 940 Sed
681 919 888 951 quaeramus
905 906 1094 942 Ecclesiam

112 957 182 999 ibi,
209 956 411 1002 ubicunque
430 963 529 991 sonat
547 968 633 1000 pura
651 969 717 990 vox
733 955 929 1001 Evangelii.

214 1006 326 1041 Porro
357 1013 391 1041 et
419 1007 456 1040 in
492 1004 559 1040 boc
589 1014 689 1041 coetu
718 1008 778 1052 pio
808 1015 842 1042 et
867 1008 1096 1053 amplectente

113 1057 367 1102 Evangelium,
399 1065 515 1091 tamen
546 1057 633 1090 alias
666 1058 761 1101 plus,
797 1059 881 1092 alias
905 1059 1022 1092 minus
1047 1065 1096 1092 est

113 1109 221 1147 lucis,
247 1114 280 1141 et
303 1108 437 1153 aliquid
463 1107 615 1150 contagii
639 1116 776 1149 manet,
803 1116 842 1143 ut
865 1109 966 1142 multi
990 1109 1096 1142 disci-

112 1159 186 1205 puli
205 1157 457 1202 Apostolorum
482 1158 766 1201 imaginabantur
783 1159 997 1193 ceremonias
1015 1158 1097 1192 Mo-

112 1211 222 1244 saicas
245 1208 446 1242 retinendas
473 1219 555 1241 esse.
606 1207 651 1241 Et
675 1208 806 1242 Paulus
830 1209 966 1254 inquit,
993 1208 1097 1242 Hunc

112 1267 252 1295 coetum
269 1259 395 1303 partim
413 1271 537 1291 aurum
549 1282 558 1297 ‚
586 1259 712 1300 partim
731 1260 878 1302 stipulas
896 1271 997 1303 supra
1015 1260 1097 1292 fun—

112 1313 316 1345 damentum
349 1315 518 1342 extruere.
576 1307 647 1342 Sed
679 1315 794 1341 tamen
825 1309 1095 1342 fundamentum

111 1361 239 1395 retinet
263 1359 429 1392 articulos
453 1357 533 1391 fidei
559 1358 601 1391 de
617 1356 779 1400 Christo,
806 1365 839 1392 et
856 1371 973 1392 veram
994 1359 1096 1392 invo-

112 1411 306 1447 cationem,
341 1416 373 1442 et
402 1420 475 1442 non
507 1408 664 1442 defendit
695 1420 831 1442 errores
860 1409 1097 1453 pertinaciter,

112 1462 171 1496 sed
190 1459 286 1494 audit
302 1457 553 1502 Evangelium‚
580 1459 676 1502 cupit
693 1460 810 1493 doceri
830 1467 863 1493 et
878 1459 1026 1504 proficit.

214 1509 307 1544 Haec
322 1509 518 1543 admonitio
536 1510 578 1542 de
588 1506 743 1543 Ecclesia
760 1510 858 1544 utilis
874 1517 942 1551 est,
964 1516 997 1543 et
1012 1508 1096 1544 hor-

110 1569 205 1598 tetur
234 1572 317 1601 nos,
350 1567 389 1594 ut
417 1560 549 1593 iudicio
578 1566 612 1593 et
640 1560 821 1594 voluntate
843 1560 1097 1604 coniungamus

111 1624 176 1647 nos
198 1623 276 1646 cum
295 1608 467 1650 Ecclesia,
495 1617 528 1643 et
552 1622 630 1643 cum
655 1622 693 1643 ea
711 1610 825 1644 Deum
844 1618 935 1644 recte
955 1611 1096 1644 invoce-

110 1674 208 1706 mus,
250 1668 283 1695 et
320 1661 532 1694 retineamus
562 1658 748 1703 Evangelii
784 1661 992 1705 puritatem,
1034 1672 1097 1694 nec

110 1713 345 1748 anteferamus
374 1711 560 1755 opiniones
592 1708 745 1744 humana
778 1712 965 1745 autoritate
989 1711 1097 1744 confi-

110 1771 199 1803 ctas,
232 1763 290 1796 sed
323 1761 588 1795 meminerimus
619 1761 726 1796 illud:
762 1760 921 1796 Lucerna
948 1761 1097 1806 pedibus

108 1814 194 1848 meis
213 1813 359 1847 verbum
379 1819 491 1848 tuum.

800 110 1194 149 ANNOTATIONES
1221 111 1271 148 IN
1297 110 1599 151 EVANGELIA.

2064 119 2137 154 414

1532 198 1583 222 De
1610 196 1755 230 quinto.

1253 248 1459 284 Consolatio
1489 256 1522 284 et
1553 251 1712 286 doctrina
1744 253 1914 295 traditur,
1955 257 2133 302 quomodo

1150 301 1419 345 praemuniendi
1434 301 1504 334 sint
1522 301 1631 334 animi
1646 302 1683 335 in
1699 299 1754 336 bis
1770 305 1943 347 periculis.
1996 305 2133 341 Conso·

1150 352 1297 386 lationes
1317 349 1382 384 hac
1400 357 1552 397 quatuor
1569 358 1650 385 sunt
1665 354 1868 398 praecipue-¹

1251 401 1279 436 l.
1329 401 1434 445 Quod
1461 402 1507 436 sit
1529 413 1693 435 mansura
1716 401 1870 439 Ecclesia
1893 418 1994 446 vera,
2028 407 2132 441 etiam

1149 453 1186 486 in
1210 449 1277 486 boc
1299 453 1454 493 mundo,
1479 458 1559 485 ante
1583 454 1874 488 resurrectionem
1899 464 2133 498 mortuorum,

1148 504 1242 537 iuxta
1268 503 1355 536 illud
1374 503 1497 537 Esaiae
1512 502 1590 537 56.:
1617 502 1770 547 Spiritus
1793 516 1911 547 meus,
1939 507 1999 552 qui
2023 515 2071 540 est
2095 508 2131 540 in

1148 561 1200 593 te,
1227 561 1260 588 et
1281 554 1386 586 verba
1409 566 1504 594 mea,
1530 566 1619 599 quae
1642 561 1724 588 sunt
1746 555 1784 588 in
1802 567 1862 589 ore
1879 563 1959 596 tuo,
1986 569 2059 590 non
2077 569 2132 590 re-

1148 606 1270 639 cedent
1287 604 1330 637 ab
1347 616 1407 637 ore
1424 611 1503 644 tuo,
1528 616 1590 637 nec
1606 604 1651 638 ab
1667 617 1727 638 ore
1743 606 1886 640 seminis
1899 607 1950 641 tui
1968 614 2031 643 etc.

1249 654 1293 690 ΙΙ.
1347 654 1453 697 Quod
1470 654 1672 699 ubicunque
1688 663 1790 690 erunt
1804 657 2051 702 amplectentes
2067 669 2132 701 pu-

1147 717 1225 739 rum
1264 703 1516 748 Evangelium,
1558 701 1596 737 hi
1635 712 1717 739 sunt
1756 708 1913 741 membra
1945 705 2132 748 Ecclesiae,

1147 757 1242 790 iuxta
1273 756 1380 789 illud:
1416 755 1455 790 Si
1480 755 1680 789 manseritis
1705 755 1742 788 in
1761 768 1835 798 me,
1869 764 1902 791 et
1925 759 2031 792 verba
2054 769 2131 791 mea

1147 806 1339 841 manserint
1366 806 1402 839 in
1430 805 1550 847 vobis,
1586 805 1755 852 quicquid
1782 807 1983 850 volueritis,
2013 809 2132 853 petite,

1146 864 1177 892 et
1194 858 1251 891 fiet
1270 857 1380 890 vobis.

1249 906 1313 943 lll.
1367 906 1471 950 Quod
1496 907 1533 940 in
1555 903 1610 940 his
1630 907 1794 951 periculis
1810 906 1922 942 Filius
1937 906 2004 943 Dei
2021 908 2132 942 aderit

1147 964 1402 1002 propugnator,
1436 958 1524 991 sicut
1553 955 1678 990 Daniel
1709 958 1840 1004 inquit:
1875 958 1952 994 Stat
1977 956 2132 993 Michael

1146 1009 1217 1041 dux
1233 1020 1297 1052 pro
1314 1009 1445 1053 populo
1464 1006 1540 1041 Dei.

1249 1057 1330 1091 llll.
1383 1058 1489 1101 Quod
1521 1054 1682 1092 Christus
1714 1070 1836 1093 rursus
1864 1072 1900 1093 se
1927 1066 2131 1094 ostensurus

1146 1108 1191 1142 sit
1209 1109 1341 1142 mundo
1354 1134 1363 1151 ,
1390 1116 1421 1142 et
1439 1109 1694 1152 glorificaturus
1710 1107 1922 1150 Ecclesiam,
1948 1122 1986 1144 ac
2004 1109 2132 1153 impios

1145 1159 1345 1192 abiecturus
1372 1159 1409 1191 in
1433 1166 1592 1192 aeternos
1616 1160 1800 1193 cruciatus.
1855 1159 1936 1194 ldeo
1961 1159 2018 1193 bic
2043 1159 2132 1193 dici-

1146 1216 1219 1242 tur:
1257 1209 1315 1242 Sic
1348 1210 1412 1242 erit
1443 1212 1615 1242 adventus
1640 1208 1723 1242 Filii
1753 1207 1920 1246 hominis.
1972 1210 2043 1244 Nec
2070 1209 2131 1243 diu

1146 1261 1355 1292 duraturum
1374 1271 1444 1291 esse
1465 1258 1558 1292 hunc
1574 1260 1746 1292 mundum
1765 1269 1841 1303 post
1858 1260 2048 1305 Apostolos
2065 1260 2131 1303 ipsi

1146 1309 1260 1342 testati
1285 1316 1386 1349 sunt,
1412 1322 1490 1342 cum
1510 1315 1636 1342 vocant
1651 1310 1876 1344 novissimam
1897 1309 2032 1346 horam.
2085 1308 2131 1343 Et

1145 1368 1269 1392 notum
1293 1366 1343 1392 est
1366 1359 1498 1393 dictum
1523 1358 1639 1393 Eliae:
1668 1359 1735 1393 Sex
1759 1361 1871 1394 millia
1896 1362 2067 1399 mundus,
2099 1367 2131 1393 et

1147 1416 1266 1453 postea
1296 1410 1362 1443 erit
1389 1410 1597 1450 destructi0‚
1638 1409 1722 1443 Duo
1750 1411 1861 1444 millia
1894 1411 2016 1451 inane,
2050 1409 2131 1444 Duo

1144 1460 1255 1492 millia
1278 1459 1350 1500 lex,
1377 1461 1460 1493 Duo
1484 1460 1593 1493 millia
1613 1458 1778 1502 Messias,
1805 1468 1838 1495 et
1860 1461 1887 1494 si
1910 1462 1994 1506 quid
2011 1461 2133 1501 deerit,

1145 1510 1254 1543 deerit
1272 1517 1414 1554 propter
1431 1518 1567 1555 peccata
1585 1517 1714 1545 nostra.

1245 1559 1416 1594 Doctrina
1435 1573 1517 1594 vero
1536 1568 1604 1601 est,
1632 1561 1726 1604 quod
1744 1569 1884 1602 monet,
1911 1569 1949 1596 ut
1967 1559 2131 1604 Evange-

1144 1611 1231 1643 lium
1261 1611 1491 1651 retineamus,
1526 1623 1589 1644 nec
1616 1611 1848 1644 assentiamur
1873 1611 2130 1655 impostoribus.

1147 1660 1254 1701 Item,
1282 1661 1379 1693 iubet
1403 1661 1557 1704 precari,
1580 1671 1618 1693 ac
1634 1660 1804 1702 significat
1821 1660 1933 1695 Deum
1953 1661 2130 1695 calamita-

1144 1717 1194 1744 tes
1209 1711 1451 1753 mitigaturum
1469 1722 1541 1744 esse.
1558 1710 1792 1758 precantibus.
1848 1709 1969 1752 Orate,
1995 1718 2032 1745 ut
2049 1722 2129 1755 pos-

1144 1761 1220 1794 sitis
1251 1761 1397 1794 evadere
1430 1775 1469 1795 ex
1501 1759 1629 1795 futuris
1663 1760 1784 1800 malis,
1827 1769 1858 1796 et
1890 1769 1980 1796 stare
2012 1773 2129 1795 coram

1144 1811 1216 1844 filio
1234 1809 1400 1847 bominis.

596 2030 680 2072 EN
683 2028 1073 2071 ARRATIONES
1134 2028 1303 2070 EVAN
1308 2027 1573 2070 GELIORU
1575 2028 1637 2083 M,

496 2111 590 2141 QUAE:
613 2111 810 2137 LEGUNTUR
833 2111 881 2136 DE
905 2112 1027 2136 FESTIS
1054 2110 1208 2141 CHRISTI,
1238 2110 1282 2133 ET
1308 2109 1481 2135 HISTORIIS
1508 2111 1734 2137 SANCTORUM.

435 2212 501 2253 De
551 2214 767 2256 Trinitate.

384 2285 618 2331 Evangelium
641 2285 770 2324 Matth.
785 2289 821 2323 3.

161 2361 267 2398 Tunc
291 2359 426 2395 accedit
449 2358 554 2395 lesus
577 2372 600 2393 a
620 2357 800 2394 Galilaea
825 2357 880 2392 ad
894 2357 1091 2392 Iordanem

214 2409 495 2451 adlohannem‚
523 2415 560 2445 ul
578 2410 829 2456 baptizaretur
845 2409 893 2443 ab
911 2409 989 2443 illo.
1044 2409 1091 2443 At

214 2460 405 2498 Iohannes
427 2459 645 2509 prohibebat
669 2459 796 2502 illum,
823 2458 959 2494 dicens:
987 2458 1094 2494 JlIilzi

1249 2195 1292 2229 tit
1317 2193 1438 2232 illum.
1492 2194 1546 2229 El
1571 2195 1781 2244 baptizalus
1804 2193 1931 2238 Iesus,
1966 2196 2127 2229 ascendit

1245 2246 1414 2293 protinus
1446 2244 1488 2279 de
1515 2260 1633 2294 aqua:
1667 2252 1698 2280 el
1728 2259 1797 2281 ecce
1820 2246 1940 2289 aperti
1959 2250 2044 2279 sunt
2068 2245 2130 2279 illi

1247 2295 1352 2338 coeli,
1388 2301 1418 2330 el
1446 2295 1534 2330 cidit
1559 2296 1741 2343 Spiritum
1764 2296 1841 2330 Dei
1862 2294 2125 2329 descendentem

1245 2352 1422 2395 tanquam
1461 2347 1686 2388 columbam,
1734 2352 1763 2381 el
1796 2346 1989 2380 venientem
2021 2358 2127 2390 super·

1245 2398 1375 2445 ipsum,
1429 2397 1481 2431 Et
1501 2409 1570 2431 ecce
1587 2409 1657 2432 vox
1674 2396 1715 2431 de
1733 2396 1859 2436 coelis,
1889 2395 2028 2430 dicens:
2054 2396 2126 2430 Hic

1244 2454 1294 2483 est
1309 2447 1437 2483 Filius
1454 2461 1551 2482 meus
1569 2446 1741 2490 dlleclus,
1768 2460 1839 2495 quo
1856 2445 2020 2481 delector.

214 2526 304 2561 opus
326 2517 395 2554 esl,
422 2517 458 2546 ul
483 2511 551 2546 abs
574 2517 605 2546 le
622 2511 802 2558 hoplites,
826 2516 855 2544 el
871 2515 908 2544 lu
928 2511 1024 2544 ‘'eni-⁹
1041 2510 1093 2544 dd
1142 2496 1262 2548 Haec
1284 2515 1387 2548 lectio
1413 2522 1650 2558 proponatur,
1675 2522 1713 2548 ut
1738 2515 1928 2547 doceantur
1954 2509 2126 2552 homines,

215 2564 295 2598 me?
343 2561 549 2610 Respondi!
572 2567 692 2596 autem
709 2560 834 2603 Iesus,
862 2565 892 2595 et
916 2559 1014 2595 dixit
1041 2560 1095 2595 ad

218 2613 345 2649 illum:
370 2611 506 2648 Omine
525 2625 635 2653 nunc,
660 2613 712 2646 sic
729 2612 822 2646 enim
842 2610 932 2646 dcccl
949 2625 1025 2651 nos,
1054 2617 1090 2646 ul
1117 2646 1118 2650 ,
1143 2617 1220 2650 dus.

1143 2577 1230 2611 quae
1254 2566 1296 2599 sit
1321 2566 1483 2599 voluntas
1508 2564 1593 2605 Dei,
1629 2572 1660 2598 et
1685 2564 1862 2609 quomodo
1887 2563 1930 2596 sit
1954 2562 2124 2595 invocan-

1272 2615 1360 2649 Nam
1393 2613 1475 2648 baec
1504 2623 1551 2649 cst
1583 2615 1722 2658 propria
1748 2612 1922 2646 Ecclesiae
1951 2613 2122 2647 doctrina.

216 2664 456 2712 compleamus
469 2676 605 2699 omnem
623 2663 819 2699 iusticiam,
869 2660 970 2696 Tunc
985 2663 1091 2696 omit·
1115 2658 1119 2701 l
1143 2665 1187 2700 Et
1213 2664 1276 2700 hae
1294 2678 1429 2710 semper
1445 2666 1585 2698 fuerunt
1601 2665 1818 2706 quaestiones
1836 2663 1994 2697 omnium
2013 2663 2123 2696 maxi-
