2409 2915
11 387 25 455 πμ,
12 279 16 355 .-

19 659 23 683 ί

14 165 16 170 .
58 134 156 169 1021

13 231 16 242 1
51 217 182 252 volunt.
204 228 275 251 esse
291 215 461 252 Doctores
483 224 516 252 et
532 216 712 256 Pastores,
737 229 814 251 cum
833 224 950 251 tamen
968 229 1040 250 non

7 714 15 779 -f-
8 571 13 695 ᾼᾼ-γῇ.
10 515 13 554 -Α

312 130 392 169 x11.

52 268 253 312 intelligant
270 268 488 309 doctrinam,
515 273 549 301 et
565 267 636 301 sint
652 265 768 301 hostes
790 280 893 301 verae
911 268 1041 302 doetri-

53 330 131 354 nae.
184 317 261 352 Hoc
275 330 495 364 nequaqnam
513 318 782 362 approbandum
800 325 868 359 est,
893 320 951 352 sed
969 319 1040 352 dis-

52 375 243 403 cernantur
270 367 404 409 officia,
431 374 466 402 et
489 368 527 401 in
555 375 705 414 utroque
731 369 892 403 laborent
909 369 1038 413 singuli

51 419 202 453 fideliter
217 420 255 452 in
270 430 333 452 suo
355 418 486 454 officio.

155 469 278 504 Postea
297 469 430 502 Pilatus
447 469 521 513 ipse
537 469 685 513 fatetur,
712 470 826 503 Iesum
844 481 917 503 esse
934 470 1039 502 inno-

51 526 198 553 centem.
252 519 310 554 Sic
329 530 465 563 semper
480 519 700 563 perspicuum
726 521 779 561 fit,
807 522 900 566 quod
919 518 1038 553 Eccle-

51 570 102 604 sia
117 570 162 605 sit
176 571 361 611 innocens,
386 576 419 603 et
437 582 512 604 non
528 576 667 615 appetat
683 582 788 615 regna
805 571 948 611 mundi,
976 583 1038 603 nec

15 636 17 646 ·
50 627 191 655 moveat
210 620 410 655 seditiones.

151 668 198 704 Et
214 676 331 704 tamen
352 676 500 714 potestas
526 670 632 715 impia
649 678 770 704 contra
789 671 1036 704 conscientiam

48 722 192 755 adiuvat
214 721 510 765 persecutionem,
537 722 742 765 urgentibus
766 722 882 765 impiis
903 721 1036 755 Docto-

48 772 159 808 ribus.

149 821 307 855 Primum
333 823 430 856 iubet
449 835 527 856 eum
552 822 698 866 flagellis
720 822 838 862 caedi,
872 829 905 855 et
925 821 1036 865 spinis

48 873 221 908 coronari.
248 872 391 907 Fatetur
408 873 555 916 Pilatus,
582 873 692 906 lesum
712 874 934 906 innocentem
952 884 1034 911 esse,

49 919 224 957 ettamen
249 935 328 956 eum
346 924 475 957 talibus
498 924 721 957 contumeliis
736 931 766 956 et
788 923 942 956 cruciatu
961 923 1034 955 asti-

48 974 115 1013 cit,
149 974 238 1007 sicut
264 986 377 1014 nunc,
413 974 517 1007 etiam
540 974 599 1019 qui
622 987 693 1007 nou
719 974 883 1007 occidunt
911 973 1035 1011 lesum,

47 1025 198 1070 quinon
223 1024 362 1068 penitus
387 1025 516 1057 tollunt
542 1032 632 1057 recte
655 1026 835 1063 docentes,
862 1024 942 1068 quia
963 1035 1033 1056 non

46 1081 212 1119 possunt,
239 1082 354 1109 tamen
379 1076 571 1108 ostendunt
597 1087 656 1107 sua
683 1075 762 1107 odia
790 1076 956 1107 adversus
976 1085 1034 1106 eos

44 1125 84 1158 iu
108 1125 227 1158 multis
254 1126 380 1168 siguis,
425 1126 606 1168 negligunt
622 1125 782 1159 Pastores
806 1126 947 1169 inopes,
987 1124 1033 1157 si·-

44 1183 136 1209 nunt
155 1188 213 1209 eos
235 1177 329 1209 varie
349 1176 476 1209 vexari.

150 1225 221 1259 lam
259 1224 341 1260 haec
376 1227 565 1270 flagellatio
593 1233 625 1259 et
654 1226 833 1259 coronatio
873 1226 1033 1259 conside-

47 1283 181 1310 rentur.
1058 1245 1062 1327 1

147 1325 241 1370 Papa
263 1332 295 1359 et
320 1339 441 1360 omnes
459 1327 514 1360 sui
531 1325 695 1370 Episcopi
721 1326 900 1367 flagellant
924 1323 1031 1359 Chri·
1056 1341 1060 1366 ς

44 1383 156 1416 stum,
190 1385 362 1410 coronant
388 1384 422 1410 et
444 1378 607 1410 derident
631 1389 728 1416 eum,
762 1383 794 1408 et
820 1377 974 1409 induunt
1001 1376 1031 1408 ei

43 1438 255 1472 purpuram,
292 1427 350 1471 qui
377 1428 572 1460 doctrinam
598 1427 719 1459 falsam
753 1426 966 1465 defendunt,
1000 1432 1060 1471 et(

43 1478 186 1510 miseras
207 1485 340 1511 mentes
368 1475 552 1511 homiuum
577 1477 773 1521 flagellant,
806 1476 877 1509 imo
903 1477 1032 1510 multos

43 1528 222 1562 occidunt.

1059 1145 1062 1170 t

1059 1172 1061 1192 l

144 1577 282 1611 Deinde
298 1589 379 1619 curn
394 1577 460 1609 sibi
486 1588 631 1619 regnum
659 1577 898 1617 constituunt,
931 1588 1029 1609 coro·
1056 1582 1058 1596 '

44 1636 130 1662 nant
153 1626 332 1663 Christum
357 1627 488 1670 spinis,
526 1634 558 1660 et
584 1639 662 1659 eum
687 1628 840 1660 iuduunt
864 1639 1031 1671 purpura,
1055 1635 1059 1668 t

43 1679 80 1712 id
96 1686 164 1720 est,
191 1679 314 1711 dolore
330 1678 486 1711 afficiunt
510 1677 623 1721 ipsum
647 1675 829 1711 Christum
857 1685 889 1711 et
914 1689 1029 1710 veram
1054 1670 1058 1703 ¹

42 1728 248 1770 Ecclesiam,
277 1741 337 1773 per
356 1729 451 1761 illam
469 1728 589 1761 falsam
607 1734 640 1760 et
659 1729 800 1772 impiam
819 1727 1031 1760 dominatio-
1055 1761 1058 1783 t

45 1792 145 1819 nem,
172 1792 274 1825 quam
293 1779 358 1812 sibi
377 1785 558 1821 arrogant,
585 1784 705 1811 contra
724 1778 941 1811 voluntatem
964 1776 1027 1810 Dei
1056 1786 1058 1795 ¹

45 1839 76 1865 et
94 1838 213 1864 contra
231 1830 376 1863 salutem
397 1828 582 1862 Ecclesiae.
1054 1847 1058 1887 ι

144 1881 438 1924 Quandocumque
457 1879 552 1912 vides
576 1879 707 1923 pictum
726 1877 855 1922 Papam
871 1891 949 1912 cnm
969 1890 1028 1912 sua
1055 1890 1057 1924 ζ

42 1944 169 1966 corona
194 1939 228 1965 et
251 1943 356 1964 aureo
382 1930 509 1974 pallio,
551 1930 678 1972 cogites
708 1936 849 1962 econtra
881 1936 1028 1963 stantem
1054 1925 1057 1954 l

41 1982 222 2017 Christum
248 1988 452 2014 coronatum
473 1981 600 2024 spinis,
629 1986 660 2012 et
685 1980 846 2012 indutum
874 1992 1027 2023 purpura

43 2046 105 2078 per
124 2033 330 2066 ludibrium.
359 2030 402 2065 Et
420 2030 532 2064 Deum
548 2043 641 2069 ores,
666 2037 703 2063 ut
721 2030 834 2063 deleat
849 2030 908 2063 illa
926 2030 1030 2070 idola,

43 2093 74 2118 et
91 2084 232 2128 impiam
257 2082 554 2121 dominationem,
588 2088 621 2114 et
648 2081 786 2123 colligat
814 2081 886 2125 ipse
907 2079 1027 2114 Eccle-
1053 2076 1056 2107 Ι

41 2137 128 2168 siam
156 2135 246 2168 inter
270 2145 334 2166 nos
359 2133 566 2172 clementer,
600 2139 634 2165 et
656 2138 750 2174 regat
773 2143 858 2173 nos,
889 2132 933 2165 sit
953 2130 1028 2166 Rex
1054 2129 1055 2135 ¹

45 2187 118 2230 ipse
136 2183 318 2220 Christus,
346 2196 416 2215 uon
438 2182 540 2226 Papa.
1052 2152 1056 2232 ¹

143 2235 266 2269 Postea
288 2234 422 2267 Pilatus
448 2239 686 2274 permovetur,
713 2239 748 2265 ut
767 2232 869 2265 etiarn
894 2232 1028 2264 occidat
1053 2234 1055 2254 f

40 2285 242 2324 Christum,
267 2286 408 2330 quan-lo
426 2285 523 2317 audit
547 2283 603 2315 illa
622 2284 744 2314 verba:
771 2282 808 2316 Si
828 2294 898 2315 non
917 2282 1028 2315 cruci·
1052 2288 1055 2322 3

42 2338 118 2382 figis
134 2349 234 2376 eum,
260 2348 333 2368 nou
352 2347 385 2368 es
405 2335 536 2367 amicus
553 2333 719 2367 Caesaris.
1051 2328 1055 2374 Ι

144 2387 247 2422 Tales
263 2393 356 2425 suut,
369 2385 516 2430 quicum
537 2383 652 2427 impiis
669 2383 866 2416 colludunt:
892 2383 1026 2416 etiamsi
1052 2390 1055 2417 ;

43 2439 146 2472 initio
166 2451 237 2471 nou
253 2443 333 2471 sunt
349 2435 592 2473 crudelissimi,
619 2441 733 2467 tamen
753 2433 920 2475 paulatim
940 2433 1027 2467 fiunt
1052 2435 1055 2471 l

42 2490 245 2523 deteriores.
298 2487 380 2521 ldeo
405 2488 556 2520 cavenda
582 2491 661 2517 suut
695 2484 814 2523 initia,
849 2485 940 2517 iuxta
968 2484 1025 2517 ill-n

43 2541 153 2573 dicta:
194 2538 321 2572 Cavete
345 2552 363 2570 a
387 2537 557 2570 fermento
583 2534 860 2568 Pharisaeorum.
923 2533 1026 2568 ltem:

46 2590 162 2624 Nolite
186 2590 305 2632 iugum
326 2589 453 2621 ducere
471 2600 548 2620 cum
573 2585 747 2628 gentibus.
801 2584 901 2627 Quae
918 2585 1026 2618 socie-

44 2648 96 2675 tas
122 2638 251 2675 Christi
276 2651 354 2673 cum
381 2638 516 2671 Belial?
551 2639 585 2671 2.
603 2633 763 2671 Corinth.
779 2637 813 2670 6.
855 2635 938 2669 ltem
956 2634 1026 2669 Ec-
1051 2641 1053 2657 ²

44 2691 225 2725 clesiastici
245 2690 316 2726 15.:
351 2688 423 2732 Qui
450 2688 600 2732 tetigerit
623 2687 754 2732 picem,
782 2686 1028 2732 inquinabitur
1049 2685 1054 2723 Ι

446 130 839 168 ANNOTATIONES
864 130 930 168 ET
957 126 1240 168 CONCIONES
1269 128 1318 165 IN
1344 128 1528 167 EVANG.
1560 129 1841 169 MATTHAEI.

1058 1200 1061 1236 1
1088 1187 1179 1231 pati,
1206 1195 1237 1220 et
1255 1186 1368 1221 adhuc
1388 1190 1583 1223 miserrime
1608 1199 1785 1234 vagantur.

1986 135 2002 168 1
2009 135 2081 170 022

1094 214 1138 247 ab
1157 225 1206 249 ea.
1261 214 1364 249 Item:
1400 215 1520 251 Vitare
1543 225 1698 262 peccata,
1726 225 1776 253 est
1796 219 1905 253 vitare
1927 219 2080 254 occasio-

1094 276 1155 298 nes
1175 272 1406 308 peccatorum.

1195 314 1382 360 Postquam
1411 317 1507 360 prius
1532 319 1646 362 coepit
1677 319 1812 354 Pilatus
1844 328 1964 355 contra
1994 333 2079 353 con-

1098 364 1279 398 scientiam
1305 367 1490 408 gratificari
1506 367 1734 403 Pontificibus
1746 398 1754 411 ‚
1780 370 1952 405 Diabolus
1969 371 2078 404 intra-

1093 416 1142 448 vit
1164 415 1199 447 in
1219 427 1278 448 cor
1294 417 1384 457 eius,
1414 418 1491 450 ideo
1512 419 1583 452 ruit
1603 420 1769 462 ulterius,
1796 428 1829 455 et
1853 422 1918 456 fert
1937 429 2078 454 seuten-

1093 466 1176 499 tiam
1196 465 1361 499 iuiustam
1379 475 1499 501 contra
1519 467 1643 504 lesum.

1194 514 1290 549 Haec
1309 513 1485 551 horrenda
1502 520 1658 563 exempla
1674 520 1876 564 cogitemus,
1901 529 1939 556 ut
1956 522 2078 565 procul

1091 566 1266 609 fugiamus
1282 567 1367 600 tales
1386 569 1598 603 collusiones
1623 582 1700 603 cum
1727 570 1904 610 hostibus,
1932 579 1964 605 et
1987 584 2078 605 sem-

1089 628 1152 660 per
1170 617 1260 650 clare
1278 618 1522 660 profiteamur,
1549 632 1613 652 nos
1628 622 1671 653 ab
1689 621 1771 664 ipsis
1785 623 1987 661 dissentire,
2016 634 2077 655 nec

1089 668 1292 701 accedamus
1309 669 1351 701 ad
1370 681 1446 710 eos,
1472 671 1614 715 quando
1637 678 1773 705 tentant
1797 673 2077 717 compositiones.

1192 724 1376 760 Permotus
1394 727 1502 770 igitur
1515 727 1662 769 Pilatus,
1690 736 1810 763 contra
1826 731 2078 764 conscientiam

1088 775 1156 809 fert
1172 777 1382 810 sententiam
1406 779 1449 811 de
1467 775 1609 812 Christo
1626 780 1861 823 crucifigendo
1873 808 1882 821 ,
1909 789 1941 814 et
1957 782 2076 814 miseri

1089 823 1250 859 homines
1267 826 1453 862 Pontifices
1476 835 1509 862 et
1531 829 1590 861 alii
1611 828 1750 871 ludaei,
1777 832 1946 865 clamant:
1985 831 2075 865 San-

1087 877 1164 919 guis
1181 877 1256 910 eius
1271 878 1313 911 sit
1329 890 1434 922 super
1450 890 1515 912 nos
1531 886 1564 913 et
1582 891 1686 923 super
1704 881 1794 914 filios
1811 888 1961 917 nostros.

1189 934 1257 968 Hic
1272 936 1337 976 ipsi
1353 937 1471 971 miseri
1497 938 1628 982 seipsos
1645 941 1893 979 condemnant,
1918 948 1951 974 et
1968 952 2074 973 even-

1087 991 1144 1018 tus
1158 987 1262 1019 etiam
1282 987 1319 1020 iu
1337 988 1593 1022 calamitatibus
1619 987 1724 1023 huius
1743 991 1852 1032 vitae,
1880 998 1912 1024 et
1930 1002 2075 1034 respon—

1087 1036 1137 1069 dit
1159 1037 1314 1080 ipsorum
1333 1039 1427 1076 voci,
1456 1039 1522 1083 ipsi
1542 1047 1573 1073 et
1596 1052 1717 1073 eorum
1733 1042 1861 1085 posteri
1878 1040 2074 1075 horrendas

1089 1098 1220 1132 poenas
1245 1089 1438 1128 dederunt,
1473 1091 1615 1133 quaudo
1643 1089 1853 1137 lerosolyma
1879 1093 1991 1125 deleta
2015 1099 2075 1130 est,

1087 1143 1121 1170 et
1138 1138 1286 1170 maxima
1314 1139 1504 1172 multitudo
1530 1141 1731 1181 interfecta,
1765 1149 1797 1175 et
1819 1143 1945 1187 reliqui
1971 1142 2074 1175 dissi-

1840 1192 1963 1226 Postea
1989 1204 2071 1225 vero

1088 1238 1191 1271 etiam
1213 1236 1392 1273 habebunt
1407 1247 1564 1273 aeternas
1584 1253 1724 1285 poenas.

1191 1296 1278 1330 (jum
1312 1304 1427 1330 autem
1452 1300 1614 1333 educitur
1640 1299 1752 1341 lesus,
1788 1302 1823 1334 in
1848 1302 1902 1334 via
1930 1302 2073 1346 quidam

1086 1345 1209 1378 Simon
1232 1346 1432 1391 Cyrenaeus
1455 1350 1485 1382 ei
1509 1351 1672 1392 additur,
1712 1352 1773 1397 qui
1803 1353 1898 1386 iuvet
1925 1365 2004 1385 eum
2035 1353 2072 1384 in

1086 1407 1188 1428 cruce
1204 1399 1381 1439 gestanda.

1187 1445 1254 1479 lste
1271 1446 1394 1481 Simon
1413 1449 1583 1492 significat
1603 1451 1738 1496 aliquos
1758 1451 1793 1484 in
1804 1451 1958 1485 Ecclesia
1977 1452 2073 1485 futu-

1085 1507 1141 1528 ros
1161 1508 1252 1537 esse,
1279 1499 1339 1542 qui
1356 1511 1492 1533 crucem
1509 1508 1661 1543 gestent,
1689 1503 1724 1535 id
1746 1510 1806 1543 est,
1836 1503 1895 1547 qui
1912 1503 2074 1547 aliqnan-

1083 1547 1197 1579 tnlum
1216 1548 1388 1582 iuvabunt
1406 1548 1597 1584 Ecclesiam
1618 1553 1712 1586 inter
1730 1553 1954 1591 afflictiones,
1983 1554 2074 1586 sicut

1084 1608 1179 1629 nunc
1198 1598 1305 1642 aliqui
1327 1599 1374 1641 pii
1393 1599 1590 1644 Principes,
1617 1610 1649 1636 et
1666 1604 1804 1647 aliquae
1823 1604 1990 1643 civitates,
2019 1605 2075 1637 in-

1085 1653 1169 1679 vaut
1190 1647 1379 1689 Ecclesias,
1414 1657 1447 1683 et
1473 1659 1655 1695 propterea
1679 1660 1760 1687 suut
1786 1654 1822 1685 in
1849 1654 1952 1686 variis
1978 1655 2073 1697 peri-—

1083 1697 1181 1731 culis.

1186 1746 1253 1781 Sed
1272 1745 1378 1781 Dens
1396 1751 1547 1785 servabit
1564 1759 1594 1785 et
1618 1760 1732 1786 servat
1749 1765 1846 1786 suam
1867 1755 2073 1798 promissio-

1083 1809 1182 1831 nem:
1210 1797 1344 1843 Siquis
1364 1800 1499 1834 dederit
1516 1809 1637 1849 potum
1655 1816 1764 1848 aquae.
1779 1806 1839 1837 uni
1860 1817 1899 1837 ex
1916 1805 2071 1838 minimis

1083 1859 1240 1881 meorum
1269 1857 1410 1892 propter
1439 1852 1653 1893 doctrinam,
1693 1852 1833 1888 habebit
1862 1856 2071 1890 mercedem.

1082 1898 1189 1932 ltem:
1220 1896 1346 1933 Beatus
1365 1901 1424 1945 qui
1452 1903 1615 1946 intelligit
1641 1915 1744 1947 super
1769 1917 1915 1947 egenum
1932 1914 1964 1940 et
1983 1918 2071 1949 pau-

1054 1974 1056 1983 .
1082 1961 1198 1992 pereni
1211 1975 1220 1990 ‚
1246 1950 1280 1982 in
1301 1950 1357 1983 die
1375 1951 1464 1983 mala
1483 1952 1645 1986 liberabit
1662 1967 1741 1987 eum
1760 1954 1946 1989 Dominus.

1185 2006 1230 2041 Et
1263 2016 1398 2041 tautum
1423 2010 1554 2043 dictum
1580 2012 1623 2045 sit
1646 2013 1690 2045 de
1712 2014 1930 2047 accusatione
1954 2026 2071 2048 coram

1081 2057 1214 2099 Pilato,
1239 2066 1271 2092 et
1290 2061 1460 2094 sententia
1479 2060 1583 2095 Pilati
1607 2075 1716 2108 usque
1737 2066 1780 2097 ad
1799 2065 2068 2099 crucifixionem.

1429 2158 1576 2184 Tertius
1603 2164 1712 2185 actus.

1425 2209 1717 2256 Crucifixio.

1133 2274 1172 2309 lu
1191 2273 1254 2310 hac
1271 2277 1519 2310 observentur:

1185 2336 1216 2369 1.
1268 2335 1456 2369 Crucifixio
1474 2337 1558 2380 ipsa.

1182 2386 1217 2420 2.
1269 2385 1384 2419 Verba
1401 2384 1533 2419 Christi
1553 2386 1737 2431 pendentis
1758 2389 1792 2422 in
1813 2402 1926 2425 cruce.

1182 2436 1216 2470 3,
1271 2435 1462 2476 Personae,
1489 2435 1708 2472 Etclesiaect
1728 2448 1978 2482 persecutores,
2004 2442 2064 2485 qui

1052 2510 1053 2514 ,
1079 2492 1137 2519 aut
1153 2487 1378 2526 crucifigunt,
1408 2494 1466 2520 aut
1488 2488 1649 2522 derident
1674 2490 1818 2533 insuper
1848 2492 2063 2527 crucifixum.

1181 2536 1214 2572 4.
1268 2536 1346 2570 Duo
1367 2537 1530 2572 latrones,

1179 2587 1215 2622 5.
1270 2587 1456 2627 Miracula,
1505 2587 1642 2633 eclipsis
1671 2588 1783 2628 Solis,
1826 2597 2064 2633 terraemotus,

1079 2636 1118 2670 in
1137 2651 1207 2683 quo
1227 2638 1354 2682 apertis
1372 2638 1540 2679 sepulcris
1558 2646 1744 2682 resurgunt
1757 2640 1871 2676 multi.

1181 2689 1216 2725 6.
1269 2687 1367 2722 Mors
1383 2686 1528 2724 Christi.
