2409 2915
269 72 340 109 491

667 145 691 171 D
699 150 714 170 e
737 150 760 176 vq
768 149 785 169 u
792 148 809 169 e
816 147 830 168 r
837 143 879 168 to.

555 196 610 229 De
632 193 785 227 cavendis
807 190 987 224 scandalis.

378 250 591 290 Scandalum
626 254 678 283 est
707 247 794 281 falsa
823 245 985 280 doctrina
1018 254 1079 277 seu
1116 252 1266 287 pravum

279 305 497 349 exemplum,
524 300 620 347 quod
643 298 721 333 aliis
742 303 867 337 nocet,
893 296 951 330 vel
966 294 1054 341 ‘quia
1077 293 1205 326 invitat
1221 291 1266 325 ad

278 356 516 394 imitandum,
533 351 591 385 vel
607 349 689 396 quia
705 348 850 383 accersit
861 357 994 391 poenas
1008 344 1186 390 publicas,
1210 341 1269 375 vel

279 407 362 454 quia
390 405 520 439 alienat
550 401 687 435 animos
712 411 731 433 a
748 398 918 432 societate
940 407 1058 430 rerum
1081 395 1269 432 bonarum,

277 458 333 492 vel
356 455 438 502 quia
458 453 604 498 praebet
618 450 841 484 occasionem
858 447 984 488 malis,
1010 446 1054 479 de
1071 444 1147 479 Deo
1172 450 1205 477 et
1225 443 1269 476 de

278 509 384 543 rebus
398 504 529 540 divinis
544 502 635 536 male
651 498 834 545 loquendi.

333 557 476 592 Gradus
494 552 654 601 quinque
669 550 830 584 facimus.

381 606 541 642 Primus,
569 609 621 636 est
634 598 907 634 falsadoctrina.
948 596 1028 632 Hoc
1043 606 1153 641 genus
1167 604 1269 628 scan-

279 659 351 694 dali
368 653 658 690 nocentissimum
677 657 739 686 est.

385 705 591 743 Secundus,
617 713 766 747 pravum
790 699 1008 744 exemplum,
1036 697 1132 743 quod
1151 695 1270 729 imita—

280 760 378 794 tione
390 762 510 795 nocet,
536 750 1000 788 ut‘invocatioSanctorum.
1056 747 1143 782 Item
1159 746 1270 780 multa

280 810 348 844 alia
373 806 558 841 manifesta
580 803 725 843 delicta,
752 813 842 846 quae
857 801 1010 834 invitant
1027 799 1114 833 alios
1130 798 1173 830 ad
1190 807 1271 840 pec-

282 859 454 896 candum,
487 862 547 889 aut
571 853 730 900 exemplo
753 852 932 885 licentiam
957 856 1102 893 augent,
1127 854 1168 881 ut
1191 844 1270 880 hel-

281 909 480 947 luationes,
506 904 735 939 scortationes
751 908 816 935 etc.

384 957 529 992 Tertius
550 954 678 998 gradus
701 959 769 992 est,
805 962 879 984 non
901 956 1038 984 tantum
1063 947 1271 982 manifesto-

281 1022 364 1046 rum
381 1008 568 1046 scelerum,
597 1004 656 1037 sed
673 1003 778 1037 etiam
792 1012 1001 1035 arcanorum
1013 1024 1022 1039 ‚
1050 1010 1139 1044 quae
1154 1009 1271 1032 accer—

281 1067 365 1095 sunt
391 1068 521 1104 poenas
546 1054 724 1100 publicas,
757 1052 873 1090 bella,
906 1050 1113 1091 seditiones,
1146 1055 1180 1082 et
1202 1048 1271 1082 alia

281 1111 392 1148 mala,
433 1118 522 1153 quae
552 1116 669 1139 secum
701 1102 913 1147 multiplicia
946 1107 1084 1146 peccata
1113 1096 1272 1134 trahunt.

283 1161 348 1196 Est
384 1165 500 1193 autem
534 1154 771 1189 miserrimum
806 1153 978 1187 sustinere
1011 1149 1274 1190 conscientiam,

282 1211 378 1257 quod
408 1214 552 1254 propter
576 1211 732 1239 nostram
757 1204 896 1248 culpam
920 1202 1057 1236 infinita
1075 1200 1272 1234 *multitudo

283 1267 415 1307 pereat.
467 1257 517 1293 Ut
538 1256 633 1291 enim
658 1261 802 1300 propter
820 1252 919 1288 Adae
943 1260 977 1287 et
992 1250 1088 1286 Evae
1104 1251 1273 1285 delictum

283 1319 397 1347 totum
421 1320 530 1354 genus
548 1305 750 1341 'humanum
771 1305 900 1349 periit,
934 1310 974 1337 ut
998 1309 1142 1347 propter
1164 1300 1274 1335 Davi-

283 1363 339 1396 dis
355 1360 592 1399 adulterium,
618 1362 761 1401 propter
779 1353 1016 1388 idololatriam
1033 1350 1168 1390 Achas‚
1192 1348 1274 1382 Ma-

282 1423 427 1452 nassae,
467 1415 603 1443 secutae
629 1413 711 1440 sunt
741 1405 901 1451 ingentes
933 1402 1096 1447 publicae
1127 1410 1274 1444 poenae,

285 1464 333 1497 ita
366 1471 503 1505 semper
527 1459 564 1491 in
590 1457 724 1490 mundo
744 1461 918 1499 vagantur
945 1452 1107 1497 publicae
1130 1461 1275 1495 poenae,

285 1521 382 1548 ortae
399 1512 442 1545 ab
459 1509 637 1554 aliquibus
655 1506 876 1549 singulorum
894 1503 1055 1548 peccatis.

390 1561 547 1604 Quartus
557 1558 686 1601 gradus
697 1562 759 1594 est,
789 1566 935 1600 pravum
948 1552 1160 1596 exemplum,
1179 1550 1275 1595 quod

286 1613 415 1648 alienat
433 1610 570 1644 animos
586 1619 604 1640 a
623 1607 785 1640 societate
804 1616 922 1638 rerum
939 1604 1113 1637 bonarum
1125 1628 1134 1642 ,
1159 1608 1199 1634 ut
1215 1602 1275 1634 de-

286 1666 412 1698 decora
443 1659 646 1694 docentium
678 1663 738 1690 aut
762 1655 982 1700 principum,
998 1659 1000 1661 ’
1016 1653 1176 1685 alienant
1200 1651 1276 1684 ani-

286 1727 362 1748 mos
380 1713 424 1746 ab
441 1709 648 1754 Evangelio.
701 1706 840 1740 Ducum
858 1702 1118 1748 turpitudines,
1144 1708 1182 1736 ut
1200 1701 1277 1734 An-

286 1765 397 1804 tonii,
431 1762 567 1801 Saulis,
601 1757 865 1802 languet'aciunt
887 1755 1026 1788 animos
1049 1752 1276 1790 exercituum,

287 1816 369 1860 quia
400 1813 558 1847 iudicant
582 1808 695 1844 Deum
728 1807 936 1851 puniturum
961 1815 1033 1838 esse
1056 1803 1185 1837 scelera
1210 1803 1277 1836 ‹lu-

288 1877 380 1899 cum.
432 1862 512 1896 Huc
537 1861 640 1895 etiam
667 1859 818 1902 pertinet
846 1857 881 1889 in
904 1855 1028 1888 mediis
1052 1854 1153 1887 sactis
1172 1860 1277 1897 petu—

289 1916 398 1949 lantia
429 1921 461 1946 et
489 1909 693 1956 pertinacia.
754 1906 958 1940 Petulanter
989 1911 1091 1938 utens
1115 1904 1277 1937 libertate

290 1967 381 2010 apud
406 1964 482 2008 pios
507 1961 666 1995 nondum
688 1958 885 1996 institutos,
912 1955 1040 1988 alienat
1057 1964 1127 1989 eos.
1181 1952 1277 1987 Rur-

291 2028 349 2049 sus
371 2013 596 2060 pertinaciter
613 2010 769 2043 retinens
785 2006 1068 2051 superstitiones,
1095 2003 1277 2038 confirmat

292 2076 445 2105 errores,
475 2070 508 2096 et
533 2061 664 2095 sauciat
683 2059 831 2092 aliorum
851 2057 1009 2101 piorum,
1037 2055 1097 2100 qui
1116 2055 1276 2088 libertate

291 2123 460 2154 utuntur.
488 2113 642 2146 infirmas
668 2116 819 2149 mentes,
848 2115 879 2141 et
903 2106 1085 2141 contristat
1104 2105 1276 2149 Spiritum

290 2175 461 2208 sanctum,
1241 2205 1249 2212 .

395 2216 552 2259 Quintus
574 2212 701 2255 gradus
725 2218 792 2250 est,
828 2208 886 2253 qui
914 2207 1016 2241 etiam
1041 2206 1215 2250 spargitur
1241 2218 1276 2238 in

294 2279 432 2306 omnes,
459 2271 642 2309 propterea
667 2262 760 2307 quod
785 2260 866 2293 mali
884 2260 926 2291 ‹le
943 2257 1017 2289 Deo
1031 2281 1039 2293 .
1067 2258 1158 2290 etde
1175 2257 1278 2290 rebus

294 2318 425 2352 (livinis
452 2321 596 2349 sumunt
622 2313 839 2346 occasionem
864 2307 1081 2354 probabilem
1106 2319 1143 2339 cx
1163 2307 1278 2350 pravis

294 2367 461 2412 exemplis
488 2366 576 2398 male
602 2363 788 2408 loquendi,
816 2368 853 2394 nt
876 2358 1030 2393 semeias
1049 2365 1191 2404 propter
1208 2356 1277 2391 Dn-

296 2420 388 2452 vidis
419 2417 605 2453 delictum,
640 2422 708 2446 tam
737 2411 840 2445 habet
873 2409 1066 2455 speciosum
1093 2420 1276 2449 argumen-

295 2479 390 2509 tum,
430 2480 500 2513 quo
536 2465 740 2510 persuadeat
765 2463 934 2496 Davidem
966 2471 1037 2493 non
1068 2471 1139 2492 esse
1164 2471 1276 2499 regem

296 2520 467 2553 (livinitus
496 2523 673 2552 vocatum.
710 2526 771 2546 nec
799 2510 1022 2556 proplietam.
1076 2509 1162 2543 Nam
1191 2509 1277 2542 l’ro-

293 2570 398 2613 plu-ta
423 2581 493 2601 non
521 2567 658 2599 videtur
685 2566 730 2597 ita
755 2576 866 2596 rnrrc.
922 2562 971 2595 lta
990 2558 1149 2594 Ezechiel
1175 2561 1275 2592 dicii:

295 2621 442 2664 Propter
461 2630 520 2652 vos
539 2615 749 2650 contumelia
767 2614 916 2648 afficitur
932 2611 1026 2646 Deus
1040 2611 1134 2645 inter
1151 2619 1277 2654 gentes.

880 56 1010 94 PHIL.
1034 55 1154 95 MEL.
1179 52 1392 93 SCRIPTA
1417 50 1716 91 ExEGE‘rch.

2236 53 2313 91 492

1320 138 1369 176 Et
1390 140 1435 174 de
1455 139 1538 174 filiis
1553 136 1614 174 Eli
1639 138 1771 174 dicitur
1795 137 1828 176 1.
1841 136 1931 183 Reg.
1947 139 1998 175 2.:
2025 137 2112 175 Erat
2129 147 2308 184 peccatum

1322 202 1513 237 puerorum
1535 191 1670 235 grande
1692 201 1811 225 coram
1833 189 2010 232 Domino,
2042 189 2124 235 quia
2147 188 2308 225 detrahe-

1322 243 1409 276 bant
1435 239 1598 276 bomines
1619 241 1789 276 sacrificio
1810 238 1971 276 Domini.
2023 238 2099 274 Has
2123 241 2310 275 sententias

1322 292 1607 333 meminerimus,
1631 298 1672 326 ut
1695 291 1887 336 cogitemus
1905 291 1943 324 in
1961 291 2112 335 singulis
2129 290 2247 335 pravis
2260 290 2313 323 fa-

1322 343 1388 377 ctis
1412 342 1576 376 accedere
1601 339 1668 375 boc
1688 349 1867 386 peccatum
1881 368 1891 384 ,
1919 343 2013 387 quod
2032 341 2186 376 laeditur
2202 339 2312 385 gloria

1322 392 1479 427 nominis
1500 390 1579 426 Dei.
1631 391 1813 426 Praeterea
1839 393 2104 426 meminerimus
2126 389 2189 425 has
2215 402 2313 424 seve-

1322 443 1479 477 rissimas
1503 442 1636 476 minas:
1665 441 1740 476 Vae
1758 442 1829 484 illi,
1858 454 1920 488 per
1937 455 2041 489 quem
2057 441 2154 477 venit
2168 442 2314 476 scanda-

1323 494 1412 530 lum.
1451 492 1547 527 Haec
1563 493 1656 527 dicta
1671 498 1844 527 testantur
1859 494 2063 537 gravissime
2076 492 2197 540 puniri
2214 503 2315 527 scan-

1325 545 1406 579 dala
1416 570 1425 587 ,
1453 543 1696 590 praesentibus
1710 549 1743 578 et
1756 543 1908 578 aeternis
1924 545 2058 589 poenis.

1713 635 1736 660 D
1745 641 1760 660 e
1795 642 1812 667 q
1819 641 1836 660 u
1844 634 1853 660 i
1860 641 1877 660 n
1885 636 1895 660 t
1902 640 1927 661 ο.

1595 683 1650 716 De
1671 683 1819 716 custodia
1841 682 2047 726 angelorum.

1424 741 1532 779 Extat
1552 741 1610 778 hic
1632 745 1863 790 perspicuum
1887 744 2151 786 testimonium,
2178 743 2316 778 additos

1323 806 1396 829 esse
1421 794 1583 830 custodes
1603 796 1745 839 angelos
1764 797 1844 841 piis.
1900 794 1970 829 Hic
1988 796 2201 839 colligantur
2217 795 2318 829 simi-

1324 846 1372 880 lia
1397 845 1618 887 testimonia‚
1653 853 1712 888 ut,
1743 859 1858 881 comes
1876 844 2007 880 Elisaei
2030 847 2126 880 videt
2149 857 2185 880 se
2209 846 2316 890 stipa-

1323 903 1398 931 tum
1422 907 1495 930 esse
1518 907 1646 939 magno
1671 898 1824 932 exercitu
1850 898 2073 941 angelorum.
2131 894 2178 931 Et
2199 896 2316 930 consi-

1325 948 1467 981 deretur
1490 944 1549 980 hic
1565 944 1750 980 antithesis
1765 948 1941 982 malorum
1960 955 1993 981 et
2010 948 2187 982 bonorum
2206 957 2316 990 ange—

1324 998 1455 1033 lorum.
1520 996 1629 1031 Malis
1659 998 1730 1031 duo
1759 998 1844 1031 vitia
1881 998 2068 1043 praecipua
2098 997 2316 1037 tribuuntur,

1326 1049 1422 1094 quod
1448 1047 1520 1081 sint
1543 1047 1748 1086 mendaces,
1779 1047 1976 1092 blasphemi
1999 1049 2167 1082 adversus
2191 1046 2318 1088 Deum,

1326 1105 1359 1132 et
1383 1096 1600 1137 homicidae,
1635 1104 1674 1132 ut
1699 1098 1736 1131 in
1762 1097 1931 1132 Paradiso
1959 1105 2138 1144 utrunque
2162 1098 2317 1132 ostendit

1326 1149 1501 1183 diabolus.
1529 1147 1674 1183 Excutit
1689 1148 1784 1181 enim
1798 1148 1893 1182 Evae
1909 1150 2114 1183 mandatum
2124 1147 2190 1182 Dei
2206 1149 2318 1182 offusa

1327 1199 1394 1233 alia
1411 1199 1603 1244 opinione,
1630 1196 1742 1233 Eritis
1757 1199 1844 1233 sicut
1863 1199 1931 1241 dii,
1957 1206 1990 1233 et
2007 1199 2111 1233 traxit
2129 1205 2242 1232 totum
2259 1209 2318 1242 ge·

1328 1262 1395 1284 nus
1412 1247 1608 1283 humanum
1627 1249 1664 1282 in
1687 1256 1865 1283 aeternam
1882 1256 2044 1285 mortem.
2088 1248 2184 1282 ldem
2203 1247 2318 1283 adhuc

1328 1307 1495 1337 conatur,
1519 1299 1670 1342 impellit
1689 1300 1780 1333 levia
1805 1300 1945 1342 ingenia
1973 1301 2016 1333 ad
2044 1300 2223 1344 epicureas
2240 1300 2319 1344 opi-

1327 1349 1471 1390 niones,
1497 1355 1558 1382 aut
1576 1348 1660 1381 alias
1674 1349 1778 1382 salsas
1797 1350 1984 1393 opiniones
2009 1350 2269 1394 amplectendas
2285 1356 2318 1384 et

1329 1399 1504 1432 serendas.
1539 1397 1699 1433 Conatur
1715 1399 1752 1432 in
1768 1406 1944 1433 aeternam
1963 1407 2111 1434 mortem
2135 1398 2317 1444 pertrahe-

1328 1461 1384 1490 re,
1411 1456 1586 1495 quotquot
1599 1456 1723 1493 potest,
1751 1462 1851 1484 causa
1871 1457 1920 1484 est
1940 1451 2035 1483 necis
2053 1451 2257 1495 corporalis,
2284 1457 2318 1485 et

1329 1500 1564 1544 plurimarum
1588 1500 1824 1534 calamitatum
1857 1498 2082 1541 hominibus,
2111 1508 2151 1534 ut
2175 1513 2238 1545 per
2261 1512 2318 1534 eas

1330 1547 1510 1594 pertrahat
1535 1550 1771 1593 languefactos
1797 1551 1931 1584 animos
1957 1551 1999 1584 ad
2027 1551 2319 1594 desperationem,

1330 1608 1364 1634 et
1388 1607 1565 1634 aeternam
1596 1607 1764 1639 mortem,
1800 1601 1951 1645 impellit
1983 1601 2110 1645 impios
2133 1602 2175 1635 ad
2202 1603 2319 1636 omnis

1330 1650 1467 1694 generis
1483 1651 1627 1694 flagitia,
1652 1651 1830 1691 libidines,
1858 1658 1890 1685 et
1906 1652 2027 1685 caedes
2044 1652 2202 1693 iniustas,
2230 1653 2320 1687 sicut

1331 1699 1476 1735 historia
1491 1701 1597 1735 totius
1615 1701 1739 1734 mundi
1758 1702 1918 1735 omnium
1936 1709 2134 1746 temporum
2152 1704 2318 1747 ostendit,

1331 1763 1420 1797 quae
1437 1761 1689 1786 commemorat
1705 1750 1890 1786 horribilia
1906 1752 2051 1796 flagitia,
2069 1753 2198 1788 iniusta
2215 1754 2319 1790 bella.

1332 1802 1513 1836 Adversus
1538 1799 1620 1836 haec
1640 1809 1734 1836 tanta
1757 1803 1846 1837 mala
1864 1804 1935 1837 dux
1954 1810 2002 1837 est
2023 1804 2126 1837 nobis
2149 1803 2319 1839 liberator

1332 1853 1425 1886 filius
1457 1853 1524 1886 Dei
1551 1851 1747 1893 Emanuel,
1781 1854 1841 1899 qui
1866 1855 2015 1888 destruit
2041 1866 2146 1898 opera
2172 1855 2319 1897 diaboli,

1332 1910 1365 1937 et
1383 1903 1490 1937 mittit
1508 1903 1574 1947 piis
1592 1903 1705 1937 bonos
1722 1905 1879 1948 angelos,
1903 1905 1945 1938 ad
1965 1904 2208 1949 impediendos
2226 1907 2318 1940 mul-

1331 1960 1384 1987 tos
1403 1960 1548 1987 conatus
1566 1954 1751 1988 malorum.

1729 2045 1774 2069 De
1805 2048 1915 2071 sexto.

1433 2094 1629 2139 Diligenter
1646 2094 1704 2130 hie
1720 2097 1980 2132 observandum
1998 2103 2048 2131 est
2065 2099 2319 2145 testimonium,

1332 2148 1425 2191 quod
1452 2147 1603 2181 infantes
1627 2148 1749 2182 inserti
1777 2146 1955 2182 Ecclesiae
1979 2149 2137 2193 placeant
2161 2148 2255 2193 Deo,
2286 2158 2320 2186 et

1331 2198 1401 2232 sint
1430 2195 1595 2231 haeredes
1628 2199 1719 2232 vitae
1753 2206 1927 2234 aeternae.
1982 2198 2033 2233 De
2063 2201 2193 2235 talibus
2221 2203 2315 2236 enim

1333 2249 1424 2282 clare
1447 2249 1591 2282 dicitur:
1621 2248 1700 2283 Non
1727 2257 1777 2284 est
1804 2251 1967 2285 voluntas
1990 2252 2115 2294 patris,
2141 2259 2178 2286 ut
2204 2261 2320 2297 pereat

1332 2311 1424 2333 unus
1441 2300 1483 2333 de
1502 2300 1658 2344 parvulis
1676 2301 1761 2335 istis.

1348 2409 1634 2465 Evangelium
1667 2410 1708 2450 in
1740 2409 1806 2449 die
1839 2411 2013 2450 omnium
2047 2409 2307 2462 Sanctorum,

1731 2481 1856 2518 Manli.
1877 2483 1911 2518 5.

1387 2557 1528 2593 Videas
1555 2557 1658 2593 Iesus
1683 2558 1810 2593 turbas
1838 2558 2001 2595 ascendi!
2026 2562 2063 2595 in
2087 2566 2258 2602 monum,
2286 2568 2315 2596 el

1436 2622 1512 2643 cum
1539 2607 1705 2646 sedisset.
1733 2617 1956 2645 accesserunt
1980 2610 2034 2645 ad
2049 2623 2126 2645 eum
2143 2610 2320 2660 discipuli
