2409 2915
180 108 206 142 5
606 102 652 136 X.
704 99 1006 136 EXPLICATlO
1036 100 1445 142 PROVERBIORUM
1473 107 1773 147 SALOMONlS.
2177 121 2198 153 6

183 191 267 225 citat
289 189 398 224 multa
428 191 626 231 praecepta,
661 185 875 229 pertinentia
906 188 950 220 ad
973 189 1160 222 secundam

1214 189 1362 231 Messia,
1390 204 1478 236 quae
1503 194 1538 226 in
1558 194 1706 228 Psalmis
1733 203 1766 230 et
1786 196 1970 242 Prophetis
1989 202 2096 244 magis
2120 216 2196 247 per-

180 241 336 276 tabulam
361 236 536 280 Decalogi.
589 235 758 270 Salomon
783 248 865 270 vero
889 239 932 271 de
955 250 1034 271 vera
1061 239 1160 282 agni-
1184 245 1186 268 'r
1213 241 1330 284 spicue
1346 243 1472 275 tradita
1493 252 1552 279 est.
1594 245 1820 288 Significatur
1834 256 1949 282 tamen
1971 248 2026 284 hic
2044 265 2196 299 quoque,

180 292 277 326 tione
295 298 329 325 et
343 287 564 322 invocatione
580 285 664 325 Dei,
690 293 723 320 et
746 288 789 320 de
807 289 950 321 caeteris
970 289 1160 324 virtutibus

180 343 223 377 ad
248 343 394 387 primam
418 337 575 371 tabulam
602 337 861 381 pertinentibus
894 350 994 383 saepe
1018 340 1158 373 concio-

179 400 299 431 natur,
338 395 394 422 ut:
451 387 597 421 Initium
633 388 827 431 sapientiae
861 388 968 423 timor
1001 389 1158 424 Domini.

179 443 279 475 ltem:
305 438 451 473 Confide
467 437 624 472 Domino
642 439 677 471 in
693 445 767 472 toto
789 440 894 472 corde
921 447 1001 481 tuo,
1027 449 1059 474 et
1084 453 1156 475 non

175 490 327 524 innitare
343 489 533 532 sapientiae
557 495 655 528 tuae,
682 489 718 521 in
737 490 901 523 omnibus
921 491 987 524 viis
1012 492 1080 525 tuis
1098 504 1155 525 co-

177 541 248 585 gita
269 541 368 574 illum
384 565 392 578 ‚
421 547 453 573 et
469 541 536 584 ipsi
553 540 679 582 diriget
695 550 831 582 gressus
845 547 933 575 tuos,
971 542 1023 575 De
1039 554 1154 575 cruce:

176 591 292 634 Quem
311 591 427 634 diligit
444 590 618 624 Dominus
639 590 801 633 castigat,
825 603 869 623 ne
886 592 1024 625 deficias
1042 594 1085 625 ab
1102 604 1153 626 eo.

172 639 220 676 Et
249 643 292 675 de
318 641 428 676 salute
453 648 533 686 post
556 638 646 674 hanc
669 641 794 675 vitam:
830 641 957 686 Sperat
983 643 1092 677 iustus
1116 644 1151 676 in

171 700 285 727 morte
300 704 371 726 sua.

275 743 433 777 Iulianus
456 743 649 788 imperator
671 745 835 788 opposuit
857 744 1039 778 Salomoni
1057 741 1150 777 Pho-

171 795 339 840 cylidem,
373 807 452 827 cum
474 795 647 838 disputat,
680 793 794 828 nihilo
818 796 987 829 maiorem
1014 794 1150 838 sapien-

169 846 255 880 tiam
292 846 382 879 tradi
419 846 456 877 in
492 845 593 879 libris
626 843 839 890 propheticis
873 854 904 879 et
939 845 1149 890 apostolicis,

170 908 275 941 quam
294 896 407 941 qualis
431 897 522 939 apud
540 894 713 930 Ethnicos
732 897 915 940 reperitur.
968 895 1012 930 Et
1031 895 1145 940 Cyrit-

170 947 225 980 lus
246 947 401 980 refutans
430 945 627 987 lulianum,
654 954 790 981 tantum
816 958 856 979 eo
881 948 1028 980 antefert
1045 946 1148 980 Salo-

169 1009 327 1038 monem,
369 998 464 1042 quod
500 1004 610 1032 aetate
650 998 873 1030 antecesserit
908 996 1146 1043 Phocylidem.

168 1046 257 1081 Nam
275 1046 503 1093 Phocylides,
530 1049 590 1093 qui
615 1049 681 1081 fuit
705 1047 880 1087 Milesius,
910 1055 941 1081 et
957 1046 1147 1089 Theognis,

168 1099 228 1144 qui
246 1099 312 1132 fuit
329 1099 567 1142 megarensis,
596 1098 677 1142 Cyri
695 1105 727 1131 et
746 1096 904 1132 Thaletis
921 1105 1030 1131 aetate
1050 1099 1145 1131 vixe-

165 1156 262 1185 runt.
315 1149 383 1184 Sed
409 1147 492 1180 haec
515 1148 661 1192 puerilis
685 1150 864 1191 responsio
890 1161 963 1182 non
980 1149 1146 1182 satisfacit

163 1199 401 1243 magnitudini
423 1196 527 1231 huius
543 1198 800 1242 disputationis.
836 1198 1034 1233 Dicendum
1051 1200 1142 1232 enim

165 1252 279 1282 fuerat
302 1251 344 1282 de
369 1249 459 1282 veris
478 1249 635 1282 fontibus
657 1249 916 1292 doctrinarum,
944 1251 1047 1284 aliam
1072 1263 1144 1284 esse

163 1299 359 1332 doctrinam
376 1298 497 1341 Legis,
524 1300 628 1333 aliam
648 1298 844 1344 Evangelii.
887 1301 930 1336 Et
949 1304 1143 1335 conceden-

162 1350 247 1383 dum
272 1350 404 1390 fuerat,
436 1347 664 1396 Phocylidem
687 1354 833 1386 recitare
855 1353 984 1386 bonam
1010 1360 1142 1396 partem

162 1400 265 1444 legis,
293 1402 351 1434 sed
376 1408 493 1436 tamen
509 1402 612 1435 aliam
629 1403 807 1447 propriam
819 1402 994 1437 Ecclesiae
1012 1405 1143 1438 doctri·

161 1462 244 1485 nam
263 1463 353 1493 esse,
381 1453 511 1486 scilicet
536 1454 579 1486 de
597 1454 826 1497 patefactione
844 1454 925 1493 Dei,
953 1455 1041 1489 facta
1060 1455 1142 1488 illu-

161 1502 293 1536 stribus
313 1503 541 1544 testimoniis,
568 1505 610 1537 de
635 1505 737 1537 editis
762 1506 1074 1548 promissionibus,
1100 1507 1142 1539 de

160 1551 364 1596 Evangelio,
390 1555 629 1588 annunciante
649 1555 889 1588 remissionem
909 1564 1141 1600 peccatorum,

160 1610 194 1638 et
216 1604 385 1638 offerente
409 1612 586 1639 aeternam
609 1605 716 1639 vitam
750 1613 893 1650 propter
917 1607 1067 1648 Filium,
1101 1609 1142 1640 de

159 1656 400 1689 consolatione
418 1656 454 1688 in
473 1668 583 1690 cruce.
631 1656 684 1689 De
701 1654 755 1689 his
770 1658 917 1690 summis
934 1659 1038 1690 rebus
1055 1659 1141 1691 muti

158 1702 289 1735 ethnici
314 1706 512 1746 scriptores.
564 1705 604 1738 Id
627 1706 816 1739 discrimen
840 1718 976 1750 semper
998 1708 1035 1739 in
1057 1720 1141 1740 con—

158 1759 279 1793 spectu
297 1764 369 1784 esse
387 1758 541 1795 oportet,
566 1758 606 1785 ut
620 1756 788 1793 sciamus,
816 1765 903 1797 quae
919 1757 961 1786 sit
983 1754 1141 1787 doctrina

155 1800 333 1835 Ecclesiae
353 1802 507 1846 propria.

259 1851 299 1885 ln
324 1852 540 1897 praefatione
565 1859 598 1885 et
621 1850 688 1886 hoc
712 1854 913 1886 addendum
937 1860 1005 1887 est:
1050 1855 1139 1888 Cum

156 1901 213 1936 hic
229 1903 320 1936 liber
345 1903 381 1936 in
400 1915 480 1936 vera
498 1901 653 1936 Ecclesia
672 1902 737 1936 Dei
762 1904 911 1947 scriptus
929 1905 991 1942 sit,
1018 1905 1055 1937 in
1073 1917 1140 1950 qua

155 1961 240 1987 nota
267 1961 337 1987 erat
355 1954 540 1997 promissio
565 1955 607 1987 de
624 1953 771 1994 Messia,
800 1955 1035 1998 intelligamus
1059 1968 1137 1988 eum

155 2012 188 2039 et
206 2001 272 2038 hoc
290 2005 397 2044 velle,
425 2012 461 2038 ut
478 2005 675 2049 praeluceat
691 2005 793 2042 fides,
814 2005 954 2039 intuens
972 2005 1137 2039 Messiam

154 2056 191 2089 in
216 2067 281 2089 usu
307 2056 465 2089 omnium
485 2056 758 2095 sententiarum,
786 2056 859 2089 sive
872 2057 914 2089 de
931 2057 999 2089 fide
1015 2057 1138 2102 loqua-

151 2113 210 2140 tur
228 2106 300 2139 sive
319 2108 361 2138 de
378 2106 562 2151 operibuS‚
587 2113 626 2139 nt
645 2119 723 2139 cum
741 2107 825 2140 dicit
840 2107 951 2151 capite
966 2107 1016 2142 3.:
1045 2108 1137 2141 (Jon-

153 2157 221 2189 fide
256 2157 416 2190 Domino
446 2164 519 2190 toto
551 2158 655 2190 corde
688 2164 767 2197 tuo,
791 2157 966 2200 intellige,
995 2166 1137 2202 propter

153 2206 408 2245 Mediatorem‚
436 2208 525 2241 sicut
547 2215 646 2241 antea
672 2207 784 2241 David
811 2209 991 2242 docuerat:
1021 2207 1133 2241 Oscu-

151 2257 275 2290 lamini
288 2257 430 2296 Filium,
459 2257 557 2291 Beati
577 2270 697 2291 omnes
713 2259 773 2304 qui
791 2259 972 2293 confidunt
990 2260 1025 2292 in
1045 2272 1134 2295 eum.

150 2307 320 2352 Expresse
343 2309 437 2341 enim
463 2308 558 2342 iubet
583 2307 750 2341 Salomon
777 2310 972 2343 doctrinam
1005 2310 1041 2343 in
1067 2308 1133 2344 hoc

152 2359 283 2403 populo
309 2371 325 2391 a
364 2358 439 2393 Deo
471 2360 654 2395 traditam,
691 2360 862 2403 amplecti.
922 2359 966 2393 Et
1002 2361 1062 2394 ubi
1098 2362 1133 2394 fit

149 2410 282 2443 mentio
313 2410 411 2448 fidei,
454 2421 592 2443 necesse
623 2417 672 2443 est
705 2411 833 2443 intueri
871 2412 1132 2454 promissione&

152 2459 210 2494 Sic
235 2473 313 2494 cum
341 2461 383 2494 de
413 2461 576 2504 coniugio
607 2461 707 2493 dicit:
743 2461 890 2494 Laetare
921 2473 999 2494 cum
1023 2474 1131 2496 uxore

150 2511 404 2545 adolescentiae
439 2519 537 2549 tuae,
579 2512 753 2555 intellige,
797 2512 1018 2555 praelucente
1053 2514 1132 2554 fide,

151 2568 284 2596 statuas
303 2563 346 2596 de
363 2570 505 2607 propter
514 2561 749 2596 Mediatorem
759 2562 834 2595 Deo
850 2570 1029 2606 acceptum
1048 2576 1131 2604 esse,

150 2620 182 2647 et
198 2620 341 2657 propter
359 2625 436 2647 eum
454 2614 590 2661 placere
609 2613 638 2646 ei
655 2625 758 2658 opera
770 2614 941 2646 divinitus
959 2614 1131 2650 ordinata.

151 2663 207 2697 Sic
236 2665 366 2709 ubique
399 2664 505 2698 simul
539 2664 799 2709 complectenda
832 2672 881 2698 est
903 2666 1061 2700 doctrina
1087 2668 1129 2700 de
1152 2678 1155 2703 ι
1183 2678 1346 2711 poenam.

1212 291 1293 335 quia
1312 290 1351 325 fit
1367 293 1499 327 mentio
1517 296 1707 338 sapientiae
1725 297 1789 331 Dei
1807 299 2051 335 concionantis
2077 304 2112 336 in
2137 316 2196 347 ge-

1212 353 1295 374 nere
1320 340 1495 382 humano,
1531 357 1619 389 quae
1644 353 1694 379 est
1718 346 1830 382 Filius
1856 351 1980 384 missus
2006 354 2047 385 ad
2072 352 2194 388 Eccle-

1212 392 1310 426 siam.
1363 392 1407 426 Εἰ
1433 394 1532 428 iubet
1550 394 1720 429 Salomon
1744 401 1903 441 cognosci
1934 403 2132 437 doctrinam
2156 407 2192 439 in

1211 439 1276 476 hoc
1294 444 1424 486 populo
1444 446 1606 479 traditam
1635 458 1652 479 a
1680 446 1763 481 Deo,
1820 449 1904 483 [tem
1930 465 2007 485 cum
2035 455 2071 487 fit
2094 468 2191 489 inen-

1209 493 1276 531 tio,
1304 500 1337 527 et
1364 494 1453 528 vitae
1473 503 1650 534 aeternae,
1686 498 1815 531 intueri
1848 503 2097 544 promissiones
2129 519 2190 539 ne-

1209 555 1300 577 cesse
1317 551 1377 578 est.

1605 687 1741 741 Caput
1772 690 1804 730 Ι.

1520 759 1881 804 Propositio.

1307 822 1514 858 Sententiae
1541 823 1776 869 Salomonis,
1807 826 1888 873 filii
1910 828 2057 874 David,
2094 836 2188 881 regis

1204 872 1347 913 Israel,
1365 875 1521 922 scriptae
1533 905 1541 918 ‚
1562 881 1599 909 ut
1616 874 1702 911 hinc
1722 878 1844 913 discas
1861 882 2103 927 sapientiam,
2130 885 2188 919 di-

1203 924 1422 972 sciplinam,
1441 925 1713 973 ¹¹valdentiam,
1741 934 1771 962 et
1791 930 1953 977 accipias
1977 933 2187 981 intelligen-

1202 976 1313 1015 tiam,
1342 975 1548 1019 iusticiam,
1575 977 1751 1013 iudicium
1769 986 1799 1014 et
1818 981 2076 1026 rectitudinem,
2102 992 2185 1021 etat

1203 1025 1306 1060 detur
1330 1026 1489 1061 incautis
1521 1029 1804 1076 circumspectio,
1840 1036 1869 1065 ct
1896 1031 2185 1071 adolescentibus

1200 1077 1352 1111 scientia
1371 1083 1401 1111 et
1420 1077 1675 1117 consideratio.

1551 1164 1826 1200 Admonitio.
1871 1184 1875 1185 ⁷

1302 1228 1433 1264 Audiet
1459 1231 1605 1278 sapiens
1636 1236 1666 1265 et
1695 1230 1875 1279 prcficiet,
1911 1240 1941 1267 et
1972 1235 2182 1283 intelligens

1196 1278 1397 1326 possidebit
1414 1281 1588 1321 consilia,
1618 1287 1647 1315 et
1666 1282 1844 1329 intelliget
1861 1286 2059 1320 sententias
2076 1293 2107 1321 et
2126 1289 2182 1322 in-

1197 1331 1487 1377 terpretationem
1505 1337 1535 1366 et
1550 1345 1729 1367 sermones
1746 1334 1971 1382 sapientum,
2000 1342 2031 1370 et
2054 1339 2181 1385 aenig-

1198 1387 1301 1416 mata
1319 1394 1452 1419 eorum.

1427 1469 1621 1503 Primum
1651 1479 1948 1515 praeceptum.

1248 1533 1379 1568 Timor
1409 1534 1573 1569 Domini
1594 1535 1741 1569 initium
1766 1537 1978 1583 sapientiae.
2022 1538 2180 1589 Sapien-

1297 1585 1388 1619 tiam
1408 1591 1438 1620 et
1459 1584 1698 1634 disciplinam
1714 1586 1823 1621 stulti
1838 1589 2049 1636 despiciunt.

1299 1652 1500 1697 Propositio
1519 1655 1699 1699 perspicua
1719 1661 1782 1694 est,
1810 1655 1847 1687 in
1867 1668 1935 1700 qua
1955 1657 2021 1696 ait,
2050 1669 2085 1690 se
2104 1660 2176 1692 col-

1197 1703 1319 1742 legisse
1337 1702 1397 1732 has
1415 1703 1621 1741 sententias,
1649 1714 1793 1745 magnae
1811 1705 1972 1737 utilitatis
1991 1718 2107 1745 causa,
2138 1718 2175 1744 ut

1196 1750 1355 1783 rudiores
1371 1757 1404 1783 et
1420 1751 1575 1784 iuniores
1597 1753 1885 1792 commonefiant,
1913 1756 2114 1799 doceantur,
2144 1768 2176 1794 et

1196 1801 1239 1832 ad
1258 1801 1475 1843 diligentiam
1496 1802 1681 1835 flectantur
1696 1803 1731 1835 in
1748 1804 2003 1845 gubernatione
2022 1820 2173 1854 morum,

1195 1861 1275 1893 erga
1305 1850 1417 1884 Deum
1444 1859 1475 1885 et
1503 1863 1581 1895 erga
1600 1850 1770 1887 homines.
1825 1852 1897 1887 Has
1921 1856 2088 1891 utilitates
2114 1862 2173 1893 de-

1194 1901 1315 1934 scribit
1337 1902 1456 1935 multis
1478 1903 1613 1941 verbis,
1639 1915 1790 1948 quorum
1815 1907 1976 1949 propriae
2001 1908 2173 1951 significa-

1193 1951 1305 1985 tiones
1326 1953 1606 1988 considerentur.

1293 2000 1489 2048 Sapientia
1519 2004 1689 2048 significat
1724 2006 1939 2049 agnitionem
1974 2008 2059 2049 Dei,
2094 2024 2170 2045 cum

1192 2065 1258 2098 qua
1279 2054 1397 2088 lucent
1413 2055 1448 2087 in
1467 2056 1571 2088 corde
1588 2067 1690 2089 verus
1707 2057 1812 2090 timor
1830 2064 1863 2091 et
1879 2070 1958 2091 vera
1979 2060 2070 2094 fides.

1288 2102 1505 2151 Disciplina
1525 2117 1584 2139 seu
1605 2107 1755 2140 eruditio
1778 2109 1986 2150 generaliter
2005 2118 2052 2144 est
2072 2125 2169 2155 prae-

1191 2162 1326 2200 paratio
1344 2168 1402 2189 seu
1424 2157 1609 2190 institutio.

1292 2204 1495 2240 Prudentia
1513 2207 1682 2251 significat
1705 2209 1992 2251 gubernationem
2019 2226 2167 2247 morum.

1291 2255 1569 2304 Intelligentia,
1613 2259 1921 2300 ‹liii-idicationem,
1954 2263 2015 2295 ubi
2048 2265 2167 2298 multis

1188 2309 1433 2353 probabilibus
1458 2309 1665 2353 propositis,
1700 2310 1852 2345 difficilis
1875 2318 1923 2344 est
1951 2313 2092 2357 electio,
2129 2323 2166 2349 ut

1187 2372 1265 2393 cum
1284 2358 1480 2393 Hieremias
1501 2361 1623 2393 suadet
1641 2360 1856 2394 deditionem
1878 2369 1997 2395 contra
2014 2365 2164 2399 aliorum

1186 2411 1403 2455 opinionem.
1433 2408 1619 2444 Zacharias
1637 2411 1757 2444 suadet
1772 2412 1986 2445 tolerandam
2007 2426 2078 2448 esse
2093 2427 2164 2449 ser-

1185 2462 1349 2499 vitutem,
1378 2474 1450 2494 non
1469 2463 1677 2494 movendam
1696 2473 1768 2494 esse
1784 2462 2003 2497 seditionem.

1286 2510 1444 2545 Iusticia
1462 2512 1632 2555 significat
1656 2513 1900 2546 universaliter
1917 2514 2163 2557 obedientiam,

1184 2564 1278 2598 iuxta
1296 2563 1414 2596 omnia
1431 2569 1628 2607 praecepta.

1287 2611 1472 2647 Iudicium
1513 2614 1783 2653 accusationem,
1833 2614 2092 2657 castigationem
2130 2626 2162 2651 et

1631 2710 1682 2746 1.
