2409 2915
249 85 321 122 835

257 172 360 216 spitia
384 177 416 204 et
436 169 579 203 victum.

258 230 309 256 est
327 224 361 254 in
378 220 533 259 mundo,
560 217 667 252 habet
690 215 904 261 hospitium,
932 217 1027 261 quod
1044 216 1140 251 Deus
1162 229 1247 261 pro-

258 273 359 315 tegit,
385 277 417 304 et
431 282 505 304 non
522 267 626 303 habet
646 266 838 302 humanam
855 267 1110 303 defensionem.
1161 267 1245 301 Ideo

258 323 386 356 dicitur
403 322 440 354 in
456 319 577 355 Esaia:
606 319 707 353 Dabo
732 319 833 352 vobis
857 319 1038 352 doctorem
1063 326 1095 352 et
1119 330 1244 364 panem

257 380 290 407 et
306 385 432 419 aquam
443 399 452 413 ,
479 384 558 406 cum
574 370 816 405 tribulatione.

359 422 428 456 Hic
446 422 551 455 simul
569 421 743 466 promittit
760 420 1062 454 conservationem
1084 420 1246 453 ministe-

256 474 320 515 rii,
356 481 389 508 et
414 472 609 511 Ecclesiae,
643 479 675 505 et
697 469 869 515 hospitia,
903 471 962 504 sed
992 483 1070 504 cum
1096 470 1246 504 tribula-

258 525 375 565 tione,
403 525 439 557 id
465 530 532 562 est,
558 522 730 567 promittit
755 521 1013 562 defensionem,
1049 533 1154 567 quam
1175 521 1246 564 ipse

258 576 408 616 tribuet,
445 574 581 607 etiamsi
606 584 702 616 reges
732 580 766 607 et
787 571 964 617 principes
994 579 1247 617 persequentur

255 625 458 660 Ecclesiam.

639 166 739 200 Talis
762 172 813 200 est
833 165 1010 206 Ecclesia,
1041 166 1246 211 ubicunque

308 725 400 761 Sitis
421 722 615 773 prudentes
631 722 724 758 sicut
746 728 942 770 serpentes,
970 728 1000 757 et
1014 722 1196 770 simplices

598 774 690 808 sicut
709 772 906 809 columbae.

360 852 428 886 Hic
445 851 570 896 incipit
587 852 748 885 doctrina
768 852 812 885 de
838 851 1089 895 persecutione.
1143 851 1248 885 Prius

259 904 356 938 dedit
373 904 539 938 mandata
562 913 742 947 expressa,
768 902 864 936 misit
882 914 957 943 eos,
985 902 1086 935 iussit
1110 903 1247 942 docere,

260 962 293 989 et
310 955 418 993 dixit,
454 954 539 999 quid
563 954 714 986 debeant
737 953 882 993 docere,
923 953 1053 987 scilieet
1084 950 1248 997 Evange-

259 1007 366 1044 lium,
394 1011 427 1038 et
444 1005 533 1038 dixit
556 1015 614 1037 eos
632 1001 818 1037 habituros
840 1015 912 1037 esse
937 1003 1103 1037 viaticum
1127 1011 1161 1038 et
1186 1005 1247 1037 de-

260 1057 476 1095 fensionem,
503 1054 728 1088 etiamsinon
749 1052 904 1088 habeant
928 1066 985 1087 aes
1009 1055 1046 1087 in
1069 1055 1186 1093 zonis,
1215 1062 1248 1089 et

258 1119 331 1141 non
348 1104 502 1140 habeant
518 1117 615 1138 arma
631 1111 662 1138 et
685 1105 859 1149 praesidia
875 1111 909 1139 et
927 1105 1109 1139 exercitus.
1145 1105 1248 1140 Nunc

258 1158 418 1204 sequitur
435 1167 592 1201 expressa
611 1156 802 1199 praedictio
821 1157 864 1189 de
881 1154 1053 1191 hostibus,

360 1206 444 1241 Ideo
461 1214 576 1241 autem
597 1218 685 1251 opus
700 1213 750 1240 est
766 1207 989 1251 praemoneri
1004 1219 1069 1240 nos
1091 1207 1128 1240 in
1155 1219 1247 1239 novo

259 1258 488 1293 Testamento
503 1259 546 1291 de
561 1255 741 1299 hostibus,
765 1264 798 1291 et
821 1258 864 1291 de
889 1259 995 1291 modo
1020 1257 1248 1295 defensionis,

261 1310 344 1355 quia
359 1316 545 1355 postquam
564 1307 638 1342 Lex
662 1315 713 1342 est
729 1310 827 1348 data,
855 1314 889 1342 et
911 1308 1101 1342 constituta
1125 1308 1248 1353 politia

259 1360 390 1400 Moisi,
430 1359 534 1393 scivit
559 1359 712 1403 populus
741 1371 776 1392 se
810 1356 940 1392 habere
972 1366 1102 1393 certam
1131 1359 1248 1392 sedem

262 1411 385 1455 regui,
426 1416 460 1444 et
489 1409 690 1443 defensores
720 1410 824 1443 duces
854 1415 887 1442 et
910 1421 1026 1453 reges,
1067 1416 1106 1443 ut
1138 1408 1251 1448 Iosue,

262 1461 430 1499 Gedeon,
483 1459 701 1501 Samuelem,
749 1458 943 1501 Davidem,
992 1458 1176 1504 losaphat,
1217 1466 1249 1493 et

261 1524 400 1558 semper
418 1511 582 1555 deinceps
601 1511 740 1555 aliquos
759 1511 864 1552 tales,
891 1517 924 1544 et
949 1509 1150 1545 habuerunt
1175 1523 1249 1544 eer-

261 1570 336 1598 tum
353 1573 512 1605 regnum.

363 1612 461 1656 Quid
484 1618 599 1646 autem
621 1612 736 1645 simile
761 1618 811 1645 est
835 1612 873 1645 iu
888 1610 1071 1645 Ecclesia?
1096 1611 1176 1645 Non
1201 1618 1252 1645 est

263 1672 356 1698 certa
373 1664 490 1703 sedes,
516 1675 589 1697 nou
607 1669 739 1696 certum
758 1673 924 1706 regnum,
952 1663 1051 1696 nulla
1076 1670 1168 1697 certa
1191 1664 1250 1696 de-

263 1715 387 1749 fensio.
441 1713 525 1747 ldeo
543 1725 682 1747 necesse
707 1721 756 1749 est
773 1711 963 1758 Apostolos
986 1720 1018 1747 et
1042 1725 1108 1747 nos
1130 1725 1253 1748 omnes

262 1765 504 1810 praemoneri,
539 1764 741 1809 praesertim
771 1776 851 1798 cum
883 1763 1048 1810 Apostoli
1081 1763 1252 1798 haberent

264 1816 354 1851 hanc
383 1815 612 1861 opinionem,
651 1816 746 1861 quod
772 1814 920 1849 Messias
947 1823 1033 1850 esset
1066 1813 1252 1851 habiturus

263 1870 484 1903 mundanum
504 1878 663 1911 regnum.

368 1917 529 1951 Primum
546 1924 662 1951 autem
681 1917 780 1961 ponit
797 1917 959 1950 mirabile
976 1917 1121 1951 dictum.

294 2018 420 2053 Estote
441 2016 637 2065 prudentes
661 2017 754 2051 sicut
772 2022 969 2064 serpentes,
997 2022 1027 2051 et
1045 2016 1228 2064 simplices

605 2069 697 2103 sicut
713 2067 909 2103 columbae.

367 2146 420 2181 De
442 2147 616 2181 columbis
633 2147 770 2180 facilius
787 2154 834 2181 est
848 2147 1041 2188 intelligere
1056 2147 1140 2188 quid
1161 2146 1254 2180 velit.

266 2197 463 2233 Columbae
488 2205 569 2231 sunt
588 2198 662 2231 sine
681 2198 780 2237 fene,
808 2198 909 2241 bohen
937 2198 1019 2232 rcine
1049 2197 1186 2239 &uilem
1217 2198 1250 2231 id

267 2257 315 2283 est
328 2277 336 2289 ,
363 2262 434 2282 non
452 2247 585 2283 habent
610 2249 679 2282 iras
697 2255 729 2282 et
746 2249 846 2289 odia,
875 2256 907 2282 et
925 2249 1152 2291 cupiditatem
1173 2249 1252 2281 vin·

267 2302 391 2335 dietae.
458 2299 516 2334 Sic
549 2311 612 2333 nos
636 2300 805 2333 dehemus
836 2311 908 2333 esse
933 2299 1008 2332 sine
1032 2301 1166 2343 privata
1192 2301 1253 2339 ira,

270 2352 344 2385 sine
361 2351 452 2383 odiis
464 2378 471 2390 ,
496 2351 570 2384 siue
585 2351 775 2395 cupiditate
794 2350 980 2384 vindictae..

836 80 962 116 PHlL.
990 78 1106 116 MEL.
1132 80 1340 116 SCRIPTA
1366 80 1669 118 EXEGETICA.

2204 83 2280 118 856

1399 165 1458 201 Sic
1487 179 1552 202 nos
1582 168 1736 202 vidimus
1757 165 2040 201 Carolostadium
2066 177 2206 202 movere
2229 174 2287 202 tu-

1296 218 1429 252 multus
1445 218 1528 252 odio
1547 216 1697 253 Lutheri
1715 226 1778 254 etc.
1831 215 1876 252 Et
1901 217 2014 252 multa
2036 215 2105 251 hoc
2129 224 2286 262 tempore

1296 268 1387 302 fiunt
1403 267 1499 304 talia.

1398 317 1493 352 Haec
1509 317 1756 363 prohibentur,
1783 331 1863 354 cum
1879 319 1941 353 ait:
1970 316 2093 353 Estote
2110 318 2286 363 simplices

1297 369 1387 404 sicut
1408 370 1609 411 columbae,
1635 371 1671 404 id
1694 378 1762 409 est,
1795 371 1872 404 sine
1897 369 2044 414 privatis
2066 369 2178 409 odiis,
2212 369 2288 402 sine

1298 420 1495 454 invidentia
1506 447 1515 461 ,
1538 421 1614 454 sine
1631 421 1823 466 cupiditate
1838 421 2023 456 vindictae.

1399 470 1491 505 Sunt
1507 478 1541 505 et
1556 471 1645 504 aliae
1663 473 1893 516 proprietates
1908 473 2022 506 bonae
2033 471 2290 511 columbarum,

1298 534 1386 567 quae
1411 519 1480 556 huc
1505 530 1716 566 congruunt.
1779 521 1972 557 Columbae
2001 534 2103 566 saepe
2135 521 2290 566 pariunt,

1297 579 1332 606 et
1349 573 1537 616 diligenter
1554 574 1674 607 fovent
1688 573 1825 619 pullos,
1850 580 1883 607 et
1900 586 1974 607 non
1995 579 2129 607 norunt
2152 572 2290 606 adulte-

1298 623 1368 662 ria,
1393 631 1428 658 et
1446 635 1519 657 non
1534 624 1718 657 discedunt
1735 636 1775 657 ex
1791 624 1862 658 suis
1877 624 1973 659 locis.

1402 673 1502 707 Talis
1524 681 1574 708 est
1595 676 1710 708 bonus
1744 673 1991 715 concionator,
2023 675 2153 708 multos
2177 674 2290 708 docet.

1298 723 1379 758 Non
1403 726 1503 758 docet
1523 726 1758 759 adulterinam
1780 725 1989 759 doctrinam.
2044 724 2125 759 Non
2146 731 2290 767 vagatur

1300 787 1361 819 per
1378 775 1491 809 varias
1509 783 1637 817 sectas,
1666 783 1730 811 etc.

1427 904 1431 908 .
1465 857 1595 892 Estote
1611 857 1806 906 prudentes
1826 860 1917 892 sicut
1933 863 2124 905 serpentes.

1400 926 1540 962 Dicitur
1563 925 1648 961 haec
1671 935 1796 962 natura
1823 939 1896 961 esse
1919 927 2112 971 serpentis,
2145 929 2289 973 quando

1299 985 1433 1023 pugnat
1456 990 1534 1012 cum
1553 979 1630 1012 aliis
1647 979 1888 1023 serpentibus,
1925 979 1979 1012 vel
2003 975 2181 1017 hostibus,
2209 985 2293 1012 tunc

1300 1029 1485 1074 praecipue
1500 1029 1637 1063 laborat
1651 1030 1787 1063 viribus
1803 1029 1946 1073 capitis,
1974 1031 2032 1063 sed
2057 1041 2101 1063 ne
2120 1030 2293 1067 laedatur,

1300 1081 1489 1124 diligenter
1515 1087 1548 1114 et
1571 1087 1644 1114 arte
1665 1081 1858 1114 circumdat
1886 1080 1980 1126 gyris
2002 1080 2103 1121 colli,
2131 1087 2164 1115 et
2183 1087 2292 1118 curat,

1300 1144 1344 1165 ne
1364 1132 1526 1165 laedatur
1541 1138 1655 1174 caput.

1403 1181 1461 1215 Sic
1491 1179 1714 1216 Christianus
1746 1183 1974 1216 concionator
2003 1183 2139 1216 laborat
2172 1182 2295 1225 capite,

1300 1234 1337 1267 id
1354 1240 1422 1272 est,
1448 1232 1620 1272 doctrina,
1648 1239 1682 1266 et
1698 1232 1891 1266 circumdat
1906 1239 2019 1277 caput,
2047 1233 2081 1266 id
2100 1239 2160 1273 est,
2188 1239 2295 1271 cavet,

1302 1296 1344 1317 ne
1359 1284 1495 1318 amittat
1510 1283 1718 1317 doctrinam.

1403 1333 1590 1377 Serpentes
1607 1346 1680 1367 non
1699 1334 1867 1367 amittunt
1892 1334 2016 1374 vitam,
2043 1333 2180 1367 etianssi
2206 1333 2294 1366 aliae

1302 1391 1416 1430 partes
1447 1384 1604 1427 corporis
1635 1385 1705 1418 sint
1737 1384 1916 1418 dissectae.
1982 1383 2039 1418 Sic
2070 1382 2229 1417 Ecclesia
2261 1391 2293 1416 et

1302 1435 1419 1470 anima
1433 1446 1506 1468 non
1520 1435 1621 1479 perit,
1647 1434 1783 1468 etiamsi
1799 1436 1954 1469 membra
1969 1442 2002 1469 et
2018 1434 2199 1469 facultates
2214 1445 2294 1478 per-

1302 1493 1405 1527 eunt,
1433 1487 1538 1519 modo
1556 1486 1716 1519 doctrina
1732 1486 1776 1519 sit
1794 1486 1899 1518 salva.

1407 1535 1511 1577 Item,
1546 1547 1689 1580 serpens
1715 1536 1815 1570 novit
1847 1548 1925 1569 eum
1951 1547 1970 1569 a
1993 1547 2064 1580 quo
2094 1541 2144 1569 est
2169 1535 2295 1575 laesus,

1303 1588 1438 1622 etiamsi
1462 1594 1513 1621 est
1542 1587 1579 1620 in
1609 1598 1735 1631 magna
1767 1587 1870 1620 turba
1897 1584 2105 1627 hominum,
2138 1593 2172 1620 et
2200 1583 2295 1620 hunc

1303 1639 1410 1682 petit,
1453 1649 1526 1671 non
1550 1637 1648 1673 alios.
1715 1638 1774 1672 Sic
1804 1638 1908 1671 debet
1933 1637 2163 1672 concionator
2194 1647 2297 1671 nosse

1304 1689 1481 1729 inimicos,
1505 1686 1621 1722 hostes
1638 1687 1840 1732 Evangelii,
1864 1695 1898 1722 et
1914 1686 1978 1722 hos
1996 1688 2198 1732 reprimere,
2222 1699 2294 1721 non

1303 1740 1442 1774 irritare
1458 1740 1557 1775 alios.

1405 1790 1511 1831 Item,
1538 1801 1682 1835 serpens
1706 1790 1805 1824 novit
1822 1790 1977 1824 remedia
1996 1801 2077 1829 sua,
2105 1789 2142 1822 in
2159 1795 2296 1823 senecta

1303 1848 1428 1886 purgat
1444 1842 1565 1876 oculos
1581 1841 1777 1880 faeniculo,
1804 1849 1835 1876 et
1852 1841 1934 1875 inde
1957 1840 2160 1874 didicerunt
2178 1837 2296 1873 homi-

1304 1905 1365 1926 ues
1387 1893 1602 1927 faeniculum
1627 1893 1790 1936 prodesse
1815 1892 1938 1926 oculis.
2000 1889 2058 1925 Sic
2080 1891 2185 1924 debet
2210 1901 2296 1923 con-

1304 1944 1464 1977 cionator
1494 1954 1594 1976 nosse
1625 1943 1778 1976 remedia
1805 1942 2010 1981 oculorum,
2045 1941 2192 1975 verbum
2216 1938 2294 1981 Dei,

1278 1990 1281 1999 ’
1304 2001 1335 2028 et
1356 1995 1458 2028 debet
1483 1993 1605 2038 procul
1624 1993 1841 2039 prospicere,
1868 2004 1912 2026 ne
1938 1992 2029 2026 mala
2052 1992 2214 2036 dogmata
2240 2003 2296 2025 re-

1305 2045 1421 2090 cipiat.

1407 2095 1576 2141 Sequitur
1606 2095 1842 2140 praemonitio
1875 2104 2033 2139 expressa
2066 2093 2110 2127 de
2134 2104 2295 2138 persecu-

1306 2146 1415 2181 tione.
1469 2146 1595 2181 Cavete
1617 2147 1661 2180 ab
1690 2144 1917 2186 hominibus,
1950 2145 2092 2180 tradent
2116 2156 2196 2184 vos,
2233 2152 2295 2180 ete.

1305 2195 1349 2231 Et
1375 2209 1476 2242 saepe
1499 2198 1644 2242 repetita
1671 2204 1719 2231 est
1743 2199 1862 2230 eadem
1886 2194 2122 2242 praemonitio
2146 2197 2190 2230 de
2216 2207 2296 2241 per—

1303 2249 1492 2282 secutione.

1408 2299 1541 2333 Tradet
1559 2300 1667 2333 frater
1687 2300 1828 2332 fratrem
1841 2325 1850 2340 ‚
1875 2305 1973 2342 pater
1991 2297 2115 2331 filium.

1407 2348 1516 2384 Eritis
1544 2351 1626 2384 odio
1653 2350 1819 2383 omnibns
1843 2355 1986 2394 propter
2011 2359 2140 2381 nomen
2166 2357 2295 2381 meum.

370 2401 436 2435 Hic
460 2402 702 2435 consideretur
732 2402 854 2447 quanti
885 2409 999 2435 motus
1034 2402 1068 2434 in
1098 2401 1254 2445 imperiis
1304 2400 1406 2435 Certe
1424 2399 1507 2435 haec
1524 2403 1610 2435 dura
1627 2408 1720 2435 suut.

268 2454 428 2487 oriantur
447 2465 485 2485 ex
503 2453 648 2497 privatis
667 2453 768 2486 odiis.

373 2503 561 2548 Pompeius
587 2511 617 2537 et
646 2503 755 2537 lulius
778 2509 940 2537 evertunt
966 2503 1152 2547 imperium
1180 2503 1252 2537 lio—

270 2567 412 2589 manum
432 2563 574 2599 propter
591 2555 766 2599 privatum
785 2555 906 2588 odium
925 2561 988 2588 etc.

1645 2491 1961 2517 Consolatio.

1410 2553 1492 2587 Post
1509 2551 1598 2586 hanc
1623 2551 1939 2596 praemonitionem
1958 2549 2117 2596 sequitur
2134 2549 2295 2583 consola-

372 2606 430 2640 Sic
456 2605 562 2639 Arius
594 2613 707 2640 movet
742 2618 839 2639 suam
872 2604 1032 2639 haeresin
1066 2605 1256 2649 cupiditate
1307 2605 1375 2645 tio,
1403 2616 1491 2649 quae
1509 2603 1611 2637 etiam
1630 2615 1730 2644 saepe
1748 2603 1893 2645 repetita
1913 2608 1976 2636 cst.

275 2657 467 2697 vindictae,
495 2657 576 2701 quia
597 2670 668 2691 non
690 2665 738 2691 est
757 2658 867 2691 factus
884 2655 1092 2701 Episcopus.

1411 2655 1489 2690 Nun
1510 2655 1584 2688 sitis
1603 2654 1729 2687 soliciti
1743 2681 1751 2692 ,
1779 2653 1864 2698 quid
1882 2653 1957 2686 sitis
1975 2651 2116 2687 dicturi.
