2409 2915
263 108 336 144 703

265 200 471 240 quaeramus
503 186 720 230 voluptatem
749 189 810 217 ant
834 183 1084 217 relaxationem
1109 182 1247 215 animo-

264 256 342 278 rum
368 241 423 274 vel
445 237 602 272 serendis
625 234 888 269 contumeliosis
903 233 1042 267 fabellis
1059 239 1162 278 atque
1180 233 1249 266 cri-
1272 253 1275 259 ·

264 290 540 328 minationibus,
569 287 622 320 vel
640 286 792 320 libenter
807 292 840 318 et
857 285 958 318 avide
974 284 1160 318 audiendis
1176 295 1250 317 ser-

265 344 445 382 monibus,
480 339 609 385 quibus
633 337 784 371 aliorum
808 337 900 369 fama
922 335 1074 369 laeditur
1099 341 1133 369 et
1156 341 1249 367 exte-

265 402 406 429 nuatur.
466 390 555 425 Nam
581 388 616 424 S.
643 387 774 421 Paulus
799 387 968 430 expressis
994 386 1110 419 verbis
1134 385 1250 430 inquit

269 449 298 482 1.
315 440 478 479 Corinth.
494 441 546 476 6.:
575 439 696 485 Neque
712 438 881 478 adulteri,
911 449 1024 483 neque
1041 434 1250 475 homicidae,

265 507 378 542 neque
399 492 652 528 conviciatores
671 500 817 532 regnum
833 487 898 521 Dei
915 488 1155 532 possidebunt.
1204 484 1250 519 Et

264 544 498 582 Ecclesiastici
516 543 575 577 21.
598 541 744 574 dicitur:
773 537 1000 573 Obtrectator
1023 538 1158 583 polluet
1173 536 1251 570 ani-

265 610 358 632 mam
384 607 482 630 suam
508 601 540 628 et
562 591 714 625 vicissim
742 589 912 624 afficietur
936 589 1143 634 ignominia.
1204 585 1251 621 Et

265 648 333 683 hoc
355 648 430 691 ipso
457 645 534 678 loco
550 642 726 676 Dominus
751 641 850 674 addit
869 639 1180 674 comminationem
1197 638 1250 671 lo-

266 709 378 746 quens
400 698 442 729 de
464 694 586 740 poenis
610 692 854 737 praesentibus
878 699 911 726 et
934 691 1082 731 futuris,
1116 690 1191 723 sore
1213 695 1252 723 ut

266 748 442 784 cumulate
472 746 656 785 reddatur,
688 751 728 777 ut
752 743 904 776 vicissim
929 741 1092 776 venenati
1116 741 1169 773 illi
1196 752 1252 772 ca—

266 799 496 835 lumniatores
522 796 723 830 iudicentur
747 800 780 827 et
805 793 1010 838 puniantur.
1079 790 1146 825 Cui
1172 791 1251 835 qui-

266 853 345 886 dem
364 849 546 883 evidenter
563 845 720 890 exempla
738 845 966 890 quotidianae
982 843 1074 877 vitae
1091 849 1125 876 et
1141 839 1253 875 histo-

265 902 401 936 riarum
428 898 653 933 consentiunt
679 903 782 940 atque
805 895 1039 939 respondent,
1074 899 1113 926 ut
1137 904 1253 926 exem-

267 954 365 998 plum
389 949 552 984 maledici
570 947 686 983 Sernei
710 952 857 979 testatur
874 946 909 979 2.
929 944 1019 988 Reg.
1042 943 1099 978 16.
1128 942 1254 985 Quan-

267 1006 313 1038 do
344 1009 438 1036 mota
469 999 641 1034 seditione
675 1008 735 1041 per
768 994 1009 1038 Absolonem,
1052 1006 1112 1028 rex
1138 993 1252 1027 David

268 1055 336 1088 iam
363 1063 466 1086 senex
490 1051 526 1083 in
546 1050 626 1092 fuga
640 1047 858 1095 trepidabat,
883 1046 1090 1080 occurrebat
1107 1044 1255 1088 fugienti

267 1105 412 1150 quidam
437 1114 476 1135 ex
492 1099 716 1145 proceribus,
740 1097 800 1143 qui
820 1103 920 1130 antea
938 1097 1104 1130 floruerat
1121 1096 1159 1128 in
1176 1095 1254 1129 aula

268 1155 359 1200 regis
388 1152 524 1195 Saulis,
571 1148 628 1183 hic
660 1148 876 1182 clamoribus
907 1144 1190 1181 debacchabatur
1220 1146 1256 1178 in

268 1206 403 1240 exulem
420 1203 596 1238 Davidem
610 1226 619 1241 ,
649 1207 684 1234 et
704 1199 899 1233 laetabatur
915 1198 1055 1232 miseria
1073 1209 1134 1231 seu
1153 1196 1256 1230 exilio

268 1257 357 1301 regis
371 1283 378 1297 ,
407 1254 582 1287 insultans
604 1252 635 1285 ei
652 1249 719 1284 boc
737 1256 910 1283 venenato
927 1260 1117 1283 sarcasmo:
1146 1245 1257 1291 Egre-

268 1310 351 1341 dere
375 1306 430 1339 vir
453 1304 684 1348 sanguinum,
715 1301 869 1335 reddidit
894 1300 960 1334 tibi
978 1299 1152 1334 Dominus
1176 1298 1257 1331 uni-

268 1369 407 1393 versum
429 1355 635 1399 sanguinem
656 1354 782 1386 domus
802 1351 907 1392 Saul,
936 1350 1104 1395 quoniam
1126 1348 1257 1381 invasi-

269 1410 313 1444 sti
338 1418 484 1451 regnum
511 1406 586 1449 ipso
610 1414 770 1440 excusso,
799 1408 863 1437 etc.
917 1400 991 1434 lam
1015 1400 1165 1443 singulis
1187 1398 1258 1431 exi-

270 1459 485 1494 stimandum
510 1468 546 1489 ac
573 1453 862 1502 perpendendum
889 1452 1072 1496 relinquo,
1105 1455 1259 1496 quanto-
1284 1473 1287 1480 .

270 1522 352 1555 pere
383 1509 440 1542 isti
464 1505 626 1540 sarcasmi
653 1511 686 1538 et
711 1509 905 1537 venenatae
930 1502 1063 1535 ironiae
1087 1506 1259 1534 auxerunt

269 1559 418 1596 Davidis
443 1559 619 1601 ingentem
637 1555 816 1597 dolorem,
845 1564 947 1598 quem
966 1553 1003 1584 in
1020 1552 1098 1595 fuga
1119 1558 1261 1595 propter
1286 1568 1287 1579 ÷

272 1609 464 1646 Absolonis
489 1607 550 1640 filii
575 1606 687 1639 scelus
705 1605 823 1637 animo
839 1602 1069 1637 circumtulit.
1125 1601 1260 1634 Idcirco

272 1663 337 1696 viri
356 1662 476 1699 fortes,
504 1658 564 1703 qui
583 1663 685 1690 antea
704 1656 876 1689 duxerant
892 1653 1064 1687 exercitus
1080 1653 1171 1697 apud
1187 1650 1260 1686 Da-

272 1715 408 1751 videm,
443 1717 475 1743 et
499 1716 584 1743 tunc
608 1708 710 1751 fugae
734 1706 899 1746 comites,
931 1711 1036 1750 atque
1059 1703 1142 1737 socii
1169 1703 1262 1747 peri·
1285 1710 1288 1720 ¹

273 1765 432 1798 culorum
465 1760 554 1803 regis
587 1765 704 1799 erant,
747 1758 834 1790 adeo
869 1755 1183 1792 incandescebant,
1223 1760 1289 1787 ut1

273 1816 461 1849 confodere
484 1811 694 1844 maledicum
717 1809 1008 1842 subsannatorem
1033 1811 1203 1850 cuperent
1231 1811 1262 1838 et
1288 1826 1290 1842 r

856 97 978 133 PHIL.
1005 94 1121 133 MEL.
1149 95 1360 132 SCRIPTA
1387 95 1686 133 EXEGETICA.

2207 98 2283 135 704

1271 184 1275 205 ‚
1302 183 1310 190 .

1272 213 1275 229 ¹
1300 182 1508 224 involvunt,
1534 190 1717 222 excusant,
1745 190 1796 225 et,
1818 190 1858 218 ut
1875 183 1922 217 ita
1940 184 2074 224 dicam,
2101 185 2285 229 mangoni-

1301 239 1391 274 zant,
1415 240 1456 268 ut
1472 233 1510 267 in
1526 233 1727 269 forensibus
1741 234 2006 278 cognitionibus
2023 242 2127 280 atque
2144 235 2286 270 iudiciis

1301 283 1465 318 convinci
1489 285 1532 317 de
1557 285 1732 319 calumnia
1755 285 1813 319 vix
1834 297 1993 331 unquam
2015 297 2116 331 posse
2138 286 2287 320 videan-

1274 369 1277 379 ,
1302 342 1373 369 tur.
1426 333 1668 369 Veruntamen
1682 337 1756 384 ipse
1765 336 1860 371 Deus
1874 334 1960 370 haec
1976 336 2172 381 perniciosa
2185 348 2287 370 men-—

1274 404 1278 422 ς
1302 385 1418 426 dacia,
1461 382 1668 432 sophisticas
1707 387 1901 427 elusiones‚
1944 395 1978 421 et
2012 393 2200 420 venenatas
2231 398 2288 420 ca-

1274 434 1277 486 }
1302 436 1457 470 lumnias
1473 436 1614 479 retegit,
1641 437 1779 479 refutat,
1806 445 1839 472 et
1852 438 2030 473 atrocibus
2045 438 2167 483 poenis
2183 436 2288 472 etiam

1276 509 1277 515 κ
1304 487 1339 521 in
1359 485 1423 521 hac
1442 487 1618 535 corporali
1636 487 1706 521 vita
1722 490 1955 534 persequitur.

1273 271 1275 300 Ι

1630 605 1735 630 Aliud
1759 606 1966 637 exemplum.

1409 662 1451 697 In
1482 660 1631 699 historia
1663 661 1794 698 Esther
1824 665 1993 709 scriptum
2025 673 2075 700 est
2103 666 2147 699 de
2175 666 2291 698 Aman

1277 719 1280 754 Ι
1306 712 1417 758 hoste
1441 713 1670 754 ludaeorum,
1706 715 1769 760 qui
1803 722 1985 760 propterea
2015 717 2109 762 quod
2145 715 2292 750 Mardo—

1306 764 1434 799 chaeus
1457 778 1530 799 non
1546 766 1642 800 flexis
1660 766 1810 810 genibus
1826 767 1988 800 adoraret
2006 767 2120 811 ipsum
2138 764 2293 801 Eihnico

1307 828 1423 855 more,
1457 828 1520 860 per
1554 817 1769 851 calumniam
1801 817 2048 861 impetraverat
2073 817 2226 851 edictum
2251 817 2294 850 de

1307 867 1471 900 universa
1494 874 1595 910 gente
1615 866 1757 901 Iudaica
1776 868 1946 908 delenda,
1972 868 2060 901 falso
2079 868 2297 908 criminatus,

1308 930 1388 951 eum
1413 916 1578 951 mandata
1597 919 1688 961 regis
1704 916 1847 952 Assueri
1866 919 2120 952 contumaciter
2135 918 2295 952 violasse.

1308 968 1498 1014 Postquam
1517 980 1600 1002 vero
1613 980 1727 1012 regem
1739 967 1886 1002 Darium
1898 969 2091 1003 Assuerum
2104 969 2198 1002 flexit
2211 981 2297 1003 con-

1310 1021 1394 1053 iunx
1434 1016 1563 1053 Esther
1597 1020 1776 1063 patefactis
1814 1020 2000 1053 calumniis
2038 1027 2070 1053 et
2108 1019 2298 1053 sceleribus

1311 1069 1445 1107 Aman,
1474 1070 1609 1104 curavit
1623 1082 1682 1103 rex
1699 1070 1989 1104 calumniatorem
2001 1070 2135 1109 Annam
2165 1069 2299 1104 Iudaici

1310 1121 1446 1155 cruoris
1469 1120 1646 1154 sitientem
1671 1121 1900 1163 strangulari,
1935 1132 2144 1165 suspensum
2170 1121 2213 1154 de
2237 1133 2299 1154 eo-

1311 1173 1389 1205 dem
1422 1171 1601 1215 patibulo‚
1634 1173 1728 1217 quod
1756 1172 1815 1205 ille
1839 1169 2077 1205 Mardochaeo
2105 1181 2301 1215 paraverat,

1311 1235 1349 1256 ac
1372 1222 1508 1255 emissis
1531 1223 1719 1256 contrariis
1743 1223 1864 1256 edictis
1887 1234 1948 1266 per
1968 1223 2207 1266 provinciam,
2234 1223 2301 1256 do-

1311 1285 1409 1306 mum
1429 1280 1460 1306 et
1479 1274 1714 1316 possessiones
1735 1272 1850 1307 Aman
1869 1274 2029 1308 attribuit
2048 1270 2300 1308 Mardochaeo.

1312 1323 1380 1357 Sed
1405 1324 1566 1356 omnium
1590 1331 1788 1367 temporum
1813 1332 1845 1357 et
1864 1331 2014 1359 aetatum
2034 1321 2202 1358 historiae
2219 1323 2302 1357 satis

1313 1374 1538 1417 suppeditant
1559 1375 1819 1417 exemplorum,
1855 1375 1906 1415 ei,
1934 1375 1994 1419 qui
2020 1375 2125 1418 paulo
2149 1374 2302 1418 diligen-

1312 1425 1382 1458 tius
1398 1425 1577 1458 attendere
1595 1425 1759 1458 voluerit.
1814 1423 1861 1459 Ut
1879 1425 1973 1458 enim
1991 1423 2081 1468 proh
2098 1425 2217 1465 dolor,
2246 1425 2302 1457 vix

1312 1475 1425 1509 ullum
1458 1482 1637 1519 peccatum
1668 1475 1891 1509 communius
1914 1482 1947 1509 et
1969 1475 2149 1519 vulgarius
2173 1482 2223 1510 est
2245 1486 2303 1520 sy-

1313 1522 1538 1569 cophantica,
1588 1538 1648 1559 seu
1690 1526 1907 1560 calumniosa
1950 1526 2212 1559 maledicentia:
2255 1526 2303 1559 ita

1285 1594 1288 1604 ι
1314 1576 1410 1610 Dens
1435 1575 1645 1619 imposturas
1662 1574 1869 1620 sophisticas
1887 1584 1918 1610 et
1937 1574 2204 1621 sycophanticas
2221 1588 2304 1621 poe-

1315 1627 1370 1660 nis
1385 1626 1523 1660 assidue
1543 1638 1603 1670 per
1621 1639 1730 1669 genus
1746 1624 1940 1661 humanum
1965 1627 2173 1670 vagantibus
2191 1627 2303 1672 repri-

1314 1678 1377 1711 mit
1412 1689 1450 1710 ac
1483 1678 1660 1717 retundit,
1694 1678 1991 1723 quemadmodum
2017 1684 2211 1721 grassantes
2237 1674 2305 1711 bo-

1287 1754 1289 1759 ,
1316 1726 1485 1767 micidiis,
1511 1729 1634 1769 furtis,
1661 1736 1719 1763 aut
1742 1728 1820 1761 aliis
1838 1729 2028 1762 sceleribus
2048 1729 2202 1773 pollutos
2219 1728 2303 1762 sub-

1288 1804 1289 1809 ,
1316 1780 1399 1813 inde
1417 1777 1563 1812 retrahit
1581 1781 1622 1812 ad
1646 1791 1784 1823 poenas,

275 1871 506 1902 conarentur,
548 1862 607 1895 sed
645 1857 928 1905 prohibebantur
956 1870 973 1890 a
1007 1856 1160 1896 Davide,
1201 1856 1291 1901 qui;

275 1916 388 1950 noluit
409 1913 475 1948 hoc
489 1925 553 1945 suo
570 1918 728 1954 tempore
743 1920 902 1942 exercere
918 1908 1110 1940 vindictam
1129 1919 1187 1940 seu
1206 1907 1262 1939 in-

277 1967 384 2001 iurias
404 1970 482 1998 sua's
500 1961 641 2002 ulcisci,
669 1961 741 1993 imo
759 1972 803 1993 ne
822 1959 964 2003 quidem
986 1964 1102 2001 postea
1121 1958 1262 1991 restitu-

277 2026 332 2053 tus
357 2017 393 2049 in
419 2025 565 2057 regnum
583 2012 694 2045 voluit
714 2008 808 2044 hunc
826 2009 1098 2042 conviciatorem
1117 2007 1263 2041 maledi-

278 2081 355 2102 cum
387 2064 550 2099 interfici.
600 2063 668 2097 Sed
695 2068 772 2106 post
793 2067 941 2094 mortem
959 2058 1107 2093 Davidis
1124 2071 1181 2092 rex
1200 2058 1263 2093 Sa-

278 2121 400 2153 lomon
419 2113 601 2150 mandavit
620 2110 702 2147 huic
718 2112 833 2146 Semei
846 2138 854 2151 ,
882 2118 918 2145 ut
937 2111 1134 2144 contineret
1151 2122 1184 2142 se
1201 2110 1264 2143 do-

279 2171 348 2210 mi,
377 2181 439 2201 nec
456 2177 634 2212 quoquam
655 2164 778 2208 pedem
799 2169 892 2196 extra
911 2169 1029 2206 portas
1047 2161 1144 2194 urbis
1163 2161 1264 2193 effer-

280 2229 350 2257 ret,
379 2219 472 2264 quod
497 2228 577 2251 cum
605 2216 633 2248 is
655 2215 766 2248 facere
784 2213 1009 2256 neglexisset,
1037 2212 1170 2246 curavit
1188 2224 1266 2245 eum

280 2273 449 2307 Salomon
478 2268 605 2301 ultimo
629 2265 802 2310 supplicio
827 2264 928 2299 affici.
983 2262 1032 2296 lta
1058 2275 1100 2296 ne
1124 2263 1266 2308 quidem

282 2333 411 2368 poenas
430 2319 591 2364 politicas
610 2318 644 2350 in
665 2315 729 2349 hac
746 2315 920 2361 corporali
939 2315 1007 2347 vita
1025 2314 1139 2347 Semei
1160 2314 1265 2347 male-

282 2374 382 2407 dicus
404 2371 538 2413 effugit.
593 2368 663 2402 Nec
688 2373 737 2400 est
756 2367 850 2412 quod
868 2365 1053 2411 qnisquam
1073 2365 1138 2397 sibi
1158 2365 1210 2397 vel
1233 2365 1267 2397 in

284 2422 455 2469 praesenti
476 2421 544 2454 vita
563 2418 766 2452 huiusmodi
784 2424 1004 2462 peccatorum
1023 2416 1266 2459 impunitatem

284 2476 484 2520 promittat,
518 2469 743 2516 quantumvis
772 2468 928 2502 executio
958 2467 1115 2500 civilium
1142 2479 1269 2510 poena-

286 2539 381 2563 rum,
417 2535 503 2570 quas
533 2522 754 2564 magistratus
787 2527 939 2559 exercet,
975 2518 1186 2561 impediatur
1215 2531 1269 2550 so-

286 2577 434 2622 phistica
465 2571 755 2619 praestigiatrice,
790 2584 856 2616 qua
890 2569 1050 2603 maledici
1077 2569 1270 2602 calumnia-

288 2637 379 2662 tores
405 2626 456 2660 illi
483 2630 652 2657 venenata
677 2635 737 2655 sna
761 2630 792 2656 et
810 2622 975 2655 ementita
994 2620 1150 2654 convicia
1170 2621 1271 2653 nox-is

289 2679 466 2713 coloribus
483 2684 587 2721 atque
606 2675 839 2719 praetextibus
856 2674 988 2713 fucata,
1018 2673 1103 2705 adeo
1120 2672 1271 2712 graviter

1643 1896 1748 1920 Aliud
1780 1896 1981 1927 exemplum,

1319 2007 1462 2051 Magni,
1498 2008 1644 2042 iusserat
1677 2009 1824 2042 militem
1858 2009 2034 2053 quendam
2067 2009 2232 2051 navigare
2261 2011 2305 2044 ad

1319 2066 1410 2092 certa
1433 2059 1528 2098 loca,
1556 2059 1760 2102 speculandi
1783 2071 1843 2092 seu
1861 2059 2066 2103 explorandi
2082 2071 2195 2093 causa.
2247 2059 2306 2094 ln-

1321 2110 1421 2144 terim
1455 2117 1575 2142 coorta
1607 2117 1809 2153 tempestate
1839 2112 1937 2143 navis
1970 2111 2059 2144 victa
2087 2111 2250 2154 procellis
2273 2118 2307 2146 et

1321 2161 1491 2194 fluctuum
1520 2160 1651 2204 impetu
1677 2161 1868 2204 frangitur,
1902 2162 1959 2194 sed
1986 2161 2059 2196 Deo
2085 2161 2306 2206 naufragium

1294 2246 1295 2251 ,
1322 2212 1545 2255 respiciente,
1588 2212 1737 2246 accurrit
1778 2212 1948 2254 agricola,
1991 2213 2089 2245 cuius
2125 2212 2307 2256 praedium

1322 2275 1381 2297 seu
1407 2263 1490 2295 villa
1516 2274 1586 2295 non
1606 2263 1862 2306 proculaberat
1878 2275 1895 2295 a
1917 2263 2014 2296 inari.
2054 2261 2084 2296 ls
2099 2262 2220 2296 audito
2236 2263 2307 2297 cla-

1323 2327 1419 2348 more
1445 2313 1566 2346 militis
1594 2314 1804 2357 periclitanti
1828 2313 2041 2357 opitulatur.
2076 2320 2107 2346 et
2131 2321 2308 2358 receptum

1324 2378 1362 2398 ex
1383 2365 1482 2410 aquis
1500 2365 1534 2397 in
1554 2376 1650 2398 suam
1669 2365 1841 2410 cymbam,
1865 2364 2090 2405 defatigatum
2109 2364 2228 2398 labore
2247 2376 2310 2399 na·

1325 2418 1441 2459 tandi,
1477 2417 1674 2450 confectum
1699 2417 1806 2453 fame,
1841 2415 2034 2454 insomnia,
2062 2422 2093 2448 et
2118 2415 2228 2449 animi
2251 2427 2308 2450 so-

1325 2468 1419 2500 licito
1436 2479 1614 2505 moerore,
1643 2467 1811 2512 rigentem
1831 2465 1978 2507 frigore,
2009 2479 2044 2499 ac
2064 2478 2172 2510 paene
2189 2466 2309 2500 exani-

1325 2531 1415 2551 mem
1440 2518 1535 2551 dncit
1564 2518 1598 2550 in
1627 2517 1764 2554 villam,
1794 2524 1923 2550 recreat
1947 2518 1989 2550 ad
2017 2518 2152 2554 focum.
2180 2516 2308 2550 lectulo

1325 2569 1528 2615 impositum
1545 2579 1582 2602 ac
1603 2567 1682 2601 cibo
1703 2575 1857 2613 potuque
1874 2569 2059 2607 refectum,
2081 2567 2170 2601 fovet
2193 2568 2309 2601 omni·

1326 2621 1390 2653 lius
1406 2619 1547 2657 officiis,
1574 2619 1685 2651 donec
1700 2619 1856 2652 animum
1875 2619 2034 2665 viresque
2051 2618 2207 2663 recipiat:
2235 2625 2312 2664 post

1327 2672 1482 2705 triduum
1515 2670 1611 2703 abire
1641 2670 1838 2713 cnpieutem
1874 2670 1976 2703 etiam
2004 2669 2130 2704 viatico
2158 2669 2311 2707 instruit.

1288 1906 1292 1933 Ι

1288 1941 1292 2017 Ι
1421 1957 1496 1992 Rex
1523 1956 1755 1991 Macedoniae
1780 1956 1966 2002 Philippus
1991 1965 2090 2004 pater
2111 1955 2304 1992 Alexandri

1290 2043 1292 2075 Ι

1291 2092 1294 2139 Ι

1292 2152 1294 2172 Ι
