2409 2915
266 107 362 143 1167

266 193 396 238 gloria,
431 201 535 237 quam
568 187 672 223 habet
701 198 818 220 coram
850 193 968 230 patre,
1000 185 1038 218 in
1060 197 1120 226 eo,
1156 185 1251 230 quod

267 244 435 279 obediens
458 241 568 275 factus
591 238 782 282 resignavit
806 236 837 270 ei
860 236 1019 278 gloriam.
1088 235 1148 270 Sic
1169 247 1251 279 ergo

267 295 370 329 dicit:
407 292 513 326 Nunc
543 290 750 324 clarificatus
775 293 825 321 est
849 287 942 320 filius
966 284 1140 325 hominis,
1174 286 1197 319 i.
1224 297 1252 318 e.

266 357 362 379 nunc
380 342 578 377 exinanitus
597 338 787 382 resignavit
805 349 840 371 se
856 337 966 381 patri,
989 348 1079 382 quae
1094 336 1252 370 exinani-

265 397 315 431 tio
340 407 454 428 coram
479 399 577 437 patre
594 390 706 434 gloria
724 387 789 423 filii
808 395 878 429 est,
905 400 1106 433 quanquam
1124 399 1162 420 ea
1178 387 1252 431 glo—

266 447 318 481 ria
343 446 504 479 nondum
531 443 575 476 sit
599 441 750 474 revelata
773 440 811 472 in
833 439 917 472 filio.
966 437 1184 473 Clarificatus
1204 443 1253 470 est

266 499 346 531 ideo
366 507 482 530 coram
501 494 575 528 Deo
595 505 654 532 eo,
680 491 775 536 quod
791 489 985 523 exinanitio
1002 489 1046 523 sit
1063 489 1173 530 gloria
1189 487 1253 520 filii

267 560 383 583 coram
410 545 497 580 Deo.
548 542 595 577 Et
613 544 711 576 Deus
735 540 944 574 clarificatus
963 547 1017 580 est
1040 540 1078 572 in
1101 551 1159 578 eo,
1187 536 1254 571 hoc

266 607 336 641 est,
364 598 456 631 filius
472 595 641 639 glorificat
656 599 790 636 patrem
807 603 869 635 per
883 589 962 629 hoc,
990 591 1084 635 quod
1102 589 1253 632 resignat

266 651 296 683 ei
322 649 441 682 omnia
465 654 498 680 et
521 651 683 679 testatum
709 642 812 682 facit,
839 643 933 686 quod
959 642 1042 674 fidat
1067 640 1175 684 patris
1199 651 1253 672 sa-

268 700 399 745 pientia
424 705 457 732 et
477 695 706 732 fortitudine,
733 705 805 726 non
830 704 908 731 sua,
935 699 967 726 et
984 704 1099 725 coram
1120 691 1252 723 mundo

265 751 437 790 declarat,
465 748 559 794 quod
579 746 687 791 patris
704 744 860 788 potentia
881 743 1106 785 glorificetur.

488 838 541 873 Et
568 837 672 872 Deus
695 833 915 881 clarficabil
943 846 1035 875 eum,

266 911 365 958 quasi
398 910 507 943 dicat:
539 907 644 941 Pater
669 904 837 938 revelabit
859 903 932 935 eius
955 901 1124 945 gloriam,
1159 900 1254 933 iuxta

266 964 355 997 illud
386 963 417 996 l.
436 957 606 1001 Reg.11.:
635 955 917 990 Honorificantes
941 965 995 985 me
1018 951 1192 995 glorific03
1221 957 1254 983 et

266 1014 374 1048 Hebr.
392 1011 456 1046 Y.:
485 1007 681 1042 Exauditus
705 1012 753 1038 est
780 1017 843 1048 pro
862 1016 921 1037 sua
940 1002 1154 1042 reverentia,
1181 1002 1202 1033 i.
1223 1013 1252 1034 e.

265 1065 346 1110 quia
373 1062 469 1095 dedit
495 1060 585 1104 patri
609 1056 776 1101 gloriam,
811 1056 889 1088 ideo
916 1054 1118 1093 exauditus,
1144 1052 1253 1094 glori-

265 1117 386 1149 ficatus
404 1119 465 1146 est.

335 1204 495 1246 Filioli,
531 1201 654 1238 adhuc
673 1201 866 1251 paulisper
889 1198 1070 1233 vobiscum
1093 1210 1186 1239 sum,

266 1278 366 1324 quasi
394 1276 503 1309 dicat:
541 1272 614 1307 Iam
645 1271 809 1316 praedico
839 1269 940 1302 vobis
963 1268 1183 1312 passionem,
1214 1272 1253 1300 ut

266 1328 413 1364 credatis
440 1337 512 1359 non
535 1336 607 1358 esse
630 1323 831 1361 fortuitam,
858 1328 1027 1367 tanquam
1053 1331 1070 1351 a
1097 1316 1172 1351 Deo
1198 1329 1252 1350 re-

265 1382 374 1414 iectus
397 1378 479 1411 sim:
508 1376 566 1409 sed
593 1375 775 1406 voluntate
802 1371 908 1414 patris
937 1369 1141 1413 patiendum
1169 1379 1252 1406 esse,

265 1433 409 1474 foreque
432 1433 470 1461 ut
494 1424 559 1459 hac
576 1423 737 1469 passione
755 1421 939 1465 glorificer.
992 1418 1173 1452 Praeterea
1189 1417 1251 1450 ubi

265 1482 403 1516 abiero,
432 1488 577 1520 regnum
595 1473 776 1518 spirituale
792 1471 979 1514 incipiam,
1006 1470 1067 1501 ubi
1087 1480 1147 1501 vos
1164 1480 1251 1513 quo-

266 1545 333 1578 que
352 1525 653 1564 mortificabimini
672 1524 760 1557 sicut
777 1533 840 1566 ego
857 1533 932 1555 sum
951 1520 1190 1553 mortificatus.

618 1621 811 1670 Quaerelis
835 1632 899 1659 me,

265 1703 287 1735 i.
313 1714 341 1733 e.
374 1693 618 1731 desiderabitis
648 1703 709 1725 vos
742 1701 883 1735 quoque
915 1687 1120 1731 glorificari,
1164 1687 1253 1720 sicut

266 1753 337 1786 divti
358 1747 510 1784 ludaeis:
538 1743 611 1779 Ubi
627 1754 688 1785 ego
704 1753 781 1775 sum
797 1752 858 1773 vos
875 1751 947 1772 non
963 1738 1107 1783 potestis
1123 1738 1253 1779 venire,
1280 1752 1282 1758 ·

265 1816 335 1849 quo
355 1813 416 1843 ogo
435 1799 524 1831 vado
542 1807 602 1829 vos
620 1805 692 1827 non
711 1791 855 1837 potestis
872 1790 1012 1830 venire,
1040 1790 1072 1821 id
1094 1796 1162 1829 est,
1190 1801 1252 1822 ne-

264 1866 331 1900 que
354 1861 491 1885 crucem
516 1849 605 1881 serre
623 1842 739 1878 adhuc
757 1841 919 1888 potestis,
948 1853 1061 1885 neque
1079 1852 1159 1872 mox
1176 1840 1252 1883 glo-

265 1900 489 1938 rificabimini
519 1903 657 1942 oportet
687 1895 801 1933 enirn,
835 1899 872 1926 ut
900 1891 1104 1935 expectetis,
1140 1892 1252 1923 donec

265 1951 464 1989 induamini
505 1950 633 1981 virtute
666 1958 706 1979 ex
737 1945 830 1983 alto,
872 1950 905 1976 et
936 1943 1020 1975 dum
1053 1941 1253 1976 revelentur

263 2007 323 2040 filii
347 2003 422 2039 Dei.

581 2088 645 2124 Ila
668 2094 698 2123 el
723 2086 819 2121 nobis
846 2084 935 2127 dico,

266 2169 299 2200 id
333 2173 400 2207 est,
440 2161 559 2195 ludaei
593 2169 775 2202 nunqnam
808 2154 1033 2198 pervenient,
1070 2166 1252 2199 nunquam

265 2215 572 2260 glorificabuntur,
609 2221 669 2242 vos
701 2205 997 2250 glorificabimini.
1059 2205 1125 2238 Sed
1163 2218 1252 2237 non-

265 2273 348 2302 dum
369 2270 570 2308 acceperant
589 2259 845 2304 plenitudinem
865 2268 922 2289 seu
941 2256 1254 2300 decimasSpiritus

266 2320 392 2354 snus-ti,
421 2317 498 2347 ideo
518 2325 588 2346 nun
608 2316 796 2356 potuerunt
818 2309 907 2340 ferre
923 2318 1072 2340 crucem.

458 2403 692 2442 Blandalmn
720 2413 849 2434 novum
876 2397 922 2432 du
949 2398 1060 2434 «obis.

371 2475 600 2517 Evangelio-n
634 2484 705 2504 nou
734 2483 805 2501 esse
833 2470 963 2509 legem,
1002 2468 1084 2500 satis
1107 2475 1254 2499 constat.

271 2532 327 2563 ljst
352 2529 445 2562 cuim
470 2525 629 2559 remissio
655 2528 894 2565 peccatorum,
926 2520 1018 2551 iuxta
1035 2518 1121 2550 illud
1144 2517 1255 2550 laicae

268 2584 331 2614 ult.
364 2578 565 2621 praedit-are
596 2573 835 2607 remissione-m
862 2576 1097 2614 peccatorum.
1158 2569 1253 2609 Quid

270 2634 368 2675 igitnt
389 2658 395 2667 ,
431 2629 524 2673 quod
558 2625 613 2659 liic
642 2625 708 2662 ait,
745 2623 947 2654 mandatum
974 2620 1130 2652 novum?
1186 2618 1255 2652 l'w-

270 2684 442 2727 spnndeo:
474 2678 703 2720 Posteaquam
730 2672 926 2706 iustificavit
953 2672 1131 2703 ‹mh-ntes
1152 2668 1253 2703 sliri—

860 95 987 137 enm,
1011 99 1127 136 MEL.
1161 99 1370 135 SCRIPTA
1403 97 1701 137 EXEGETlCA.

2191 101 2286 138 1168

1278 190 1282 233 [
1306 191 1396 226 stus,
1423 184 1493 218 iam
1519 186 1641 226 docet,
1667 187 1728 233 qui
1745 186 1788 220 sit
1804 187 1890 231 legis
1906 198 1999 223 usus.
2050 187 2123 231 Qui
2137 194 2286 222 utuntur

1278 237 1281 258 ἶ
1307 236 1379 279 lege
1397 243 1492 269 extra
1506 233 1686 270 Christum
1698 265 1706 278 ‚
1733 238 1781 271 sic
1797 245 1946 272 utuntur
1957 265 1967 279 ,
1995 245 2031 272 ut
2047 249 2083 271 se
2099 238 2286 272 iustificent

1279 310 1280 316 ,
1305 297 1366 329 per
1391 287 1522 329 legem,
1549 286 1583 319 id
1609 289 1704 331 quod
1730 289 1878 332 impium
1902 295 1962 322 est.
2015 288 2103 322 Nam
2123 289 2286 332 impossi-

1278 323 1281 342 '
1305 336 1376 368 bile
1400 344 1449 369 est
1470 337 1544 380 lege
1560 337 1758 379 iustificari,
1786 338 1889 372 Rom.
1904 338 2024 380 Vlll„
2050 345 2169 383 estque
2185 339 2286 372 iusti-

1305 387 1356 420 cia
1376 399 1438 431 per
1454 387 1557 420 fidem
1575 394 1710 421 tantum
1728 389 1764 421 in
1781 387 1979 430 Christum,
2005 401 2110 434 quam
2128 390 2188 434 qui
2205 396 2287 423 sunt

1306 449 1367 480 per
1382 436 1560 471 Christum
1587 439 1785 479 consecuti,
1811 440 1881 472 illis
1906 441 1973 472 iam
1992 438 2154 474 Christus
2168 447 2285 473 osten-

1306 488 1357 521 dit
1374 500 1474 521 usum
1495 488 1597 531 legis,
1622 489 1772 529 scilicet,
1794 489 1868 532 lege
1883 492 2052 524 utendum
2072 502 2144 523 esse
2160 490 2286 523 nonin

1306 535 1388 576 hoc,
1420 545 1459 571 ut
1492 550 1556 571 nos
1586 539 1766 579 iustificet‚
1799 541 1858 572 sed
1889 548 2053 585 tanquam
2084 541 2286 574 testimonio

1307 589 1574 624 iustificationis.
1621 587 1773 634 Oportet
1795 590 1887 622 euim
1909 591 2017 634 legem
2036 590 2100 625 Dei
2119 591 2213 630 fieri,
2247 597 2287 624 ut

1307 637 1436 673 Matth.
1454 638 1513 673 V.:
1543 639 1620 673 Non
1645 640 1773 682 peribit
1790 652 1874 683 apex
1893 648 1956 676 etc.
2009 641 2125 687 Atque
2144 643 2210 674 hoc
2227 648 2288 682 est,

1307 690 1399 734 quod
1425 690 1556 734 inquit:
1586 690 1626 723 In
1648 689 1713 724 hoc
1731 699 1939 734 cognoscent
1956 703 2095 731 omnes,
2121 693 2214 737 quod
2232 693 2287 725 di-

1306 741 1430 783 scipuli
1456 741 1525 773 mei
1543 741 1627 774 sitis.
1677 741 1756 774 Non
1776 742 1874 775 dicit:
1902 741 1970 775 Per
1987 740 2053 775 lioc
2068 743 2164 775 eritis
2181 743 2288 776 disci-

1308 791 1400 834 puli,
1428 791 1508 835 quia
1532 798 1671 836 oportet
1694 793 1762 824 iam
1787 800 1867 826 ante
1886 793 1993 826 factos
2010 804 2080 825 esse
2097 793 2287 837 discipulos

1307 854 1369 885 per
1399 841 1512 874 fldem.
1579 840 1740 876 Charitas
1770 850 1820 876 est
1850 843 2090 876 testimonium
2121 844 2198 876 fidei
2225 850 2288 879 etc.

1305 891 1367 925 'Est
1393 892 1508 937 itaque
1528 905 1660 926 novum
1678 895 1902 937 mandatum,
1931 894 2012 938 quia
2031 892 2087 927 hic
2105 905 2186 927 usus
2203 894 2287 935 legis

1307 942 1461 986 primum
1488 943 1661 976 revelatus
1684 951 1733 977 est
1757 956 1818 987 per
1835 943 2089 987 Evangelium,
2115 946 2207 989 quod
2234 945 2287 977 lex

1306 1006 1378 1026 non
1407 993 1585 1035 iustificet,
1610 996 1669 1026 sed
1694 995 1736 1028 sit
1762 995 2000 1028 testimonium
2024 995 2288 1029 iustificationis-

1307 1043 1490 1083 Secundo,
1526 1057 1657 1077 novum
1685 1047 1888 1078 mandatum
1914 1052 1979 1086 est,
2015 1045 2095 1090 quia
2124 1045 2288 1088 praecipit

1307 1096 1349 1127 de
1373 1096 1494 1135 corde,
1522 1093 1611 1128 nihil
1628 1097 1672 1128 de
1690 1097 1840 1129 externis
1856 1096 1982 1129 ritibus
1999 1103 2056 1129 aut
2071 1095 2290 1134 ceremoniis,

1307 1146 1405 1190 quasi
1435 1147 1484 1178 sic
1515 1146 1662 1179 diceret:
1700 1147 1768 1180 Lex
1799 1147 1963 1189 alligabat
1992 1146 2217 1180 dilectionem
2245 1147 2287 1178 ad

1265 1224 1270 1231 .
1306 1203 1416 1229 certas
1447 1197 1680 1236 ceremonias,
1713 1209 1775 1240 ego
1800 1198 2007 1241 simpliciter
2031 1197 2222 1241 praecipio,
2252 1203 2290 1229 ut

1307 1247 1396 1280 fiatis
1428 1247 1546 1280 omnia
1583 1249 1766 1286 omnibus,
1799 1248 1962 1290 gentibus
1985 1255 2123 1291 gentes,
2156 1246 2291 1279 ludaeis

1308 1297 1445 1338 Iudaei3
1481 1305 1618 1341 praeter
1641 1296 1846 1332 charitatem
1870 1297 1961 1332 nihil
1986 1298 2104 1342 exigo,
2127 1305 2165 1331 ut
2186 1295 2291 1331 Rom.

1304 1347 1425 1382 XHL:
1462 1347 1556 1381 Haec
1586 1355 1636 1382 est
1665 1361 1800 1383 summa
1824 1350 1927 1393 legis,
1964 1349 2071 1393 dilige
2094 1347 2292 1392 proximum

1307 1406 1406 1432 tuum
1435 1398 1523 1432 sicut
1556 1399 1739 1443 teipsum.
1807 1399 1947 1439 Tertio,
1983 1397 2176 1443 pharisaica
2202 1397 2291 1431 ratio

1306 1449 1472 1493 intelligit
1503 1449 1612 1491 legem
1644 1451 1686 1482 de
1717 1447 1887 1484 charitate
1912 1457 2047 1484 tantum
2073 1451 2116 1483 de
2141 1448 2292 1482 externis

1305 1500 1453 1540 officiis,
1480 1511 1553 1532 non
1577 1503 1619 1533 de
1642 1500 1830 1534 dilectione
1854 1501 1981 1534 cordis.
2035 1497 2082 1533 Et
2105 1501 2220 1544 quoad
2236 1499 2290 1532 lex

1280 1585 1281 1591 ἵ
1306 1551 1404 1583 litera
1428 1556 1565 1584 tantum
1587 1558 1656 1588 est,
1686 1548 1752 1584 hoc
1769 1558 1834 1592 est,
1863 1551 1980 1596 quoad
1999 1562 2016 1583 a
2033 1562 2136 1583 carne
2154 1556 2289 1583 tantum

1307 1601 1535 1645 intelligitur,
1564 1609 1662 1635 vetus
1681 1602 1827 1635 verbum
1844 1609 1893 1636 est
1910 1601 2036 1635 veteris
2050 1598 2206 1634 hominis
2229 1606 2292 1634 etc.

1280 1651 1365 1686 §Fit
1392 1659 1508 1686 autem
1540 1664 1672 1685 novum
1706 1653 1850 1686 verbum
1883 1665 1961 1686 cum
1994 1652 2162 1685 innovato
2195 1650 2290 1684 cordi

1307 1704 1545 1748 praedicatur,
1572 1703 1653 1747 quia
1671 1703 1739 1736 iam
1756 1704 1858 1737 aliter
1874 1703 2101 1746 intelligitur,
2129 1702 2231 1735 aliter
2246 1701 2293 1740 fit,

1306 1767 1410 1799 quam
1454 1754 1718 1795 intelligebatur
1756 1761 1813 1787 aut
1849 1754 1953 1788 fiebat
1982 1761 2061 1787 aute
2091 1752 2293 1785 innovatio-

1306 1818 1384 1838 nem
1402 1804 1433 1851 ῃ)
1459 1817 1518 1838 seu
1547 1805 1847 1838 illuminationem
1874 1805 1999 1839 cordis.
2063 1803 2131 1837 Lex
2158 1813 2294 1847 semper

1306 1863 1355 1889 est
1387 1856 1504 1893 litera,
1540 1857 1650 1889 donec
1683 1856 1903 1890 illuminetur
1932 1867 1994 1900 per
2017 1854 2187 1899 Spiritum
2213 1865 2292 1886 san-

1305 1915 1410 1942 ctum.

1575 1991 1627 2026 Ul
1655 1989 1828 2037 diligatis
1856 1991 2016 2025 invicem.

1405 2056 1585 2091 Cliaritate
1611 2071 1682 2091 nou
1705 2059 1886 2097 simulata,
1913 2064 1945 2091 et
1973 2057 2018 2090 ita
2038 2061 2075 2089 ut
2093 2067 2154 2098 ego
2175 2052 2292 2087 humi-

1280 2145 1282 2155 ι
1306 2109 1387 2141 liavi
1415 2121 1468 2142 me
1494 2109 1583 2141 iufra
1608 2121 1680 2144 vos.
1735 2107 1777 2142 Et
1798 2110 1832 2141 in
1851 2106 1917 2141 hoc
1935 2113 2143 2149 cognoscent
2161 2117 2294 2144 omnes,

1309 2160 1341 2193 id
1361 2167 1422 2197 cst,
1448 2157 1514 2192 lior.
1533 2161 1597 2193 erit
1618 2160 1858 2193 testimonium
1879 2157 2134 2193 iustificationis
2151 2163 2295 2191 vestrae.

1363 2242 1448 2290 Quo
1470 2256 1534 2290 ego
1558 2243 1670 2280 rado.
1706 2257 1777 2278 non
1801 2249 1900 2291 poles
1925 2254 1978 2277 me
2003 2245 2110 2277 modo
2131 2240 2244 2289 sequi·

1411 2313 1670 2347 Gravissimum
1702 2315 1898 2358 exemplum
1928 2311 2189 2346 confirmandae
2213 2310 2292 2343 fidei

1312 2363 1474 2408 Apostoli
1506 2377 1540 2397 se
1569 2366 1660 2409 ipsos
1685 2372 1964 2408 proposuerunt.
1997 2364 2086 2396 sicut
2110 2368 2141 2394 et
2164 2360 2293 2394 Paulus

1282 2429 1285 2483 Λ
1310 2415 1423 2459 inquit
1436 2441 1445 2455 ,
1474 2427 1508 2448 se
1524 2428 1732 2449 conversum
1751 2428 1842 2452 esse.
1871 2422 1907 2448 ut
1924 2421 2008 2447 esset
2027 2411 2224 2455 exemplum
2241 2412 2294 2451 iis,

1308 2467 1367 2510 qui
1393 2467 1558 2500 credituri
1585 2474 1708 2500 esseut.
1767 2466 1936 2507 Arguitur
1955 2465 1989 2497 iu
2013 2463 2191 2507 Apostoli:
2207 2462 2293 2496 alias

1283 2522 1285 2554 ᾗ
1308 2517 1522 2555 dissidentia,
1557 2519 1641 2550 alias
1664 2517 1880 2559 ignorantia,
1914 2517 1999 2549 alias
2022 2515 2100 2547 alia.
2161 2513 2220 2548 Sic
2243 2521 2292 2547 est

1282 2577 1285 2613 ,¹
1308 2580 1449 2601 cernere
1481 2575 1512 2601 et
1539 2569 1736 2602 comitatem
1760 2566 1913 2606 Christi,
1948 2565 2130 2600 tolerantis
2153 2571 2290 2609 peecata

1342 2686 1371 2711 9)
1394 2687 1486 2709 Socer.
1508 2686 1731 2709 invocationem:
1760 2692 1791 2708 ex
1813 2685 1917 2709 iuni-into.
