2409 2915
251 93 348 130 1159

251 191 312 214 sua
337 175 592 212 resurrectione
614 173 734 214 docet,
762 181 914 208 mortem
932 185 1005 207 esse
1021 179 1234 217 evacuatam,

252 231 311 264 sed
342 229 444 262 etiam
475 225 554 260 aliis
583 224 842 260 resuscitandis,
904 222 990 258 Item
1021 223 1175 258 ostendit
1198 223 1236 256 in

251 280 330 314 aliis
365 276 621 312 calamitatibus
658 272 841 315 humanis,
881 281 1004 320 utpote
1031 275 1074 309 de
1105 274 1238 319 inopia,

252 327 380 364 Matth.
394 327 492 362 XVI.
510 328 552 361 de
570 326 690 361 oblitis
707 326 857 370 panibus
875 333 936 360 etc.
989 324 1129 364 Tertio,
1157 337 1236 358 cum

252 381 316 415 ait:
351 379 447 413 Haec
472 378 658 412 infirmitas
681 389 755 411 non
781 383 831 411 est
853 377 897 410 ad
922 383 1089 417 mortem,
1115 377 1175 410 sed
1199 382 1238 409 ut

252 431 467 475 glorificetur
497 429 590 463 filius
617 427 683 462 Dei
713 440 774 473 per
803 428 936 471 ipsam,
969 427 1023 460 lex
1055 428 1104 461 sic
1133 426 1239 460 sentit

252 494 325 516 esse
339 492 482 526 poenas,
508 478 671 515 Christus
684 486 805 513 contra
820 478 1054 512 instrumenta
1069 489 1140 512 esse
1157 489 1238 522 pro-

253 533 417 573 nunciat,
453 531 584 577 quibus
614 529 830 574 glorificetur
860 529 970 563 Deus.
1031 527 1118 562 Vult
1145 528 1238 561 enim

254 582 442 629 glorificari
480 583 518 616 in
556 588 674 615 nostra
705 580 907 614 infirmitate
938 580 1105 613 adversus
1136 578 1240 612 sortia

253 634 397 674 mundi3
428 635 458 667 1.
473 632 555 668 Cor.
571 632 612 668 l.:
642 631 742 675 Quae
766 631 871 666 stulta
896 637 978 664 sunt
996 630 1121 664 mundi
1138 629 1242 672 elegit

253 684 367 726 Deus,
398 691 437 718 ut
467 684 662 718 confundat
693 682 886 727 sapientes,
919 689 952 716 et
977 681 1115 714 infirma
1140 680 1242 723 elegit

254 734 362 770 huius
385 735 509 769 mundi
527 741 591 768 etc.
647 731 757 767 Vides
780 733 906 777 igitur,
932 744 1069 765 crucem
1095 743 1167 764 esse
1185 731 1242 763 in-

255 793 491 821 strumentum
522 785 654 829 gloriae
678 782 758 818 Dei.
819 783 974 817 Proinde
1005 794 1093 827 quae
1116 782 1243 827 cuique

256 850 340 871 crux
366 849 430 882 pro
455 848 519 871 sua
541 835 723 870 vocatione
746 833 814 868 Dei
828 833 860 881 ⁴²)
885 833 1046 876 imposita
1071 839 1140 873 est,
1168 844 1241 865 eam

256 889 305 922 sic
335 888 424 922 ferat
456 895 623 933 tauquam
648 886 923 920 instrumentum
949 896 1018 929 quo
1044 883 1087 917 sit
1111 883 1243 926 glorifi-

256 940 389 973 candus
411 937 508 972 Deus
540 944 573 971 et
597 937 729 971 serviat
758 947 840 969 suae
864 934 1060 972 vocationi,
1094 941 1127 968 et
1151 933 1244 967 oculi

257 991 332 1024 eius
356 996 449 1024 recta
476 989 638 1026 videant,
675 987 710 1020 id
737 993 804 1027 est,
830 993 923 1020 recta
948 992 1068 1030 pergat
1092 997 1155 1018 nec
1183 985 1243 1018 de-

257 1041 364 1075 clinet
387 1040 431 1073 ad
452 1051 511 1078 ea,
546 1050 635 1084 quae
664 1049 768 1071 carne
792 1037 971 1071 videntur.
1025 1035 1181 1079 Quarto,
1208 1035 1244 1068 id

257 1104 330 1125 non
362 1091 419 1131 fit,
451 1089 520 1123 nisi
543 1089 772 1135 praecedente
795 1085 956 1128 Christo,
991 1098 1054 1120 ceu
1079 1087 1245 1120 columna

257 1141 363 1176 nubis
382 1147 414 1175 et
431 1140 533 1185 ignis,
558 1140 581 1176 i.
594 1152 621 1174 e.
637 1139 706 1173 nisi
724 1139 831 1173 verbo
840 1136 973 1172 Christi
990 1137 1098 1171 fueris
1113 1144 1246 1171 erectus

258 1200 290 1227 et
319 1192 515 1234 animatus,
547 1198 587 1226 ut
619 1190 768 1230 sentias,
802 1197 836 1224 te
867 1189 998 1234 gloriae
1020 1188 1088 1222 Dei
1113 1189 1246 1222 instru-

259 1251 417 1278 mentum
443 1255 527 1277 esse.
580 1240 663 1276 Non
688 1241 817 1286 poteris
841 1242 990 1281 durare,
1015 1240 1098 1285 quia
1116 1237 1174 1273 hic
1192 1239 1248 1272 di-

259 1296 320 1329 cit:
350 1292 425 1338 Ego
442 1305 518 1328 sum
535 1293 743 1327 resurrectio
761 1299 792 1326 et
808 1292 878 1326 vita
891 1319 900 1333 ,
926 1291 985 1336 qui
1003 1291 1114 1324 credit
1130 1291 1165 1323 in
1183 1302 1249 1330 me,

259 1346 363 1380 etiam
388 1345 417 1379 si
442 1352 603 1379 mortuus
628 1344 754 1381 fuerit,
782 1343 886 1378 vivet.
938 1339 1038 1375 Nihil
1065 1339 1122 1374 hic
1148 1341 1249 1381 ratio,

260 1395 351 1430 nihil
369 1408 474 1440 opera
489 1393 643 1429 humana
661 1394 828 1427 efficiunt.
867 1392 1018 1436 Quinto,
1045 1403 1124 1425 earo
1142 1403 1247 1436 quae-

262 1448 327 1489 rit,
361 1457 534 1492 quaenam
564 1445 634 1478 sint
664 1445 755 1477 bona
780 1455 904 1488 opera.
938 1455 1011 1476 non
1037 1442 1249 1486 intelligens,

262 1497 325 1532 has
354 1497 579 1536 afflictiones,
615 1495 786 1528 divinitus
810 1494 912 1526 nobis
937 1493 1137 1537 impositas,
1170 1504 1250 1525 vere

261 1550 354 1583 bona
381 1559 485 1591 opera
505 1558 595 1586 esse,
622 1557 730 1591 quum
750 1545 816 1577 fide
834 1545 1007 1578 seruntur.
1059 1543 1250 1587 Propterea

263 1600 361 1643 fingit
387 1598 500 1631 varias
526 1598 654 1630 formas
678 1596 769 1629 vitae
791 1596 945 1638 neglecta
971 1594 1155 1628 vocatione
1178 1599 1252 1634 ete„

266 1652 332 1683 iam
366 1647 450 1688 hoc,
487 1649 555 1681 iam
588 1647 677 1680 illud
711 1647 862 1680 orditur.
921 1645 980 1680 Sic
1007 1645 1101 1678 enim
1136 1645 1252 1690 inquit

264 1701 401 1735 Esaias:
430 1697 568 1734 Omnes
586 1697 790 1733 erravimus.

368 1767 493 1807 Sexto,
519 1777 654 1800 summa
677 1775 893 1798 summarum
920 1760 986 1796 hoc
1004 1763 1073 1806 agit
1090 1760 1254 1796 Christus

268 1820 387 1859 verbo,
415 1831 484 1863 quo
502 1817 671 1861 promissa
689 1824 739 1849 est
756 1816 843 1855 vita3
872 1825 935 1857 ego
952 1826 1028 1847 suin
1045 1814 1254 1848 resurrectio

268 1879 300 1905 et
325 1871 415 1907 vita,
443 1876 493 1903 est
516 1868 675 1902 additum
700 1866 942 1901 testimonium
968 1865 1161 1898 resuscitati
1188 1865 1255 1898 La-

270 1922 359 1960 zari,
391 1927 430 1953 ut
462 1920 550 1953 sicut
578 1919 676 1951 vides
701 1917 943 1950 resuscitatum
970 1928 1042 1949 esse
1072 1915 1256 1955 Lazarum,

271 1974 318 2006 ita
344 1968 436 2004 nihil
458 1970 618 2008 dubites,
641 1969 728 2013 quin
753 1968 908 2001 eiusdem
929 1967 1025 1999 verbi
1048 1967 1200 2009 potentia
1219 1974 1256 2000 tu

270 2034 410 2068 quoque
434 2022 480 2054 sis
504 2019 764 2054 resuscitandus
787 2025 819 2051 et
847 2018 1057 2056 servandus,
1091 2029 1159 2061 qna
1185 2017 1257 2061 ipse

269 2082 319 2108 est
343 2079 511 2107 servatus.
563 2071 655 2105 Sunt
680 2077 795 2102 autem
814 2076 846 2102 et
864 2069 1006 2101 aflectus
1022 2066 1154 2102 Christi
1172 2081 1256 2102 con—

271 2124 476 2171 syderandi,
512 2129 550 2155 ut
583 2122 665 2154 inde
697 2120 915 2153 voluntatem
951 2119 1024 2152 eius
1059 2131 1257 2162 cognoscas.

271 2176 429 2210 Primum
450 2175 521 2218 ipse
537 2173 630 2206 ultro
649 2171 734 2205 abiit
753 2172 788 2203 in
808 2169 971 2204 Iudaeam
985 2195 993 2205 .
1021 2172 1179 2204 nondum
1200 2183 1257 2204 ro-

271 2235 369 2270 gatus
395 2238 413 2259 a
440 2223 668 2257 mulierculis.
723 2221 905 2259 Secundo,
939 2233 1018 2254 cum
1045 2223 1086 2253 ad
1112 2222 1256 2254 mulier-

272 2279 366 2312 culas
390 2275 568 2321 pervenit.
594 2275 662 2307 iam
681 2274 781 2312 illae,
809 2285 870 2306 ceu
887 2273 1065 2316 desperata
1084 2285 1140 2315 re,
1168 2271 1256 2305 nihil

273 2336 408 2373 petunt.
478 2326 622 2365 Tertio,
664 2331 906 2358 commovetur
937 2323 1059 2356 acerba
1090 2331 1120 2357 et
1153 2322 1255 2356 velie-

273 2380 381 2413 menti
405 2379 530 2411 affectu
555 2389 632 2409 cum
650 2376 680 2420 ³)
704 2375 947 2416 indignatione.
965 2375 1115 2419 quadam
1134 2376 1255 2407 adver-

274 2443 330 2465 sus
354 2442 499 2470 regnum
524 2428 647 2462 mortis
673 2435 704 2460 et
730 2426 1034 2460 commisi-ratione
1053 2426 1182 2461 nostri.
1213 2427 1257 2458 ita

275 2490 310 2515 ut
335 2480 583 2525 laclirymetur.
644 2480 800 2521 Quarto,
833 2478 957 2509 iterun»
984 2477 1181 2520 interpellat
1206 2477 1257 2508 in-

275 2533 514 2566 credulitatem
531 2527 704 2565 Marthae.
760 2526 930 2561 Matthaei
947 2526 1024 2565 IX„
1052 2540 1130 2561 cum
1146 2525 1258 2561 arclii-

308 2684 336 2706 2.
361 2683 408 2707 lm
436 2684 506 2704 tvm-r
531 2692 544 2701 ι.
564 2682 620 2704 Τιιι.
735 2681 765 2706 ΖΙ)
785 2678 892 2710 affectu
911 2681 990 2707 cum]
1009 2679 1076 2704 Tub.
1097 2677 1227 2710 affectuu-

835 86 963 122 PHlL.
989 85 1107 122 MEL.
1133 83 1341 122 SCRIPTA
1367 82 1667 121 EXEGETICA.

2174 81 2274 118 1140

1288 171 1456 218 synagogi
1478 171 1587 205 filiam
1612 169 1794 204 suscitaret
1806 192 1816 207 ,
1839 167 2020 202 ridebatur
2034 166 2138 201 etiam
2155 178 2174 200 a
2188 166 2274 201 tibi-

1289 222 1448 262 cinibus‚
1481 222 1516 255 id
1543 228 1614 262 est,
1640 219 1838 254 Pharisaeis
1859 226 1893 253 et
1912 218 2058 253 Scribis.
2125 216 2274 260 Quinto,

1291 274 1392 307 docet
1408 273 1499 317 ipse,
1525 284 1588 306 cur
1604 269 1690 305 haec
1706 271 1825 305 omnia
1839 270 1943 308 fiant,
1971 269 2044 303 scil.
2061 275 2100 302 ut
2116 269 2274 302 credere-

1289 332 1368 365 tur,
1395 324 1552 368 adeoque
1570 329 1609 356 ut
1625 323 1930 356 confundarentur
1948 319 2122 354 increduli
2140 325 2174 354 et
2191 329 2276 353 con-

1290 375 1515 408 firmarentur
1533 373 1727 408 credentes.

1419 472 1489 507 De
1510 470 1730 522 ferendis
1763 469 2150 520 afflictionibus.

1395 539 1436 574 In
1460 540 1652 574 afflictione
1675 545 1735 573 aut
1757 538 1907 572 sentitur
1930 550 2028 572 amor
2044 535 2130 576 Dei,
2158 543 2218 570 aut
2236 536 2281 569 de

1293 591 1475 626 voluntate
1492 589 1557 624 Dei
1580 602 1660 634 erga
1678 600 1742 623 nos
1759 589 1951 623 dubitatur.
2003 587 2164 622 Sentitur
2182 597 2282 620 amor

1292 642 1381 685 Dei,
1407 654 1486 675 cum
1509 641 1578 674 fide
1597 641 1700 674 erecti
1719 640 1891 673 sentimus
1907 639 2000 672 bona
2018 639 2197 672 voluntate
2212 635 2282 671 Dei

1294 704 1360 727 nos
1382 692 1530 733 tentari,
1557 702 1806 736 speramusque
1825 691 1920 728 fore,
1947 696 1986 722 ut
2003 700 2065 733 pro
2082 688 2283 722 misericor-

1295 744 1352 777 dia
1370 755 1431 777 sua
1449 743 1675 777 afflictionem
1694 742 1790 775 finiat
1808 748 1917 785 pater,
1943 740 2038 774 iuxta
2052 736 2283 773 Psalm.XC.:

1296 794 1477 838 Quoniam
1501 794 1538 826 in
1565 805 1619 826 me
1644 792 1814 836 speravit,
1841 791 1998 824 liberabo
2023 801 2114 825 eum.
2163 788 2210 823 Et
2228 787 2283 832 iis,

1296 845 1357 891 qui
1381 845 1428 879 sic
1451 844 1628 884 sentiunt,
1654 843 1803 877 tentatio
1825 853 1898 875 non
1924 849 1975 875 est
1999 840 2158 876 tentatio.
2211 838 2283 873 Ne-

1297 909 1364 941 que
1398 907 1480 928 vero
1511 894 1672 939 cognosci
1705 894 1799 927 bona
1830 892 1994 926 voluntas
2019 897 2130 936 potest
2155 890 2222 923 nisi
2247 890 2284 922 in

1297 945 1459 987 Christo,
1487 943 1555 978 hoc
1578 951 1649 986 est,
1676 944 1745 978 nisi
1769 944 1874 977 corde
1897 954 1959 987 per
1981 943 2128 975 verbum
2152 940 2285 985 gratiae

1298 995 1429 1033 Christi
1453 997 1659 1030 confirmato
1681 1002 1744 1030 etc.
1797 992 1973 1034 Econtra‚
2007 992 2066 1038 qui
2091 993 2134 1026 de
2157 992 2286 1025 volun-

1298 1055 1369 1083 tate
1385 1047 1453 1081 Dei
1477 1060 1555 1091 erga
1575 1059 1610 1080 se
1627 1046 1811 1086 dubitant,
1838 1042 1874 1077 hi
1895 1055 1969 1077 non
1988 1044 2106 1077 serunt
2123 1043 2190 1076 fide
2208 1049 2286 1076 ten—

1299 1099 1490 1139 tationem,
1515 1098 1741 1142 sentiuntque
1767 1095 1913 1140 perinde
1936 1101 2039 1140 atque
2061 1094 2128 1133 illi,
2160 1089 2287 1127 Ezech.

1300 1149 1414 1185 Vlll.:
1442 1149 1522 1183 Non
1542 1148 1636 1182 videt
1655 1159 1719 1180 nos
1734 1147 1912 1186 dominus,
1940 1144 2128 1190 dereliquit
2147 1150 2290 1183 terram,

1299 1201 1363 1236 ubi
1380 1201 1548 1235 dominus
1566 1199 1679 1243 arguit
1697 1197 1997 1243 desperabundOS.

1427 1301 1610 1341 Domine,
1645 1312 1748 1348 quem
1774 1311 1901 1341 amas,
1938 1294 2164 1343 infirmatur.

1404 1370 1699 1404 Muliercularum
1732 1365 1799 1401 hoc
1830 1367 1907 1400 loco
1937 1366 2082 1399 affectus
2107 1362 2162 1397 hic
2186 1362 2292 1397 fuisse

1304 1422 1459 1455 videtur:
1496 1419 1666 1458 Domine,
1701 1419 1782 1463 quia
1807 1428 1921 1457 amas,
1948 1417 2028 1449 ideo
2053 1425 2179 1449 servas.
2233 1412 2292 1448 Sic

1303 1485 1382 1506 curn
1413 1471 1518 1505 sentit
1550 1471 1650 1510 fides,
1685 1469 1766 1514 quia
1798 1474 1891 1501 amat
1921 1473 2019 1510 pater
2042 1466 2221 1504 futurum,
2254 1470 2292 1497 ut

1304 1535 1375 1556 non
1396 1524 1542 1556 deserat.

1420 1611 1633 1659 Infit-milas
1656 1609 1745 1645 haec
1771 1622 1843 1645 non
1868 1614 1918 1644 est
1942 1605 1996 1643 ad
2019 1611 2180 1642 mortem.

1408 1683 1508 1718 Haec
1534 1694 1624 1716 nova
1651 1693 1716 1714 vox
1740 1687 1789 1714 est
1816 1690 1907 1713 nova
1932 1676 2166 1722 praedicatio,
2200 1675 2296 1710 iuxta

1307 1735 1363 1776 id,
1405 1735 1501 1780 quod
1540 1733 1613 1777 ipse
1651 1732 1749 1765 dicit:
1792 1729 1968 1773 Pauperes
2002 1726 2297 1771 evangelizantur.

1307 1786 1538 1829 Evangelium
1563 1791 1612 1818 est
1628 1782 1800 1816 eiusmodi
1820 1779 2051 1824 praedicatio,
2078 1789 2168 1823 quae
2187 1778 2299 1817 docet,

1309 1837 1529 1876 afflictiones,
1552 1841 1794 1883 paupertatem
1811 1838 1874 1865 etc.
1889 1842 1962 1864 esse
1977 1830 2210 1863 instrumenta
2222 1828 2298 1871 glo—

1309 1889 1381 1922 riae
1390 1887 1469 1928 Dei,
1495 1898 1568 1920 non
1585 1884 1881 1918 maledictionem.
1924 1880 1994 1915 Lex
2009 1881 2110 1914 docet
2126 1890 2198 1913 esse
2215 1890 2299 1923 poe-

1310 1951 1372 1973 nas
1397 1946 1429 1973 et
1455 1937 1720 1971 maledictiones
1743 1940 1890 1968 mortem
1917 1938 1951 1965 et
1969 1930 2088 1964 omnia
2107 1929 2217 1963 tristia
2234 1936 2298 1963 etc.

1309 1989 1472 2025 Christus
1487 1988 1626 2022 sublata
1645 1987 1718 2029 lege
1736 1990 1846 2018 mutat
1868 1993 1996 2027 poenas
2013 1981 2049 2014 in
2067 1981 2300 2014 instrumenta

1310 2041 1452 2080 salutis,
1481 2046 1513 2072 et
1540 2044 1653 2071 morte
1675 2036 1783 2070 vincit
1806 2040 1976 2072 mortem,
2003 2032 2085 2077 quia
2111 2030 2185 2064 vult
2204 2029 2300 2064 Deus

1310 2091 1514 2125 infirmitate
1545 2095 1663 2122 nostra
1691 2088 1857 2120 adversus
1887 2083 1990 2117 fortia
2015 2081 2140 2116 mundi
2166 2081 2298 2124 glorifi-

1311 2143 1400 2181 cari,
1446 2143 1477 2177 1.
1498 2136 1662 2174 Corinth.
1686 2137 1712 2173 l.
1755 2134 1850 2180 Ergo
1874 2134 1975 2168 dicit:
2006 2131 2053 2167 Ut
2085 2132 2300 2175 glorificetur

1311 2194 1404 2227 tilius
1422 2192 1490 2227 Dei
1515 2203 1576 2236 per
1599 2202 1677 2223 eum
1690 2215 1698 2229 ‚
1726 2189 1748 2224 i.
1764 2200 1792 2221 e.
1816 2193 1855 2221 ut
1874 2185 2102 2220 confirmetur
2118 2183 2202 2217 fides
2219 2193 2299 2218 cre-

1311 2245 1490 2285 dentium,
1517 2250 1549 2277 et
1568 2240 1833 2276 confundantur
1849 2235 2036 2271 increduli.

1425 2335 1530 2372 Tunc
1552 2332 1697 2383 quidem
1720 2331 1858 2367 mansit
1883 2329 1922 2364 in
1947 2326 2068 2363 eodem
2095 2326 2184 2362 Ioco.

1416 2405 1486 2440 Sed
1510 2404 1610 2444 vide,
1636 2401 1817 2448 quomodo
1839 2398 1909 2442 agit
1927 2393 2086 2431 Christus
2110 2407 2188 2428 turn
2209 2395 2299 2428 asni-

1313 2465 1380 2492 cto.
1444 2456 1554 2490 Audit
1578 2458 1833 2497 aegrotantem,
1866 2460 1929 2482 nec
1958 2447 2110 2480 festinat.
2163 2445 2299 2479 Deinde

1314 2510 1379 2543 iter
1404 2507 1602 2550 ingreditur
1629 2505 1781 2549 primum
1804 2500 1865 2534 ubi
1892 2498 2074 2541 intelligit.
2107 2497 2299 2530 extinctum

1313 2572 1384 2594 csse
1403 2559 1586 2593 Lazarum.
1641 2554 1717 2588 Hoc
1739 2559 1787 2586 est
1801 2580 1809 2591 ,
1835 2551 1929 2597 quod
1949 2549 2080 2583 Paulus
2097 2546 2200 2583 Rom.
2220 2545 2301 2582 ΧΙΙ.

1316 2612 1409 2644 iubet
1444 2611 1615 2644 instanter
1640 2617 1760 2642 orare.
1796 2604 1830 2636 id
1855 2609 1925 2640 est,
1959 2601 1986 2635 si
2011 2612 2082 2633 non
2105 2609 2299 2643 consequa—

1315 2675 1393 2696 mur
1419 2662 1534 2696 subito
1559 2661 1592 2693 id
1616 2658 1708 2705 quod
1732 2655 1952 2701 quaerimus,
1979 2664 2050 2685 non
2067 2652 2299 2694 desperemus,
