2409 2915
128 135 183 170 37

231 219 329 254 Haec
345 219 463 253 omnia
480 222 514 252 et
528 218 615 251 facta
631 224 735 259 sunt,
762 224 796 252 et
814 218 903 252 fiunt
927 230 945 250 a
963 217 1037 251 Deo
1063 217 1107 250 li-

126 270 298 309 berrime,
325 277 360 304 et
374 269 515 315 quidem
532 269 574 301 ad
591 265 685 302 hunc
703 269 825 307 finem,
854 276 891 303 ut
918 269 988 302 sint
1012 268 1108 302 testi-

126 322 245 355 monia
259 347 267 361 ‚
295 321 388 365 quod
408 319 452 353 sit
469 317 584 360 Deus,
610 326 644 353 et
659 321 756 364 quod
773 320 818 353 sit
832 319 972 363 sapiens
994 327 1026 353 et
1043 320 1107 353 bo-

127 384 193 406 nus
210 371 372 406 conditor
394 376 427 402 et
447 370 642 405 ordinator.
672 374 683 379 s
697 369 780 404 ldeo
798 371 930 416 inquit:
960 369 1108 415 Propter

128 435 199 457 sese
216 421 374 456 condidit
389 419 495 454 Deus.

226 487 295 522 Sed
331 488 503 522 obiiciunt
536 485 706 531 Epicurei
741 488 852 521 multa
888 488 1107 522 inordinata:

124 539 213 574 Cum
241 537 336 572 Deus
360 539 443 572 velit
466 539 648 579 ordinem,
675 539 770 572 unde
794 545 876 572 sunt
900 539 1008 580 mala,
1035 550 1108 572 sce-

123 590 194 623 lera
214 597 247 624 et
264 589 504 623 calamitates?
554 589 754 634 Respondit
773 589 943 624 Salomon
958 591 1000 623 de
1024 601 1106 633 poe-

123 641 194 674 nis:
225 639 299 674 Imo
323 648 356 674 et
379 652 513 684 poenae
535 640 736 674 testimonia
762 648 842 674 sunt
859 642 902 674 de
916 639 1107 685 proxiiden-

123 691 182 730 tia,
206 698 245 725 ut
262 691 458 725 universale
475 698 543 731 est,
572 690 714 725 Atrocia
732 691 858 725 delicta
876 692 995 736 puniri
1012 699 1106 726 atro-

122 743 221 776 cibus
246 744 388 787 poenis,
421 743 524 776 etiam
555 743 593 775 in
621 740 685 776 hac
715 743 804 782 vita,
836 743 930 776 iuxta
955 743 1105 776 dictum:

123 792 196 836 Qui
219 794 375 837 gladium
401 794 590 838 acceperit,
623 794 740 837 gladio
764 793 903 836 peribit.
957 792 1002 827 Et
1024 793 1106 826 uni-

123 845 314 885 versaliter,
343 844 444 878 Mors
460 851 493 879 et
509 856 631 878 omnes
646 845 858 878 calamitates
874 851 956 878 sunt,
973 855 1106 889 poenae
1124 857 1127 861 ·

122 897 253 941 peccati
278 896 459 940 originalis
497 903 531 929 et
556 896 708 929 aliorum
737 903 979 940 peccatorum,
1010 895 1105 927 iuxta

122 948 255 981 dictum
277 946 396 981 Pauli:
431 946 499 980 Per
529 953 709 990 peccatum
746 958 841 979 mors
871 946 1013 979 intravit
1040 952 1106 978 etc.

121 997 258 1033 Interea
279 996 346 1031 hoc
370 1009 492 1031 verum
515 1004 582 1038 est,
609 996 723 1031 Deum
740 1009 804 1029 nec
820 998 927 1040 velle,
951 1008 1014 1029 nec
1032 996 1105 1028 esfi-

122 1062 217 1089 cere,
235 1061 298 1082 nec
316 1049 509 1093 approbare
528 1055 707 1092 peccatum
720 1072 728 1086 ‚
745 1048 802 1080 sed
823 1055 1006 1092 postquam
1024 1059 1106 1090 pro-

121 1101 197 1145 pria
214 1101 375 1134 libertate
396 1098 558 1133 homines
578 1099 679 1131 abusi
696 1105 796 1138 sunt,
822 1098 1036 1142 conspicitur
1051 1098 1104 1131 iu-

121 1152 218 1185 sticia
245 1150 310 1185 Dei
344 1152 380 1183 in
414 1148 480 1183 hoc
511 1150 654 1189 ordine,
688 1150 783 1194 quod
811 1161 873 1194 per
896 1161 1042 1194 poenam
1067 1147 1106 1182 fit

121 1202 370 1247 compensatio.

225 1276 276 1311 Ac
291 1276 455 1322 Syntaxis
481 1277 519 1309 in
537 1277 644 1309 verbo
662 1272 773 1308 Facit
796 1276 1016 1308 observanda
1044 1283 1103 1309 est.

121 1328 201 1362 Non
221 1329 314 1360 enim
332 1328 432 1360 dicit:
463 1326 560 1360 Facit
578 1327 726 1371 impium
739 1354 748 1367 ,
765 1328 823 1359 sed
844 1327 987 1359 additur
1003 1339 1104 1370 prae-

121 1380 295 1412 dicatum:
324 1377 423 1412 Facit
446 1379 488 1411 ad
506 1378 599 1411 diem
618 1378 768 1418 malum,
796 1378 830 1410 id
849 1384 916 1418 est,
945 1390 1023 1410 eum
1043 1378 1103 1422 qui

120 1430 251 1474 impius
276 1437 342 1468 est,
376 1441 522 1473 peccans
549 1442 623 1463 non
653 1429 792 1462 volente
816 1428 911 1469 Deo,
944 1429 1036 1473 rapit
1060 1430 1102 1461 ad

120 1493 283 1526 poenam.
345 1479 382 1513 ld
417 1493 557 1526 quoque
588 1480 832 1523 providentiae
863 1480 1102 1513 testimonium

121 1539 188 1573 est,
200 1539 241 1566 ut
256 1544 335 1565 cum
350 1532 428 1565 dico
439 1559 448 1573 ‚
463 1531 650 1565 statuarius
665 1531 747 1564 sacit
767 1543 806 1563 ex
823 1543 998 1564 marmore
1015 1531 1104 1574 figu—

120 1595 195 1617 ram
217 1581 422 1616 Alexandri.
476 1582 544 1615 Hic
569 1582 758 1615 statuarius
786 1593 858 1613 non
884 1582 995 1625 gignit
1011 1594 1102 1614 mar-

122 1646 220 1678 mor,
248 1634 306 1667 sed
327 1634 458 1677 figurae
480 1633 671 1666 fabricator
695 1639 763 1672 est,
788 1632 834 1664 ita
852 1631 948 1665 Deus
971 1644 1105 1677 nequa-

122 1697 228 1729 quam
252 1691 301 1717 est
328 1695 429 1716 causa
454 1684 662 1726 impietatis,
698 1684 757 1715 sed
790 1683 914 1716 ordine
948 1683 1104 1716 iusticiae

124 1735 228 1777 punit
243 1747 281 1767 ac
298 1734 446 1767 destruit
462 1734 621 1778 impium.

224 1806 313 1840 Tota
333 1807 440 1849 igitur
454 1805 538 1839 haec
556 1806 727 1838 sententia
745 1805 1038 1838 commonefactio
1057 1812 1107 1838 est

122 1860 165 1892 de
182 1857 430 1897 Providentia,
458 1863 491 1889 et
515 1863 635 1890 monet
659 1863 699 1889 ut
721 1867 966 1899 agnoscamus,
992 1855 1106 1889 Deum

122 1910 231 1943 libere
249 1909 363 1941 facere
381 1914 414 1941 et
429 1919 637 1941 conservare
653 1918 707 1939 res
727 1908 849 1947 bonas,
876 1913 909 1939 et
927 1907 1108 1939 liberrime

123 1960 267 2004 punire,
292 1960 387 1993 iuxta
412 1959 504 1992 dicta
528 1957 620 1992 Psal.
646 1958 723 1993 32:
758 1957 809 1991 De
835 1958 931 1990 coelo
960 1958 1109 2001 respexit

121 2011 316 2050 Dominus,
343 2010 433 2043 vidit
449 2020 573 2042 omnes
592 2009 682 2042 filios
703 2006 888 2042 hominum
905 2015 968 2043 etc.
1019 2008 1108 2041 Psal.

122 2063 199 2096 61.:
227 2061 285 2095 Tu
305 2061 423 2095 reddis
440 2060 633 2105 unicuique
653 2060 748 2093 iuxta
766 2071 871 2103 opera
892 2071 965 2095 sua.

937 2126 948 2139 U

175 2158 414 2194 Abominatio
429 2156 595 2191 Domino
620 2163 670 2191 est
698 2157 816 2191 omnis
832 2156 1008 2203 superbus
1035 2168 1110 2189 cor-

228 2209 288 2250 de,
318 2221 378 2243 nec
393 2209 458 2243 erit
479 2208 682 2255 impunitus
694 2237 702 2251 ,
729 2208 878 2242 etiamsi
894 2208 959 2242 erit
976 2220 1110 2240 manus

229 2260 285 2296 ad
297 2273 460 2296 manum.

226 2345 365 2380 Citatur
381 2351 414 2378 et
430 2344 545 2377 Lucae
566 2343 621 2377 16.
640 2340 706 2376 boc
721 2343 873 2376 dictum:
902 2341 1007 2385 Quod
1028 2342 1111 2374 sub-

125 2399 208 2432 lime
226 2405 275 2431 est
292 2397 385 2430 inter
402 2394 583 2435 homines,
599 2394 816 2426 abominatio
832 2401 882 2428 est
899 2391 1112 2426 coramDeo.

124 2448 172 2483 Et
197 2448 373 2483 Siracides
398 2447 531 2491 inquit:
568 2443 698 2479 Omnis
731 2445 863 2492 peccati
889 2444 1032 2476 initium
1064 2450 1115 2476 est

126 2500 302 2544 superbia.
355 2498 423 2532 Hic
441 2497 665 2530 definitiones
689 2496 888 2538 cogitentur
911 2507 1015 2538 supra
1041 2501 1113 2527 tra-

126 2552 236 2592 ditae,
274 2557 307 2583 et
334 2549 604 2583 considerentur
627 2547 782 2590 exempla
808 2546 982 2579 contraria
1007 2544 1115 2578 Iona—

127 2601 208 2637 thae
231 2608 265 2636 et
289 2599 439 2634 Antonii
463 2598 674 2632 Triumviri.
735 2595 782 2631 Et
804 2609 940 2640 semper
969 2596 1006 2629 in
1031 2609 1116 2630 con-

130 2660 248 2702 spectu
265 2653 413 2685 dictum:
443 2650 537 2684 Deus
563 2649 725 2698 superbis
748 2649 895 2688 resistit,
921 2645 1116 2681 humilibus

130 2711 243 2738 autem
262 2704 319 2737 dat
340 2703 499 2747 gratiam.

554 133 596 166 X.
648 129 952 167 EXPLICATlO
979 100 1393 166 PROVERBtORUM
1419 130 1722 169 SALOMONIS.

2102 143 2149 176 38

1213 211 1483 248 Illisericordia
1513 222 1543 250 et
1574 218 1722 253 veritate
1751 221 1924 266 expiatur
1955 223 2147 272 iniquitas,

1263 269 1294 298 et
1311 265 1438 298 timore
1455 264 1618 301 Domini
1632 268 1807 305 receditur
1822 285 1846 305 a
1866 273 1975 310 malo.

1258 339 1422 385 Repetita
1451 348 1502 376 est
1532 344 1728 378 admonitio
1763 349 1805 381 de
1834 350 2039 385 discrimine
2071 355 2146 386 cul-

1160 396 1284 431 tuum,
1311 398 1350 425 ut
1367 403 1472 436 supra
1496 393 1534 425 in
1550 394 1658 427 dicto:
1689 394 1841 431 Victima
1866 401 2059 445 impiorum
2083 405 2146 438 ab·

1160 441 1342 475 ominatio.
1394 441 1442 477 Et
1468 440 1581 477 Oseae
1598 444 1649 478 9.:
1678 445 1868 482 Scientiam
1888 449 2033 486 Domini
2053 455 2144 493 voto,

1161 504 1235 525 non
1278 490 1483 527 holocausta
1523 501 1557 528 et
1592 496 1887 541 misericordiam,
1930 514 2003 535 non
2039 506 2145 538 sacri-

1159 542 1288 578 ficium.
1340 542 1476 577 Eodem
1493 546 1600 578 modo
1617 543 1674 579 hic
1692 548 1759 589 ait,
1788 561 1860 582 non
1885 562 1956 585 esse
1983 550 2143 588 homines

1159 593 1269 626 iustos
1295 602 1441 642 propter
1463 596 1651 637 sacrificia,
1678 599 1739 631 sed
1762 600 1790 632 si
1807 597 1961 636 habeant
1979 603 2141 638 timorem

1158 642 1244 684 Dei,
1272 645 1548 680 misericordiam
1573 654 1606 680 et
1621 649 1813 684 veritatem.
1870 650 1918 686 Et
1940 660 1990 687 est
2015 656 2141 689 usitata

1158 706 1294 728 summa
1322 697 1520 730 doctrinae:
1550 697 1668 731 Milita
1692 699 1821 733 bonam
1846 703 2029 743 militIam,
2058 707 2142 740 reti-

1158 757 1246 779 nens
1268 747 1372 780 fidem
1391 754 1424 780 et
1440 748 1568 780 bonam
1585 750 1848 786 conscientiam.

1259 796 1385 831 Timor
1409 799 1557 831 Domini
1588 799 1758 842 significat
1791 814 1909 836 veram
1941 807 2141 840 conversio-

1158 859 1239 882 nem
1266 849 1310 880 ad
1333 847 1469 889 Deum,
1502 850 1540 882 in
1568 862 1635 894 qua
1661 858 1710 885 est
1732 852 1839 886 timor
1865 861 1897 888 et
1921 855 2024 897 fides,
2051 857 2140 892 sicut

1158 898 1245 932 alibi
1261 911 1362 942 saepe
1386 911 1543 942 expresse
1558 901 1689 935 dicitur
1705 903 1747 935 de
1763 901 1842 937 fide.

1261 947 1404 982 Plirasis
1433 951 1558 984 usitata
1583 949 1731 986 Ebraeis
1762 960 1830 994 est,
1871 956 1914 988 de
1941 957 2074 991 sincera
2107 966 2139 992 et

1159 1012 1231 1033 non
1255 1000 1374 1034 fucosa
1396 1001 1585 1034 dilectione
1610 1013 1689 1044 erga
1714 1001 1893 1046 homines,
1917 1015 1955 1041 ut
1975 1007 2139 1042 Ionatbas

1158 1051 1240 1084 facit
1259 1051 1536 1085 misericordiam
1559 1060 1592 1086 et
1617 1053 1798 1087 veritatem
1823 1068 1901 1089 cum
1919 1057 2075 1100 Davide,
2103 1061 2138 1093 id

1158 1109 1225 1142 est,
1249 1102 1421 1136 benefacit
1452 1103 1501 1143 ei,
1537 1110 1568 1136 et
1593 1103 1760 1145 fideliter,
1794 1106 1869 1139 sine
1903 1109 2140 1152 simulatione,

1158 1160 1191 1186 et
1216 1160 1417 1186 constanter
1439 1150 1507 1186 hoc
1532 1154 1626 1188 facit.
1680 1155 1738 1189 Sic
1762 1156 1854 1190 infra
1872 1159 2002 1193 dicitur
2026 1162 2138 1209 capite

1157 1203 1232 1238 20.:
1262 1203 1507 1237 Misericordia
1527 1211 1559 1238 et
1575 1206 1702 1239 veritas
1720 1208 1923 1243 custodiunt
1946 1223 2078 1254 regem,
2108 1222 2139 1247 et

1157 1255 1302 1288 fulcitur
1318 1255 1500 1288 clementia
1517 1256 1644 1289 solium
1671 1257 1763 1297 eius,
1791 1258 1823 1290 id
1845 1266 1912 1299 est,
1942 1263 2139 1295 beneficen—

1158 1306 1205 1338 tia
1231 1313 1263 1339 et
1289 1306 1439 1339 fidelitas
1465 1313 1546 1340 sunt
1563 1308 1661 1339 nervi
1679 1315 1711 1340 et
1732 1308 1882 1356 imperii.
1937 1311 2003 1345 Sed
2032 1314 2059 1346 si
2083 1312 2139 1347 hic

1157 1356 1367 1399 intelligitur
1391 1358 1517 1391 veritas
1546 1369 1624 1401 erga
1657 1357 1788 1400 Deum,
1823 1361 1994 1403 significat
2023 1376 2138 1397 veram

1157 1408 1373 1451 agnitionem
1393 1408 1481 1450 Dei,
1508 1421 1597 1454 quae
1621 1416 1670 1442 est
1689 1409 1783 1445 fides.

1210 1503 1409 1539 Divinatio
1429 1505 1466 1538 in
1485 1504 1600 1539 labiis
1618 1507 1732 1552 regis,
1759 1507 1796 1540 in
1823 1506 1960 1542 iudicio
1986 1522 2058 1543 non
2083 1509 2143 1544 de—

1261 1556 1400 1604 linquet
1419 1570 1459 1591 os
1476 1556 1564 1592 eius.
1619 1555 1770 1591 Pondus
1792 1564 1822 1591 e!
1847 1564 1986 1593 statera
2005 1559 2143 1595 iudicia

1260 1606 1423 1641 Domini
1452 1613 1558 1652 sunl,
1598 1620 1686 1656 opus
1719 1609 1794 1642 eius
1826 1611 1950 1644 omnia
1980 1611 2143 1659 pondera

1263 1658 1394 1693 lancis.

1236 1731 1431 1765 Haecdicta
1450 1731 1640 1775 affirmant,
1659 1739 1770 1767 totum
1783 1735 1962 1777 politicum
1974 1738 2146 1778 ordinem,

1161 1783 1405 1825 Magistratus,
1442 1782 1551 1825 teges,
1588 1784 1852 1817 distinctionem
1889 1787 2146 1829 dominiorum,

1161 1840 1380 1870 contractus,
1408 1833 1557 1871 iudicia,
1586 1845 1732 1877 poenas,
1761 1847 1832 1868 esse
1855 1849 1959 1879 opera
1984 1840 2145 1872 ordinata

1161 1884 1226 1919 Dei
1251 1883 1419 1926 sapientia
1445 1883 1482 1915 in
1507 1895 1634 1925 genere
1659 1882 1826 1919 humano.
1881 1886 1926 1920 Et
1944 1900 2146 1935 quanquam

1163 1934 1295 1968 diaboli
1319 1941 1351 1967 et
1377 1931 1539 1967 homines
1565 1936 1685 1968 multis
1716 1933 1946 1971 horribilibus
1969 1940 2148 1975 furoribus

1163 1987 1308 2020 turbant
1326 1982 1419 2017 hunc
1439 1985 1617 2027 ordinem,
1646 1993 1761 2020 tamen
1787 2001 1830 2021 ne
1855 1989 2014 2023 funditus
2037 1992 2148 2024 extin-

1164 2043 1290 2081 guatur
1314 2047 1423 2077 genus
1449 2033 1663 2077 humanum,
1690 2038 1823 2083 aliquid
1852 2041 1986 2083 politici
2013 2043 2149 2076 ordinis

1164 2088 1340 2131 reliquum
1366 2094 1496 2120 manet.
1557 2087 1596 2120 Id
1628 2088 1777 2122 sciamus
1806 2091 1991 2124 efficaciter
2022 2106 2038 2125 a
2071 2095 2147 2127 Deo

1165 2139 1383 2178 conservari,
1412 2138 1500 2171 sicut
1520 2145 1550 2171 et
1571 2139 1696 2173 Daniel
1714 2140 1845 2185 inquit:
1874 2141 1966 2175 Deus
1984 2145 2146 2177 transfert

1166 2198 1197 2223 et
1214 2188 1348 2222 stabilit
1367 2200 1483 2232 regna.
1536 2188 1676 2223 Deinde
1694 2202 1772 2223 cum
1792 2193 2034 2234 cognoscimus
2051 2196 2147 2227 ordi-

1166 2253 1244 2274 nem
1271 2240 1454 2284 politicum
1480 2239 1546 2273 Dei
1576 2252 1663 2284 opus
1689 2253 1778 2280 csse,
1807 2256 1962 2277 ornemus
1988 2257 2086 2284 eum,
2117 2254 2147 2279 et

1166 2292 1255 2326 tueri
1282 2291 1411 2323 nostris
1434 2291 1556 2324 officiis
1581 2292 1800 2332 studeamus,
1829 2301 1860 2327 et
1886 2296 2039 2328 modeste
2067 2310 2148 2340 pro-

1166 2350 1242 2391 pter
1258 2341 1373 2375 Deum
1389 2342 1420 2374 ei
1437 2343 1661 2383 obediamus,
1689 2350 1721 2375 et
1731 2343 1804 2376 Deo
1821 2348 2057 2379 conservatori
2073 2359 2150 2389 gra-

1167 2395 1231 2427 tias
1247 2404 1407 2435 agamus,
1434 2400 1465 2426 et
1482 2394 1629 2426 sciamus
1644 2394 1778 2427 furores
1795 2395 2017 2428 diabolorum
2036 2404 2067 2430 et
2086 2396 2150 2430 lio-

1168 2446 1323 2482 minum,
1352 2444 1413 2488 qui
1437 2445 1578 2477 turbant
1608 2445 1789 2487 politicum
1814 2447 1993 2485 ordinem,
2028 2449 2151 2491 displi—

1168 2508 1244 2530 cere
1260 2495 1332 2528 Deo
1346 2519 1354 2531 ‚
1382 2495 1469 2527 sicut
1487 2501 1558 2528 tota
1578 2492 1664 2528 haec
1682 2496 1840 2529 doctrina
1860 2497 1963 2540 longa
1982 2500 2151 2533 concione

1169 2548 1212 2581 ad
1231 2546 1414 2580 Romanos
1435 2545 1490 2580 13.
1509 2546 1685 2580 recitatur.

1271 2596 1338 2629 Sed
1365 2609 1471 2641 quare
1497 2597 1598 2630 dicit:
1626 2594 1826 2630 Divinatio
1852 2597 1889 2629 in
1910 2596 2022 2632 labiis
2049 2600 2154 2645 regis,

1172 2649 1210 2681 in
1235 2644 1368 2681 iudicio
1386 2659 1458 2681 non
1476 2651 1572 2680 errat
1597 2658 1634 2679 os
1659 2645 1760 2679 eius?
1799 2647 2055 2695 Coniungenda
2074 2659 2154 2684 sunt

1172 2698 1255 2732 baec
1273 2701 1442 2733 membra.
1484 2698 1625 2781 {iftum
1643 2698 1801 2743 loquitur
1818 2700 1860 2733 de
1876 2699 1971 2744 Rege
1990 2709 2021 2735 et
2039 2704 2080 2734 de
2098 2701 2155 2734 lu-
