2409 2915
292 79 363 114 911

888 69 1014 107 PfflL.
1041 67 1157 106 MEL.
1181 67 1391 107 SCRIPTA
1416 68 1716 110 EXEGETICA.

2239 75 2315 113 912

297 164 436 198 animae
451 167 486 196 et
502 157 661 204 corporis
676 169 695 192 a
711 155 806 191 Filio
823 154 891 189 Dei
906 154 1010 189 nobis
1024 155 1156 190 donata
1172 156 1236 198 sit,
1251 162 1285 191 et
1306 158 1311 180 ¹
1334 157 1480 193 audiant
1495 159 1688 205 aequaliter
1702 169 1842 201 omnes,
1867 159 2062 195 adferentes
2075 161 2223 196 verbum
2236 158 2313 195 Dei.

300 214 496 249 libertatem
528 210 666 244 animae
699 207 890 252 accipimus
920 206 1024 240 etiam
1049 206 1088 239 in
1112 205 1178 240 hac
1202 207 1285 243 vita.

299 263 437 307 Corpus
466 273 549 295 vero
580 261 646 294 erit
680 259 830 292 liberum
860 269 878 290 a
899 257 1051 298 morbis,
1086 265 1216 299 morte,
1252 264 1286 291 et

303 314 470 348 omnibus
484 311 741 346 calamitatibus
758 315 836 354 post
851 305 943 341 hanc
960 307 1082 344 vitam.

628 418 769 473 Caput
806 417 970 459 XV111.

358 504 409 540 In
436 502 504 538 illo
531 508 685 550 tempore
711 503 934 535 accesserunt
961 495 1138 545 discipuli
1160 496 1214 532 ad
1228 496 1288 532 Ie-

404 568 484 590 sum
498 582 507 596 ,
535 552 706 588 dicentes:
733 550 829 598 Quis
846 549 1037 584 maximus
1055 554 1104 583 est
1122 549 1161 583 in
1180 560 1290 595 regno

409 605 586 640 coeloram
596 603 614 635 P

384 672 463 706 Hoc
487 677 590 715 caput
615 667 858 714 principaliter
881 666 1044 712 loquitur
1066 667 1108 699 de
1127 666 1290 700 ministe-

308 725 362 758 rio
378 722 584 765 Evangelii,
610 727 643 754 et
661 721 704 753 de
723 718 966 752 iurisdictione
990 719 1026 750 in
1043 715 1218 755 Ecclesia,
1248 717 1291 749 de

308 772 671 808 excommunicatione
693 776 725 803 et
748 769 954 803 remissione
978 773 1221 812 peccatorum,
1251 779 1290 801 ac

308 825 511 869 receptione
529 823 719 867 lapsorum.

411 874 652 918 Principium,
679 883 698 904 a
717 882 785 916 quo
803 869 962 913 pervenit
988 869 1030 901 ad
1055 867 1290 900 ministerium

310 925 518 969 Evangelii,
545 930 596 957 est
612 919 837 966 reprehensio
858 917 1031 952 humanae
1047 917 1227 962 opinionis
1248 918 1292 951 de

313 977 436 1022 politia
452 974 638 1009 Ecclesiae.
674 970 836 1014 Apostoli
855 970 991 1013 fingunt
1009 968 1199 1002 ‚Ecclesiam
1218 969 1292 1001 fore

311 1026 565 1071 rempublicam
596 1022 747 1056 similem
781 1032 908 1063 regno,
965 1027 1026 1053 aut
1060 1019 1138 1053 aliis
1168 1019 1292 1052 mundi

312 1077 484 1122 imperiis,
503 1076 565 1109 nbi
582 1075 652 1107 sint
668 1071 776 1106 futuri
796 1072 924 1115 gradus
941 1071 1119 1115 potentiae
1135 1070 1293 1113 etdigni-

313 1130 411 1168 tatis,
438 1126 566 1160 muniti
584 1124 790 1166 autoritate,
818 1122 945 1165 opibus
963 1128 995 1155 et
1011 1121 1136 1162 armis,
1168 1127 1207 1154 nt
1223 1133 1293 1158 rex,

313 1183 441 1219 duces,
479 1175 664 1221 praefecti,
691 1181 725 1208 et
743 1173 870 1206 deinde
888 1173 946 1206 alii
966 1172 1106 1216 gradus.
1158 1169 1204 1204 Et
1229 1169 1294 1205 hac

315 1229 485 1274 opinione
517 1233 652 1270 recepta
685 1225 850 1258 oriuntur
881 1223 1065 1257 ambitiosa
1090 1223 1295 1266 certamina,

315 1284 404 1315 sicut
426 1279 569 1325 quidam
589 1277 683 1320 Papa
708 1275 815 1313 dixit,
844 1275 962 1319 plures
985 1274 1027 1307 ad
1045 1273 1292 1307 Pontificatum

318 1330 538 1376 pervenisse,
564 1339 661 1361 more
677 1325 843 1364 Romuli,
869 1337 973 1369 quam
993 1336 1090 1357 more
1108 1323 1215 1358 Petri.

420 1385 591 1422 Prohibet
615 1386 721 1429 igitur
743 1385 780 1417 in
805 1383 917 1428 prima
939 1389 1055 1427 parte,
1089 1382 1126 1415 in
1143 1380 1297 1415 Ecclesia

319 1440 394 1474 fieri
418 1438 607 1483 imperium
630 1437 717 1476 tale,
762 1435 865 1479 quale
888 1441 938 1467 est
961 1432 1195 1477 Papisticum,
1236 1432 1298 1465 ubi

321 1501 478 1526 summus
494 1487 690 1533 Episcopus
715 1485 821 1519 sumit
845 1485 910 1518 sibi
935 1484 1178 1523 autoritatem,
1211 1483 1300 1516 sicut

320 1554 398 1579 rex,
434 1551 538 1583 supra
562 1539 664 1581 legeS.
718 1536 787 1571 Sed
808 1536 884 1569 vult
911 1535 1055 1568 verbum
1073 1532 1150 1567 Det·
1172 1532 1300 1567 habere

320 1602 492 1626 summam
517 1589 758 1626 autoritatem,
793 1586 866 1618 sive
891 1597 909 1618 a
935 1597 1064 1629 puero,
1098 1585 1170 1618 sive
1193 1597 1211 1617 a
1237 1585 1316 1628 po—'

320 1642 475 1677 tentibus
496 1640 672 1673 recitetur.
725 1636 773 1671 Et
788 1644 838 1670 est
862 1636 1118 1669 commendatio
1143 1647 1301 1669 commu-

321 1695 376 1728 nis
400 1691 586 1725 ministerii
613 1688 773 1723 omnium
802 1694 894 1720 recte
927 1686 1141 1720 docentium.
1203 1687 1300 1720 Dens

322 1745 398 1777 vult
419 1742 533 1775 audiri
562 1753 659 1774 suam
684 1751 803 1771 vocem
830 1739 864 1770 in
891 1745 962 1771 toto
985 1748 1110 1779 genere
1136 1735 1302 1777 humano,

323 1797 398 1829 sine
418 1799 576 1837 respectu
598 1801 826 1836 personarum
841 1815 848 1829 ‚
885 1789 957 1822 sive
981 1787 1196 1832 Episcopus,
1230 1789 1302 1821 sive

323 1846 511 1883 Sacerdos,
539 1843 610 1876 sive
632 1841 804 1875 Aedituus
823 1841 954 1874 doceat.
1008 1837 1176 1872 Prohibet
1197 1839 1302 1879 igitur

323 1896 442 1929 omnia
461 1893 649 1927 certamina
669 1891 916 1927 ambitionum,
935 1896 964 1922 et
983 1888 1147 1932 probibet
1165 1890 1300 1923 institui

325 1947 509 1990 Papatum.
571 1942 617 1976 Et
641 1940 802 1975 Christus
825 1938 915 1973 banc
940 1941 1071 1972 tristem
1097 1941 1301 1973 concionem

326 1997 476 2030 recitans
505 2001 626 2027 contra
643 1992 870 2025 ambitionem
891 1998 923 2024 et
941 1991 1099 2035 politicas
1120 1991 1303 2034 opiniones
1327 2002 1329 2006 ·

327 2047 464 2086 mundi,
483 2045 570 2078 vidit
589 2049 716 2081 mente,
733 2049 905 2087 quantum
926 2042 1006 2074 mali
1026 2041 1171 2075 ambitio
1188 2042 1304 2074 omni-

327 2100 394 2132 bus
411 2097 581 2131 aetatibus
597 2094 772 2133 attulerit,
795 2100 825 2126 ot
844 2093 992 2126 allatura
1006 2093 1060 2126 sit.

381 2163 433 2198 Et
451 2161 635 2197 advocans
653 2159 757 2194 Iesus
769 2159 987 2206 parvulum,
1020 2161 1150 2193 statm‘t
1169 2172 1245 2193 eum
1270 2160 1307 2193 in

430 2212 547 2247 medio
567 2225 706 2250 rorum,
743 2216 771 2244 e!
797 2208 914 2245 clm-it:
955 2210 1066 2245 Amen
1091 2211 1170 2245 diro
1196 2211 1309 2255 tobis,
1332 2221 1334 2226 ⁸

433 2265 509 2298 nisi
524 2276 600 2297 sons
612 2261 866 2310 ersisitert'lis,
893 2267 953 2297 rlr.

409 2332 454 2368 ΙΙ.
496 2331 562 2364 llic
598 2331 694 2363 locus
724 2330 944 2374 perspicuum
981 2330 1220 2363 testimonium
1251 2338 1310 2366 ost,

332 2387 424 2431 quod
449 2383 545 2428 put-ri
565 2382 599 2414 in
621 2379 772 2414 Ecclesia
799 2381 955 2424 placeant
975 2379 1060 2415 Deo.
1116 2380 1189 2412 lloc·
1215 2382 1310 2414 tosti,

332 2436 453 2469 monio
471 2433 718 2466 confirmemus
733 2432 835 2464 fidem
855 2432 890 2464 in
912 2432 1013 2464 uobis
1036 2433 1078 2464 de
1104 2433 1232 2465 nostris
1258 2433 1311 2465 in-

332 2487 499 2520 santibns.

435 2536 503 2568 Sed
528 2534 604 2566 idco
628 2533 770 2566 adducit
794 2545 962 2576 put-rum,
997 2539 1035 2565 nt
1060 2533 1179 2566 doceat
1205 2533 1310 2566 dist-i-

335 2588 435 2631 pnlos
453 2593 484 2619 et
504 2595 627 2617 omncs
653 2584 830 2617 ministros
853 2583 1053 2625 Evangelii,
1085 2591 1120 2617 ut
1148 2585 1213 2616 sint
1238 2585 1311 2616 sint*

333 2638 524 2671 ambitione
538 2663 546 2675 ,
571 2643 609 2668 ut
627 2636 736 2679 put-ri.
794 2634 963 2678 Praecipit
983 2635 1086 2668 ctiam
1105 2636 1255 2679 populo,
1275 2643 1312 2669 ut

1333 206 1382 242 Et
1404 209 1454 242 sic
1477 210 1571 244 tollit
1594 210 1756 254 politicas
1780 210 2069 254 imaginationes,
2101 218 2136 246 et
2159 218 2316 251 testatur,

1335 259 1432 304 quod
1457 260 1495 293 in
1511 258 1667 294 Ecclesia
1694 273 1768 295 non
1793 269 1943 305 regnent
1966 262 2096 306 gradus
2119 260 2318 304 hominum,

1334 310 1427 343 utin
1444 309 1621 354 imperiis,
1655 313 1718 346 sed
1735 312 1808 346 sola
1836 325 1903 346 vox
1919 310 2122 355 Evangelii,
2155 313 2228 346 sive
2251 312 2317 346 ali—

1336 360 1416 405 quis
1434 367 1579 394 vocetur
1594 359 1808 406 Episcopus,
1834 363 1907 396 sive
1925 362 2106 399 Sacerdos,
2159 361 2206 398 Et
2221 363 2318 408 quod

1336 408 1493 444 Ecclesia
1510 411 1555 445 sit
1573 411 1643 453 ibi,
1668 413 1732 446 ubi
1755 426 1821 447 vox
1838 412 2023 457 Evangelii
2047 421 2148 448 sonat
2171 421 2204 448 et
2228 413 2319 447 reci-

1337 461 1454 505 pitur,
1480 462 1553 495 sive
1565 462 1638 496 sint
1655 462 1706 497 ibi
1723 464 1867 498 nomina
1892 465 2123 509 dignitatum,
2148 465 2221 498 sive
2245 475 2320 498 non

1338 518 1422 546 stnt.

1443 560 1493 596 At
1509 569 1629 597 contra
1647 574 1784 608 semper
1793 562 1976 610 Synagoga
1992 571 2026 599 et
2035 564 2223 599 Pontifices
2234 575 2321 598 con-

1340 613 1529 647 tenderunt
1547 615 1640 658 apud
1657 626 1692 648 se
1708 625 1780 648 esse
1790 612 1979 649 Ecclesiam
1991 643 2001 658 ,
2028 623 2171 661 propter
2187 615 2320 656 titulos,

1341 670 1374 698 et
1389 664 1607 698 ordinariam
1627 665 1903 708 successionem,
1928 673 1968 700 ut
1987 673 2125 702 vocant.

1753 745 1917 771 Utilitas.

1682 787 1868 824 Discamus
1885 801 1984 833 ergo:

1397 837 1437 884 1)
1465 838 1562 881 Quid
1581 839 1626 873 sit
1639 837 1795 874 Ecclesia
1806 841 1822 873 ’ἓ

1392 891 1432 935 2)
1468 890 1574 932 Quod
1603 890 1838 925 ministerium
1871 891 1916 926 sit
1946 891 2206 932 venerandum,
2239 890 2325 925 etei

1447 941 1698 975 obediendum.

1394 989 1436 1037 3)
1463 990 1696 1025 Consolemur
1711 1002 1774 1024 nos
1798 999 1918 1026 contra
1943 991 2043 1032 illos,
2076 991 2137 1037 qui
2161 991 2326 1033 clamant,

1445 1054 1509 1075 nos
1527 1042 1692 1075 defecisse
1709 1042 1752 1075 ab
1770 1039 1943 1084 Ecclesia,
1969 1049 2033 1077 etc.

1396 1105 1473 1155 Qui
1497 1111 1617 1141 aulem
1642 1104 1954 1141 scandalizaverit
1979 1119 2090 1141 unum
2113 1104 2155 1141 de
2174 1106 2327 1155 pusillis

1448 1158 1549 1198 istis,
1584 1157 1713 1206 quiin
1738 1155 1809 1191 ᾹῙε
1830 1157 1996 1199 credunt,
2030 1156 2173 1205 expedit
2204 1159 2255 1201 ei,
2289 1164 2328 1193 ut

1448 1208 1549 1243 mola
1579 1208 1754 1242 asinaria
1778 1207 2026 1254 suspendatur
2049 1207 2086 1241 in
2115 1207 2210 1243 collo
2239 1211 2327 1252 eius,

1450 1265 1480 1294 et
1505 1258 1737 1305 demergatur
1760 1258 1798 1293 in
1815 1257 2045 1308 profundum
2069 1259 2196 1293 maris.

1595 1324 1676 1360 Vae
1695 1323 1832 1359 mundo
1849 1338 1872 1358 a
1887 1323 2094 1359 scandalis.

1426 1392 1488 1429 Ill.
1514 1392 1617 1426 Nunc
1633 1393 1792 1438 sequitur
1809 1393 1969 1426 doctrina
1987 1393 2030 1426 de
2048 1390 2242 1428 scandalo.

1324 1471 1327 1497 ι
1452 1443 1520 1478 llic
1537 1450 1694 1477 sumatur
1712 1455 1751 1476 ex
1765 1443 1850 1476 locis
1867 1443 2115 1477 communibus
2132 1444 2273 1480 divisio.

1453 1493 1563 1529 Aliud
1580 1501 1631 1527 est
1651 1493 1853 1527 scandalum
1872 1491 2126 1526 Pharisaicum.

1455 1543 1564 1578 Aliud
1597 1545 1717 1577 datum
1751 1544 1973 1581 scandalum,
2018 1544 2082 1580 OE'in
2113 1544 2240 1589 vntum
2269 1547 2333 1580 vni>

1352 1595 1495 1641 fd)cb1id)
1520 1596 1697 1640 OErgtmtiss,
1733 1595 1826 1639 quod
1863 1601 1913 1627 cst
1946 1594 2031 1627 salsa
2064 1595 2241 1635 doctrina,
2274 1607 2335 1631 seu

1352 1649 1484 1681 malum
1509 1647 1650 1691 aliquod
1676 1657 1783 1689 opus,
1819 1645 1917 1678 cuins
1947 1645 2096 1678 imitatio
2120 1653 2221 1679 nocet
2244 1647 2336 1681 aliis.

1354 1699 1419 1732 vel
1444 1706 1493 1732 est
1526 1698 1683 1730 medium
1715 1708 1821 1740 opus,
1862 1707 1934 1728 non
1964 1695 2093 1729 sactum
2127 1704 2337 1741 opportune.

1353 1751 1447 1795 quod
1467 1748 1595 1781 alienat
1612 1747 1810 1780 voluntates
1828 1745 2057 1779 imbecillittm
2074 1747 2118 1780 ab
2132 1745 2337 1791 Evangelio.

1456 1808 1663 1843 Recitcntur
1679 1818 1759 1849 crgo
1784 1805 1940 1849 regulae,
1979 1809 2067 1850 quae
2089 1806 2250 1840 scandala
2277 1819 2337 1841 ue-

1353 1872 1444 1893 cesse
1463 1860 1504 1892 sit
1523 1859 1645 1896 vitare,
1673 1865 1703 1890 et
1722 1868 1842 1890 rursus
1860 1856 1921 1888 nbi
1941 1855 1983 1889 sit
2000 1856 2230 1891 resistendum
2246 1855 2338 1892 Pha-

1354 1911 1491 1950 risaeis‚
1518 1909 1651 1943 etiamsi
1671 1909 1792 1941 dicunt
1810 1919 1844 1940 se
1862 1907 2010 1942 offendi.

1763 1996 1929 2031 Concio

1327 2021 1334 2191 h
1494 2058 1547 2093 de
1576 2058 1838 2104 ηοηαρὸηία
1865 2067 2019 2090 not-em
2046 2055 2214 2092 ουὶὁαε.

1461 2125 1641 2160 Ilecitctur
1664 2125 1877 2161 similitudo.
1907 2124 1994 2157 sicut
2020 2125 2056 2157 in
2076 2131 2170 2159 textu
2188 2125 2343 2170 ponitur.

1360 2177 1401 2211 lit
1429 2178 1640 2218 adiungatur
1677 2175 1851 2213 narratio,
1891 2187 1980 2219 quae.
2012 2182 2061 2209 est
2089 2175 2124 2208 in
2148 2177 2260 2220 capite
2288 2177 2343 2213 15.

1361 2229 1492 2266 Lucae,
1520 2230 1562 2261 de
1580 2239 1620 2260 eo
1637 2227 1695 2272 qui
1716 2227 1894 2259 inventam
1916 2237 2016 2259 ovem
2043 2226 2133 2260 tollit
2158 2227 2194 2260 in
2221 2225 2344 2261 hume-

1362 2293 1438 2313 rum
1463 2286 1527 2313 etc.

1465 2328 1524 2364 Est
1543 2334 1657 2362 autem
1674 2339 1808 2361 summa
1824 2324 1928 2360 buius
1943 2326 2198 2368 similitudinis,
2214 2329 2346 2363 doctri-

1336 2397 1337 2420 η
1363 2393 1406 2414 na
1433 2382 1474 2413 dt·
1497 2379 1724 2425 poenitentia.
1779 2376 1821 2411 Et
1851 2378 2043 2410 consol-itio
2069 2380 2257 2413 ostendens
2283 2393 2344 2414 vo-

1335 2426 1338 2487 ti
1366 2433 1534 2465 luntatcm
1557 2429 1640 2469 Dvi,
1670 2429 1763 2473 quod
1782 2429 1945 2461 antvnwr
1962 2429 2042 2462 volit
2070 2430 2246 2464 remittere
2267 2443 2346 2475 prc-

1336 2490 1338 2507 ¹
1363 2490 1457 2526 cata,
1486 2482 1590 2514 modo
1609 2487 1644 2513 nt
1666 2479 1874 2523 incipiamus
1893 2491 1990 2520 agere
2007 2480 2269 2523 poenitentiam.

1468 2531 1511 2566 Et
1544 2542 1685 2576 prot-sus
1709 2530 1869 2571 congruit
1898 2527 1981 2563 lia-*c
2006 2531 2120 2573 imago
2145 2542 2223 2565 cum
2254 2532 2347 2566 inra-

1338 2622 1339 2626 *
1365 2591 1503 2617 mento·v
1544 2582 1633 2614 Vivo
1655 2592 1739 2622 ogo.
1776 2580 1859 2613 nolo
1881 2588 2029 2614 mortem
2054 2582 2260 2624 peccatoris.
2286 2586 2346 2617 sed

1337 2633 1339 2651 ⁸
1364 2643 1400 2668 nt
1418 2639 1642 2668 convertatur
1658 2639 1690 2665 et
1710 2631 1814 2665 xivat.
