<?xml version="1.0" encoding="UTF-8"?>
<!DOCTYPE html PUBLIC "-//W3C//DTD XHTML 1.0 Transitional//EN"
    "http://www.w3.org/TR/xhtml1/DTD/xhtml1-transitional.dtd">
<html xmlns="http://www.w3.org/1999/xhtml" xml:lang="en" lang="en">
 <head>
  <title>
</title>
<meta http-equiv="Content-Type" content="text/html;charset=utf-8" />
  <meta name='ocr-system' content='tesseract 3.04.00' />
  <meta name='ocr-capabilities' content='ocr_page ocr_carea ocr_par ocr_line ocrx_word'/>
</head>
<body>
  <div class='ocr_page' id='page_1' title='image "./operaquaesupersu14melauoft/operaquaesupersu14melauoft_0167.png"; bbox 0 0 2409 2915; ppageno 0'>
   <div class='ocr_carea' id='block_1_1' title="bbox 0 0 62 2131">
    <p class='ocr_par' dir='ltr' id='par_1_1' title="bbox 0 0 62 2131">
     <span class='ocr_line' id='line_1_1' title="bbox 0 0 62 2131; baseline 0 0"><span class='ocrx_word' id='word_1_1' title='bbox 0 0 62 2131; x_wconf 95' lang='lat' dir='ltr'> </span> 
     </span>
    </p>
   </div>
   <div class='ocr_carea' id='block_1_2' title="bbox 121 98 740 139">
    <p class='ocr_par' dir='ltr' id='par_1_2' title="bbox 121 98 740 139">
     <span class='ocr_line' id='line_1_2' title="bbox 121 98 740 139; baseline -0.003 -5"><span class='ocrx_word' id='word_1_2' title='bbox 121 103 193 139; x_wconf 80' lang='lat'>517</span> <span class='ocrx_word' id='word_1_3' title='bbox 660 98 740 133; x_wconf 77' lang='grc' dir='ltr'>ΧΗ.</span> 
     </span>
    </p>
   </div>
   <div class='ocr_carea' id='block_1_3' title="bbox 120 181 1104 276">
    <p class='ocr_par' dir='ltr' id='par_1_3' title="bbox 120 181 1104 276">
     <span class='ocr_line' id='line_1_3' title="bbox 120 181 1104 229; baseline -0.003 -11"><span class='ocrx_word' id='word_1_4' title='bbox 120 199 200 226; x_wconf 78' lang='lat' dir='ltr'>rae,</span> <span class='ocrx_word' id='word_1_5' title='bbox 235 187 323 219; x_wconf 71' lang='lat' dir='ltr'>xitae</span> <span class='ocrx_word' id='word_1_6' title='bbox 357 193 514 226; x_wconf 84' lang='lat' dir='ltr'>nostrae,</span> <span class='ocrx_word' id='word_1_7' title='bbox 550 183 818 229; x_wconf 68' lang='lat' dir='ltr'>tranquillitati:</span> <span class='ocrx_word' id='word_1_8' title='bbox 853 182 933 216; x_wconf 84' lang='lat' dir='ltr'>Non</span> <span class='ocrx_word' id='word_1_9' title='bbox 960 181 1104 217; x_wconf 81' lang='lat' dir='ltr'>habebis</span> 
     </span>
     <span class='ocr_line' id='line_1_4' title="bbox 121 235 376 276; baseline 0.004 -6"><span class='ocrx_word' id='word_1_10' title='bbox 121 235 213 276; x_wconf 66' lang='lat' dir='ltr'>Deos</span> <span class='ocrx_word' id='word_1_11' title='bbox 232 237 376 271; x_wconf 79' lang='lat' dir='ltr'>alienos.</span> 
     </span>
    </p>
   </div>
   <div class='ocr_carea' id='block_1_4' title="bbox 254 350 975 403">
    <p class='ocr_par' dir='ltr' id='par_1_4' title="bbox 254 350 975 403">
     <span class='ocr_line' id='line_1_5' title="bbox 254 350 975 403; baseline -0.003 -9"><span class='ocrx_word' id='word_1_12' title='bbox 254 352 471 394; x_wconf 67' lang='lat' dir='ltr'>Dominio-a</span> <span class='ocrx_word' id='word_1_13' title='bbox 492 350 586 392; x_wconf 86' lang='lat'>1111.</span> <span class='ocrx_word' id='word_1_14' title='bbox 617 356 711 403; x_wconf 84' lang='lat' dir='ltr'>post</span> <span class='ocrx_word' id='word_1_15' title='bbox 742 350 975 392; x_wconf 76' lang='lat' dir='ltr'>Trinitatis.</span> 
     </span>
    </p>
   </div>
   <div class='ocr_carea' id='block_1_5' title="bbox 402 423 823 468">
    <p class='ocr_par' dir='ltr' id='par_1_5' title="bbox 402 423 823 468">
     <span class='ocr_line' id='line_1_6' title="bbox 402 423 823 468; baseline 0.002 -10"><span class='ocrx_word' id='word_1_16' title='bbox 402 423 633 468; x_wconf 83' lang='lat' dir='ltr'>Evangelium</span> <span class='ocrx_word' id='word_1_17' title='bbox 658 425 771 459; x_wconf 85' lang='lat' dir='ltr'>Lucae</span> <span class='ocrx_word' id='word_1_18' title='bbox 790 425 823 460; x_wconf 87' lang='lat'>6.</span> 
     </span>
    </p>
   </div>
   <div class='ocr_carea' id='block_1_6' title="bbox 167 496 1106 1611">
    <p class='ocr_par' dir='ltr' id='par_1_6' title="bbox 173 496 1104 939">
     <span class='ocr_line' id='line_1_7' title="bbox 173 496 1104 545; baseline -0.001 -12"><span class='ocrx_word' id='word_1_19' title='bbox 173 500 298 533; x_wconf 72' lang='lat' dir='ltr'>Estote</span> <span class='ocrx_word' id='word_1_20' title='bbox 323 511 406 544; x_wconf 74' lang='lat' dir='ltr'>ergo</span> <span class='ocrx_word' id='word_1_21' title='bbox 423 496 690 540; x_wconf 74' lang='lat' dir='ltr'>misericordes,</span> <span class='ocrx_word' id='word_1_22' title='bbox 715 498 808 532; x_wconf 80' lang='lat' dir='ltr'>sicut</span> <span class='ocrx_word' id='word_1_23' title='bbox 826 503 856 531; x_wconf 77' lang='lat' dir='ltr'>et</span> <span class='ocrx_word' id='word_1_24' title='bbox 872 503 977 545; x_wconf 83' lang='lat' dir='ltr'>paler</span> <span class='ocrx_word' id='word_1_25' title='bbox 994 503 1104 532; x_wconf 64' lang='lat' dir='ltr'>vester</span> 
     </span>
     <span class='ocr_line' id='line_1_8' title="bbox 219 546 1103 588; baseline 0 -5"><span class='ocrx_word' id='word_1_26' title='bbox 219 550 422 584; x_wconf 77' lang='lat' dir='ltr'>misericors</span> <span class='ocrx_word' id='word_1_27' title='bbox 439 554 499 585; x_wconf 77' lang='lat' dir='ltr'>est.</span> <span class='ocrx_word' id='word_1_28' title='bbox 553 546 682 583; x_wconf 74' lang='lat' dir='ltr'>Nolite</span> <span class='ocrx_word' id='word_1_29' title='bbox 699 547 880 588; x_wconf 77' lang='lat' dir='ltr'>iudicare,</span> <span class='ocrx_word' id='word_1_30' title='bbox 909 554 938 582; x_wconf 81' lang='lat' dir='ltr'>el</span> <span class='ocrx_word' id='word_1_31' title='bbox 954 562 1026 582; x_wconf 83' lang='lat' dir='ltr'>non</span> <span class='ocrx_word' id='word_1_32' title='bbox 1046 549 1103 583; x_wconf 83' lang='lat' dir='ltr'>iu-</span> 
     </span>
     <span class='ocr_line' id='line_1_9' title="bbox 220 598 1101 639; baseline -0.002 -4"><span class='ocrx_word' id='word_1_33' title='bbox 220 599 448 635; x_wconf 61' lang='lat' dir='ltr'>disubiminiz</span> <span class='ocrx_word' id='word_1_34' title='bbox 514 598 643 635; x_wconf 77' lang='lat' dir='ltr'>,lVolt&#39;lc</span> <span class='ocrx_word' id='word_1_35' title='bbox 675 598 930 639; x_wconf 76' lang='lat' dir='ltr'>condemnare,</span> <span class='ocrx_word' id='word_1_36' title='bbox 967 605 996 633; x_wconf 79' lang='lat' dir='ltr'>el</span> <span class='ocrx_word' id='word_1_37' title='bbox 1029 612 1101 634; x_wconf 85' lang='lat' dir='ltr'>non</span> 
     </span>
     <span class='ocr_line' id='line_1_10' title="bbox 219 649 1102 690; baseline -0.002 -5"><span class='ocrx_word' id='word_1_38' title='bbox 219 649 564 686; x_wconf 79' lang='lat' dir='ltr'>condemnabimini.</span> <span class='ocrx_word' id='word_1_39' title='bbox 618 649 827 690; x_wconf 73' lang='lat' dir='ltr'>Dinn&#39;uite,</span> <span class='ocrx_word' id='word_1_40' title='bbox 855 655 885 684; x_wconf 81' lang='lat' dir='ltr'>el</span> <span class='ocrx_word' id='word_1_41' title='bbox 901 649 1102 684; x_wconf 76' lang='lat' dir='ltr'>dimittetur</span> 
     </span>
     <span class='ocr_line' id='line_1_11' title="bbox 219 699 1100 742; baseline 0 -8"><span class='ocrx_word' id='word_1_42' title='bbox 219 701 331 736; x_wconf 67' lang='lat' dir='ltr'>robis.</span> <span class='ocrx_word' id='word_1_43' title='bbox 374 700 485 742; x_wconf 77' lang='lat' dir='ltr'>Date,</span> <span class='ocrx_word' id='word_1_44' title='bbox 513 706 543 735; x_wconf 83' lang='lat' dir='ltr'>et</span> <span class='ocrx_word' id='word_1_45' title='bbox 560 699 710 734; x_wconf 70' lang='lat' dir='ltr'>dabitur·</span> <span class='ocrx_word' id='word_1_46' title='bbox 727 701 837 737; x_wconf 64' lang='lat' dir='ltr'>vobis.</span> <span class='ocrx_word' id='word_1_47' title='bbox 875 699 1100 735; x_wconf 62' lang='lat' dir='ltr'>lilensuram</span> 
     </span>
     <span class='ocr_line' id='line_1_12' title="bbox 218 752 1101 800; baseline 0 -14"><span class='ocrx_word' id='word_1_48' title='bbox 218 752 351 787; x_wconf 83' lang='lat' dir='ltr'>bonam</span> <span class='ocrx_word' id='word_1_49' title='bbox 363 780 371 793; x_wconf 90' lang='lat'><em>‚</em></span> <span class='ocrx_word' id='word_1_50' title='bbox 400 752 614 800; x_wconf 76' lang='lat' dir='ltr'>confertam,</span> <span class='ocrx_word' id='word_1_51' title='bbox 642 756 672 785; x_wconf 84' lang='lat' dir='ltr'>el</span> <span class='ocrx_word' id='word_1_52' title='bbox 688 753 911 798; x_wconf 79' lang='lat' dir='ltr'>coagilatam</span> <span class='ocrx_word' id='word_1_53' title='bbox 930 757 959 785; x_wconf 82' lang='lat' dir='ltr'>et</span> <span class='ocrx_word' id='word_1_54' title='bbox 977 765 1101 800; x_wconf 80' lang='lat' dir='ltr'>super-</span> 
     </span>
     <span class='ocr_line' id='line_1_13' title="bbox 210 800 1100 851; baseline -0.001 -14"><span class='ocrx_word' id='word_1_55' title='bbox 210 803 384 851; x_wconf 82' lang='lat' dir='ltr'>fluentem</span> <span class='ocrx_word' id='word_1_56' title='bbox 401 800 541 836; x_wconf 79' lang='lat' dir='ltr'>dabunt</span> <span class='ocrx_word' id='word_1_57' title='bbox 560 803 598 836; x_wconf 86' lang='lat' dir='ltr'>in</span> <span class='ocrx_word' id='word_1_58' title='bbox 615 803 736 837; x_wconf 83' lang='lat' dir='ltr'>sinum</span> <span class='ocrx_word' id='word_1_59' title='bbox 755 808 918 837; x_wconf 67' lang='lat' dir='ltr'>vestrum.</span> <span class='ocrx_word' id='word_1_60' title='bbox 955 801 1100 837; x_wconf 85' lang='lat' dir='ltr'>Eadem</span> 
     </span>
     <span class='ocr_line' id='line_1_14' title="bbox 218 853 1101 902; baseline -0.001 -14"><span class='ocrx_word' id='word_1_61' title='bbox 218 854 348 901; x_wconf 70' lang='lat' dir='ltr'>quippe</span> <span class='ocrx_word' id='word_1_62' title='bbox 377 866 568 893; x_wconf 81' lang='lat' dir='ltr'>mensura,</span> <span class='ocrx_word' id='word_1_63' title='bbox 603 867 676 901; x_wconf 77' lang='lat' dir='ltr'>qua</span> <span class='ocrx_word' id='word_1_64' title='bbox 706 854 822 888; x_wconf 83' lang='lat' dir='ltr'>mensi</span> <span class='ocrx_word' id='word_1_65' title='bbox 840 853 1014 902; x_wconf 65' lang='lat' dir='ltr'>siler-itis,</span> <span class='ocrx_word' id='word_1_66' title='bbox 1048 866 1101 888; x_wconf 89' lang='lat' dir='ltr'>re-</span> 
     </span>
     <span class='ocr_line' id='line_1_15' title="bbox 218 904 540 939; baseline 0 -1"><span class='ocrx_word' id='word_1_67' title='bbox 218 906 410 938; x_wconf 61' lang='lat' dir='ltr'>metientur</span> <span class='ocrx_word' id='word_1_68' title='bbox 427 904 540 939; x_wconf 64' lang='lat' dir='ltr'>robis.</span> 
     </span>
    </p>

    <p class='ocr_par' dir='ltr' id='par_1_7' title="bbox 167 952 1106 1611">
     <span class='ocr_line' id='line_1_16' title="bbox 167 952 1106 1002; baseline -0.001 -13"><span class='ocrx_word' id='word_1_69' title='bbox 167 954 326 989; x_wconf 76' lang='lat' dir='ltr'>Dicebat</span> <span class='ocrx_word' id='word_1_70' title='bbox 353 960 473 988; x_wconf 81' lang='lat' dir='ltr'>aulem</span> <span class='ocrx_word' id='word_1_71' title='bbox 497 954 576 989; x_wconf 81' lang='lat' dir='ltr'>illis</span> <span class='ocrx_word' id='word_1_72' title='bbox 591 953 890 988; x_wconf 76' lang='lat' dir='ltr'>similitudinem:</span> <span class='ocrx_word' id='word_1_73' title='bbox 917 952 1106 1002; x_wconf 75' lang='lat' dir='ltr'>qunquid</span> 
     </span>
     <span class='ocr_line' id='line_1_17' title="bbox 215 1003 1102 1054; baseline -0.002 -14"><span class='ocrx_word' id='word_1_74' title='bbox 215 1011 329 1054; x_wconf 80' lang='lat' dir='ltr'>potest</span> <span class='ocrx_word' id='word_1_75' title='bbox 353 1018 471 1040; x_wconf 78' lang='lat' dir='ltr'>coecus</span> <span class='ocrx_word' id='word_1_76' title='bbox 489 1018 624 1040; x_wconf 79' lang='lat' dir='ltr'>coecum</span> <span class='ocrx_word' id='word_1_77' title='bbox 644 1003 791 1039; x_wconf 78' lang='lat' dir='ltr'>ducere?</span> <span class='ocrx_word' id='word_1_78' title='bbox 841 1003 976 1040; x_wconf 60' lang='lat' dir='ltr'>AVonne</span> <span class='ocrx_word' id='word_1_79' title='bbox 992 1004 1102 1039; x_wconf 85' lang='lat' dir='ltr'>ambo</span> 
     </span>
     <span class='ocr_line' id='line_1_18' title="bbox 219 1053 1100 1106; baseline 0 -16"><span class='ocrx_word' id='word_1_80' title='bbox 219 1057 258 1090; x_wconf 85' lang='lat' dir='ltr'>in</span> <span class='ocrx_word' id='word_1_81' title='bbox 268 1057 418 1106; x_wconf 62' lang='lat' dir='ltr'>foveam</span> <span class='ocrx_word' id='word_1_82' title='bbox 439 1055 601 1091; x_wconf 68' lang='lat' dir='ltr'>cadunt?</span> <span class='ocrx_word' id='word_1_83' title='bbox 650 1053 738 1090; x_wconf 86' lang='lat' dir='ltr'>Non</span> <span class='ocrx_word' id='word_1_84' title='bbox 755 1061 804 1090; x_wconf 80' lang='lat' dir='ltr'>est</span> <span class='ocrx_word' id='word_1_85' title='bbox 822 1054 1023 1102; x_wconf 81' lang='lat' dir='ltr'>discipulus</span> <span class='ocrx_word' id='word_1_86' title='bbox 1039 1069 1100 1090; x_wconf 82' lang='lat' dir='ltr'>su-</span> 
     </span>
     <span class='ocr_line' id='line_1_19' title="bbox 216 1106 1099 1155; baseline -0.001 -14"><span class='ocrx_word' id='word_1_87' title='bbox 216 1120 286 1155; x_wconf 81' lang='lat' dir='ltr'>pra</span> <span class='ocrx_word' id='word_1_88' title='bbox 332 1108 552 1154; x_wconf 77' lang='lat' dir='ltr'>magistrum</span> <span class='ocrx_word' id='word_1_89' title='bbox 591 1120 716 1140; x_wconf 79' lang='lat' dir='ltr'>suum:</span> <span class='ocrx_word' id='word_1_90' title='bbox 762 1106 942 1155; x_wconf 79' lang='lat' dir='ltr'>perfectus</span> <span class='ocrx_word' id='word_1_91' title='bbox 979 1111 1099 1140; x_wconf 82' lang='lat' dir='ltr'>aulem</span> 
     </span>
     <span class='ocr_line' id='line_1_20' title="bbox 218 1155 1104 1205; baseline -0.002 -13"><span class='ocrx_word' id='word_1_92' title='bbox 218 1158 336 1192; x_wconf 81' lang='lat' dir='ltr'>omnis</span> <span class='ocrx_word' id='word_1_93' title='bbox 353 1160 430 1197; x_wconf 79' lang='lat' dir='ltr'>erit,</span> <span class='ocrx_word' id='word_1_94' title='bbox 456 1159 550 1193; x_wconf 79' lang='lat' dir='ltr'>sisi!</span> <span class='ocrx_word' id='word_1_95' title='bbox 565 1158 657 1192; x_wconf 78' lang='lat' dir='ltr'>sicut</span> <span class='ocrx_word' id='word_1_96' title='bbox 673 1158 849 1204; x_wconf 78' lang='lat' dir='ltr'>magister</span> <span class='ocrx_word' id='word_1_97' title='bbox 865 1157 954 1192; x_wconf 80' lang='lat' dir='ltr'>eius.</span> <span class='ocrx_word' id='word_1_98' title='bbox 998 1155 1104 1205; x_wconf 78' lang='lat' dir='ltr'>Quid</span> 
     </span>
     <span class='ocr_line' id='line_1_21' title="bbox 218 1207 1100 1257; baseline -0.002 -14"><span class='ocrx_word' id='word_1_99' title='bbox 218 1214 337 1243; x_wconf 82' lang='lat' dir='ltr'>aulem</span> <span class='ocrx_word' id='word_1_100' title='bbox 365 1208 462 1243; x_wconf 65' lang='lat' dir='ltr'>vides·</span> <span class='ocrx_word' id='word_1_101' title='bbox 476 1210 661 1257; x_wconf 76' lang='lat' dir='ltr'>festucam</span> <span class='ocrx_word' id='word_1_102' title='bbox 687 1209 726 1241; x_wconf 87' lang='lat' dir='ltr'>in</span> <span class='ocrx_word' id='word_1_103' title='bbox 752 1207 854 1242; x_wconf 85' lang='lat' dir='ltr'>oculo</span> <span class='ocrx_word' id='word_1_104' title='bbox 873 1208 1013 1255; x_wconf 80' lang='lat' dir='ltr'>fratris</span> <span class='ocrx_word' id='word_1_105' title='bbox 1037 1208 1100 1249; x_wconf 83' lang='lat' dir='ltr'>tui,</span> 
     </span>
     <span class='ocr_line' id='line_1_22' title="bbox 218 1258 1100 1304; baseline 0.001 -12"><span class='ocrx_word' id='word_1_106' title='bbox 218 1259 356 1293; x_wconf 79' lang='lat' dir='ltr'>trabem</span> <span class='ocrx_word' id='word_1_107' title='bbox 389 1264 507 1292; x_wconf 80' lang='lat' dir='ltr'>antem</span> <span class='ocrx_word' id='word_1_108' title='bbox 540 1260 579 1291; x_wconf 83' lang='lat' dir='ltr'>in</span> <span class='ocrx_word' id='word_1_109' title='bbox 602 1259 752 1304; x_wconf 82' lang='lat' dir='ltr'>proprio</span> <span class='ocrx_word' id='word_1_110' title='bbox 783 1258 886 1291; x_wconf 81' lang='lat' dir='ltr'>oculo</span> <span class='ocrx_word' id='word_1_111' title='bbox 913 1271 987 1291; x_wconf 85' lang='lat' dir='ltr'>non</span> <span class='ocrx_word' id='word_1_112' title='bbox 1018 1271 1100 1293; x_wconf 83' lang='lat' dir='ltr'>con—</span> 
     </span>
     <span class='ocr_line' id='line_1_23' title="bbox 216 1306 1103 1356; baseline -0.002 -12"><span class='ocrx_word' id='word_1_113' title='bbox 216 1308 388 1344; x_wconf 75' lang='lat' dir='ltr'>sideras?</span> <span class='ocrx_word' id='word_1_114' title='bbox 440 1309 510 1343; x_wconf 73' lang='lat' dir='ltr'>Aul</span> <span class='ocrx_word' id='word_1_115' title='bbox 533 1307 712 1356; x_wconf 80' lang='lat' dir='ltr'>quomodo</span> <span class='ocrx_word' id='word_1_116' title='bbox 734 1312 832 1354; x_wconf 81' lang='lat' dir='ltr'>poles</span> <span class='ocrx_word' id='word_1_117' title='bbox 857 1306 1103 1356; x_wconf 80' lang='lat' dir='ltr'>diceresralri</span> 
     </span>
     <span class='ocr_line' id='line_1_24' title="bbox 216 1357 1101 1406; baseline 0 -13"><span class='ocrx_word' id='word_1_118' title='bbox 216 1365 291 1393; x_wconf 83' lang='lat' dir='ltr'>luo:</span> <span class='ocrx_word' id='word_1_119' title='bbox 335 1357 489 1399; x_wconf 79' lang='lat' dir='ltr'>Frater,</span> <span class='ocrx_word' id='word_1_120' title='bbox 531 1359 628 1401; x_wconf 81' lang='lat' dir='ltr'>sine,</span> <span class='ocrx_word' id='word_1_121' title='bbox 672 1358 814 1393; x_wconf 83' lang='lat' dir='ltr'>eiiciam</span> <span class='ocrx_word' id='word_1_122' title='bbox 838 1358 1024 1406; x_wconf 79' lang='lat' dir='ltr'><em>festucam</em></span> <span class='ocrx_word' id='word_1_123' title='bbox 1059 1357 1101 1393; x_wconf 82' lang='lat' dir='ltr'>de</span> 
     </span>
     <span class='ocr_line' id='line_1_25' title="bbox 218 1409 1100 1457; baseline -0.001 -12"><span class='ocrx_word' id='word_1_124' title='bbox 218 1409 321 1445; x_wconf 80' lang='lat' dir='ltr'>oculo</span> <span class='ocrx_word' id='word_1_125' title='bbox 344 1415 422 1449; x_wconf 79' lang='lat' dir='ltr'>luo,</span> <span class='ocrx_word' id='word_1_126' title='bbox 449 1415 478 1444; x_wconf 81' lang='lat' dir='ltr'>et</span> <span class='ocrx_word' id='word_1_127' title='bbox 504 1410 578 1457; x_wconf 80' lang='lat' dir='ltr'>ipse</span> <span class='ocrx_word' id='word_1_128' title='bbox 602 1410 640 1443; x_wconf 82' lang='lat' dir='ltr'>in</span> <span class='ocrx_word' id='word_1_129' title='bbox 665 1409 768 1444; x_wconf 83' lang='lat' dir='ltr'>oculo</span> <span class='ocrx_word' id='word_1_130' title='bbox 792 1415 853 1443; x_wconf 80' lang='lat' dir='ltr'>lito</span> <span class='ocrx_word' id='word_1_131' title='bbox 869 1409 1006 1444; x_wconf 81' lang='lat' dir='ltr'>trabem</span> <span class='ocrx_word' id='word_1_132' title='bbox 1027 1422 1100 1444; x_wconf 86' lang='lat' dir='ltr'>non</span> 
     </span>
     <span class='ocr_line' id='line_1_26' title="bbox 215 1459 1099 1508; baseline 0.002 -15"><span class='ocrx_word' id='word_1_133' title='bbox 215 1459 342 1496; x_wconf 65' lang='lat' dir='ltr'>u&#39;des?</span> <span class='ocrx_word' id='word_1_134' title='bbox 394 1460 619 1508; x_wconf 78' lang='lat' dir='ltr'>Hypocrita,</span> <span class='ocrx_word' id='word_1_135' title='bbox 655 1461 737 1495; x_wconf 76' lang='grc' dir='ltr'>εἰὶσε</span> <span class='ocrx_word' id='word_1_136' title='bbox 766 1460 925 1506; x_wconf 80' lang='lat' dir='ltr'>primum</span> <span class='ocrx_word' id='word_1_137' title='bbox 961 1461 1099 1495; x_wconf 77' lang='lat' dir='ltr'>trabem</span> 
     </span>
     <span class='ocr_line' id='line_1_27' title="bbox 216 1510 1099 1558; baseline 0.001 -12"><span class='ocrx_word' id='word_1_138' title='bbox 216 1511 257 1546; x_wconf 80' lang='lat' dir='ltr'>de</span> <span class='ocrx_word' id='word_1_139' title='bbox 285 1511 489 1553; x_wconf 74' lang='lat' dir='ltr'>oculatae,</span> <span class='ocrx_word' id='word_1_140' title='bbox 523 1517 553 1545; x_wconf 82' lang='lat' dir='ltr'>et</span> <span class='ocrx_word' id='word_1_141' title='bbox 579 1516 662 1546; x_wconf 79' lang='lat' dir='ltr'>lunc</span> <span class='ocrx_word' id='word_1_142' title='bbox 685 1510 873 1558; x_wconf 81' lang='lat' dir='ltr'>dispicies,</span> <span class='ocrx_word' id='word_1_143' title='bbox 908 1516 945 1546; x_wconf 80' lang='lat' dir='ltr'>ut</span> <span class='ocrx_word' id='word_1_144' title='bbox 974 1511 1099 1547; x_wconf 78' lang='lat' dir='ltr'>eiicias</span> 
     </span>
     <span class='ocr_line' id='line_1_28' title="bbox 205 1561 812 1611; baseline -0.002 -14"><span class='ocrx_word' id='word_1_145' title='bbox 205 1563 391 1611; x_wconf 76' lang='lat' dir='ltr'><em>festucam</em></span> <span class='ocrx_word' id='word_1_146' title='bbox 412 1561 453 1596; x_wconf 81' lang='lat' dir='ltr'>de</span> <span class='ocrx_word' id='word_1_147' title='bbox 470 1561 572 1597; x_wconf 79' lang='lat' dir='ltr'>oculo</span> <span class='ocrx_word' id='word_1_148' title='bbox 584 1562 726 1611; x_wconf 78' lang='lat' dir='ltr'>fratris</span> <span class='ocrx_word' id='word_1_149' title='bbox 746 1563 812 1599; x_wconf 78' lang='lat' dir='ltr'>lui.</span> 
     </span>
    </p>
   </div>
   <div class='ocr_carea' id='block_1_7' title="bbox 164 1628 724 1676">
    <p class='ocr_par' dir='ltr' id='par_1_8' title="bbox 164 1628 724 1676">
     <span class='ocr_line' id='line_1_29' title="bbox 164 1628 724 1676; baseline -0.004 -12"><span class='ocrx_word' id='word_1_150' title='bbox 164 1628 336 1676; x_wconf 78' lang='lat' dir='ltr'>Qualuor</span> <span class='ocrx_word' id='word_1_151' title='bbox 351 1638 433 1665; x_wconf 89' lang='lat' dir='ltr'>sunt</span> <span class='ocrx_word' id='word_1_152' title='bbox 451 1630 627 1674; x_wconf 80' lang='lat' dir='ltr'>praecipui</span> <span class='ocrx_word' id='word_1_153' title='bbox 646 1631 724 1663; x_wconf 89' lang='lat' dir='ltr'>loci.</span> 
     </span>
    </p>
   </div>
   <div class='ocr_carea' id='block_1_8' title="bbox 264 1695 1099 2146">
    <p class='ocr_par' dir='ltr' id='par_1_9' title="bbox 266 1695 893 1738">
     <span class='ocr_line' id='line_1_30' title="bbox 266 1695 893 1738; baseline -0.002 -8"><span class='ocrx_word' id='word_1_154' title='bbox 266 1698 293 1732; x_wconf 91' lang='lat' dir='ltr'>I.</span> <span class='ocrx_word' id='word_1_155' title='bbox 348 1695 516 1730; x_wconf 87' lang='lat' dir='ltr'>Doctrina</span> <span class='ocrx_word' id='word_1_156' title='bbox 536 1697 578 1729; x_wconf 89' lang='lat' dir='ltr'>de</span> <span class='ocrx_word' id='word_1_157' title='bbox 598 1697 699 1729; x_wconf 84' lang='lat' dir='ltr'>bonis</span> <span class='ocrx_word' id='word_1_158' title='bbox 716 1696 893 1738; x_wconf 77' lang='lat' dir='ltr'>oporibus.</span> 
     </span>
    </p>

    <p class='ocr_par' dir='ltr' id='par_1_10' title="bbox 267 1737 1099 1887">
     <span class='ocr_line' id='line_1_31' title="bbox 267 1737 1099 1790; baseline -0.002 -10"><span class='ocrx_word' id='word_1_159' title='bbox 267 1747 311 1780; x_wconf 91' lang='lat' dir='ltr'>ll.</span> <span class='ocrx_word' id='word_1_160' title='bbox 365 1737 550 1789; x_wconf 71' lang='lat' dir='ltr'>Praecepta</span> <span class='ocrx_word' id='word_1_161' title='bbox 574 1747 616 1778; x_wconf 91' lang='lat' dir='ltr'>de</span> <span class='ocrx_word' id='word_1_162' title='bbox 632 1753 784 1790; x_wconf 88' lang='lat' dir='ltr'>quatuor</span> <span class='ocrx_word' id='word_1_163' title='bbox 800 1746 923 1779; x_wconf 86' lang='lat' dir='ltr'>officiis</span> <span class='ocrx_word' id='word_1_164' title='bbox 939 1745 1099 1780; x_wconf 84' lang='lat' dir='ltr'>dilectio—</span> 
     </span>
     <span class='ocr_line' id='line_1_32' title="bbox 317 1796 1098 1840; baseline 0.001 -11"><span class='ocrx_word' id='word_1_165' title='bbox 317 1797 390 1835; x_wconf 88' lang='lat' dir='ltr'>nis,</span> <span class='ocrx_word' id='word_1_166' title='bbox 420 1796 677 1835; x_wconf 73' lang='lat' dir='ltr'>misericordia,</span> <span class='ocrx_word' id='word_1_167' title='bbox 703 1809 774 1830; x_wconf 90' lang='lat' dir='ltr'>non</span> <span class='ocrx_word' id='word_1_168' title='bbox 800 1797 1013 1840; x_wconf 90' lang='lat' dir='ltr'>iudicando,</span> <span class='ocrx_word' id='word_1_169' title='bbox 1042 1808 1098 1830; x_wconf 85' lang='lat' dir='ltr'>re-</span> 
     </span>
     <span class='ocr_line' id='line_1_33' title="bbox 315 1847 665 1887; baseline 0.006 -8"><span class='ocrx_word' id='word_1_170' title='bbox 315 1847 508 1887; x_wconf 82' lang='lat' dir='ltr'>mittendo,</span> <span class='ocrx_word' id='word_1_171' title='bbox 536 1848 665 1882; x_wconf 80' lang='lat' dir='ltr'>dando,</span> 
     </span>
    </p>

    <p class='ocr_par' dir='ltr' id='par_1_11' title="bbox 266 1896 1014 1932">
     <span class='ocr_line' id='line_1_34' title="bbox 266 1896 1014 1932; baseline 0.001 -1"><span class='ocrx_word' id='word_1_172' title='bbox 266 1897 330 1931; x_wconf 78' lang='lat' dir='ltr'>lli.</span> <span class='ocrx_word' id='word_1_173' title='bbox 385 1896 641 1931; x_wconf 90' lang='lat' dir='ltr'>Promissiones</span> <span class='ocrx_word' id='word_1_174' title='bbox 660 1905 692 1932; x_wconf 90' lang='lat' dir='ltr'>et</span> <span class='ocrx_word' id='word_1_175' title='bbox 709 1897 1014 1932; x_wconf 79' lang='lat' dir='ltr'>comminationes.</span> 
     </span>
    </p>

    <p class='ocr_par' dir='ltr' id='par_1_12' title="bbox 264 1948 1097 2146">
     <span class='ocr_line' id='line_1_35' title="bbox 264 1948 1097 1993; baseline -0.001 -11"><span class='ocrx_word' id='word_1_176' title='bbox 264 1948 347 1984; x_wconf 82' lang='lat'><em>1111.</em></span> <span class='ocrx_word' id='word_1_177' title='bbox 387 1948 609 1993; x_wconf 68' lang='lat' dir='ltr'>Vituperatio</span> <span class='ocrx_word' id='word_1_178' title='bbox 651 1960 812 1992; x_wconf 83' lang='lat' dir='ltr'>perverse</span> <span class='ocrx_word' id='word_1_179' title='bbox 853 1949 1097 1989; x_wconf 86' lang='lat' dir='ltr'>iudicantium,</span> 
     </span>
     <span class='ocr_line' id='line_1_36' title="bbox 314 1999 1095 2042; baseline 0 -10"><span class='ocrx_word' id='word_1_180' title='bbox 314 2011 386 2033; x_wconf 91' lang='lat' dir='ltr'>non</span> <span class='ocrx_word' id='word_1_181' title='bbox 417 2000 632 2034; x_wconf 85' lang='lat' dir='ltr'>servantium</span> <span class='ocrx_word' id='word_1_182' title='bbox 663 2000 818 2042; x_wconf 79' lang='lat' dir='ltr'>regulam</span> <span class='ocrx_word' id='word_1_183' title='bbox 849 1999 1019 2035; x_wconf 81' lang='lat' dir='ltr'>Proverb.</span> <span class='ocrx_word' id='word_1_184' title='bbox 1039 1999 1095 2032; x_wconf 90' lang='lat'>10.</span> 
     </span>
     <span class='ocr_line' id='line_1_37' title="bbox 316 2050 1097 2095; baseline 0.001 -12"><span class='ocrx_word' id='word_1_185' title='bbox 316 2050 430 2084; x_wconf 85' lang='lat' dir='ltr'>Iustus</span> <span class='ocrx_word' id='word_1_186' title='bbox 460 2051 497 2083; x_wconf 87' lang='lat' dir='ltr'>in</span> <span class='ocrx_word' id='word_1_187' title='bbox 530 2050 705 2095; x_wconf 90' lang='lat' dir='ltr'>principio</span> <span class='ocrx_word' id='word_1_188' title='bbox 740 2058 790 2085; x_wconf 88' lang='lat' dir='ltr'>est</span> <span class='ocrx_word' id='word_1_189' title='bbox 823 2057 1002 2084; x_wconf 80' lang='lat' dir='ltr'>accusator</span> <span class='ocrx_word' id='word_1_190' title='bbox 1032 2051 1097 2092; x_wconf 89' lang='lat' dir='ltr'>sui,</span> 
     </span>
     <span class='ocr_line' id='line_1_38' title="bbox 315 2101 834 2146; baseline -0.002 -11"><span class='ocrx_word' id='word_1_191' title='bbox 315 2107 432 2145; x_wconf 88' lang='lat' dir='ltr'>postea</span> <span class='ocrx_word' id='word_1_192' title='bbox 448 2101 603 2146; x_wconf 79' lang='lat' dir='ltr'>explorat</span> <span class='ocrx_word' id='word_1_193' title='bbox 623 2101 834 2146; x_wconf 88' lang='lat' dir='ltr'>proximum.</span> 
     </span>
    </p>
   </div>
   <div class='ocr_carea' id='block_1_9' title="bbox 503 2202 697 2233">
    <p class='ocr_par' dir='ltr' id='par_1_13' title="bbox 503 2202 697 2233">
     <span class='ocr_line' id='line_1_39' title="bbox 503 2202 697 2233; baseline 0 -7"><span class='ocrx_word' id='word_1_194' title='bbox 503 2202 549 2226; x_wconf 81' lang='lat' dir='ltr'>De</span> <span class='ocrx_word' id='word_1_195' title='bbox 581 2202 697 2233; x_wconf 85' lang='lat' dir='ltr'>primo.</span> 
     </span>
    </p>
   </div>
   <div class='ocr_carea' id='block_1_10' title="bbox 107 2252 1095 2601">
    <p class='ocr_par' dir='ltr' id='par_1_14' title="bbox 107 2252 1095 2601">
     <span class='ocr_line' id='line_1_40' title="bbox 212 2252 1094 2294; baseline 0 -7"><span class='ocrx_word' id='word_1_196' title='bbox 212 2252 301 2289; x_wconf 87' lang='lat' dir='ltr'>Nota</span> <span class='ocrx_word' id='word_1_197' title='bbox 328 2260 378 2287; x_wconf 88' lang='lat' dir='ltr'>est</span> <span class='ocrx_word' id='word_1_198' title='bbox 402 2266 467 2287; x_wconf 80' lang='lat' dir='ltr'>vox</span> <span class='ocrx_word' id='word_1_199' title='bbox 494 2253 612 2286; x_wconf 82' lang='lat' dir='ltr'>Pauli:</span> <span class='ocrx_word' id='word_1_200' title='bbox 648 2253 806 2294; x_wconf 79' lang='lat' dir='ltr'>Fratres,</span> <span class='ocrx_word' id='word_1_201' title='bbox 834 2254 1008 2287; x_wconf 72' lang='lat' dir='ltr'>debitores</span> <span class='ocrx_word' id='word_1_202' title='bbox 1036 2266 1094 2287; x_wconf 83' lang='lat' dir='ltr'>su-</span> 
     </span>
     <span class='ocr_line' id='line_1_41' title="bbox 109 2304 1095 2346; baseline -0.002 -8"><span class='ocrx_word' id='word_1_203' title='bbox 109 2317 202 2346; x_wconf 89' lang='lat' dir='ltr'>mus,</span> <span class='ocrx_word' id='word_1_204' title='bbox 238 2317 281 2338; x_wconf 92' lang='lat' dir='ltr'>ne</span> <span class='ocrx_word' id='word_1_205' title='bbox 305 2305 497 2338; x_wconf 88' lang='lat' dir='ltr'>secundum</span> <span class='ocrx_word' id='word_1_206' title='bbox 521 2317 660 2338; x_wconf 76' lang='lat' dir='ltr'>carnem</span> <span class='ocrx_word' id='word_1_207' title='bbox 687 2304 856 2337; x_wconf 66' lang='lat' dir='ltr'>vivamus.</span> <span class='ocrx_word' id='word_1_208' title='bbox 909 2305 945 2338; x_wconf 80' lang='lat' dir='ltr'>Si</span> <span class='ocrx_word' id='word_1_209' title='bbox 970 2317 1095 2337; x_wconf 89' lang='lat' dir='ltr'>secun-</span> 
     </span>
     <span class='ocr_line' id='line_1_42' title="bbox 108 2355 1094 2397; baseline -0.002 -8"><span class='ocrx_word' id='word_1_210' title='bbox 108 2357 192 2389; x_wconf 88' lang='lat' dir='ltr'>dum</span> <span class='ocrx_word' id='word_1_211' title='bbox 215 2367 353 2388; x_wconf 89' lang='lat' dir='ltr'>carnem</span> <span class='ocrx_word' id='word_1_212' title='bbox 379 2356 552 2395; x_wconf 72' lang='lat' dir='ltr'>vixeritis,</span> <span class='ocrx_word' id='word_1_213' title='bbox 581 2355 800 2388; x_wconf 80' lang='lat' dir='ltr'>moriemini:</span> <span class='ocrx_word' id='word_1_214' title='bbox 829 2355 855 2387; x_wconf 90' lang='lat' dir='ltr'>si</span> <span class='ocrx_word' id='word_1_215' title='bbox 875 2356 1000 2397; x_wconf 87' lang='lat' dir='ltr'>spiritu</span> <span class='ocrx_word' id='word_1_216' title='bbox 1019 2367 1094 2388; x_wconf 85' lang='lat' dir='ltr'>car-</span> 
     </span>
     <span class='ocr_line' id='line_1_43' title="bbox 109 2403 1092 2447; baseline -0.002 -8"><span class='ocrx_word' id='word_1_217' title='bbox 109 2418 188 2439; x_wconf 88' lang='lat' dir='ltr'>nem</span> <span class='ocrx_word' id='word_1_218' title='bbox 222 2406 495 2447; x_wconf 83' lang='lat' dir='ltr'>mortificabitis,</span> <span class='ocrx_word' id='word_1_219' title='bbox 530 2407 664 2441; x_wconf 75' lang='lat' dir='ltr'>vivetis.</span> <span class='ocrx_word' id='word_1_220' title='bbox 728 2404 815 2438; x_wconf 88' lang='lat' dir='ltr'>Item</span> <span class='ocrx_word' id='word_1_221' title='bbox 843 2406 873 2440; x_wconf 88' lang='lat'>1.</span> <span class='ocrx_word' id='word_1_222' title='bbox 899 2403 1021 2440; x_wconf 82' lang='lat' dir='ltr'>lohan.</span> <span class='ocrx_word' id='word_1_223' title='bbox 1041 2408 1092 2440; x_wconf 81' lang='lat'>3.:</span> 
     </span>
     <span class='ocr_line' id='line_1_44' title="bbox 109 2455 1092 2502; baseline -0.002 -12"><span class='ocrx_word' id='word_1_224' title='bbox 109 2455 221 2491; x_wconf 86' lang='lat' dir='ltr'>Nemo</span> <span class='ocrx_word' id='word_1_225' title='bbox 247 2467 311 2490; x_wconf 89' lang='lat' dir='ltr'>nos</span> <span class='ocrx_word' id='word_1_226' title='bbox 336 2457 504 2500; x_wconf 87' lang='lat' dir='ltr'>decipiat,</span> <span class='ocrx_word' id='word_1_227' title='bbox 533 2457 593 2502; x_wconf 85' lang='lat' dir='ltr'>qni</span> <span class='ocrx_word' id='word_1_228' title='bbox 620 2456 698 2490; x_wconf 83' lang='lat' dir='ltr'>facit</span> <span class='ocrx_word' id='word_1_229' title='bbox 727 2463 923 2500; x_wconf 77' lang='lat' dir='ltr'>peccatum,</span> <span class='ocrx_word' id='word_1_230' title='bbox 951 2469 989 2488; x_wconf 82' lang='lat' dir='ltr'>rx</span> <span class='ocrx_word' id='word_1_231' title='bbox 1018 2457 1092 2489; x_wconf 82' lang='lat' dir='ltr'>dia-</span> 
     </span>
     <span class='ocr_line' id='line_1_45' title="bbox 107 2506 1091 2547; baseline -0.002 -6"><span class='ocrx_word' id='word_1_232' title='bbox 107 2507 189 2541; x_wconf 86' lang='lat' dir='ltr'>bolo</span> <span class='ocrx_word' id='word_1_233' title='bbox 215 2514 273 2540; x_wconf 86' lang='lat' dir='ltr'>est.</span> <span class='ocrx_word' id='word_1_234' title='bbox 328 2506 422 2540; x_wconf 87' lang='lat' dir='ltr'>Haec</span> <span class='ocrx_word' id='word_1_235' title='bbox 445 2508 536 2541; x_wconf 89' lang='lat' dir='ltr'>dicta</span> <span class='ocrx_word' id='word_1_236' title='bbox 561 2508 630 2541; x_wconf 87' lang='lat' dir='ltr'>sint</span> <span class='ocrx_word' id='word_1_237' title='bbox 655 2507 758 2539; x_wconf 80' lang='lat' dir='ltr'>infixa</span> <span class='ocrx_word' id='word_1_238' title='bbox 778 2507 920 2547; x_wconf 89' lang='lat' dir='ltr'>animis,</span> <span class='ocrx_word' id='word_1_239' title='bbox 948 2513 986 2540; x_wconf 90' lang='lat' dir='ltr'>ut</span> <span class='ocrx_word' id='word_1_240' title='bbox 1004 2507 1091 2539; x_wconf 86' lang='lat' dir='ltr'>scia-</span> 
     </span>
     <span class='ocr_line' id='line_1_46' title="bbox 108 2557 1090 2601; baseline 0.001 -11"><span class='ocrx_word' id='word_1_241' title='bbox 108 2569 183 2591; x_wconf 87' lang='lat' dir='ltr'>mus</span> <span class='ocrx_word' id='word_1_242' title='bbox 209 2563 370 2601; x_wconf 79' lang='lat' dir='ltr'>oportere</span> <span class='ocrx_word' id='word_1_243' title='bbox 395 2557 430 2590; x_wconf 91' lang='lat' dir='ltr'>in</span> <span class='ocrx_word' id='word_1_244' title='bbox 456 2558 632 2591; x_wconf 76' lang='lat' dir='ltr'>salvandis</span> <span class='ocrx_word' id='word_1_245' title='bbox 657 2558 800 2590; x_wconf 74' lang='lat' dir='ltr'>existere</span> <span class='ocrx_word' id='word_1_246' title='bbox 818 2558 990 2591; x_wconf 82' lang='lat' dir='ltr'>incoatam</span> <span class='ocrx_word' id='word_1_247' title='bbox 1007 2558 1090 2591; x_wconf 89' lang='lat' dir='ltr'>obe-</span> 
     </span>
    </p>
   </div>
   <div class='ocr_carea' id='block_1_11' title="bbox 111 2606 1118 2704">
    <p class='ocr_par' dir='ltr' id='par_1_15' title="bbox 111 2606 1118 2704">
     <span class='ocr_line' id='line_1_47' title="bbox 111 2606 1118 2652; baseline 0 -11"><span class='ocrx_word' id='word_1_248' title='bbox 111 2608 300 2646; x_wconf 82' lang='lat' dir='ltr'>dientiam,</span> <span class='ocrx_word' id='word_1_249' title='bbox 330 2620 392 2641; x_wconf 90' lang='lat' dir='ltr'>nec</span> <span class='ocrx_word' id='word_1_250' title='bbox 419 2609 493 2640; x_wconf 79' lang='lat' dir='ltr'>sine</span> <span class='ocrx_word' id='word_1_251' title='bbox 510 2621 546 2641; x_wconf 87' lang='lat' dir='ltr'>ea</span> <span class='ocrx_word' id='word_1_252' title='bbox 567 2621 664 2652; x_wconf 88' lang='lat' dir='ltr'>posse</span> <span class='ocrx_word' id='word_1_253' title='bbox 681 2606 841 2641; x_wconf 84' lang='lat' dir='ltr'>homines</span> <span class='ocrx_word' id='word_1_254' title='bbox 858 2609 1003 2648; x_wconf 77' lang='lat' dir='ltr'>salvari,</span> <span class='ocrx_word' id='word_1_255' title='bbox 1031 2610 1089 2641; x_wconf 89' lang='lat' dir='ltr'>sed</span> <span class='ocrx_word' id='word_1_256' title='bbox 1116 2620 1118 2645; x_wconf 71' lang='lat' dir='ltr'><strong><em>J</em></strong></span> 
     </span>
     <span class='ocr_line' id='line_1_48' title="bbox 111 2657 1118 2704; baseline 0.001 -13"><span class='ocrx_word' id='word_1_257' title='bbox 111 2665 246 2701; x_wconf 83' lang='lat' dir='ltr'>oportet</span> <span class='ocrx_word' id='word_1_258' title='bbox 270 2660 373 2692; x_wconf 85' lang='lat' dir='ltr'>fidem</span> <span class='ocrx_word' id='word_1_259' title='bbox 395 2658 431 2691; x_wconf 89' lang='lat' dir='ltr'>in</span> <span class='ocrx_word' id='word_1_260' title='bbox 449 2657 627 2693; x_wconf 86' lang='lat' dir='ltr'>Christum</span> <span class='ocrx_word' id='word_1_261' title='bbox 646 2661 872 2704; x_wconf 84' lang='lat' dir='ltr'>praecedere,</span> <span class='ocrx_word' id='word_1_262' title='bbox 901 2667 932 2694; x_wconf 84' lang='lat' dir='ltr'>et</span> <span class='ocrx_word' id='word_1_263' title='bbox 951 2660 1090 2704; x_wconf 85' lang='lat' dir='ltr'>praelu-</span> <span class='ocrx_word' id='word_1_264' title='bbox 1115 2694 1118 2699; x_wconf 67' lang='grc'><strong>,</strong></span> 
     </span>
    </p>
   </div>
   <div class='ocr_carea' id='block_1_12' title="bbox 795 95 1594 133">
    <p class='ocr_par' dir='ltr' id='par_1_16' title="bbox 795 95 1594 133">
     <span class='ocr_line' id='line_1_49' title="bbox 795 95 1594 133; baseline -0.001 -1"><span class='ocrx_word' id='word_1_265' title='bbox 795 95 1187 133; x_wconf 72' lang='lat' dir='ltr'>ANNOTATIONES</span> <span class='ocrx_word' id='word_1_266' title='bbox 1218 95 1266 130; x_wconf 92' lang='lat' dir='ltr'>lN</span> <span class='ocrx_word' id='word_1_267' title='bbox 1296 95 1594 131; x_wconf 67' lang='lat' dir='ltr'>EVANGELIA.</span> 
     </span>
    </p>
   </div>
   <div class='ocr_carea' id='block_1_13' title="bbox 2063 95 2135 128">
    <p class='ocr_par' dir='ltr' id='par_1_17' title="bbox 2063 95 2135 128">
     <span class='ocr_line' id='line_1_50' title="bbox 2063 95 2135 128; baseline 0 0"><span class='ocrx_word' id='word_1_268' title='bbox 2063 95 2135 128; x_wconf 78' lang='lat'>318</span> 
     </span>
    </p>
   </div>
   <div class='ocr_carea' id='block_1_14' title="bbox 1156 178 2137 579">
    <p class='ocr_par' dir='ltr' id='par_1_18' title="bbox 1156 178 2137 579">
     <span class='ocr_line' id='line_1_51' title="bbox 1157 178 2135 224; baseline -0.005 -9"><span class='ocrx_word' id='word_1_269' title='bbox 1157 193 1252 219; x_wconf 88' lang='lat' dir='ltr'>cere,</span> <span class='ocrx_word' id='word_1_270' title='bbox 1280 189 1310 215; x_wconf 80' lang='lat' dir='ltr'>et</span> <span class='ocrx_word' id='word_1_271' title='bbox 1335 182 1513 214; x_wconf 85' lang='lat' dir='ltr'>sciendum</span> <span class='ocrx_word' id='word_1_272' title='bbox 1538 190 1606 222; x_wconf 79' lang='lat' dir='ltr'>est,</span> <span class='ocrx_word' id='word_1_273' title='bbox 1635 182 1679 214; x_wconf 88' lang='lat' dir='ltr'>ita</span> <span class='ocrx_word' id='word_1_274' title='bbox 1707 181 1841 224; x_wconf 89' lang='lat' dir='ltr'>placere</span> <span class='ocrx_word' id='word_1_275' title='bbox 1863 178 1937 213; x_wconf 90' lang='lat' dir='ltr'>Deo</span> <span class='ocrx_word' id='word_1_276' title='bbox 1963 180 2135 212; x_wconf 81' lang='lat' dir='ltr'>incoatam</span> 
     </span>
     <span class='ocr_line' id='line_1_52' title="bbox 1157 232 2137 273; baseline -0.003 -9"><span class='ocrx_word' id='word_1_277' title='bbox 1157 233 1410 271; x_wconf 79' lang='lat' dir='ltr'>obedientiam,</span> <span class='ocrx_word' id='word_1_278' title='bbox 1442 244 1518 264; x_wconf 86' lang='lat' dir='ltr'>cum</span> <span class='ocrx_word' id='word_1_279' title='bbox 1551 232 1764 265; x_wconf 84' lang='lat' dir='ltr'>reconciliati</span> <span class='ocrx_word' id='word_1_280' title='bbox 1796 232 1862 264; x_wconf 81' lang='lat' dir='ltr'>side</span> <span class='ocrx_word' id='word_1_281' title='bbox 1885 236 2077 273; x_wconf 74' lang='lat' dir='ltr'>agnoscunt</span> <span class='ocrx_word' id='word_1_282' title='bbox 2103 241 2137 261; x_wconf 88' lang='lat' dir='ltr'>se</span> 
     </span>
     <span class='ocr_line' id='line_1_53' title="bbox 1157 279 2135 323; baseline -0.002 -9"><span class='ocrx_word' id='word_1_283' title='bbox 1157 295 1228 315; x_wconf 88' lang='lat' dir='ltr'>non</span> <span class='ocrx_word' id='word_1_284' title='bbox 1246 283 1441 315; x_wconf 73' lang='lat' dir='ltr'>satisfacere</span> <span class='ocrx_word' id='word_1_285' title='bbox 1459 282 1538 323; x_wconf 72' lang='lat' dir='ltr'>tegi.</span> <span class='ocrx_word' id='word_1_286' title='bbox 1591 281 1635 314; x_wconf 83' lang='lat' dir='ltr'>Et</span> <span class='ocrx_word' id='word_1_287' title='bbox 1652 289 1768 315; x_wconf 83' lang='lat' dir='ltr'>tamen</span> <span class='ocrx_word' id='word_1_288' title='bbox 1789 282 1927 315; x_wconf 86' lang='lat' dir='ltr'>incoant</span> <span class='ocrx_word' id='word_1_289' title='bbox 1946 279 2035 313; x_wconf 88' lang='lat' dir='ltr'>hanc</span> <span class='ocrx_word' id='word_1_290' title='bbox 2052 281 2135 313; x_wconf 73' lang='lat' dir='ltr'>olie-</span> 
     </span>
     <span class='ocr_line' id='line_1_54' title="bbox 1156 331 2133 376; baseline -0.003 -11"><span class='ocrx_word' id='word_1_291' title='bbox 1156 333 1341 372; x_wconf 67' lang='lat' dir='ltr'>«Hennam,</span> <span class='ocrx_word' id='word_1_292' title='bbox 1370 340 1402 365; x_wconf 85' lang='lat' dir='ltr'>et</span> <span class='ocrx_word' id='word_1_293' title='bbox 1426 333 1574 365; x_wconf 87' lang='lat' dir='ltr'>credunt</span> <span class='ocrx_word' id='word_1_294' title='bbox 1600 344 1673 364; x_wconf 87' lang='lat' dir='ltr'>eam</span> <span class='ocrx_word' id='word_1_295' title='bbox 1701 333 1833 374; x_wconf 77' lang='lat' dir='ltr'>placere</span> <span class='ocrx_word' id='word_1_296' title='bbox 1856 339 1999 376; x_wconf 82' lang='lat' dir='ltr'>propter</span> <span class='ocrx_word' id='word_1_297' title='bbox 2015 331 2133 374; x_wconf 86' lang='lat' dir='ltr'>ponti—</span> 
     </span>
     <span class='ocr_line' id='line_1_55' title="bbox 1156 381 2135 427; baseline -0.004 -11"><span class='ocrx_word' id='word_1_298' title='bbox 1156 384 1251 416; x_wconf 87' lang='lat' dir='ltr'>ficem</span> <span class='ocrx_word' id='word_1_299' title='bbox 1277 381 1474 421; x_wconf 84' lang='lat' dir='ltr'>Christum,</span> <span class='ocrx_word' id='word_1_300' title='bbox 1505 389 1686 427; x_wconf 81' lang='lat' dir='ltr'>postquam</span> <span class='ocrx_word' id='word_1_301' title='bbox 1717 394 1864 425; x_wconf 86' lang='lat' dir='ltr'>persona</span> <span class='ocrx_word' id='word_1_302' title='bbox 1895 389 2036 425; x_wconf 90' lang='lat' dir='ltr'>propter</span> <span class='ocrx_word' id='word_1_303' title='bbox 2064 393 2135 413; x_wconf 86' lang='lat' dir='ltr'>me-</span> 
     </span>
     <span class='ocr_line' id='line_1_56' title="bbox 1156 432 2136 477; baseline -0.005 -10"><span class='ocrx_word' id='word_1_304' title='bbox 1156 434 1326 467; x_wconf 80' lang='lat' dir='ltr'>diatorem</span> <span class='ocrx_word' id='word_1_305' title='bbox 1351 432 1530 467; x_wconf 83' lang='lat' dir='ltr'>Christum</span> <span class='ocrx_word' id='word_1_306' title='bbox 1555 439 1689 477; x_wconf 89' lang='lat' dir='ltr'>recepta</span> <span class='ocrx_word' id='word_1_307' title='bbox 1709 439 1769 465; x_wconf 81' lang='lat' dir='ltr'>est.</span> <span class='ocrx_word' id='word_1_308' title='bbox 1824 432 1917 465; x_wconf 78' lang='lat' dir='ltr'>Ilaec</span> <span class='ocrx_word' id='word_1_309' title='bbox 1935 433 2019 464; x_wconf 81' lang='lat' dir='ltr'>alias</span> <span class='ocrx_word' id='word_1_310' title='bbox 2039 443 2136 474; x_wconf 85' lang='lat' dir='ltr'>saepe</span> 
     </span>
     <span class='ocr_line' id='line_1_57' title="bbox 1156 482 2136 528; baseline -0.003 -11"><span class='ocrx_word' id='word_1_311' title='bbox 1156 485 1245 517; x_wconf 85' lang='lat' dir='ltr'>dieta</span> <span class='ocrx_word' id='word_1_312' title='bbox 1280 491 1378 523; x_wconf 77' lang='lat' dir='ltr'>sunt,</span> <span class='ocrx_word' id='word_1_313' title='bbox 1413 491 1442 517; x_wconf 83' lang='lat' dir='ltr'>et</span> <span class='ocrx_word' id='word_1_314' title='bbox 1474 495 1610 528; x_wconf 83' lang='lat' dir='ltr'>semper</span> <span class='ocrx_word' id='word_1_315' title='bbox 1638 484 1675 515; x_wconf 88' lang='lat' dir='ltr'>in</span> <span class='ocrx_word' id='word_1_316' title='bbox 1708 482 1936 515; x_wconf 83' lang='lat' dir='ltr'>concionibus</span> <span class='ocrx_word' id='word_1_317' title='bbox 1967 483 2008 514; x_wconf 90' lang='lat' dir='ltr'>de</span> <span class='ocrx_word' id='word_1_318' title='bbox 2034 482 2136 515; x_wconf 88' lang='lat' dir='ltr'>bonis</span> 
     </span>
     <span class='ocr_line' id='line_1_58' title="bbox 1156 533 1859 579; baseline -0.003 -10"><span class='ocrx_word' id='word_1_319' title='bbox 1156 535 1323 579; x_wconf 87' lang='lat' dir='ltr'>operibus</span> <span class='ocrx_word' id='word_1_320' title='bbox 1342 533 1425 567; x_wconf 88' lang='lat' dir='ltr'>haec</span> <span class='ocrx_word' id='word_1_321' title='bbox 1444 547 1576 568; x_wconf 85' lang='lat' dir='ltr'>summa</span> <span class='ocrx_word' id='word_1_322' title='bbox 1596 534 1782 578; x_wconf 83' lang='lat' dir='ltr'>repetenda</span> <span class='ocrx_word' id='word_1_323' title='bbox 1799 540 1859 567; x_wconf 88' lang='lat' dir='ltr'>est.</span> 
     </span>
    </p>
   </div>
   <div class='ocr_carea' id='block_1_15' title="bbox 1523 635 1769 659">
    <p class='ocr_par' dir='ltr' id='par_1_19' title="bbox 1523 635 1769 659">
     <span class='ocr_line' id='line_1_59' title="bbox 1523 635 1769 659; baseline 0 -1"><span class='ocrx_word' id='word_1_324' title='bbox 1523 635 1568 659; x_wconf 89' lang='lat' dir='ltr'>Dc</span> <span class='ocrx_word' id='word_1_325' title='bbox 1602 635 1769 659; x_wconf 85' lang='lat' dir='ltr'>secundo.</span> 
     </span>
    </p>
   </div>
   <div class='ocr_carea' id='block_1_16' title="bbox 1146 684 2139 2654">
    <p class='ocr_par' dir='ltr' id='par_1_20' title="bbox 1154 684 2139 1236">
     <span class='ocr_line' id='line_1_60' title="bbox 1257 684 2139 720; baseline -0.003 -1"><span class='ocrx_word' id='word_1_326' title='bbox 1257 686 1424 720; x_wconf 84' lang='lat' dir='ltr'>Praesens</span> <span class='ocrx_word' id='word_1_327' title='bbox 1455 687 1576 719; x_wconf 88' lang='lat' dir='ltr'>concio</span> <span class='ocrx_word' id='word_1_328' title='bbox 1606 687 1713 720; x_wconf 84' lang='lat' dir='ltr'>tradit</span> <span class='ocrx_word' id='word_1_329' title='bbox 1742 686 1937 719; x_wconf 86' lang='lat' dir='ltr'>doctrinam</span> <span class='ocrx_word' id='word_1_330' title='bbox 1969 685 2010 718; x_wconf 91' lang='lat' dir='ltr'>de</span> <span class='ocrx_word' id='word_1_331' title='bbox 2036 684 2139 717; x_wconf 88' lang='lat' dir='ltr'>bonis</span> 
     </span>
     <span class='ocr_line' id='line_1_61' title="bbox 1155 735 2138 782; baseline -0.004 -11"><span class='ocrx_word' id='word_1_332' title='bbox 1155 737 1339 782; x_wconf 85' lang='lat' dir='ltr'>operibus,</span> <span class='ocrx_word' id='word_1_333' title='bbox 1366 744 1399 771; x_wconf 90' lang='lat' dir='ltr'>et</span> <span class='ocrx_word' id='word_1_334' title='bbox 1421 737 1563 782; x_wconf 89' lang='lat' dir='ltr'>quidem</span> <span class='ocrx_word' id='word_1_335' title='bbox 1586 738 1629 770; x_wconf 90' lang='lat' dir='ltr'>de</span> <span class='ocrx_word' id='word_1_336' title='bbox 1655 737 1756 770; x_wconf 88' lang='lat' dir='ltr'>certis</span> <span class='ocrx_word' id='word_1_337' title='bbox 1781 737 1905 769; x_wconf 80' lang='lat' dir='ltr'>officiis</span> <span class='ocrx_word' id='word_1_338' title='bbox 1929 735 2138 775; x_wconf 84' lang='lat' dir='ltr'>dilectionis,</span> 
     </span>
     <span class='ocr_line' id='line_1_62' title="bbox 1155 781 2138 833; baseline -0.003 -12"><span class='ocrx_word' id='word_1_339' title='bbox 1155 788 1413 833; x_wconf 86' lang='lat' dir='ltr'>pertinentibus</span> <span class='ocrx_word' id='word_1_340' title='bbox 1435 789 1477 821; x_wconf 90' lang='lat' dir='ltr'>ad</span> <span class='ocrx_word' id='word_1_341' title='bbox 1500 787 1663 832; x_wconf 90' lang='lat' dir='ltr'>quintum</span> <span class='ocrx_word' id='word_1_342' title='bbox 1678 781 1913 830; x_wconf 86' lang='lat' dir='ltr'>praeceptum.</span> <span class='ocrx_word' id='word_1_343' title='bbox 1967 784 2018 819; x_wconf 89' lang='lat' dir='ltr'>Ac</span> <span class='ocrx_word' id='word_1_344' title='bbox 2035 786 2138 828; x_wconf 86' lang='lat' dir='ltr'>longa</span> 
     </span>
     <span class='ocr_line' id='line_1_63' title="bbox 1154 835 2138 883; baseline -0.004 -12"><span class='ocrx_word' id='word_1_345' title='bbox 1154 846 1241 873; x_wconf 87' lang='lat' dir='ltr'>esset</span> <span class='ocrx_word' id='word_1_346' title='bbox 1263 839 1403 880; x_wconf 83' lang='lat' dir='ltr'>concio,</span> <span class='ocrx_word' id='word_1_347' title='bbox 1429 839 1458 871; x_wconf 89' lang='lat' dir='ltr'>si</span> <span class='ocrx_word' id='word_1_348' title='bbox 1483 838 1561 883; x_wconf 88' lang='lat' dir='ltr'>quis</span> <span class='ocrx_word' id='word_1_349' title='bbox 1583 839 1717 881; x_wconf 87' lang='lat' dir='ltr'>integre</span> <span class='ocrx_word' id='word_1_350' title='bbox 1741 838 1783 870; x_wconf 85' lang='lat' dir='ltr'>de</span> <span class='ocrx_word' id='word_1_351' title='bbox 1802 835 1857 869; x_wconf 91' lang='lat' dir='ltr'>his</span> <span class='ocrx_word' id='word_1_352' title='bbox 1877 836 2066 869; x_wconf 88' lang='lat' dir='ltr'>virtutibus</span> <span class='ocrx_word' id='word_1_353' title='bbox 2084 836 2138 868; x_wconf 89' lang='lat' dir='ltr'>di-</span> 
     </span>
     <span class='ocr_line' id='line_1_64' title="bbox 1155 884 2138 926; baseline -0.005 -4"><span class='ocrx_word' id='word_1_354' title='bbox 1155 897 1273 923; x_wconf 90' lang='lat' dir='ltr'>cturus</span> <span class='ocrx_word' id='word_1_355' title='bbox 1289 897 1385 924; x_wconf 71' lang='lat' dir='ltr'>esset.</span> <span class='ocrx_word' id='word_1_356' title='bbox 1427 889 1516 923; x_wconf 87' lang='lat' dir='ltr'>Sunt</span> <span class='ocrx_word' id='word_1_357' title='bbox 1533 896 1648 923; x_wconf 87' lang='lat' dir='ltr'>autem</span> <span class='ocrx_word' id='word_1_358' title='bbox 1666 889 1731 921; x_wconf 85' lang='lat' dir='ltr'>alia</span> <span class='ocrx_word' id='word_1_359' title='bbox 1748 888 1840 921; x_wconf 86' lang='lat' dir='ltr'>dicta</span> <span class='ocrx_word' id='word_1_360' title='bbox 1857 884 1923 920; x_wconf 86' lang='lat' dir='ltr'>hoc</span> <span class='ocrx_word' id='word_1_361' title='bbox 1940 886 2033 926; x_wconf 90' lang='lat' dir='ltr'>loco,</span> <span class='ocrx_word' id='word_1_362' title='bbox 2061 887 2138 918; x_wconf 90' lang='lat' dir='ltr'>aliis</span> 
     </span>
     <span class='ocr_line' id='line_1_65' title="bbox 1155 937 2139 983; baseline -0.005 -10"><span class='ocrx_word' id='word_1_363' title='bbox 1155 940 1311 975; x_wconf 80' lang='lat' dir='ltr'>clariora.</span> <span class='ocrx_word' id='word_1_364' title='bbox 1358 940 1584 983; x_wconf 87' lang='lat' dir='ltr'>Praeceptum</span> <span class='ocrx_word' id='word_1_365' title='bbox 1602 941 1643 972; x_wconf 92' lang='lat' dir='ltr'>de</span> <span class='ocrx_word' id='word_1_366' title='bbox 1661 940 1778 973; x_wconf 86' lang='lat' dir='ltr'>dando</span> <span class='ocrx_word' id='word_1_367' title='bbox 1794 945 1973 982; x_wconf 89' lang='lat' dir='ltr'>utcunque</span> <span class='ocrx_word' id='word_1_368' title='bbox 1990 937 2139 979; x_wconf 86' lang='lat' dir='ltr'>intelligi</span> 
     </span>
     <span class='ocr_line' id='line_1_66' title="bbox 1155 989 2139 1035; baseline -0.005 -11"><span class='ocrx_word' id='word_1_369' title='bbox 1155 997 1285 1035; x_wconf 78' lang='lat' dir='ltr'>potest,</span> <span class='ocrx_word' id='word_1_370' title='bbox 1313 991 1372 1023; x_wconf 91' lang='lat' dir='ltr'>sed</span> <span class='ocrx_word' id='word_1_371' title='bbox 1399 990 1459 1023; x_wconf 90' lang='lat' dir='ltr'>illa</span> <span class='ocrx_word' id='word_1_372' title='bbox 1483 991 1526 1023; x_wconf 86' lang='lat' dir='ltr'>de</span> <span class='ocrx_word' id='word_1_373' title='bbox 1549 1002 1622 1023; x_wconf 90' lang='lat' dir='ltr'>non</span> <span class='ocrx_word' id='word_1_374' title='bbox 1646 990 1854 1029; x_wconf 85' lang='lat' dir='ltr'>iudicando,</span> <span class='ocrx_word' id='word_1_375' title='bbox 1882 995 1915 1022; x_wconf 83' lang='lat' dir='ltr'>et</span> <span class='ocrx_word' id='word_1_376' title='bbox 1939 989 1981 1021; x_wconf 87' lang='lat' dir='ltr'>de</span> <span class='ocrx_word' id='word_1_377' title='bbox 1997 999 2139 1032; x_wconf 85' lang='lat' dir='ltr'>perver-</span> 
     </span>
     <span class='ocr_line' id='line_1_67' title="bbox 1155 1039 2138 1079; baseline -0.005 -4"><span class='ocrx_word' id='word_1_378' title='bbox 1155 1042 1254 1075; x_wconf 85' lang='lat' dir='ltr'>sitate</span> <span class='ocrx_word' id='word_1_379' title='bbox 1280 1041 1512 1079; x_wconf 87' lang='lat' dir='ltr'>iudiciorum,</span> <span class='ocrx_word' id='word_1_380' title='bbox 1547 1047 1631 1074; x_wconf 86' lang='lat' dir='ltr'>sunt</span> <span class='ocrx_word' id='word_1_381' title='bbox 1651 1040 1932 1079; x_wconf 84' lang='lat' dir='ltr'>obscuriora,-et</span> <span class='ocrx_word' id='word_1_382' title='bbox 1956 1039 2138 1072; x_wconf 88' lang='lat' dir='ltr'>continent</span> 
     </span>
     <span class='ocr_line' id='line_1_68' title="bbox 1154 1088 2138 1132; baseline -0.004 -7"><span class='ocrx_word' id='word_1_383' title='bbox 1154 1092 1349 1125; x_wconf 84' lang='lat' dir='ltr'>doctrinam</span> <span class='ocrx_word' id='word_1_384' title='bbox 1376 1091 1625 1132; x_wconf 85' lang='lat' dir='ltr'>necessariam,</span> <span class='ocrx_word' id='word_1_385' title='bbox 1652 1092 1693 1123; x_wconf 89' lang='lat' dir='ltr'>ad</span> <span class='ocrx_word' id='word_1_386' title='bbox 1719 1090 1938 1123; x_wconf 84' lang='lat' dir='ltr'>retinendam</span> <span class='ocrx_word' id='word_1_387' title='bbox 1963 1088 2138 1122; x_wconf 81' lang='lat' dir='ltr'>Ecclesiae</span> 
     </span>
     <span class='ocr_line' id='line_1_69' title="bbox 1155 1139 2138 1186; baseline -0.004 -11"><span class='ocrx_word' id='word_1_388' title='bbox 1155 1154 1273 1186; x_wconf 88' lang='lat' dir='ltr'>pacem</span> <span class='ocrx_word' id='word_1_389' title='bbox 1302 1149 1334 1176; x_wconf 88' lang='lat' dir='ltr'>et</span> <span class='ocrx_word' id='word_1_390' title='bbox 1360 1142 1595 1177; x_wconf 78' lang='lat' dir='ltr'>concordiam.</span> <span class='ocrx_word' id='word_1_391' title='bbox 1667 1141 1790 1175; x_wconf 85' lang='lat' dir='ltr'>Dicam</span> <span class='ocrx_word' id='word_1_392' title='bbox 1821 1140 1974 1174; x_wconf 84' lang='lat' dir='ltr'>breviter</span> <span class='ocrx_word' id='word_1_393' title='bbox 1999 1140 2042 1173; x_wconf 89' lang='lat' dir='ltr'>de</span> <span class='ocrx_word' id='word_1_394' title='bbox 2063 1139 2138 1172; x_wconf 89' lang='lat' dir='ltr'>sin—</span> 
     </span>
     <span class='ocr_line' id='line_1_70' title="bbox 1154 1193 1256 1236; baseline 0 -10"><span class='ocrx_word' id='word_1_395' title='bbox 1154 1193 1256 1236; x_wconf 86' lang='lat' dir='ltr'>gulis.</span> 
     </span>
    </p>

    <p class='ocr_par' dir='ltr' id='par_1_21' title="bbox 1153 1241 2138 1541">
     <span class='ocr_line' id='line_1_71' title="bbox 1257 1241 2138 1285; baseline -0.003 -9"><span class='ocrx_word' id='word_1_396' title='bbox 1257 1243 1501 1276; x_wconf 83' lang='lat' dir='ltr'>Misericordia</span> <span class='ocrx_word' id='word_1_397' title='bbox 1520 1244 1555 1276; x_wconf 93' lang='lat' dir='ltr'>in</span> <span class='ocrx_word' id='word_1_398' title='bbox 1574 1255 1697 1285; x_wconf 84' lang='lat' dir='ltr'>genere</span> <span class='ocrx_word' id='word_1_399' title='bbox 1716 1250 1762 1276; x_wconf 87' lang='lat' dir='ltr'>est</span> <span class='ocrx_word' id='word_1_400' title='bbox 1783 1242 1871 1276; x_wconf 81' lang='lat' dir='ltr'>affici</span> <span class='ocrx_word' id='word_1_401' title='bbox 1887 1253 1989 1275; x_wconf 86' lang='lat' dir='ltr'>sensu</span> <span class='ocrx_word' id='word_1_402' title='bbox 2005 1241 2138 1274; x_wconf 84' lang='lat' dir='ltr'>alienae</span> 
     </span>
     <span class='ocr_line' id='line_1_72' title="bbox 1154 1292 2138 1337; baseline -0.002 -11"><span class='ocrx_word' id='word_1_403' title='bbox 1154 1294 1380 1334; x_wconf 85' lang='lat' dir='ltr'>calamitatis,</span> <span class='ocrx_word' id='word_1_404' title='bbox 1414 1295 1616 1337; x_wconf 86' lang='lat' dir='ltr'>praesertim</span> <span class='ocrx_word' id='word_1_405' title='bbox 1640 1294 1807 1333; x_wconf 89' lang='lat' dir='ltr'>iniustae,</span> <span class='ocrx_word' id='word_1_406' title='bbox 1836 1300 1869 1326; x_wconf 88' lang='lat' dir='ltr'>et</span> <span class='ocrx_word' id='word_1_407' title='bbox 1891 1293 2057 1337; x_wconf 86' lang='lat' dir='ltr'>opitulari</span> <span class='ocrx_word' id='word_1_408' title='bbox 2083 1292 2138 1324; x_wconf 85' lang='lat' dir='ltr'>in-</span> 
     </span>
     <span class='ocr_line' id='line_1_73' title="bbox 1154 1342 2138 1387; baseline -0.002 -11"><span class='ocrx_word' id='word_1_409' title='bbox 1154 1344 1242 1377; x_wconf 90' lang='lat' dir='ltr'>iuste</span> <span class='ocrx_word' id='word_1_410' title='bbox 1274 1344 1466 1387; x_wconf 84' lang='lat' dir='ltr'>oppressis,</span> <span class='ocrx_word' id='word_1_411' title='bbox 1500 1356 1564 1387; x_wconf 93' lang='lat' dir='ltr'>pro</span> <span class='ocrx_word' id='word_1_412' title='bbox 1595 1344 1792 1377; x_wconf 59' lang='lat' dir='ltr'>vocatione.</span> <span class='ocrx_word' id='word_1_413' title='bbox 1852 1344 1938 1377; x_wconf 85' lang='lat' dir='ltr'>Item</span> <span class='ocrx_word' id='word_1_414' title='bbox 1960 1342 2138 1386; x_wconf 88' lang='lat' dir='ltr'>probabili</span> 
     </span>
     <span class='ocr_line' id='line_1_74' title="bbox 1153 1390 2138 1439; baseline -0.003 -11"><span class='ocrx_word' id='word_1_415' title='bbox 1153 1395 1290 1428; x_wconf 84' lang='lat' dir='ltr'>ratione</span> <span class='ocrx_word' id='word_1_416' title='bbox 1329 1395 1488 1439; x_wconf 88' lang='lat' dir='ltr'>mitigare</span> <span class='ocrx_word' id='word_1_417' title='bbox 1517 1395 1642 1428; x_wconf 86' lang='lat' dir='ltr'>iustam</span> <span class='ocrx_word' id='word_1_418' title='bbox 1675 1394 1925 1433; x_wconf 82' lang='lat' dir='ltr'>calamitatem,</span> <span class='ocrx_word' id='word_1_419' title='bbox 1968 1400 2000 1426; x_wconf 86' lang='lat' dir='ltr'>et</span> <span class='ocrx_word' id='word_1_420' title='bbox 2033 1390 2138 1425; x_wconf 82' lang='lat' dir='ltr'>habet</span> 
     </span>
     <span class='ocr_line' id='line_1_75' title="bbox 1154 1443 2138 1490; baseline -0.004 -11"><span class='ocrx_word' id='word_1_421' title='bbox 1154 1446 1242 1479; x_wconf 91' lang='lat' dir='ltr'>duos</span> <span class='ocrx_word' id='word_1_422' title='bbox 1265 1446 1403 1489; x_wconf 80' lang='lat' dir='ltr'>gradus.</span> <span class='ocrx_word' id='word_1_423' title='bbox 1454 1444 1698 1478; x_wconf 86' lang='lat' dir='ltr'>Misericordia</span> <span class='ocrx_word' id='word_1_424' title='bbox 1723 1452 1790 1485; x_wconf 88' lang='lat' dir='ltr'>est,</span> <span class='ocrx_word' id='word_1_425' title='bbox 1826 1445 1921 1490; x_wconf 91' lang='lat' dir='ltr'>quod</span> <span class='ocrx_word' id='word_1_426' title='bbox 1945 1443 2138 1487; x_wconf 86' lang='lat' dir='ltr'>opitulatur</span> 
     </span>
     <span class='ocr_line' id='line_1_76' title="bbox 1153 1494 2021 1541; baseline -0.001 -11"><span class='ocrx_word' id='word_1_427' title='bbox 1153 1494 1408 1530; x_wconf 84' lang='lat' dir='ltr'>Constantinus</span> <span class='ocrx_word' id='word_1_428' title='bbox 1425 1495 1600 1529; x_wconf 86' lang='lat' dir='ltr'>Ecclesiae</span> <span class='ocrx_word' id='word_1_429' title='bbox 1617 1507 1800 1540; x_wconf 89' lang='lat' dir='ltr'>oppressae</span> <span class='ocrx_word' id='word_1_430' title='bbox 1815 1507 1833 1529; x_wconf 90' lang='lat' dir='ltr'>a</span> <span class='ocrx_word' id='word_1_431' title='bbox 1851 1494 2021 1541; x_wconf 85' lang='lat' dir='ltr'>tyrannis.</span> 
     </span>
    </p>

    <p class='ocr_par' dir='ltr' id='par_1_22' title="bbox 1148 1544 2137 2297">
     <span class='ocr_line' id='line_1_77' title="bbox 1255 1544 2136 1591; baseline -0.003 -11"><span class='ocrx_word' id='word_1_432' title='bbox 1255 1547 1358 1580; x_wconf 85' lang='lat' dir='ltr'>Alius</span> <span class='ocrx_word' id='word_1_433' title='bbox 1373 1548 1500 1590; x_wconf 82' lang='lat' dir='ltr'>gradus</span> <span class='ocrx_word' id='word_1_434' title='bbox 1516 1554 1566 1581; x_wconf 88' lang='lat' dir='ltr'>est</span> <span class='ocrx_word' id='word_1_435' title='bbox 1583 1544 1751 1580; x_wconf 71' lang='grc' dir='ltr'><em>ἐπιείκεια</em></span> <span class='ocrx_word' id='word_1_436' title='bbox 1768 1546 1803 1579; x_wconf 90' lang='lat' dir='ltr'>in</span> <span class='ocrx_word' id='word_1_437' title='bbox 1819 1546 1941 1591; x_wconf 88' lang='lat' dir='ltr'>poenis</span> <span class='ocrx_word' id='word_1_438' title='bbox 1958 1545 2048 1578; x_wconf 85' lang='lat' dir='ltr'>male</span> <span class='ocrx_word' id='word_1_439' title='bbox 2064 1556 2136 1577; x_wconf 90' lang='lat' dir='ltr'>me-</span> 
     </span>
     <span class='ocr_line' id='line_1_78' title="bbox 1153 1595 2137 1641; baseline -0.005 -10"><span class='ocrx_word' id='word_1_440' title='bbox 1153 1598 1321 1638; x_wconf 88' lang='lat' dir='ltr'>ritorum,</span> <span class='ocrx_word' id='word_1_441' title='bbox 1348 1605 1387 1631; x_wconf 88' lang='lat' dir='ltr'>ut</span> <span class='ocrx_word' id='word_1_442' title='bbox 1410 1597 1523 1631; x_wconf 83' lang='lat' dir='ltr'>David</span> <span class='ocrx_word' id='word_1_443' title='bbox 1541 1603 1626 1641; x_wconf 73' lang='lat' dir='ltr'>&#39;post</span> <span class='ocrx_word' id='word_1_444' title='bbox 1651 1597 1832 1631; x_wconf 75' lang='lat' dir='ltr'>victoriam</span> <span class='ocrx_word' id='word_1_445' title='bbox 1856 1597 1965 1640; x_wconf 88' lang='lat' dir='ltr'>parcit</span> <span class='ocrx_word' id='word_1_446' title='bbox 1989 1595 2137 1635; x_wconf 83' lang='lat' dir='ltr'>civibus,</span> 
     </span>
     <span class='ocr_line' id='line_1_79' title="bbox 1153 1646 2135 1693; baseline -0.004 -12"><span class='ocrx_word' id='word_1_447' title='bbox 1153 1649 1212 1693; x_wconf 88' lang='lat' dir='ltr'>qui</span> <span class='ocrx_word' id='word_1_448' title='bbox 1246 1649 1385 1681; x_wconf 89' lang='lat' dir='ltr'>fuerant</span> <span class='ocrx_word' id='word_1_449' title='bbox 1411 1648 1583 1687; x_wconf 88' lang='lat' dir='ltr'>seditiosi,</span> <span class='ocrx_word' id='word_1_450' title='bbox 1617 1654 1649 1680; x_wconf 86' lang='lat' dir='ltr'>et</span> <span class='ocrx_word' id='word_1_451' title='bbox 1674 1654 1788 1679; x_wconf 90' lang='lat' dir='ltr'>tamen</span> <span class='ocrx_word' id='word_1_452' title='bbox 1812 1647 1881 1679; x_wconf 91' lang='lat' dir='ltr'>iam</span> <span class='ocrx_word' id='word_1_453' title='bbox 1906 1646 2068 1679; x_wconf 87' lang='lat' dir='ltr'>redibant</span> <span class='ocrx_word' id='word_1_454' title='bbox 2094 1647 2135 1678; x_wconf 85' lang='lat' dir='ltr'>ad</span> 
     </span>
     <span class='ocr_line' id='line_1_80' title="bbox 1153 1694 2135 1743; baseline -0.003 -12"><span class='ocrx_word' id='word_1_455' title='bbox 1153 1699 1320 1732; x_wconf 77' lang='lat' dir='ltr'>officium.</span> <span class='ocrx_word' id='word_1_456' title='bbox 1373 1697 1425 1731; x_wconf 92' lang='lat' dir='ltr'>De</span> <span class='ocrx_word' id='word_1_457' title='bbox 1444 1696 1507 1731; x_wconf 90' lang='lat' dir='ltr'>hac</span> <span class='ocrx_word' id='word_1_458' title='bbox 1526 1694 1692 1743; x_wconf 72' lang='grc' dir='ltr'><em>ἐπιεικείᾳ</em></span> <span class='ocrx_word' id='word_1_459' title='bbox 1709 1697 1955 1737; x_wconf 84' lang='lat' dir='ltr'>concionatur,</span> <span class='ocrx_word' id='word_1_460' title='bbox 1983 1708 2061 1729; x_wconf 89' lang='lat' dir='ltr'>cum</span> <span class='ocrx_word' id='word_1_461' title='bbox 2080 1695 2135 1728; x_wconf 90' lang='lat' dir='ltr'>in-</span> 
     </span>
     <span class='ocr_line' id='line_1_81' title="bbox 1153 1747 2135 1793; baseline -0.003 -11"><span class='ocrx_word' id='word_1_462' title='bbox 1153 1749 1244 1793; x_wconf 89' lang='lat' dir='ltr'>quit:</span> <span class='ocrx_word' id='word_1_463' title='bbox 1273 1747 1393 1782; x_wconf 86' lang='lat' dir='ltr'>Estote</span> <span class='ocrx_word' id='word_1_464' title='bbox 1417 1748 1678 1787; x_wconf 86' lang='lat' dir='ltr'>misericordes,</span> <span class='ocrx_word' id='word_1_465' title='bbox 1708 1747 1794 1781; x_wconf 91' lang='lat' dir='ltr'>sicut</span> <span class='ocrx_word' id='word_1_466' title='bbox 1817 1755 1913 1791; x_wconf 90' lang='lat' dir='ltr'>pater</span> <span class='ocrx_word' id='word_1_467' title='bbox 1936 1754 2049 1780; x_wconf 77' lang='lat' dir='ltr'>vester</span> <span class='ocrx_word' id='word_1_468' title='bbox 2067 1747 2135 1779; x_wconf 88' lang='lat' dir='ltr'>mi-</span> 
     </span>
     <span class='ocr_line' id='line_1_82' title="bbox 1153 1797 2134 1843; baseline -0.003 -11"><span class='ocrx_word' id='word_1_469' title='bbox 1153 1799 1298 1833; x_wconf 81' lang='lat' dir='ltr'>sericors</span> <span class='ocrx_word' id='word_1_470' title='bbox 1316 1806 1375 1835; x_wconf 84' lang='lat' dir='ltr'>est.</span> <span class='ocrx_word' id='word_1_471' title='bbox 1423 1798 1601 1832; x_wconf 88' lang='lat' dir='ltr'>Admonet</span> <span class='ocrx_word' id='word_1_472' title='bbox 1619 1810 1682 1831; x_wconf 90' lang='lat' dir='ltr'>nos</span> <span class='ocrx_word' id='word_1_473' title='bbox 1697 1798 1782 1843; x_wconf 89' lang='lat' dir='ltr'>qnid</span> <span class='ocrx_word' id='word_1_474' title='bbox 1798 1798 1913 1831; x_wconf 90' lang='lat' dir='ltr'>meriti</span> <span class='ocrx_word' id='word_1_475' title='bbox 1931 1798 2050 1836; x_wconf 86' lang='lat' dir='ltr'>simus,</span> <span class='ocrx_word' id='word_1_476' title='bbox 2078 1797 2134 1829; x_wconf 91' lang='lat' dir='ltr'>in-</span> 
     </span>
     <span class='ocr_line' id='line_1_83' title="bbox 1152 1848 2135 1892; baseline -0.003 -9"><span class='ocrx_word' id='word_1_477' title='bbox 1152 1851 1247 1883; x_wconf 81' lang='lat' dir='ltr'>sania</span> <span class='ocrx_word' id='word_1_478' title='bbox 1270 1857 1321 1883; x_wconf 88' lang='lat' dir='ltr'>est</span> <span class='ocrx_word' id='word_1_479' title='bbox 1343 1856 1457 1882; x_wconf 76' lang='lat' dir='ltr'>autem</span> <span class='ocrx_word' id='word_1_480' title='bbox 1482 1850 1648 1882; x_wconf 88' lang='lat' dir='ltr'>meritum</span> <span class='ocrx_word' id='word_1_481' title='bbox 1667 1850 1804 1882; x_wconf 87' lang='lat' dir='ltr'>easdem</span> <span class='ocrx_word' id='word_1_482' title='bbox 1822 1860 1951 1892; x_wconf 88' lang='lat' dir='ltr'>poenas</span> <span class='ocrx_word' id='word_1_483' title='bbox 1966 1848 2135 1881; x_wconf 84' lang='lat' dir='ltr'>insultare</span> 
     </span>
     <span class='ocr_line' id='line_1_84' title="bbox 1151 1897 2135 1935; baseline -0.002 -2"><span class='ocrx_word' id='word_1_484' title='bbox 1151 1901 1364 1935; x_wconf 81' lang='lat' dir='ltr'>calamitoso,</span> <span class='ocrx_word' id='word_1_485' title='bbox 1418 1899 1528 1933; x_wconf 85' lang='lat' dir='ltr'>Porro</span> <span class='ocrx_word' id='word_1_486' title='bbox 1552 1911 1673 1932; x_wconf 87' lang='lat' dir='ltr'>omnes</span> <span class='ocrx_word' id='word_1_487' title='bbox 1695 1897 1856 1932; x_wconf 87' lang='lat' dir='ltr'>homines</span> <span class='ocrx_word' id='word_1_488' title='bbox 1879 1899 1995 1932; x_wconf 85' lang='lat' dir='ltr'>meriti</span> <span class='ocrx_word' id='word_1_489' title='bbox 2015 1910 2135 1932; x_wconf 88' lang='lat' dir='ltr'>sumus</span> 
     </span>
     <span class='ocr_line' id='line_1_85' title="bbox 1151 1949 2134 1995; baseline -0.003 -11"><span class='ocrx_word' id='word_1_490' title='bbox 1151 1963 1297 1995; x_wconf 83' lang='lat' dir='ltr'>poenas,</span> <span class='ocrx_word' id='word_1_491' title='bbox 1324 1951 1402 1984; x_wconf 91' lang='lat' dir='ltr'>ideo</span> <span class='ocrx_word' id='word_1_492' title='bbox 1422 1963 1494 1983; x_wconf 88' lang='lat' dir='ltr'>non</span> <span class='ocrx_word' id='word_1_493' title='bbox 1514 1951 1722 1983; x_wconf 89' lang='lat' dir='ltr'>insultemus</span> <span class='ocrx_word' id='word_1_494' title='bbox 1742 1950 1801 1983; x_wconf 88' lang='lat' dir='ltr'>alii</span> <span class='ocrx_word' id='word_1_495' title='bbox 1820 1950 1914 1991; x_wconf 87' lang='lat' dir='ltr'>aliis,</span> <span class='ocrx_word' id='word_1_496' title='bbox 1942 1950 2000 1982; x_wconf 88' lang='lat' dir='ltr'>sed</span> <span class='ocrx_word' id='word_1_497' title='bbox 2020 1949 2134 1993; x_wconf 86' lang='lat' dir='ltr'>potius</span> 
     </span>
     <span class='ocr_line' id='line_1_86' title="bbox 1151 1998 2134 2043; baseline -0.004 -8"><span class='ocrx_word' id='word_1_498' title='bbox 1151 2002 1329 2035; x_wconf 88' lang='lat' dir='ltr'>communi</span> <span class='ocrx_word' id='word_1_499' title='bbox 1346 2002 1467 2035; x_wconf 87' lang='lat' dir='ltr'>dolore</span> <span class='ocrx_word' id='word_1_500' title='bbox 1483 2002 1665 2034; x_wconf 84' lang='lat' dir='ltr'>leniamus.</span> <span class='ocrx_word' id='word_1_501' title='bbox 1722 2001 1806 2035; x_wconf 87' lang='lat' dir='ltr'>ltem</span> <span class='ocrx_word' id='word_1_502' title='bbox 1826 2000 1934 2034; x_wconf 86' lang='lat' dir='ltr'>simus</span> <span class='ocrx_word' id='word_1_503' title='bbox 1951 2000 2036 2043; x_wconf 83' lang='lat' dir='ltr'>grati</span> <span class='ocrx_word' id='word_1_504' title='bbox 2050 1998 2134 2038; x_wconf 70' lang='lat' dir='ltr'>Deo,</span> 
     </span>
     <span class='ocr_line' id='line_1_87' title="bbox 1150 2051 2134 2098; baseline -0.003 -13"><span class='ocrx_word' id='word_1_505' title='bbox 1150 2053 1210 2098; x_wconf 87' lang='lat' dir='ltr'>qui</span> <span class='ocrx_word' id='word_1_506' title='bbox 1236 2064 1314 2095; x_wconf 85' lang='lat' dir='ltr'>erga</span> <span class='ocrx_word' id='word_1_507' title='bbox 1336 2064 1400 2086; x_wconf 88' lang='lat' dir='ltr'>nos</span> <span class='ocrx_word' id='word_1_508' title='bbox 1423 2052 1489 2086; x_wconf 87' lang='lat' dir='ltr'>fuit</span> <span class='ocrx_word' id='word_1_509' title='bbox 1511 2052 1728 2090; x_wconf 83' lang='lat' dir='ltr'>misericors,</span> <span class='ocrx_word' id='word_1_510' title='bbox 1755 2064 1793 2085; x_wconf 91' lang='lat' dir='ltr'>ac</span> <span class='ocrx_word' id='word_1_511' title='bbox 1811 2051 1973 2084; x_wconf 73' lang='lat' dir='ltr'>liberavit</span> <span class='ocrx_word' id='word_1_512' title='bbox 1992 2062 2073 2090; x_wconf 88' lang='lat' dir='ltr'>nos,</span> <span class='ocrx_word' id='word_1_513' title='bbox 2101 2058 2134 2083; x_wconf 88' lang='lat' dir='ltr'>et</span> 
     </span>
     <span class='ocr_line' id='line_1_88' title="bbox 1151 2102 2133 2147; baseline -0.003 -12"><span class='ocrx_word' id='word_1_514' title='bbox 1151 2103 1225 2137; x_wconf 92' lang='lat' dir='ltr'>vult</span> <span class='ocrx_word' id='word_1_515' title='bbox 1250 2115 1314 2136; x_wconf 89' lang='lat' dir='ltr'>nos</span> <span class='ocrx_word' id='word_1_516' title='bbox 1338 2115 1400 2136; x_wconf 91' lang='lat' dir='ltr'>suo</span> <span class='ocrx_word' id='word_1_517' title='bbox 1418 2103 1576 2147; x_wconf 83' lang='lat' dir='ltr'>exemplo</span> <span class='ocrx_word' id='word_1_518' title='bbox 1593 2114 1671 2146; x_wconf 86' lang='lat' dir='ltr'>erga</span> <span class='ocrx_word' id='word_1_519' title='bbox 1689 2103 1776 2136; x_wconf 90' lang='lat' dir='ltr'>alios</span> <span class='ocrx_word' id='word_1_520' title='bbox 1792 2102 2033 2135; x_wconf 87' lang='lat' dir='ltr'>misericordes</span> <span class='ocrx_word' id='word_1_521' title='bbox 2052 2111 2133 2133; x_wconf 82' lang='lat' dir='ltr'>esse.</span> 
     </span>
     <span class='ocr_line' id='line_1_89' title="bbox 1150 2151 2132 2199; baseline -0.004 -13"><span class='ocrx_word' id='word_1_522' title='bbox 1150 2153 1200 2187; x_wconf 91' lang='lat' dir='ltr'>De</span> <span class='ocrx_word' id='word_1_523' title='bbox 1225 2151 1289 2187; x_wconf 82' lang='lat' dir='ltr'>hac</span> <span class='ocrx_word' id='word_1_524' title='bbox 1313 2151 1480 2199; x_wconf 73' lang='grc' dir='ltr'><em>ἐπιεικείᾳ</em></span> <span class='ocrx_word' id='word_1_525' title='bbox 1505 2154 1541 2186; x_wconf 90' lang='lat' dir='ltr'>in</span> <span class='ocrx_word' id='word_1_526' title='bbox 1563 2153 1687 2186; x_wconf 86' lang='lat' dir='ltr'>lacobo</span> <span class='ocrx_word' id='word_1_527' title='bbox 1712 2153 1857 2186; x_wconf 88' lang='lat' dir='ltr'>dicitur:</span> <span class='ocrx_word' id='word_1_528' title='bbox 1886 2151 2132 2185; x_wconf 83' lang='lat' dir='ltr'>Misericordia</span> 
     </span>
     <span class='ocr_line' id='line_1_90' title="bbox 1150 2199 2130 2249; baseline -0.005 -11"><span class='ocrx_word' id='word_1_529' title='bbox 1150 2205 1193 2238; x_wconf 84' lang='lat' dir='ltr'>sit</span> <span class='ocrx_word' id='word_1_530' title='bbox 1210 2216 1313 2249; x_wconf 89' lang='lat' dir='ltr'>supra</span> <span class='ocrx_word' id='word_1_531' title='bbox 1329 2205 1517 2245; x_wconf 86' lang='lat' dir='ltr'>iudicium,</span> <span class='ocrx_word' id='word_1_532' title='bbox 1545 2205 1578 2237; x_wconf 85' lang='lat' dir='ltr'>id</span> <span class='ocrx_word' id='word_1_533' title='bbox 1598 2211 1664 2242; x_wconf 87' lang='lat' dir='ltr'>est,</span> <span class='ocrx_word' id='word_1_534' title='bbox 1694 2204 1842 2246; x_wconf 85' lang='lat' dir='ltr'>rigorem</span> <span class='ocrx_word' id='word_1_535' title='bbox 1855 2229 1863 2243; x_wconf 92' lang='lat'>,</span> <span class='ocrx_word' id='word_1_536' title='bbox 1890 2203 1947 2236; x_wconf 89' lang='lat' dir='ltr'>sed</span> <span class='ocrx_word' id='word_1_537' title='bbox 1966 2199 2051 2234; x_wconf 83' lang='lat' dir='ltr'>haec</span> <span class='ocrx_word' id='word_1_538' title='bbox 2069 2199 2130 2234; x_wconf 87' lang='lat' dir='ltr'>ha-</span> 
     </span>
     <span class='ocr_line' id='line_1_91' title="bbox 1148 2255 1768 2297; baseline 0.003 -10"><span class='ocrx_word' id='word_1_539' title='bbox 1148 2256 1205 2289; x_wconf 86' lang='lat' dir='ltr'>het</span> <span class='ocrx_word' id='word_1_540' title='bbox 1223 2267 1301 2289; x_wconf 87' lang='lat' dir='ltr'>suas</span> <span class='ocrx_word' id='word_1_541' title='bbox 1319 2263 1443 2297; x_wconf 83' lang='lat' dir='ltr'>metas,</span> <span class='ocrx_word' id='word_1_542' title='bbox 1471 2262 1509 2289; x_wconf 86' lang='lat' dir='ltr'>ut</span> <span class='ocrx_word' id='word_1_543' title='bbox 1529 2256 1611 2288; x_wconf 87' lang='lat' dir='ltr'>alibi</span> <span class='ocrx_word' id='word_1_544' title='bbox 1629 2255 1768 2289; x_wconf 86' lang='lat' dir='ltr'>dicitur.</span> 
     </span>
    </p>

    <p class='ocr_par' dir='ltr' id='par_1_23' title="bbox 1146 2302 2130 2654">
     <span class='ocr_line' id='line_1_92' title="bbox 1249 2302 2130 2348; baseline -0.007 -9"><span class='ocrx_word' id='word_1_545' title='bbox 1249 2306 1366 2344; x_wconf 67' lang='lat' dir='ltr'>Nolite</span> <span class='ocrx_word' id='word_1_546' title='bbox 1390 2307 1555 2341; x_wconf 87' lang='lat' dir='ltr'>iudicare.</span> <span class='ocrx_word' id='word_1_547' title='bbox 1610 2305 1727 2338; x_wconf 83' lang='lat' dir='ltr'>Homo</span> <span class='ocrx_word' id='word_1_548' title='bbox 1752 2305 1934 2348; x_wconf 87' lang='lat' dir='ltr'>imperitus</span> <span class='ocrx_word' id='word_1_549' title='bbox 1952 2302 2130 2337; x_wconf 90' lang='lat' dir='ltr'>doctrinae</span> 
     </span>
     <span class='ocr_line' id='line_1_93' title="bbox 1149 2354 2129 2400; baseline -0.006 -10"><span class='ocrx_word' id='word_1_550' title='bbox 1149 2354 1373 2391; x_wconf 87' lang='lat' dir='ltr'>Christianae</span> <span class='ocrx_word' id='word_1_551' title='bbox 1395 2357 1587 2390; x_wconf 77' lang='lat' dir='ltr'>offenditur</span> <span class='ocrx_word' id='word_1_552' title='bbox 1605 2354 1666 2389; x_wconf 83' lang='lat' dir='ltr'>hac</span> <span class='ocrx_word' id='word_1_553' title='bbox 1685 2367 1783 2395; x_wconf 75' lang='lat' dir='ltr'>voce,</span> <span class='ocrx_word' id='word_1_554' title='bbox 1812 2357 1890 2400; x_wconf 85' lang='lat' dir='ltr'>qnia</span> <span class='ocrx_word' id='word_1_555' title='bbox 1910 2355 2048 2387; x_wconf 71' lang='lat' dir='ltr'>videtur</span> <span class='ocrx_word' id='word_1_556' title='bbox 2065 2365 2129 2396; x_wconf 91' lang='lat' dir='ltr'>po-</span> 
     </span>
     <span class='ocr_line' id='line_1_94' title="bbox 1148 2403 2128 2448; baseline -0.006 -8"><span class='ocrx_word' id='word_1_557' title='bbox 1148 2407 1239 2441; x_wconf 88' lang='lat' dir='ltr'>litias</span> <span class='ocrx_word' id='word_1_558' title='bbox 1265 2409 1405 2448; x_wconf 82' lang='lat' dir='ltr'>tollere,</span> <span class='ocrx_word' id='word_1_559' title='bbox 1433 2409 1490 2440; x_wconf 89' lang='lat' dir='ltr'>sed</span> <span class='ocrx_word' id='word_1_560' title='bbox 1510 2405 1673 2440; x_wconf 86' lang='lat' dir='ltr'>Christus</span> <span class='ocrx_word' id='word_1_561' title='bbox 1694 2413 1828 2440; x_wconf 87' lang='lat' dir='ltr'>tantum</span> <span class='ocrx_word' id='word_1_562' title='bbox 1855 2407 1896 2438; x_wconf 89' lang='lat' dir='ltr'>de</span> <span class='ocrx_word' id='word_1_563' title='bbox 1915 2403 2057 2448; x_wconf 83' lang='lat' dir='ltr'>privatis</span> <span class='ocrx_word' id='word_1_564' title='bbox 2075 2403 2128 2435; x_wconf 91' lang='lat' dir='ltr'>iu-</span> 
     </span>
     <span class='ocr_line' id='line_1_95' title="bbox 1147 2454 2128 2503; baseline -0.006 -12"><span class='ocrx_word' id='word_1_565' title='bbox 1147 2458 1248 2492; x_wconf 88' lang='lat' dir='ltr'>diciis</span> <span class='ocrx_word' id='word_1_566' title='bbox 1273 2459 1440 2503; x_wconf 87' lang='lat' dir='ltr'>loquitur.</span> <span class='ocrx_word' id='word_1_567' title='bbox 1492 2457 1650 2492; x_wconf 86' lang='lat' dir='ltr'>Primum</span> <span class='ocrx_word' id='word_1_568' title='bbox 1675 2457 1781 2500; x_wconf 83' lang='lat' dir='ltr'>igitur</span> <span class='ocrx_word' id='word_1_569' title='bbox 1799 2457 1978 2489; x_wconf 75' lang='lat' dir='ltr'>sciendum</span> <span class='ocrx_word' id='word_1_570' title='bbox 1997 2460 2044 2487; x_wconf 84' lang='lat' dir='ltr'>est</span> <span class='ocrx_word' id='word_1_571' title='bbox 2063 2454 2128 2487; x_wconf 86' lang='lat' dir='ltr'>tria</span> 
     </span>
     <span class='ocr_line' id='line_1_96' title="bbox 1147 2505 2128 2553; baseline -0.004 -11"><span class='ocrx_word' id='word_1_572' title='bbox 1147 2521 1218 2542; x_wconf 80' lang='lat' dir='ltr'>esse</span> <span class='ocrx_word' id='word_1_573' title='bbox 1246 2510 1392 2549; x_wconf 86' lang='lat' dir='ltr'>iudicia,</span> <span class='ocrx_word' id='word_1_574' title='bbox 1421 2521 1507 2553; x_wconf 80' lang='lat' dir='ltr'>quae</span> <span class='ocrx_word' id='word_1_575' title='bbox 1533 2521 1602 2541; x_wconf 83' lang='lat' dir='ltr'>non</span> <span class='ocrx_word' id='word_1_576' title='bbox 1629 2509 1803 2552; x_wconf 84' lang='lat' dir='ltr'>pertinent</span> <span class='ocrx_word' id='word_1_577' title='bbox 1826 2509 1868 2539; x_wconf 86' lang='lat' dir='ltr'>ad</span> <span class='ocrx_word' id='word_1_578' title='bbox 1890 2505 1982 2539; x_wconf 89' lang='lat' dir='ltr'>hunc</span> <span class='ocrx_word' id='word_1_579' title='bbox 2001 2506 2128 2542; x_wconf 80' lang='lat' dir='ltr'>locum.</span> 
     </span>
     <span class='ocr_line' id='line_1_97' title="bbox 1147 2557 2126 2603; baseline -0.005 -10"><span class='ocrx_word' id='word_1_580' title='bbox 1147 2559 1387 2594; x_wconf 78' lang='lat' dir='ltr'>Ministerium</span> <span class='ocrx_word' id='word_1_581' title='bbox 1418 2558 1621 2601; x_wconf 72' lang='lat' dir='ltr'>Evangelii,</span> <span class='ocrx_word' id='word_1_582' title='bbox 1665 2559 1756 2603; x_wconf 86' lang='lat' dir='ltr'>quod</span> <span class='ocrx_word' id='word_1_583' title='bbox 1789 2557 1920 2590; x_wconf 87' lang='lat' dir='ltr'>indicat</span> <span class='ocrx_word' id='word_1_584' title='bbox 1951 2563 1984 2590; x_wconf 89' lang='lat' dir='ltr'>et</span> <span class='ocrx_word' id='word_1_585' title='bbox 2014 2557 2126 2599; x_wconf 87' lang='lat' dir='ltr'>arguit</span> 
     </span>
     <span class='ocr_line' id='line_1_98' title="bbox 1146 2608 2123 2654; baseline -0.004 -11"><span class='ocrx_word' id='word_1_586' title='bbox 1146 2618 1302 2654; x_wconf 79' lang='lat' dir='ltr'>peccata,</span> <span class='ocrx_word' id='word_1_587' title='bbox 1337 2611 1423 2643; x_wconf 81' lang='lat' dir='ltr'>sicut</span> <span class='ocrx_word' id='word_1_588' title='bbox 1448 2609 1578 2642; x_wconf 83' lang='lat' dir='ltr'>Paulus</span> <span class='ocrx_word' id='word_1_589' title='bbox 1603 2609 1734 2653; x_wconf 80' lang='lat' dir='ltr'>inquit:</span> <span class='ocrx_word' id='word_1_590' title='bbox 1763 2608 1944 2647; x_wconf 75' lang='lat' dir='ltr'>Admone,</span> <span class='ocrx_word' id='word_1_591' title='bbox 1973 2608 2123 2651; x_wconf 82' lang='lat' dir='ltr'>increpa,</span> 
     </span>
    </p>
   </div>
   <div class='ocr_carea' id='block_1_17' title="bbox 1148 2659 2128 2705">
    <p class='ocr_par' dir='ltr' id='par_1_24' title="bbox 1148 2659 2128 2705">
     <span class='ocr_line' id='line_1_99' title="bbox 1148 2659 2128 2705; baseline -0.002 -11"><span class='ocrx_word' id='word_1_592' title='bbox 1148 2673 1224 2694; x_wconf 86' lang='lat' dir='ltr'>curn</span> <span class='ocrx_word' id='word_1_593' title='bbox 1250 2662 1348 2695; x_wconf 87' lang='lat' dir='ltr'>omni</span> <span class='ocrx_word' id='word_1_594' title='bbox 1376 2661 1534 2705; x_wconf 84' lang='lat' dir='ltr'>imperio.</span> <span class='ocrx_word' id='word_1_595' title='bbox 1604 2659 1687 2693; x_wconf 83' lang='lat' dir='ltr'>Item</span> <span class='ocrx_word' id='word_1_596' title='bbox 1716 2659 1842 2692; x_wconf 84' lang='lat' dir='ltr'>iudicia</span> <span class='ocrx_word' id='word_1_597' title='bbox 1875 2659 2128 2701; x_wconf 59' lang='lat' dir='ltr'>magistratum.</span> 
     </span>
    </p>
   </div>
  </div>
 </body>
</html>
