2409 2915
100 120 174 156 677
355 118 432 154 ΧΠ.

315 204 477 246 Quorum
503 200 588 245 baec
613 208 661 234 est
687 202 871 234 sententia:

141 256 172 284 Si
197 256 260 293 quis
283 255 320 282 de
343 254 434 292 partis
456 253 519 280 vult
542 251 625 288 plura
648 251 801 279 absumere
823 252 920 286 rebus,

183 307 334 339 Quaerere
357 312 440 342 quam
463 301 542 339 vigili
565 300 723 328 sedulitate
748 308 859 338 potest:

144 355 170 383 ls
193 353 384 382 mendicando
408 352 512 379 victum
537 355 637 387 petet,
659 350 731 377 ostia
756 351 883 387 pulsans,

183 405 241 434 Aut
264 404 342 432 seret
363 403 429 430 huic
451 401 564 428 tristem
587 409 674 435 crux,
704 400 883 438 laqueusque
908 410 1021 429 necem.

202 455 251 488 Ac
271 459 378 486 exstat
394 453 597 484 mandatum
620 450 781 483 divinum
808 452 1027 494 profusiones
1051 458 1083 484 et

100 506 342 550 dissipationes
366 500 620 536 haereditatum
644 501 854 535 nominatim
881 500 1083 545 prohibens,

101 552 334 590 Proverb.5.:
375 551 427 585 Ne
449 554 509 585 des
541 551 772 585 substantiam
806 559 900 586 tuam
935 552 1080 593 crudeli,

101 620 162 641 nec
191 610 392 638 saturentur
424 603 530 636 alieni
564 602 788 636 facultatibus
818 603 900 636 tuis.
972 602 1081 637 Vocat

99 657 190 691 enim
210 654 367 688 crudeles
383 659 416 686 et
430 653 565 687 alienos
582 664 656 693 cos,
682 653 741 697 qui
756 653 952 687 abutuntur
967 654 1080 687 aliena

97 707 258 740 facilitate
276 711 308 738 et
325 705 553 745 liberalitate,
581 704 713 749 quique
727 701 953 748 harpyiarum
973 712 1004 737 et
1024 702 1079 737 hi-

98 757 264 791 rudinum
285 767 383 788 more
405 755 608 798 sanguinem
628 755 814 791 exorbent,
843 767 881 787 ac
897 763 1078 800 postquam

96 808 273 842 facultates
290 807 440 839 aliorum
458 809 685 844 devorarunt,
714 805 767 845 iis,
787 806 914 849 quibus
933 806 1079 840 fideiita-

97 866 163 892 tem
182 865 213 891 et
231 857 481 901 gratitudinem
499 857 690 895 debebant,
726 855 761 887 in
782 856 976 890 calamitate
996 857 1078 890 illu-

96 911 182 942 dunt
199 916 232 942 et
249 908 433 941 insultant.

196 959 376 992 Praeterea
395 958 549 1002 conspici
571 965 680 1002 potest
699 959 734 991 in
753 959 842 991 aulis
867 965 900 991 et
926 958 1078 991 admini—

95 1011 260 1044 stratione
278 1022 338 1042 seu
359 1009 615 1052 gubernatione
633 1010 792 1052 politica,
821 1016 993 1053 quantum
1012 1009 1078 1042 im-

95 1062 394 1105 pedimentorum,
429 1067 461 1093 et
483 1060 774 1093 detrimentorum
802 1060 1077 1102 p·r11ici0sorutn

95 1112 229 1156 pariant
248 1111 370 1144 inanes
388 1111 618 1154 profusiones.
666 1110 753 1143 sum
772 1111 910 1144 domini
932 1123 992 1144 seu
1016 1124 1078 1155 po-

96 1170 230 1196 testates
261 1174 332 1194 non
364 1161 567 1194 necessariis
598 1161 771 1193 sumtibus
797 1163 1021 1205 apparatibus
1048 1169 1078 1195 et

96 1214 232 1256 pompis
255 1213 463 1256 impendunt
481 1212 660 1244 ordinaria
677 1211 810 1245 tributa
836 1213 1078 1257 legitimasque

95 1264 297 1307 pensiones,
337 1275 375 1295 ac
402 1274 506 1305 supra
537 1263 681 1295 modum
710 1274 850 1296 suarum
874 1263 1077 1296 facultatum

96 1315 191 1347 inani
223 1314 372 1357 aucupio
396 1313 527 1356 gloriae
559 1314 779 1356 profundunt
807 1313 976 1356 plurima,
1017 1313 1076 1345 nbi

94 1377 164 1397 non
183 1371 233 1398 est
249 1375 354 1408 opus,
376 1370 493 1407 postea
518 1375 581 1396 nec
605 1364 671 1406 ipsi
694 1370 773 1395 sunt
794 1363 954 1396 instructi
974 1374 1077 1406 pecu-

94 1417 149 1447 nia
171 1416 212 1447 ad
238 1426 290 1447 res
314 1414 519 1446 necessarias
537 1415 726 1455 gerendas,
768 1426 831 1446 nec
858 1420 1005 1456 parcunt
1029 1414 1077 1445 ci-

92 1466 186 1498 vium
204 1465 442 1505 facultatibus,
470 1465 527 1496 sed
546 1463 784 1497 immoderatis
803 1463 1077 1506 expilationibus

91 1515 316 1559 deglubentes
353 1515 542 1558 populum,
590 1515 787 1547 ditionibus
821 1514 1076 1558 territoriisque

91 1567 162 1600 suis
178 1578 284 1598 onera
302 1565 538 1598 intolerabilia
557 1565 748 1598 cumulant.

186 1615 281 1649 Ilaec
296 1616 413 1649 omnia
431 1616 617 1658 diligenter
634 1616 860 1649 consideretis
877 1622 979 1659 atque
998 1628 1074 1657 per-

93 1667 252 1712 pendatis
285 1673 317 1699 et
348 1666 489 1699 discatis
525 1677 604 1698 cum
638 1666 828 1708 gratiarum
863 1666 1000 1698 actione
1031 1667 1072 1698 ad

90 1717 224 1755 Deum,
270 1717 394 1749 ordine
422 1728 460 1749 ac
485 1717 678 1759 prudenter
701 1723 773 1749 tum
800 1716 970 1748 collocare
1000 1724 1073 1749 tum

90 1768 266 1801 custodire
290 1767 471 1799 facultates
495 1767 583 1799 iuste
606 1773 737 1809 partas,
778 1778 840 1799 nec
866 1766 948 1799 ullis
975 1779 1074 1810 prae-

91 1819 242 1852 textibus
259 1817 346 1850 alios
361 1817 586 1850 defraudetis.

194 1867 290 1909 Quin
319 1875 353 1900 et
376 1866 441 1900 hoc
463 1867 596 1903 sciatis,
631 1867 801 1900 divinitus
824 1867 961 1904 offerri,
991 1866 1073 1900 Dei-

91 1931 159 1964 que
175 1917 343 1952 beneficia
363 1929 435 1950 esse
451 1917 652 1957 facultates,
681 1918 809 1950 victum
828 1930 866 1949 ac
883 1929 954 1950 rem
972 1918 1073 1950 sami-

92 1971 231 2011 liarem,
258 1981 321 2002 nec
345 1968 518 2011 negligere
535 1967 648 1999 Deum
669 1969 992 2001 administrationes
1015 1976 1073 2002 aut

91 2020 339 2064 acquisitiones
356 2020 576 2052 fortunarum
589 2043 597 2055 ,
624 2020 683 2051 sed
703 2019 791 2051 velle
808 2031 863 2051 eas
881 2020 982 2060 tueri,
1012 2032 1073 2052 au-

91 2081 169 2114 gere
186 2077 217 2103 et
236 2067 427 2113 provehere
446 2077 537 2102 recte
558 2070 741 2103 utentibus
769 2077 798 2101 et
828 2069 862 2101 in
892 2070 1073 2102 vocatione

90 2120 239 2153 fideliter
255 2119 500 2159 servientibus,
526 2119 615 2152 velle
632 2120 733 2152 etiam
752 2127 931 2152 attenuare
947 2131 984 2152 ac
1002 2121 1073 2153 dis-

91 2172 203 2213 sipare
219 2170 410 2209 facultates,
440 2181 517 2201 cum
533 2169 687 2212 insignes
703 2171 833 2203 abusus
850 2178 1074 2203 accersuntur

90 2229 210 2255 contra
228 2220 495 2258 conscientiam,
522 2220 609 2252 sicut
627 2221 838 2263 experientia
857 2222 1073 2263 comprobat,

91 2280 123 2305 et
139 2271 231 2305 oculi
250 2277 420 2303 testantur
437 2267 520 2302 baec
538 2270 710 2303 divinitus
725 2268 790 2303 hoc
808 2272 912 2303 modo
933 2271 1017 2303 fieri.

192 2321 293 2354 Hanc
312 2332 532 2354 communem
553 2321 767 2357 doctrinam,
795 2322 838 2352 de
853 2321 1076 2363 proprietate,

91 2385 150 2406 seu
177 2372 402 2406 distinctione
423 2371 684 2408 dominiorum,
713 2383 751 2403 ac
770 2373 811 2404 de
831 2370 995 2413 legitimov
1009 2383 1074 2405 usu

90 2424 316 2461 facultatum,
358 2421 491 2455 debetis
516 2419 569 2454 hic
595 2428 725 2455 attente
758 2421 909 2465 cogitare
943 2429 975 2455 et
1003 2434 1074 2455 me-

92 2474 207 2507 ditari.

191 2524 271 2557 Non
290 2523 385 2556 volui
402 2524 527 2556 arduas
552 2529 581 2555 et
608 2522 753 2555 subtiles
777 2520 841 2554 lior
868 2523 942 2554 loco
970 2536 1074 2568 quae-

95 2576 221 2608 stiones
238 2574 379 2617 agitare,
400 2575 458 2606 sed
477 2574 690 2606 mentionem
707 2574 817 2606 facere
834 2575 1075 2608 communium

95 2627 316 2668 negotiorum
331 2651 340 2664 ‚
386 2636 526 2657 casuum
559 2631 591 2656 et
623 2624 811 2662 vitiorum,
855 2637 1004 2668 quorum
1040 2625 1074 2657 in

94 2672 199 2709 huius
225 2677 314 2710 vitae
339 2676 489 2708 miseriis
510 2683 541 2708 et
564 2675 765 2708 infirmitate
789 2676 944 2719 vxompla
971 2676 1076 2709 nimis

487 114 879 151 ANNOTATtONES
909 114 972 149 ET
1000 113 1279 151 CONCtONES
1308 116 1355 150 ΙΝ
1385 116 1564 152 EVANG.
1592 117 1868 155 MATTHAEI.

2048 124 2120 157 678

1138 201 1276 242 crebra,
1303 208 1335 236 et
1352 200 1441 246 proh
1461 203 1564 236 dolor
1579 204 1784 248 quotidiana
1809 213 1890 240 sunt
1916 207 1952 240 in
1975 220 2120 253 conspe-

1137 259 1193 285 ctu
1213 253 1341 295 posita,
1369 254 1411 286 de
1427 254 1665 297 quorumlibet
1685 267 1853 298 generum
1876 258 1998 297 sortis,
2027 260 2121 293 iniu-

1136 303 1197 386 stils
1216 303 1374 347 aucupiis
1399 310 1431 336 et
1455 303 1577 344 lucris,
1605 311 1708 350 atque
1731 308 1916 352 multiplici
1939 310 2048 344 abusu
2070 312 2120 344 sa—

1135 366 1175 387 cu
1195 359 1314 387 tatum.

1235 412 1286 446 De
1309 410 1364 446 his
1389 413 1471 457 ipsis
1498 415 1643 458 peccatis
1661 413 1821 452 Christus
1845 433 1984 465 quoque
2002 423 2117 467 loqui-

1133 469 1208 502 tur,
1235 475 1299 496 nec
1320 464 1468 497 dubium
1493 472 1559 505 est,
1593 467 1679 511 quiu
1702 479 1766 500 nos
1790 482 1948 514 quoque,
1985 475 2011 505 si
2038 488 2115 508 vera

1134 513 1259 557 pietate
1275 512 1390 547 Deum
1416 515 1628 556 coleremus,
1656 529 1807 551 essemus
1832 521 1941 554 futuri
1966 525 2115 567 diligen-

1132 565 1237 598 tiores
1254 565 1290 597 in
1308 562 1363 598 his
1379 567 1630 608 oeconomicis‚
1657 571 1884 613 quantumvis
1901 572 2052 615 levibus,
2081 585 2115 609 nt

1132 615 1314 656 videntur,
1359 616 1502 657 officiis,
1538 617 1716 659 videlicet,
1754 627 1791 654 nt
1817 623 1907 655 iusto
1933 626 2058 658 ordine
2084 637 2115 661 et

1131 667 1390 710 acquireremus
1406 678 1466 699 seu
1486 680 1703 713 pararemus,
1740 678 1770 703 et
1789 673 2114 710 administraremus

1131 716 1202 750 sive
1228 717 1478 751 collocaremus
1504 717 1587 751 baec
1612 726 1751 754 externa
1784 728 1888 766 atque
1919 729 2113 768 corporalia

1130 767 1242 808 hona,
1270 780 1334 800 nec
1357 768 1541 812 luporum,
1571 781 1695 803 canum
1718 779 1749 804 et
1772 772 1912 813 felium,
1948 777 1990 807 de
2015 786 2113 821 pastu

1131 819 1382 852 decertantium
1399 831 1507 857 more,
1535 820 1629 852 velut
1646 833 1683 853 ex
1702 822 1861 856 faucibus
1877 834 2032 868 ereptum
2051 830 2114 861 bo-

1131 869 1201 902 lum
1221 882 1280 903 seu
1299 870 1433 910 cibum,
1460 881 1552 904 unus
1568 870 1666 904 alteri
1687 873 1862 907 mordicus
1877 877 2036 914 auferret.

1231 927 1327 962 Deus
1352 935 1445 962 certe
1471 929 1545 963 vult
1567 941 1604 962 ac
1630 930 1780 973 flagitat,
1823 941 1859 966 ut
1892 946 1956 968 nos
1984 944 2013 970 et
2051 937 2113 972 bac

1131 980 1366 1025 qualicunque
1390 980 1590 1013 obedientia
1615 980 1718 1014 fidem
1745 989 1849 1028 atque
1872 985 2032 1021 timorem
2050 990 2113 1024 Dei

1131 1031 1364 1071 declaremus,
1392 1042 1430 1064 ac
1447 1031 1513 1074 ipsi
1530 1028 1623 1064 hunc
1641 1029 1810 1066 bonorem
1827 1035 2030 1082 cultumque
2053 1043 2114 1075 de-

1131 1081 1242 1115 bitum
1267 1088 1499 1125 praestemus‚
1528 1082 1708 1123 videlicet,
1736 1091 1774 1118 ut
1798 1085 1965 1129 benigne,
2001 1090 2113 1125 fideli-

1130 1139 1200 1172 ter,
1227 1139 1260 1165 et
1278 1133 1365 1165 iuste
1384 1132 1475 1166 inter
1493 1143 1556 1165 nos
1573 1133 1632 1165 alii
1650 1145 1727 1166 cum
1755 1134 1834 1168 aliis
1857 1149 1910 1169 res
1937 1151 1975 1171 ac
2000 1142 2112 1177 officis.

1131 1183 1448 1223 communicemus,
1483 1183 1575 1215 iuxta
1600 1183 1731 1216 dictum
1756 1184 1967 1230 Prophetae:
2003 1191 2112 1225 Mise-

1131 1233 1318 1266 ricordiam
1345 1233 1446 1276 volo,
1481 1245 1551 1265 non
1579 1234 1805 1277 sacrificium,
1840 1245 1873 1271 et
1897 1240 2112 1282 agnififflwm

1130 1283 1193 1316 Dei
1214 1283 1322 1326 magis
1341 1295 1444 1327 quam
1463 1279 1664 1317 holocausta
1690 1292 1752 1318 etc.

1230 1340 1303 1374 Nos
1331 1342 1472 1386 quidem
1507 1342 1771 1377 concionatores
1806 1347 1892 1390 quid
1930 1361 2113 1391 possumus

1130 1391 1225 1423 aliud
1242 1392 1368 1431 facere,
1396 1404 1499 1436 quam
1518 1404 1642 1425 sonare
1660 1405 1777 1427 vocem
1789 1394 1974 1441 Decalogi,
2003 1409 2033 1435 et
2053 1416 2114 1437 vo..

1130 1441 1182 1473 his
1202 1442 1422 1475 auditoribus
1439 1444 1601 1475 mandata
1622 1444 1743 1476 divina
1763 1450 1983 1491 proponere?
2027 1452 2114 1487 Cae-

1129 1498 1241 1524 terum
1268 1492 1400 1536 politici
1425 1494 1646 1536 magistratus
1670 1495 1823 1529 officium
1848 1507 1921 1533 erat
1940 1500 1975 1533 in
1995 1505 2114 1539 multis

1129 1539 1333 1576 huiusmodi
1358 1544 1506 1586 negotiis
1530 1545 1620 1578 tueri
1641 1545 1809 1580 iustitiam
1838 1554 2038 1586 exercendis
2058 1556 2112 1589 iu-

1129 1593 1229 1626 diciis
1246 1600 1278 1626 et
1296 1594 1497 1627 executione
1515 1607 1726 1638 poenarum,
1754 1609 1813 1631 seu
1832 1603 2020 1641 puniendis
2037 1606 2112 1640 vio-

1129 1643 1300 1677 latoribus
1326 1644 1479 1677 iustitiae
1504 1657 1542 1677 ac
1568 1646 1786 1689 disciplinae,
1834 1649 1903 1683 Sed
1929 1654 2110 1695 regimina,

1129 1690 1217 1736 proh
1235 1694 1359 1734 dolor,
1387 1694 1608 1736 languidiora
1625 1703 1705 1729 sunt
1724 1694 1778 1730 his
1792 1699 1925 1734 ultimis
1942 1708 2110 1748 tempori-
2157 1728 2160 1729 ν

1128 1744 1209 1783 bus,
1251 1751 1283 1777 et
1310 1745 1345 1776 in
1368 1741 1431 1776 hac
1457 1745 1565 1778 delira
1584 1747 1707 1779 mundi
1726 1755 1874 1785 senecta.
1929 1752 2021 1788 Deus
2038 1757 2110 1790 cle-

1127 1801 1262 1826 menter
1291 1795 1349 1827 det
1377 1795 1521 1838 imperia
1555 1797 1642 1829 iusta
1675 1804 1706 1829 et
1737 1799 1901 1833 salutaria
1925 1801 2099 1841 Ecclesiae

1128 1844 1242 1877 flectat
1267 1845 1369 1877 etiam
1397 1853 1529 1878 vestros
1551 1854 1583 1879 et
1608 1854 1766 1888 nostros,
1800 1850 1835 1883 id
1860 1859 1926 1893 est,
1953 1837 2111 1892 omniomi

1127 1894 1263 1927 animos
1285 1896 1326 1927 ad
1351 1895 1422 1938 pie,
1452 1903 1702 1940 temperanter,
1730 1900 1871 1942 ordine,
1899 1904 2111 1952 circumspe-

1127 1951 1178 1977 cte
1198 1945 1384 1989 sobrieque
1401 1946 1607 1985 vivendum,
1635 1955 1672 1981 ut
1695 1955 1728 1981 et
1752 1949 1864 1992 ipsum
1888 1951 2023 1990 honore
2049 1962 2111 1993 ad-

1127 1995 1294 2035 ficiamus,
1313 2002 1346 2028 et
1363 1996 1399 2028 in
1416 1997 1672 2039 gubernatione
1687 2011 1824 2034 morum
1842 2003 1997 2040 solicitae
2012 2021 2112 2044 men-

1127 2052 1175 2078 tes
1192 2047 1427 2080 accendantur
1443 2048 1484 2079 ad
1505 2047 1762 2083 invocationem
1783 2059 1814 2085 et
1833 2061 1983 2090 caeteras
2002 2060 2111 2095 virtu-

1127 2103 1177 2128 tes
1196 2103 1430 2139 congruentes
1446 2098 1618 2132 voluntati
1638 2099 1797 2142 divinae,
1823 2103 1949 2139 Amen.

1319 2191 1488 2225 Lucerna
1514 2195 1676 2236 corporis
1699 2199 1754 2228 est
1778 2198 1913 2231 oculus.

1228 2263 1305 2298 Hoc
1322 2267 1548 2301 memorabile
1565 2269 1694 2301 dictum
1717 2277 1763 2302 est
1783 2273 1901 2312 regola
1927 2280 2110 2319 generalis,

1128 2317 1442 2350 commonefaciens
1458 2330 1537 2357 n05‚
1566 2325 1601 2351 ut
1624 2320 1657 2352 in
1677 2321 1832 2363 quolibet
1852 2337 1955 2366 opere
1977 2329 2109 2374 princi-

1129 2365 1252 2407 paliter
1275 2368 1383 2400 animi
1415 2369 1646 2402 intentionem
1673 2381 1732 2403 seu
1757 2372 1960 2409 discrimina
1987 2379 2108 2413 finium

1128 2416 1409 2461 consideremus,
1437 2430 1499 2451 nec
1524 2427 1657 2452 tantum
1679 2422 1811 2455 externi
1839 2427 1955 2468 operis
1977 2438 2109 2468 gestum

1128 2477 1185 2499 seu
1206 2467 1464 2502 simulationem
1484 2478 1686 2513 spectemus.
1740 2470 1901 2518 Exempli
1918 2489 2038 2514 cansa:

1230 2525 1431 2568 Abrabam,
1475 2529 1556 2561 item
1589 2529 1693 2562 vidua
1726 2531 1934 2575 Sareptana,
1984 2547 2014 2572 et
2049 2542 2107 2574 alii

1128 2578 1236 2610 sancti
1261 2575 1421 2611 homines
1444 2580 1617 2612 dederunt
1640 2580 1884 2627 eleemosynas.
1941 2586 2011 2620 lam
2033 2592 2108 2633 pln-

1128 2627 1208 2660 rirni
1223 2629 1347 2661 divites
1367 2630 1458 2662 inter
1475 2627 1645 2662 Ethnicos
1665 2632 1716 2663 vel
1737 2629 1937 2677 hypocritae
1953 2651 2023 2672 non
2044 2644 2108 2674 ini-

1130 2689 1195 2711 nns
1214 2680 1362 2722 benigne
1381 2680 1580 2720 largiuntur
1603 2682 1851 2728 eleemosynas.
1900 2686 1965 2722 Hic
1986 2692 2107 2726 viden-

1405 2728 1487 2765 45*
