2409 2915
286 105 354 139 143

329 186 497 224 Florebit
515 181 753 232 amygdalus.

385 248 424 282 Id
443 254 512 286 est,
540 245 672 279 accidet
691 242 858 283 canicies,
886 240 975 275 utin
998 239 1202 286 amygdalis.

334 324 548 361 onerantur
563 321 736 357 locustae.

386 385 426 419 Id
450 390 520 423 est,
554 382 787 415 incurvantur
816 378 977 423 scapulae
1006 384 1038 410 et
1065 387 1190 414 coxae,
1223 374 1260 406 id

284 444 348 475 est,
377 447 476 469 senes
500 433 671 467 incedunt
695 431 805 466 curvi.
863 429 906 463 Et
931 429 1041 471 figura
1068 425 1261 460 extantium

282 487 521 532 scapularum,
549 491 581 518 et
599 495 703 517 coxae
719 489 753 516 et
769 481 889 526 spinae
908 479 1003 513 dorsi
1022 478 1188 511 incurvae
1214 476 1259 508 si-

284 539 385 572 miles
406 544 456 571 est
471 537 637 570 locustae.

332 609 386 645 Et
402 609 495 658 perit
514 607 692 655 voluptas.

385 670 424 704 Id
446 677 514 707 est,
550 667 689 701 fastidia
716 673 798 700 sunt
821 673 854 700 et
878 677 1027 699 nauseae
1044 665 1111 698 cibi
1127 691 1135 703 ‚
1163 669 1265 707 potus

283 731 314 757 et
339 722 488 755 aliarum
513 719 753 762 voluptatum:
789 717 871 762 quia
900 717 1012 749 virtus
1045 722 1096 748 est
1120 715 1265 757 langue-

282 775 389 812 sacta,
423 771 460 804 fit
484 770 576 803 mala
600 769 733 809 coctio,
771 779 894 812 parum
919 767 1003 800 boni
1030 765 1210 809 sanguinis
1233 770 1267 797 et

282 823 492 868 spirituum,
510 821 632 864 exigua
651 819 798 853 nutritio
817 826 882 852 etc.
916 817 1042 851 Postea
1060 818 1104 850 de
1118 815 1265 849 interio—

282 875 381 908 ribus
397 872 568 918 loquitur.

334 948 541 996 Antequam
561 943 962 994 rumpalurfuniculus
983 947 1188 989 argenteus,

385 1016 548 1059 lntelligo
560 1025 688 1047 nervos
705 1020 737 1046 et
752 1011 943 1052 τένοντας,
962 1012 1167 1055 ligamenta:
1184 1016 1266 1043 sunt

285 1069 378 1103 enim
398 1067 496 1100 nervi
515 1065 646 1098 similes
663 1064 754 1097 albis
771 1064 850 1096 fitis.
889 1062 934 1096 Et
950 1075 1028 1095 cum
1044 1062 1114 1093 sint
1133 1062 1266 1094 instru-

280 1126 398 1154 menta
421 1129 542 1151 sensus
569 1123 600 1149 et
629 1122 742 1149 motus
757 1144 765 1157 ‚
795 1115 1018 1159 praecipuam
1038 1113 1110 1145 vim
1132 1110 1265 1146 habent

281 1172 318 1204 in
335 1180 480 1213 corpore
498 1165 664 1202 humano.

331 1242 383 1277 Et
401 1241 568 1276 decurrat
587 1241 673 1286 fons
690 1252 835 1275 aureus.

381 1310 422 1345 Id
434 1316 501 1350 est,
523 1321 594 1349 cor,
614 1309 710 1354 quod
721 1315 769 1342 est
779 1308 859 1341 fons
871 1314 902 1341 et
914 1307 1090 1349 scaturigo
1101 1307 1263 1339 omnium

281 1366 451 1398 virtutum
463 1389 472 1402 ,
499 1367 532 1394 et
549 1360 680 1393 vivifici
697 1359 841 1394 catoris.

329 1436 543 1475 Conterelur
557 1433 696 1483 hydria
713 1434 987 1483 super-sontem.

383 1507 422 1541 Id
449 1513 516 1546 est,
543 1517 631 1538 vena
656 1516 760 1548 super
783 1515 877 1548 epar.
938 1502 1028 1536 Cum
1054 1502 1146 1535 enim
1174 1503 1264 1535 dnos

280 1562 394 1593 fontes
421 1570 481 1591 seu
504 1558 591 1590 duas
613 1555 843 1599 scaturigines
868 1554 1124 1591 nominaverit,
1150 1553 1263 1586 xisum

279 1618 330 1644 est
354 1609 526 1643 concinne
548 1608 681 1640 fontem
709 1618 853 1639 aureum
881 1605 1030 1648 intelligi
1047 1617 1116 1637 cor.
1169 1604 1263 1647 Quia

279 1661 355 1695 auri
380 1659 576 1693 similitudo
596 1657 705 1700 magis
722 1656 885 1698 congruit
903 1656 944 1687 ad
963 1668 1041 1695 cor,
1069 1663 1102 1688 et
1125 1656 1167 1687 ad
1191 1656 1262 1699 spi-

279 1713 378 1746 ritus.
433 1709 558 1743 Postea
584 1706 710 1753 hydria
738 1707 782 1741 sit
806 1718 907 1739 causa
932 1705 1040 1746 vena,
1070 1718 1158 1751 quae
1183 1717 1263 1738 san-

278 1763 420 1806 guinem
448 1758 568 1794 haurit
593 1771 632 1791 ex
655 1765 775 1803 epate,
805 1764 837 1791 et
861 1758 897 1790 in
924 1764 1034 1791 totu-'n
1061 1769 1188 1800 corpus
1213 1757 1262 1789 ef-

279 1814 414 1853 fundit,
448 1818 481 1845 et
506 1810 684 1844 verissime
706 1816 757 1843 est
782 1809 901 1842 nutrix
927 1815 960 1841 et
990 1808 1122 1841 canalis
1151 1808 1262 1842 totius

279 1863 446 1909 corporis.
502 1860 548 1895 Et
569 1867 844 1894 consentaneum
862 1867 929 1896 est,
957 1859 1185 1893 Salomonem
1205 1856 1262 1891 hic

280 1928 351 1949 non
369 1913 526 1948 omisisse
543 1912 722 1960 opificium
750 1922 918 1943 venarum
932 1937 939 1949 ‚
968 1911 1062 1954 quod
1088 1910 1124 1942 in
1144 1910 1261 1942 nutri-

280 1967 416 2000 catione
441 1964 663 2009 praecipuam
689 1962 789 1995 affert
814 1961 1022 2000 utilitatem,
1052 1967 1084 1993 et
1100 1960 1260 1993 miranda

278 2025 351 2051 arte
375 2023 407 2050 et
429 2014 652 2060 providentia
684 2013 718 2045 in
743 2019 854 2045 totum
881 2024 1008 2056 corpus
1033 2011 1260 2045 distributum

279 2077 327 2103 est
339 2097 346 2108 ,
362 2074 401 2101 ut
416 2066 582 2100 omuibus
602 2064 759 2109 partibus
778 2061 973 2097 advehatur
990 2063 1260 2096 nutrimentum.

380 2117 574 2151 Cisternam
593 2116 696 2160 plane
714 2115 871 2157 intelligo
883 2114 1133 2147 ventriculum.
1168 2113 1261 2155 Quia

279 2169 490 2203 vocabulum
525 2167 695 2210 significat
729 2167 940 2210 profundam
983 2165 1187 2201 cavitatem,
1230 2171 1260 2198 et

280 2221 354 2266 gyri
375 2231 478 2263 snper
495 2218 731 2252 ventriculum
756 2215 954 2260 significant
975 2216 1108 2248 vicinas
1135 2222 1261 2259 partes,

279 2272 409 2305 scilicet
443 2270 624 2308 intestina,
666 2281 753 2313 quae
784 2268 951 2301 collocata
982 2274 1063 2300 sunt
1094 2273 1260 2311 tanquam

278 2323 352 2368 gyri
371 2334 429 2355 seu
449 2321 570 2360 orbes,
597 2327 627 2353 et
645 2317 876 2363 Ιιιιισιψτεῖριον
896 2331 982 2363 pene
1000 2317 1148 2363 speciem
1168 2325 1262 2351 rotae

280 2374 402 2410 efficit,
431 2371 486 2405 cui
502 2371 672 2415 implicita
691 2378 770 2403 sunt
791 2371 967 2405 intestina.

383 2423 483 2457 llanc
498 2422 713 2455 mentionem
732 2428 890 2454 senectae
910 2428 942 2455 et
961 2420 1084 2454 mortis
1102 2419 1262 2457 inseruit,

282 2483 317 2508 ut
338 2476 482 2509 lectores
498 2476 540 2506 de
556 2474 674 2507 futuro
697 2473 826 2505 iudicio
846 2471 1146 2511 commonefaciat,
1172 2472 1259 2504 sicut

281 2539 359 2559 mox
400 2526 523 2569 repetit
562 2522 652 2558 hanc
685 2523 912 2557 sententiam:
946 2523 1082 2557 Cuncta
1110 2523 1260 2556 adducet

281 2576 375 2611 Deus
391 2578 425 2608 in
446 2576 626 2612 iudicium.
644 2575 788 2620 vultque
805 2574 1017 2616 cogitatione
1035 2573 1156 2606 iudicii
1176 2585 1260 2606 con-

279 2628 410 2661 firmari
432 2623 532 2660 fidem
551 2628 593 2659 dc
610 2625 854 2670 providentia,
881 2631 913 2658 et
930 2625 1070 2659 excitari
1097 2625 1259 2658 timorem

278 2679 340 2712 Dei
355 2706 362 2719 ,
391 2678 648 2711 invocationem
668 2685 699 2712 et
718 2689 837 2711 curam
857 2683 947 2710 recte
964 2676 1128 2710 faciendi.
1165 2675 1258 2718 Quia

878 92 1002 128 PHlL.
1030 91 1144 128 MEL.
1173 89 1381 127 SCRIPTA
1410 87 1709 128 EXEGETlCA.

2235 94 2308 130 144

1318 183 1431 210 metus
1463 183 1624 211 aeternae
1659 177 1731 212 irae
1762 185 1795 212 et
1821 179 2029 213 abiectionis
2059 186 2095 214 et
2125 177 2303 214 horrendi

1318 227 1494 262 cruciatus
1527 227 1565 261 in
1596 235 1667 264 tota
1699 230 1904 264 aeternitate
1935 230 2117 272 duraturi,
2149 243 2224 265 non
2246 237 2305 266 est

1317 279 1432 321 segnis
1457 279 1613 312 monitor
1646 282 1754 314 menti
1787 293 1859 315 non
1894 278 2120 326 prophanae,
2151 289 2186 316 et
2207 280 2300 316 hanc

1291 357 1293 361 ,
1318 341 1491 363 summam
1510 330 1616 364 refert
1634 338 1741 365 totam
1759 332 1977 368 concionem.

1370 412 1491 447 Deum
1507 415 1609 454 time,
1639 419 1669 448 et
1685 412 1868 449 mandata
1886 415 1961 450 eius
1982 415 2144 458 observa,
2167 413 2235 450 hoc
2253 422 2304 451 est

1417 465 1651 513 praecipuum
1668 465 1840 500 munibus·
1857 464 2082 504 hominibus.

1421 530 1676 577 Complectitur
1699 540 1815 566 autem
1842 541 1955 568 totum
1980 535 2115 568 cultum
2143 543 2176 570 et
2195 542 2303 570 totam

1318 583 1568 622 obedientiam,
1588 591 1620 618 et
1637 583 1779 617 deducit
1795 596 1859 617 nos
1878 586 1921 618 ad
1941 583 2034 619 hunc
2046 598 2166 620 verum
2178 585 2303 626 Deum,

1319 635 1379 680 qui
1407 646 1441 667 se
1466 635 1627 678 patefecit
1651 636 1688 668 in
1707 632 1772 668 hoc
1792 636 1923 679 populo
1944 636 2070 677 Israel,
2098 644 2130 671 et
2158 638 2304 671 tradidit

1319 686 1349 718 ei
1366 686 1618 733 promissiones
1643 693 1676 720 et
1703 686 1833 729 legem,
1861 686 2060 721 illustribus
2084 694 2117 721 et
2140 699 2210 721 non
2240 688 2306 720 fal-

1319 737 1474 770 lentibus
1508 737 1736 774 testimoniis,
1774 735 1868 770 hunc
1894 736 2009 771 Deum
2039 738 2115 772 vult
2146 739 2302 781 agnosci,

1319 787 1452 828 audiri,
1482 787 1658 829 invocari,
1687 788 1753 822 coli
1779 788 1875 822 iuxta
1906 785 1998 822 hanc
2032 789 2141 833 ipsam
2173 802 2306 828 vocem,

1319 851 1423 883 quam
1457 838 1620 879 tradidit,
1663 846 1695 872 et
1721 839 1890 883 proponit
1922 851 2095 872 summam
2132 852 2306 881 normam,

1319 901 1408 934 quae
1426 889 1528 922 debet
1546 901 1616 922 esse
1634 890 1758 923 rectrix
1775 890 1934 923 omnium
1953 891 2248 925 deliberationum
2273 899 2306 925 et

1320 940 1517 974 actionum:
1549 939 1688 973 Intuere
1704 939 1819 974 Deum
1844 948 1876 974 et
1902 941 2011 985 ipsius
2026 943 2245 982 doctrinam,
2273 950 2307 976 et

1292 975 1295 1062 ἶ
1319 992 1364 1024 ab
1387 989 1452 1024 hac
1477 1002 1601 1024 norma
1624 1003 1697 1024 non
1721 992 1912 1032 discedito,
1940 999 1973 1026 et
1988 994 2092 1031 scias,
2120 993 2306 1026 disceden-

1320 1048 1389 1075 tem
1412 1042 1488 1075 sine
1510 1042 1582 1075 ulla
1608 1042 1831 1076 dubitatione
1856 1043 2032 1077 ruiturum
2061 1056 2132 1077 esse
2153 1045 2190 1076 in
2208 1051 2305 1078 tene-

1292 1064 1295 1128 Ι
1320 1094 1417 1134 bras,
1446 1093 1591 1138 laqueos
1615 1092 1749 1126 diaboli
1773 1100 1804 1126 et
1832 1093 2046 1128 tristissimas
2072 1107 2222 1140 poenos,
2251 1107 2306 1128 re-

1319 1145 1408 1177 feras
1435 1144 1554 1177 omnia
1579 1144 1725 1177 consil-ia
1756 1151 1789 1178 et
1811 1156 1934 1177 omnes
1958 1146 2112 1179 actiones
2139 1147 2180 1179 ad
2211 1144 2306 1180 huuc

1319 1195 1444 1235 finem,
1472 1202 1510 1228 ut
1527 1195 1605 1228 Deo
1625 1202 1776 1239 praestes
1801 1196 2040 1230 obedientiam
2055 1224 2064 1237 ,
2092 1204 2124 1230 et
2149 1209 2228 1230 eum
2251 1210 2305 1230 ce-

1320 1246 1443 1281 lebres.
1498 1245 1599 1278 Hanc
1614 1247 1769 1290 regulam
1786 1246 1890 1279 etiam
1915 1247 1951 1279 in
1969 1247 2169 1281 iudicandis
2188 1248 2306 1280 omni-

1319 1298 1384 1330 bus
1412 1297 1582 1330 doctrinis
1604 1303 1737 1337 teneas,
1771 1298 1954 1330 considera
1978 1310 2066 1343 quae
2091 1299 2303 1342 disputatio-

1320 1359 1400 1387 nes,
1427 1360 1515 1392 quae
1532 1348 1733 1391 doctrinae,
1758 1348 1817 1393 qui
1837 1360 2016 1382 sermones
2043 1349 2253 1383 dissentiant
2282 1363 2300 1383 a

1319 1399 1426 1431 verbo
1450 1397 1533 1439 Dei,
1561 1405 1619 1432 aut
1646 1411 1717 1431 non
1742 1400 1879 1443 prosint
1895 1400 1938 1432 ad
1956 1400 2122 1433 alendum
2143 1401 2305 1434 timorem

1318 1448 1385 1482 Dei
1404 1449 1440 1482 in
1459 1450 1653 1487 mentibus,
1679 1457 1712 1483 et
1729 1450 2005 1484 confirmandam
2024 1451 2146 1490 fidem,
2166 1458 2199 1485 et
2216 1463 2307 1485 sem-

1318 1512 1380 1545 per
1406 1507 1506 1541 sunt,
1537 1501 1681 1534 fuerunt
1703 1508 1736 1535 et
1761 1509 1866 1535 erunt
1899 1502 2029 1535 multae
2049 1501 2246 1546 Epicureae
2273 1509 2307 1536 et

1318 1551 1449 1585 multae
1467 1552 1602 1585 ociosae
1621 1552 1829 1596 opiniones,
1857 1559 1890 1585 et
1909 1553 2010 1586 multi
2032 1553 2210 1586 idolorum
2230 1554 2305 1587 cul—

1317 1609 1384 1637 tus.
1438 1601 1532 1635 Haec
1555 1603 1673 1636 omnia
1698 1614 1834 1636 summa
1851 1603 2032 1646 vigilantia
2057 1604 2247 1637 iudicanda
2274 1611 2306 1637 et

1319 1652 1460 1686 vitanda
1479 1660 1571 1687 sunt.
1617 1651 1673 1686 Ad
1694 1651 1783 1686 hanc
1802 1665 1975 1687 summam
1993 1655 2099 1688 refert
2117 1654 2305 1688 conciones

1317 1703 1353 1735 in
1381 1701 1447 1736 hoc
1473 1705 1563 1737 libro
1577 1731 1585 1744 ,
1613 1716 1701 1749 quae
1718 1704 1862 1750 quidem
1887 1712 1919 1739 et
1936 1717 2072 1738 summa
2092 1713 2142 1739 est
2161 1706 2306 1740 univer-

1317 1765 1373 1787 sae
1398 1755 1581 1788 doctrinae
1603 1755 1640 1787 in
1658 1753 1831 1795 Ecclesia,
1860 1755 1954 1789 iuxta
1980 1756 2040 1789 illa
2067 1757 2175 1789 dicta:
2205 1755 2303 1791 Beati

1287 1745 1291 1914 1
1317 1805 1378 1850 qui
1401 1807 1552 1839 audiunt
1578 1806 1724 1839 verbum
1750 1806 1832 1845 Dei,
1868 1813 1899 1839 et
1931 1807 2147 1840 custodiunt.
2205 1808 2304 1845 Item,

1316 1863 1408 1889 totus
1429 1856 1606 1890 psalmus:
1637 1855 1735 1889 Beati
1754 1856 1967 1890 immaculati
1988 1858 2024 1889 in
2044 1858 2098 1890 via
2113 1885 2120 1895 ,
2149 1859 2209 1903 qui
2228 1871 2303 1891 am-

1286 1915 1290 1960 1
1316 1906 1441 1939 bulant
1461 1907 1496 1939 in
1514 1907 1587 1949 lege
1602 1905 1761 1942 Domini.
1817 1906 1920 1940 ltem:
1951 1908 1988 1941 Si
2007 1909 2086 1953 quis
2102 1909 2219 1953 diligit
2238 1922 2304 1949 me,

1315 1969 1511 1990 sermonem
1538 1970 1653 1990 meum
1682 1958 1853 1998 servabit,
1881 1965 1914 1991 et
1936 1966 2032 2002 pater
2061 1972 2157 1993 meus
2181 1960 2304 2003 diliget

1286 1985 1289 2024 ⁸
1315 2020 1412 2048 eum,
1440 2016 1471 2042 et
1495 2010 1674 2042 veniemus
1700 2010 1740 2042 ad
1767 2021 1864 2047 eum,
1902 2017 1933 2043 et
1960 2010 2179 2044 mansionem
2207 2013 2301 2056 apud

1315 2070 1395 2092 eum
1411 2059 1590 2093 faciemus.

1419 2111 1473 2143 Ad
1492 2108 1582 2143 lianc
1603 2112 1747 2144 eandem
1766 2123 1938 2144 summam
1957 2112 2061 2146 refert
2081 2112 2251 2146 Salomon
2271 2122 2302 2147 et

1315 2173 1394 2195 suas
1411 2163 1608 2195 conciones.

1287 2239 1290 2256 ,
1419 2212 1557 2246 Faciam
1585 2214 1691 2256 igitur
1715 2215 1873 2257 exemplo
1899 2213 2119 2250 Salomonis.
2148 2223 2179 2248 et
2198 2227 2302 2258 argu—

1288 2260 1290 2275 '
1316 2271 1472 2298 mentum
1493 2277 1530 2298 ac
1547 2277 1719 2297 summam
1741 2261 1845 2298 huius
1866 2265 1949 2298 libri
1969 2265 2004 2298 in
2020 2266 2087 2298 sinc
2108 2277 2229 2300 rursus
2247 2275 2302 2306 re·—

1287 2322 1290 2354 ῐ
1316 2316 1440 2349 citabo.
1497 2315 1581 2349 Vult
1607 2317 1641 2348 in
1666 2313 1732 2349 hoc
1760 2316 1849 2349 libro
1870 2316 2039 2350 Salomon
2060 2317 2303 2361 principalitas

1288 2379 1289 2403 t
1316 2379 1511 2412 proponere
1526 2367 1819 2400 asseverationem
1838 2368 1881 2400 de
1902 2368 2135 2410 providentia.
2189 2367 2301 2403 Dein-

1287 2407 1290 2423 *
1315 2420 1358 2451 de
1382 2431 1463 2452 vero
1492 2418 1642 2452 refut-‘ire
1665 2418 1899 2456 obiectioncs„
1927 2430 2015 2462 quae
2033 2426 2153 2452 contra
2181 2421 2300 2464 provi-

1287 2483 1290 2519 4
1315 2470 1469 2504 (lentiam
1491 2477 1731 2514 opponuntur.
1786 2469 1873 2502 suin
1900 2470 1994 2502 cnitn
2023 2471 2151 2504 inultae
2176 2478 2209 2504 et
2228 2484 2301 2505 nia-

1287 2523 1289 2555 J
1314 2533 1402 2563 gnae
1426 2522 1498 2555 sint
1525 2522 1560 2554 in
1585 2522 1652 2554 vita
1678 2520 1923 2557 confusiones,
1960 2528 1991 2554 et
2016 2534 2140 2565 magna
2166 2523 2209 2556 sit
2232 2523 2298 2556 iin-

1315 2574 1454 2617 piorum
1474 2572 1686 2610 multitudo,
1700 2578 1731 2604 et
1750 2572 1848 2615 pauci
1867 2572 1935 2605 sint
1948 2571 2062 2606 Deum
2083 2580 2173 2607 recte
2191 2585 2299 2617 agno-

1286 2636 1288 2646 ·
1314 2632 1448 2657 scentes
1468 2631 1498 2657 et
1519 2624 1699 2661 timentes,
1715 2630 1744 2655 et
1760 2623 1858 2667 impii
1876 2623 2024 2658 floreant
2039 2623 2150 2666 gloria
2172 2632 2205 2659 et
2222 2626 2299 2669 opi-

1286 2674 1287 2681 *
1315 2675 1399 2713 bns,
1429 2675 1476 2720 pii
1502 2675 1571 2709 sint
1596 2674 1820 2715 aerumnosi,
1853 2681 1886 2708 et
1912 2675 2014 2710 multi
2043 2675 2300 2711 interficiantur
