2409 2915
283 100 355 136 167

383 181 569 216 Pontifices
594 187 709 214 autem
737 185 769 212 et
790 175 970 211 Pharisaei
996 178 1159 211 ardentes
1189 177 1272 211 odio

289 230 420 265 Christi
438 240 470 265 et
488 232 720 274 indignantes,
737 236 855 262 vetant
872 241 950 261 eum
971 229 1018 262 sic
1037 229 1158 272 excipi.
1201 228 1272 261 Ta-

291 283 341 315 les
364 289 444 315 sunt
476 293 612 325 semper
641 278 843 325 hypocritae
866 281 1090 313 adversantes
1112 277 1275 321 Evange-

292 333 352 367 lio,
406 332 524 374 Quare
542 343 613 363 non
631 332 871 364 deterreamur
897 330 941 362 ab
958 330 1169 373 Evangelio,
1193 341 1275 373 pro-

294 391 370 426 pter
395 382 522 414 iudicia
549 381 761 415 Pontificum
786 387 818 414 et
843 378 1125 414 Pharisaeorum.
1178 380 1276 413 Scia-

293 443 371 465 mus
396 431 590 466 Ecclesiam
626 443 762 475 semper
796 431 833 462 iu
869 430 998 464 talibus
1026 430 1277 463 certaminibus

294 483 438 516 versari.

397 531 551 566 Ecoutra
586 533 690 565 etiam
724 531 908 573 cogitanda
940 538 989 565 est
1025 531 1199 565 contraria
1223 531 1278 574 pi-

297 591 394 617 ctura
405 583 634 621 Pontificum,
661 593 735 614 sese
754 581 1011 624 imponentium
1031 588 1128 625 tergo
1145 582 1278 626 populi,

297 634 333 667 id
348 640 415 674 est,
443 632 712 666 anteferentium
731 631 859 675 impios
882 640 916 666 et
938 633 1140 666 idolatricos
1165 633 1279 665 cultus

297 683 472 717 mandatis
493 683 571 717 Dei.
635 681 740 723 Item,
775 683 1056 717 conculcantium
1083 682 1280 723 Christum,

298 742 331 768 et
349 734 503 767 membra
518 733 602 769 eius.

397 783 539 818 Habent
556 791 671 817 autem
690 790 723 817 et
739 782 858 827 impii,
886 784 945 827 qui
964 784 1058 816 oleas
1075 791 1107 818 et
1134 784 1279 827 palmas,

866 94 992 130 PHIL.
1019 91 1137 130 MEL.
1163 91 1372 131 SCRIPTA
1398 90 1700 130 EXEGETICA.

299 835 334 868 id
364 841 432 874 est,
459 835 694 868 assentatione
718 834 836 877 impiis
860 833 1091 868 Pontificibus
1114 834 1281 874 offerunt,
1305 847 1306 866 1

300 898 378 919 saxa
395 897 478 919 vero
496 886 628 919 iaciunt
645 885 681 918 in
698 882 891 919 Christum.
924 884 996 917 Has
1012 885 1181 928 imagines
1197 897 1281 918 ocu-

300 937 343 970 lis
370 947 628 980 proponamuS,
662 943 700 969 ut
724 946 789 968 uos
810 936 853 968 de
879 935 1084 968 discrimine
1118 947 1218 968 verae
1250 943 1282 968 et

300 987 406 1020 falsae
424 985 600 1021 Ecclesiae
617 988 843 1023 admoneant,
861 992 893 1018 et
908 986 1124 1029 agnitionem
1135 984 1282 1025 Christi,

300 1045 333 1072 et
348 1049 449 1071 veros
465 1038 579 1071 cultus
597 1037 812 1075 exuscitent,
839 1044 872 1069 et
891 1037 1100 1070 confirment
1116 1038 1282 1069 adversus

301 1089 481 1129 scandala,
509 1086 575 1121 hoc
593 1095 662 1129 est,
696 1087 891 1132 potentiam
915 1095 947 1121 et
973 1088 1196 1121 autoritatem
1219 1088 1283 1120 ad-

299 1139 548 1174 versariorum.

503 1244 722 1285 Dominica
751 1243 804 1285 11.
838 1243 1077 1286 Adventus.

570 1317 806 1362 Evangelium
822 1319 939 1352 Lucae
955 1320 1016 1352 21.

480 1403 532 1430 De
570 1403 693 1440 signis
734 1403 925 1431 novissimi
965 1403 1109 1432 iudicii.

353 1461 479 1497 Erunt
496 1461 607 1507 signa
626 1461 664 1493 in
684 1459 768 1494 Sole
786 1465 816 1494 et
834 1458 950 1494 Luna
968 1466 998 1494 et
1015 1460 1163 1502 Saliis,
1198 1466 1229 1494 et
1248 1460 1286 1494 in

403 1512 509 1547 terris
534 1512 708 1546 anxietas
729 1512 893 1558 gentium
915 1524 980 1559 per
1001 1510 1285 1558 desperationem

403 1567 594 1598 resonante
615 1564 715 1596 mari
745 1567 776 1596 et
798 1563 935 1611 fluctu,
975 1562 1286 1597 extabescentibus

405 1612 617 1648 hominibus
639 1626 729 1660 prae
751 1613 878 1647 timore
903 1619 933 1647 et
957 1614 1203 1661 expectatione
1229 1625 1286 1647 eo-

404 1677 503 1706 rum,
547 1676 640 1711 quae
676 1664 924 1711 supervenient
969 1664 1052 1698 orbi
1085 1669 1285 1698 terrarum:

403 1728 491 1749 nam
534 1715 681 1748 virtutes
712 1713 889 1748 coelorum
922 1714 1169 1750 movebuntur.
1231 1714 1284 1749 Et

405 1773 488 1800 tunc
505 1763 674 1799 videbunt
693 1763 838 1799 I't'liunz
853 1763 1016 1799 hominis
1032 1766 1224 1800 venientem
1247 1767 1285 1799 in

405 1817 497 1851 nube
513 1828 590 1849 cum
607 1821 781 1863 potestate
804 1821 833 1849 et
855 1815 981 1861 gloria
1007 1829 1160 1862 magna.
1213 1816 1286 1851 His

406 1865 622 1912 autemfieri
637 1866 912 1914 incipientibus,
939 1867 1108 1914 suspicite
1126 1873 1155 1900 et
1174 1866 1286 1901 attol-

405 1918 468 1952 lite
492 1917 614 1965 capita
638 1923 773 1958 vestra,
811 1917 987 1964 quoniam
1012 1919 1285 1965 appropinquat

409 1967 579 2003 redemtio
599 1973 727 2003 cestra.
779 1967 832 2001 Et
853 1966 951 2001 (lixit
971 1966 1050 2001 illis
1066 1966 1285 2001 st'militudi-

407 2033 504 2054 nem:
538 2017 789 2065 Videteficum
808 2024 837 2052 et
861 2031 981 2052 omnes
1005 2018 1153 2053 arbores
1166 2047 1174 2059 ,
1208 2032 1284 2053 cum

401 2069 622 2118 protrudunt
642 2071 716 2103 iam
730 2082 914 2115 gemmas,
942 2075 1138 2108 cernentes,
1164 2082 1210 2104 eut·
1227 2083 1286 2103 co-

405 2122 461 2156 b1‘s
498 2122 588 2169 ipsis
620 2121 740 2161 satis,
781 2119 880 2168 quod
911 2120 986 2154 iam
1021 2121 1126 2154 instet
1150 2127 1286 2156 aestas.

405 2172 468 2207 Ita
489 2178 518 2206 et
539 2185 598 2206 ros
611 2201 618 2211 ,
647 2185 724 2206 cum
743 2170 905 2205 videritis
924 2169 1126 2217 haecfieri,
1154 2173 1287 2215 scitote,

401 2222 502 2271 quod
517 2223 622 2257 instet
640 2235 788 2269 regnum
809 2222 894 2259 Dei,
949 2221 1060 2256 Amen
1080 2221 1159 2255 diso
1177 2222 1289 2263 vobis,

405 2288 477 2307 non
493 2274 702 2320 praeteribit
719 2279 820 2307 aetas
838 2271 936 2313 hacc,
955 2279 1151 2321 antequam
1164 2277 1286 2308 omnia

399 2326 510 2373 sacta
521 2325 678 2373 suerint.
733 2323 882 2360 Caelum
900 2330 930 2358 et
949 2330 1045 2359 terra
1065 2325 1288 2367 transibunt,

407 2375 512 2410 verba
531 2381 649 2409 mitem
669 2388 747 2409 mea
767 2389 838 2409 non
857 2375 1082 2412 transibunt.

404 2455 538 2488 (luneio
561 2452 694 2488 Christi
720 2454 837 2486 miscet
865 2456 951 2488 duas
976 2455 1156 2490 materias.
1186 2467 1284 2498 prae-

306 2507 494 2539 dictionem
529 2505 653 2538 excidii
681 2504 966 2549 iherosolym-w,
1009 2513 1040 2539 et
1072 2506 1284 2539 calamitates

305 2558 468 2601 postremi
490 2557 656 2600 temporis
674 2556 810 2588 mnndi.

407 2607 573 2641 nervosi-t
605 2615 718 2640 autem
752 2607 936 2650 praecipue
970 2604 1030 2639 lias
1059 2608 1282 2643 calamitates.

306 2658 508 2703 tyrannides
527 2666 647 2692 contra
667 2655 917 2701 Evangelium,
934 2665 1061 2697 sectas,
1083 2658 1280 2692 idolatriam

2237 95 2309 130 168

1325 175 1363 208 in
1380 173 1537 210 Ecclesia
1549 204 1559 218 ‚
1585 188 1774 221 regnorum
1793 189 1894 211 casus
1910 183 1944 211 et
1961 177 2194 218 mutationes,
2226 189 2309 211 cor-

1326 238 1452 270 porum
1468 228 1672 262 coelestium
1690 228 1822 264 ruinas.
1851 228 1966 262 Addit
1982 234 2098 261 autem
2118 229 2189 262 duo
2207 239 2310 273 prae·

1326 283 1442 321 cepta,
1467 278 1616 312 alterum
1633 280 1676 312 de
1693 279 1925 323 temperantia
1943 285 1975 312 et
1993 289 2075 312 cura
2094 279 2242 322 pietatis,
2257 279 2310 313 al-

1326 335 1441 361 terum
1459 328 1503 362 de
1523 329 1702 371 oratione,
1729 337 1764 363 et
1787 331 1888 364 docet
1915 329 2070 373 mitigari
2094 329 2311 365 calamitates

1328 378 1500 415 oratione.
1552 380 1664 413 Addit
1682 387 1715 414 et
1731 380 2008 414 consolationem
2028 380 2178 423 piorum.

1430 429 1606 466 Secundo.
1657 429 1787 464 Fuitne
1813 442 1902 476 opus
1927 431 2043 475 aliqua
2067 430 2185 464 futura
2209 441 2312 474 prae-

1329 479 1442 513 scire?
1482 479 1712 525 Respondeo:
1746 480 1842 515 Deus
1873 488 1907 515 et
1942 481 2114 514 iudicium
2152 481 2310 514 futurum

1329 530 1495 574 praesciri
1521 532 1653 573 voluit,
1687 538 1719 566 et
1741 531 1955 565 calamitates
1982 529 2159 564 Ecclesiae
2183 532 2219 564 in
2246 529 2311 564 hac

1330 582 1411 614 vita.
1466 580 1625 615 Primum
1651 583 1694 615 de
1718 582 1861 617 iudicio.
1916 581 2010 625 Quia
2035 594 2115 615 cum
2143 582 2312 615 differan-

1330 638 1389 666 tur
1404 643 1537 675 poenae
1553 639 1586 666 et
1603 633 1756 677 praemia
1769 660 1777 674 ‚
1804 632 2060 678 praemonendi
2077 633 2222 666 fuerunt
2245 629 2312 665 ho-

1330 683 1443 715 mines
1461 683 1504 715 de
1525 683 1644 716 futuro
1669 684 1818 725 iudicio,
1852 696 1896 716 ne
1919 682 2114 726 cogitarent
2138 683 2313 715 mundum

1331 745 1411 766 casu
1427 733 1517 776 regi,
1552 740 1584 767 et
1601 734 1717 767 nullas
1741 747 1813 768 esse
1835 735 2005 768 scelerum
2031 744 2180 777 poenas,
2215 732 2314 766 nulla

1333 783 1485 828 praemia
1516 783 1686 820 iusticiae.
1746 783 1840 829 Ergo
1871 793 1908 819 ut
1941 784 2089 817 sciamus
2112 782 2187 816 Deo
2211 795 2314 817 curae

1332 846 1404 868 esse
1423 832 1596 876 humana,
1629 843 1661 869 et
1680 843 1773 869 metu
1800 847 1992 880 poenarum
2017 841 2049 867 et
2074 833 2315 878 expectatione

1334 885 1573 930 praemiorum
1599 886 1832 921 exuscitemur
1857 888 1900 920 ad
1928 885 2190 926 obedientiam,
2230 881 2316 918 haec

1333 935 1488 981 praedici
1507 947 1643 969 necesse
1662 937 1740 972 fuit.

1435 986 1556 1028 Quare
1585 987 1629 1019 ab
1661 987 1763 1021 initio
1794 988 1918 1021 mundi
1949 987 2062 1022 extitit
2085 986 2246 1020 doctrina
2273 986 2317 1019 de

1335 1037 1527 1070 novissimo
1545 1037 1698 1075 iudicio,
1725 1045 1764 1071 ut
1781 1039 1818 1071 in
1839 1038 1950 1081 prima
1969 1039 2138 1072 concione
2155 1038 2198 1070 ad
2210 1035 2316 1071 Cain:

1336 1088 1519 1121 Peccatum
1537 1087 1709 1132 quiescet,
1736 1089 1848 1121 donec
1865 1089 2092 1122 revelabitur.
2143 1086 2234 1122 Cum
2259 1087 2318 1127 ait,

1336 1137 1521 1171 Peccatum
1539 1139 1702 1183 quiescet,
1727 1139 1897 1183 significat
1914 1140 2071 1173 futurum
2091 1146 2130 1172 ut
2148 1139 2316 1171 differan-

1337 1196 1394 1222 tur
1412 1201 1564 1233 poenae,
1597 1191 1655 1222 sed
1683 1198 1799 1233 postea
1823 1190 1958 1235 inquit,
1985 1189 2217 1224 Revelabitur
2233 1200 2318 1233 pec-

1337 1246 1472 1280 catum,
1501 1240 1535 1272 id
1563 1247 1630 1280 est,
1664 1242 1869 1275 ostendetur
1890 1241 1940 1274 ira
1957 1240 2022 1275 Dei
2047 1240 2214 1273 adversus
2238 1250 2318 1284 pec-

1337 1296 1465 1325 catum.
1517 1289 1590 1323 Iam
1610 1302 1690 1324 cum
1708 1292 1859 1335 plurima
1878 1298 2015 1335 peccata
2037 1287 2094 1323 hic
2120 1302 2193 1324 non
2219 1301 2318 1323 reve-

1339 1341 1474 1381 lentur,
1509 1353 1583 1374 non
1611 1343 1826 1385 puniantur,
1865 1353 2003 1376 necesse
2026 1347 2076 1375 est
2103 1341 2199 1375 aliud
2224 1340 2319 1374 iudi-

1337 1391 1431 1424 cium
1451 1392 1559 1436 sequi.

1435 1440 1483 1475 Et
1502 1449 1619 1484 postea
1643 1441 1769 1477 Enoch
1791 1443 2021 1476 concionatus
2045 1449 2096 1476 est
2127 1443 2171 1474 de
2200 1440 2320 1473 novis-

1336 1493 1426 1526 simo
1452 1493 1604 1533 iudicio,
1640 1501 1678 1527 ut
1703 1495 1871 1537 scriptum
1895 1500 1946 1527 est
1964 1494 2000 1526 in
2016 1492 2174 1537 Epistola
2195 1491 2318 1524 tudae:

1339 1543 1465 1577 Veniet
1482 1541 1659 1577 Dominus
1676 1545 1786 1578 facere
1806 1544 1989 1578 iudicium.
2028 1543 2070 1578 Et
2088 1543 2217 1576 deinde
2230 1540 2320 1575 Pro-

1338 1591 1483 1638 phetae,
1525 1600 1563 1627 ut
1586 1594 1706 1628 Esaias
1730 1595 1843 1638 capite
1868 1595 2010 1628 ultimo:
2052 1593 2178 1627 Veniet
2202 1591 2320 1625 omnis

1337 1656 1436 1685 caro,
1463 1651 1501 1678 ut
1519 1644 1641 1678 adoret
1659 1657 1776 1678 coram
1793 1645 1880 1677 facie
1900 1657 1993 1684 mea,
2027 1644 2112 1677 dicit
2129 1642 2322 1682 Dominus,

1337 1702 1370 1728 et
1398 1695 1642 1737 egredientur,
1682 1703 1714 1730 et
1742 1696 1915 1729 videbunt
1947 1696 2114 1728 cadavera
2150 1697 2321 1729 virorum,

1338 1746 1397 1791 qui
1418 1746 1645 1789 praevaricati
1665 1754 1746 1780 sunt
1766 1747 1802 1779 in
1819 1758 1886 1780 me.
1941 1744 2081 1778 Yermis
2098 1757 2220 1778 eorum
2246 1755 2318 1775 non

1339 1797 1531 1837 morietur,
1559 1804 1592 1830 et
1610 1797 1701 1839 ignis
1719 1809 1838 1830 eorum
1867 1807 1937 1829 nou
1960 1796 2194 1838 extinguetur.
2248 1793 2319 1827 De-

1339 1848 1422 1880 inde
1437 1845 1599 1881 Christus
1624 1855 1657 1881 et
1672 1847 1834 1891 Apostoli
1860 1845 1949 1879 hanc
1971 1845 2168 1880 doctrinam
2192 1844 2321 1878 clarius

1339 1897 1571 1932 tradiderunt.

1442 1947 1512 1981 lam
1547 1959 1610 1981 nos
1641 1947 1852 1992 cogitatione
1884 1947 2005 1980 indicii
2030 1948 2073 1980 ad
2103 1948 2263 1980 timorem
2289 1953 2321 1980 et

1339 1997 1440 2030 fidem
1456 1999 1657 2032 excitemus.
1713 1998 1794 2031 ldeo
1814 1998 1908 2031 enim
1934 1999 2124 2042 praedictio
2148 1997 2321 2032 divinitus

1340 2050 1516 2093 proposita
1551 2058 1620 2089 est,
1654 2057 1685 2083 et
1717 2062 1788 2082 non
1815 2050 1921 2084 saltet.
1980 2048 2165 2081 Humanae
2187 2055 2322 2083 mentes

1340 2101 1547 2133 naturaliter
1565 2101 1688 2134 avidae
1704 2108 1785 2134 sunt
1802 2100 2014 2143 cognitionis
2039 2100 2257 2139 futurorum,
2288 2106 2321 2133 et

1340 2150 1435 2184 Dens
1459 2152 1534 2185 vult
1558 2153 1729 2197 quaedam
1753 2152 1968 2194 praevideri,
2008 2151 2082 2184 vult
2112 2162 2175 2183 nos
2202 2157 2321 2184 exten-

1340 2203 1421 2235 dere
1452 2203 1588 2236 animos
1619 2204 1654 2236 in
1690 2203 1905 2245 agnitionem
1940 2209 2166 2235 venturarum
2190 2213 2319 2235 rernm.

1342 2251 1423 2286 ldeo
1445 2265 1499 2286 res
1524 2254 1693 2286 maximas
1719 2261 1750 2287 et
1775 2253 1986 2286 necessarias
2011 2252 2194 2296 praedixit.
2248 2251 2317 2285 Sed

1339 2301 1393 2336 his
1423 2305 1589 2347 neglectis
1617 2303 1770 2338 humana
1797 2304 1980 2338 curiositas
2009 2303 2144 2348 quaerit
2172 2302 2260 2335 lex-ia
2287 2308 2319 2335 et

1337 2354 1489 2390 inutilia.

1438 2405 1572 2440 Tertio.
1598 2407 1718 2449 Quare
1736 2405 1948 2440 calamitates
1958 2402 2133 2438 Ecclesiae
2144 2411 2173 2437 et
2193 2404 2317 2438 mundi

1336 2458 1533 2500 praedictae
1549 2465 1627 2490 sunt
1639 2460 1654 2490 2²

1435 2508 1614 2546 Primum,
1636 2516 1671 2542 nt
1690 2509 1839 2541 sciamus
1857 2521 1927 2540 non
1949 2507 2208 2549 regimundum
2226 2517 2319 2543 casu.

1335 2571 1404 2590 non
1426 2560 1498 2592 fieri
1521 2558 1593 2593 Deo
1610 2559 1794 2595 nesciente,
1813 2561 1905 2603 qnod
1925 2557 1980 2590 hie
2000 2558 2080 2591 insti
2099 2557 2317 2598 affliguntur.

1437 2609 1543 2647 ltem,
1576 2611 1602 2643 si
1633 2623 1704 2643 nnn
1731 2619 1843 2644 essent
1874 2610 2073 2654 praedictae
2104 2607 2317 2641 calamitates

1333 2658 1522 2700 Ecclesiae,
1558 2661 1819 2699 dubitaremus.
1854 2674 1897 2695 an
1926 2659 2009 2695 haec
2039 2666 2125 2693 esset
2151 2658 2316 2695 Ecclesia,
