2409 2915
294 125 368 162 223

298 210 471 254 Vigilate,
496 205 576 251 quia
594 200 812 236 adversarius
826 205 940 232 vester
955 204 1122 241 tanquam
1141 194 1197 228 leo
1220 205 1280 227 ru-

299 262 397 305 giens
415 257 586 292 circumit.

402 332 576 376 Reliquae
597 339 719 363 causae
742 324 949 360 desertionis
971 322 1088 356 minus
1115 328 1197 356 sunt
1220 321 1283 354 ob-
1308 335 1310 339 ·

302 396 440 424 scurae,
468 389 507 416 ut
523 387 636 414 metus
654 377 929 423 suppliciorum,
956 374 1204 407 immoderatae
1229 383 1285 403 so-
1310 385 1312 421 Ἰ

303 434 506 470 licitudines
523 432 791 466 retinendarum
817 439 943 471 opum,
972 424 1132 469 imperii,
1169 422 1285 466 digni-

304 486 398 522 tatis.

634 557 690 579 De
726 552 960 577 secundo.

407 611 521 645 Valde
537 609 634 642 utilis
652 607 811 640 doctrina
828 602 884 638 hic
904 605 1071 645 traditur,
1107 603 1150 636 de
1173 602 1288 635 incre-

306 663 434 698 mentis
457 662 609 705 piorum.
660 657 776 690 Lucae
796 656 830 691 8.
873 655 998 690 Videte
1022 654 1200 700 quomodo
1227 665 1288 686 au-

307 715 430 748 diatis:
460 710 612 745 Habenti
630 708 723 743 enim
741 707 900 747 dabitur,
934 714 967 740 et
988 719 1006 740 a
1028 718 1100 738 non
1127 701 1290 741 habente,

308 765 401 810 quod
427 762 566 795 videtur
591 759 739 800 babere,
770 757 961 792 auferetur.
1016 755 1201 790 Discamus
1226 753 1290 797 igi·
1316 769 1318 771 ·

307 824 365 849 tur
384 813 576 847 exercenda
602 823 673 845 esse
697 811 790 842 dona
816 807 1030 852 spiritualia,
1067 807 1148 851 quia
1174 806 1209 838 in
1236 803 1289 836 liis
1317 810 1319 816 '

308 865 481 899 exercitiis
498 869 676 899 crescunt,
704 861 791 893 sicut
810 859 894 892 alibi
916 858 1046 891 Paulus
1066 857 1195 902 inquit:
1220 854 1289 897 Qui

309 916 459 950 fideliter
474 914 634 947 serviunt
650 912 904 945 confirmantur
922 910 957 941 in
976 909 1051 941 fide.
1106 907 1150 942 Et
1168 905 1290 949 Augu-

308 967 440 1001 stinus:
464 963 618 999 Dilectio
636 969 790 996 meretur
807 961 1063 993 incrementum
1084 957 1292 993 dilectionis.

310 1017 394 1052 ldeo
418 1014 579 1050 Christus
609 1012 742 1058 inquit:
784 1011 822 1045 Si
849 1016 994 1055 possunt
1014 1007 1176 1042 homines
1200 1008 1291 1040 bona
1319 1042 1322 1054 ,

310 1070 411 1108 dare,
440 1072 571 1112 quanto
590 1065 699 1107 magis
716 1069 814 1108 pater
829 1068 942 1094 vester
961 1060 1021 1106 qui
1043 1061 1080 1092 iu
1103 1059 1208 1092 coelis
1233 1065 1294 1101 est,
1318 1060 1322 1104 ξ

310 1119 409 1153 dabit
427 1117 600 1162 Spiritum
619 1121 777 1148 sanctum
796 1112 1012 1157 petentibus:
1042 1111 1136 1156 quod
1161 1109 1293 1152 signifi·
1320 1107 1322 1112 ⁴

312 1176 364 1203 cat
384 1181 458 1202 non
483 1167 626 1206 ociosis,
662 1177 734 1197 non
756 1163 906 1203 securis,
941 1174 1012 1195 non
1037 1160 1292 1195 contemnenti—

312 1221 396 1257 bus,
438 1219 498 1251 sed
522 1217 748 1250 audientibus
775 1215 921 1247 verbum
947 1212 1033 1254 Dei,
1072 1212 1294 1260 cupientibus
1322 1221 1324 1231 ³

312 1269 473 1309 obedire,
501 1276 535 1302 et
555 1267 752 1312 petentibus
769 1265 951 1298 auxilium.

414 1343 543 1379 Extant
561 1341 830 1387 promissiones,
856 1345 973 1373 extant
988 1339 1173 1378 mandata,
1207 1349 1296 1381 quae

313 1397 438 1431 iubent
455 1401 592 1438 petere,
626 1403 707 1435 ergo
727 1391 803 1425 vult
827 1391 909 1424 dare
933 1397 966 1424 et
991 1390 1171 1422 cumulare
1194 1389 1296 1427 dona,

315 1448 403 1482 sicut
419 1453 452 1480 et
468 1444 621 1490 precatio
637 1443 710 1487 ipsa
730 1449 895 1482 testatur,
925 1452 1030 1485 quam
1047 1437 1210 1473 Christus
1227 1445 1292 1471 tra-

315 1498 417 1533 didit.
471 1495 715 1530 Sanctificetur
731 1504 861 1526 nomeu
878 1499 996 1532 tuum,
1031 1491 1066 1523 id
1090 1497 1158 1530 est,
1193 1491 1235 1522 da
1260 1496 1297 1522 ut

315 1560 396 1583 vere
427 1557 656 1591 agnoscamus
681 1544 814 1581 Deum,
850 1554 930 1575 vere
961 1542 1183 1581 invocemus,
1216 1540 1298 1573 tolle

314 1598 553 1634 idololatriam
586 1603 618 1630 et
649 1606 770 1628 omnes
804 1594 929 1638 impias
959 1592 1155 1637 opiniones.
1224 1590 1295 1624 Ad-

315 1650 432 1683 veniat
451 1659 598 1691 regnum
615 1654 733 1685 tuum,
759 1645 792 1677 id
811 1651 878 1684 est,
915 1655 992 1686 rege
1017 1650 1054 1676 tu
1082 1655 1145 1676 nos
1164 1642 1297 1687 Spiritu

315 1708 454 1740 sancto,
479 1711 552 1732 non
569 1697 739 1731 concedas
757 1706 903 1739 reguum
929 1694 1081 1727 diabolo.
1134 1693 1213 1727 Fiat
1239 1705 1297 1725 vo-

316 1753 433 1786 luntas
449 1756 527 1787 tua,
555 1749 642 1782 sicut
659 1748 694 1780 in
711 1747 808 1780 coelo
834 1747 1080 1789 obtemperant
1104 1745 1239 1787 angeli,
1269 1751 1297 1777 et

317 1814 420 1837 suum
449 1800 597 1846 quisque
627 1799 707 1831 sacit
731 1797 903 1836 officium,
939 1796 984 1830 ita
1008 1797 1061 1829 sac
1086 1803 1122 1829 nt
1149 1796 1184 1828 in
1210 1803 1298 1829 tei-ra

317 1855 561 1895 obtemperent
578 1850 640 1884 tibi
659 1860 781 1882 omnes
797 1850 976 1885 doctores,
1011 1847 1206 1890 principes,
1238 1858 1298 1888 gu-

317 1905 522 1938 bernatores
534 1928 542 1940 ,
567 1899 711 1944 privati,
728 1910 790 1931 suo
807 1898 955 1942 quisque
973 1898 1067 1937 loco,
1083 1898 1166 1930 tolle
1183 1897 1300 1930 omnia

318 1953 481 1989 scandala
507 1952 780 1995 gubernatorum
808 1956 839 1982 ct
863 1948 1032 1987 aliorum,
1075 1960 1162 1992 quae
1190 1948 1299 1980 olien—

319 2008 409 2039 ‹lunt
427 2012 520 2037 tuam
540 2002 768 2034 voluntatem.
823 1998 873 2032 Da
892 2011 1015 2043 panem
1043 1999 1301 2043 quotidianum.

320 2058 354 2090 id
374 2062 443 2095 est,
471 2054 590 2087 omnia
609 2051 764 2094 corporis
783 2050 985 2089 commoda,
1021 2061 1158 2093 pacem.
1191 2061 1296 2082 anno>

320 2119 422 2145 nam,
459 2106 593 2138 bonum
618 2103 786 2145 regimen.
840 2099 993 2134 Remitte
1019 2101 1153 2138 dehita.
1189 2113 1232 2133 ne
1258 2100 1299 2133 si-

321 2169 383 2191 nas
401 2167 464 2189 nos
483 2155 709 2189 succumbere
729 2152 870 2185 diabolo
891 2152 1206 2185 intentationibus.
1245 2151 1296 2184 Li-
1331 2173 1333 2199 2

323 2211 406 2242 bera
430 2218 493 2239 nos
516 2207 559 2239 ab
585 2205 750 2238 omnibus
777 2203 896 2241 malis,
931 2209 964 2236 et
990 2203 1111 2236 traduc
1137 2203 1171 2235 in
1198 2203 1302 2235 vitan.
1332 2203 1333 2218 ἶ

323 2267 513 2293 aeternam.

425 2334 491 2367 ttic
511 2333 669 2365 videmus
687 2331 885 2374 praecipere
904 2326 1106 2367 Cliristum,
1133 2337 1169 2362 ut
1191 2329 1305 2361 omnis
1332 2325 1333 2333 ¹

324 2386 460 2428 generis
494 2385 603 2421 bona,
641 2382 836 2427 spiritualia
862 2389 893 2414 et
917 2380 1111 2425 corporalia
1139 2387 1305 2424 petamus,
1332 2378 1334 2380 ’

325 2447 354 2472 ct
377 2437 457 2471 liaci-
477 2435 656 2468 cumulare
675 2435 749 2466 vult
774 2433 974 2477 petentibus
1000 2439 1031 2465 ct
1056 2431 1305 2465 exercentibus.

328 2489 482 2523 Additur
517 2493 631 2519 autom
656 2492 686 2517 et
717 2482 772 2517 liic
798 2484 1025 2517 comminatio
1048 2490 1168 2516 contra
1196 2483 1302 2524 negli-

327 2548 455 2581 gentes.
513 2536 556 2571 [Ἰ
579 2537 737 2568 vido-ntes
757 2548 826 2567 non
846 2535 997 2568 videant.
1053 2533 1157 2567 ltctn:
1187 2534 1213 2566 ,Χ
1235 2546 1303 2565 uon

326 2590 496 2625 balii-nte,
525 2589 618 2632 quod
638 2587 775 2619 videtur
794 2583 938 2622 babere„
967 2586 1162 2624 auferetur,
1190 2585 1223 2617 id
1246 2592 1306 2625 cst,

326 2647 558 2675 conto-nitores
604 2638 796 2683 punientur
837 2636 1001 2670 caecitate
1042 2643 1073 2669 et
1120 2636 1305 2681 multiplici

326 2699 488 2726 amentia.

893 111 1015 146 PHlL.
1043 107 1157 144 MEL.
1185 103 1397 143 SCRlPTA
1424 104 1722 141 EXEGETICA.

2242 102 2318 138 224

1668 190 1691 214 D
1709 196 1724 214 e
1761 191 1771 213 t
1790 195 1804 213 e
1825 195 1838 213 r
1857 190 1867 212 t
1887 187 1894 211 t
1914 193 1936 211 o.

1536 244 1662 277 Vestri
1679 246 1804 276 autem
1820 239 1919 274 beati
1936 238 2036 273 oculi
2053 242 2121 272 etc.

1439 306 1602 343 Christus
1620 308 1737 352 inquit
1760 308 1804 340 de
1820 303 2022 346 Abraham,
2056 299 2238 338 Abraham
2263 303 2322 337 vi-

1339 358 1390 392 dit
1408 358 1505 392 diem
1524 371 1641 392 meum
1661 365 1695 392 et
1719 359 1865 391 laetatus
1890 364 1957 391 est:
1993 357 2041 390 ita
2066 366 2189 388 omnes
2213 353 2324 388 sancti

1340 410 1383 443 ab
1402 409 1504 443 initio
1524 409 1651 443 mundi
1669 408 1790 442 salvati
1809 415 1892 442 sunt
1906 408 1974 441 fide
1990 406 2128 440 venturi
2157 405 2326 439 liberato-

1340 460 1389 493 ris
1403 486 1412 500 ,
1438 472 1541 504 quem
1559 466 1688 493 norant
1707 459 1918 503 promissum
1939 469 2032 498 esse,
2059 464 2092 490 et
2108 456 2167 489 alii
2190 454 2325 489 babue-

1342 517 1425 544 runt
1442 511 1555 545 lucem
1575 511 1760 544 clariorem
1776 509 1867 544 aliis.
1920 508 2026 552 Quod
2053 514 2168 542 autern
2192 504 2250 539 liic
2271 505 2326 538 di-

1342 568 1472 595 cuntur
1493 573 1566 595 non
1589 562 1738 601 vidisse,
1772 559 1989 603 intelligatur
2011 565 2148 592 tantum
2174 559 2218 591 de
2241 567 2328 590 con-

1344 613 1542 646 versatione
1574 611 1761 656 corporali.
1827 609 1929 644 Hanc
1959 610 2196 643 incoationem
2227 606 2328 651 regni

1344 670 1460 707 patres
1476 663 1593 697 mirati
1615 669 1717 703 sunt,
1745 669 1778 696 et
1801 667 1892 694 cei-te
1913 671 2029 694 coram
2054 659 2243 703 cupiebant
2267 669 2330 691 au-

1345 715 1421 747 dire
1448 715 1728 758 praedicantem,
1761 712 1952 756 cupiebant
1975 710 2094 743 videre
2123 721 2225 743 suum
2253 708 2331 741 Do—

1345 765 1501 806 minum,
1528 765 1716 809 cupiebant
1734 775 1887 798 crescere
1905 761 2086 805 agnitione
2104 758 2329 794 suiDomini.

1688 848 1745 871 De
1782 848 1974 878 quai-to.

1447 899 1586 934 Diversi
1622 900 1755 933 fructus
1788 898 2006 941 significant,
2042 896 2130 929 alios
2163 895 2331 929 excellere

1348 952 1425 985 aliis
1443 952 1559 986 donis.
1612 949 1718 989 Item,
1748 949 1782 981 in
1798 949 1947 991 singulis
1974 946 2220 980 vocationibus
2244 947 2333 980 alios

1349 1003 1425 1046 plus
1444 1003 1603 1035 laborare
1623 1001 1723 1040 aliis,
1749 1007 1788 1033 ut
1807 998 1938 1033 Paulus
1964 998 2126 1043 pluribus
2152 997 2333 1042 praedica-

1349 1054 1417 1092 vit,
1443 1064 1547 1098 quam
1566 1051 1693 1096 aliquis
1710 1050 1810 1085 alius.

1513 1159 1734 1200 Dominica
1766 1156 2166 1211 Quinquagesimae.

1618 1239 1850 1283 Evangelium
1871 1238 1983 1273 Lucae
2004 1238 2059 1272 18.

1403 1307 1588 1343 Assumsit
1606 1312 1725 1341 autem
1744 1304 1849 1340 Iesus
1870 1302 2074 1344 duodecim,
2099 1309 2130 1338 et
2149 1303 2203 1337 ait
2222 1301 2277 1338 ad
2289 1301 2338 1337 il-

1454 1359 1528 1394 los:
1545 1359 1638 1393 Ecce
1654 1355 1885 1392 ascendimus
1901 1355 2190 1402 lerosolymam,
2206 1360 2235 1388 et
2255 1367 2339 1389 con-

1456 1410 1702 1445 sumabuntur
1718 1409 1860 1449 onmia,
1895 1419 1988 1455 quae
2007 1407 2144 1454 scripta
2169 1411 2253 1440 sunt
2276 1418 2340 1452 per

1454 1459 1658 1508 Prophetas
1700 1458 1742 1493 de
1773 1457 1879 1494 Filio
1923 1456 2098 1493 hominis.
2151 1455 2340 1491 Tradetur

1456 1513 1550 1547 enim
1567 1511 1754 1558 gentibus,
1783 1515 1812 1543 et
1830 1507 2026 1550 illudetur,
2060 1514 2090 1542 et
2111 1507 2339 1542 contumeliis

1455 1562 1659 1612 afficietur,
1701 1567 1731 1595 et
1763 1564 1988 1606 conspuetur.
2057 1558 2110 1592 Et
2142 1563 2340 1606 postquam

1445 1613 1747 1663 flagellaverint,
1785 1608 1942 1645 occident
1959 1622 2056 1650 eum,
2094 1615 2123 1643 et
2151 1608 2208 1642 die
2232 1609 2341 1642 tertia

1458 1670 1628 1711 resurget.
1690 1662 1741 1696 Et
1768 1661 1842 1709 ipsi
1866 1659 1966 1694 nihil
1993 1658 2124 1694 horum
2151 1658 2342 1693 intellexe-

1459 1721 1561 1757 runt,
1588 1721 1618 1748 et
1635 1719 1711 1748 erat
1732 1712 1874 1747 verbnm
1895 1710 1998 1746 istud
2014 1709 2268 1745 absconditam
2292 1710 2341 1744 ab

1458 1767 1506 1801 cis
1518 1795 1525 1808 ,
1552 1771 1582 1800 et
1600 1779 1671 1799 non
1689 1764 1949 1811 cognoscebam!
1967 1775 2060 1810 quae
2079 1760 2303 1796 dicebantur.

1406 1817 1565 1855 Factum
1612 1821 1662 1851 est
1711 1820 1830 1849 autrrn
1844 1843 1851 1853 ,
1909 1825 1986 1847 cum
2027 1813 2342 1860 appropinquaret

1461 1865 1622 1905 Iericho,
1654 1879 1773 1900 corcus
1791 1862 1944 1912 quidam
1963 1862 2109 1898 sedebat
2125 1876 2224 1898 srsus
2245 1863 2342 1896 «viam

1459 1917 1684 1953 mendicans.
1743 1911 1836 1950 Cum
1870 1920 1990 1949 autem
2025 1914 2170 1949 audiret
2197 1913 2343 1947 turbam

1458 1974 1761 2018 praetermittent,
1789 1966 2064 2007 sciscitabatur,
2092 1963 2186 2014 quid
2203 1963 2268 1999 hnc
2291 1977 2346 1998 es-

1459 2027 1522 2057 set.
1577 2019 1900 2053 :tnnunsiavcrunt
1920 2023 2039 2051 autem
2059 2017 2108 2056 ei,
2125 2015 2226 2064 quud
2241 2014 2344 2050 Iesus

1460 2071 1685 2107 Ain-,armus
1711 2069 1896 2104 transiret.
1963 2067 2015 2101 Et
2051 2067 2243 2105 clamavit,
2286 2064 2345 2100 di-

1462 2137 1559 2157 cens:
1594 2126 1673 2157 lesu
1694 2119 1765 2166 fili
1790 2117 1925 2154 Das-id
1956 2119 2120 2152 miserere
2146 2118 2226 2153 mci.
2290 2115 2342 2150 Et

1462 2172 1754 2223 quipraeilmnt,
1780 2169 2019 2219 increpabant
2038 2183 2115 2204 cum
2141 2174 2178 2203 ut
2204 2174 2344 2204 taceret.

1462 2226 1547 2273 Ipse
1566 2238 1644 2258 «rra
1663 2223 1776 2257 inulto
1796 2223 1917 2268 magis
1938 2220 2143 2255 slarnabat:
2166 2217 2345 2254 FiliDa-

1463 2276 1526 2310 rid
1541 2277 1705 2310 misere-re
1723 2275 1799 2308 mri.
1857 2273 1972 2307 Stans
1991 2277 2112 2306 autem
2131 2269 2252 2307 Iesus,
2270 2270 2347 2305 ius-

1460 2329 1507 2363 sit
1533 2328 1640 2361 illum
1668 2324 1807 2360 adduci
1830 2323 1884 2358 ad
1902 2337 1948 2359 se.
2018 2320 2110 2357 Cum
2135 2327 2254 2355 autem
2279 2334 2346 2369 ap-

1457 2380 1760 2428 propinquasset,
1787 2374 2024 2420 interrogavit
2052 2372 2179 2412 illum,
2207 2370 2345 2407 dicens:

1462 2429 1568 2478 Quill
1582 2431 1650 2464 tibi
1667 2431 1718 2463 ris
1737 2433 1773 2461 u!
1785 2427 1931 2476 sariam
1944 2427 1961 2456 π’
1988 2425 2037 2459 Λι·
2056 2423 2118 2457 ille
2130 2423 2244 2458 dnlrit:
2264 2422 2347 2458 Do-

1466 2484 1580 2520 mins,
1624 2488 1660 2515 ut
1696 2478 1898 2526 rrspiciarn.
1960 2475 2010 2509 li!
2038 2475 2142 2510 [rsus
2174 2473 2272 2509 diri!
2299 2476 2345 2509 ei:

1462 2533 1632 2581 Ii'rspicr,
1649 2529 1746 2578 fides
1764 2535 1826 2563 tua
1848 2535 1878 2562 tr
1895 2527 1967 2562 sal·
1982 2528 2154 2576 uunsecit.
2193 2525 2245 2559 Et
2263 2539 2346 2560 con-

1463 2586 1586 2630 srstim
1603 2581 1775 2629 ras-parit,
1797 2586 1826 2614 et
1844 2579 2060 2627 srquehatur
2077 2577 2183 2612 illum
2200 2575 2346 2623 glorifi-

1456 2630 1554 2670 -rans
1570 2634 1691 2669 Deum
1705 2659 1711 2670 .
1741 2638 1771 2666 tt
1790 2634 1907 2666 omnis
1925 2630 2028 2678 plebs
2041 2657 2048 2665 ,
2087 2635 2123 2664 υΙ
2143 2647 2150 2660 ι
2164 2627 2251 2669 idit,
2285 2627 2343 2663 de-

1466 2687 1519 2721 dit
1539 2684 1685 2721 laudem
1707 2683 1795 2718 Deo.
