2409 2915
274 73 349 111 439

379 159 490 194 Docet
513 156 620 200 igitur
636 152 824 198 Apostolos
846 152 915 188 hoc
938 155 1016 189 loco
1035 152 1195 190 Christus
1219 155 1262 188 de

278 213 384 246 rebus
418 208 597 247 maximis,
630 206 811 247 videlicet,
847 203 1042 240 Ecclesiam
1070 207 1262 241 subiectam

279 274 351 295 esse
369 259 473 294 cruci.
526 256 629 291 Alius
649 257 753 291 ducet
771 263 821 297 te,
848 269 920 302 quo
939 269 1011 291 non
1033 257 1106 298 vis,
1135 256 1264 302 inquit,

279 320 311 345 et
329 317 465 347 mouet,
493 306 558 341 hos
580 319 652 341 esse
672 308 878 352 praecipuos
901 308 1034 349 cultus,
1060 310 1204 342 obedire
1228 308 1265 340 in

279 360 335 396 bis
351 359 620 399 afflictionibus,
645 365 679 392 et
696 359 824 392 addere
848 359 969 398 fidem,
995 359 1266 398 invocationem,

281 424 376 455 spem
401 410 523 444 auxilii
548 417 582 444 et
605 409 840 444 liberationis.
880 409 979 442 Sicut
1003 409 1173 454 scriptum
1199 416 1265 442 est:

280 461 531 496 Ilumiliamini
554 462 620 494 sub
639 460 773 504 potenti
794 471 900 492 manu
916 459 999 499 Dei,
1026 459 1061 493 id
1088 467 1156 500 est,
1179 471 1268 505 quae

282 521 315 546 et
347 518 508 557 potenter
539 511 682 554 affligit,
714 517 747 543 et
779 516 940 554 potenter
969 511 1108 546 liberat.
1161 510 1266 544 Item:

281 564 432 607 Propter
452 570 484 596 te
502 569 694 594 mactamur
717 567 788 594 tota
804 560 873 594 die.
928 559 1031 594 ltem:
1064 561 1189 595 invoca
1214 572 1269 593 me

282 615 320 647 in
337 615 393 647 die
410 612 669 651 tribulationis,
697 618 730 645 et
753 611 899 655 eripiam
919 618 963 645 te.
1018 611 1123 646 Item:
1151 611 1269 646 Sacri-

280 665 380 698 ficate
396 662 604 696 sacrificium
623 661 792 702 iustitiae,
820 669 852 695 et
869 668 1005 706 sperate
1022 663 1060 695 in
1077 662 1243 696 Domino.

384 719 616 765 Philosophia
632 721 735 764 longe
751 720 853 754 aliter
867 720 1009 759 iudicat,
1038 733 1127 766 quae
1143 721 1272 764 cogitat

284 774 375 806 bene
406 772 551 805 moratis
576 773 704 804 debere
736 772 825 804 bene
857 783 947 812 esse,
976 784 1039 805 nec
1061 773 1176 812 videt,
1210 783 1272 804 cut

282 824 367 857 huni
395 824 466 857 sint
496 823 531 855 in
558 822 833 856 calamitatibus:
874 822 1024 866 ideoque
1056 822 1233 857 existimat
1252 833 1272 855 a

285 874 361 908 Deo
378 876 533 907 desertos
548 885 637 912 esse,
663 874 716 905 vel
741 872 895 915 disputat
914 870 1076 906 homines
1101 885 1174 905 non
1200 859 1272 906 e*

284 937 388 959 curae
405 925 493 959 Deo.
547 923 614 958 Sed
632 921 786 956 Ecclesia
804 923 905 956 novit
920 923 1118 956 doctrinam
1134 925 1176 956 de
1193 936 1273 968 pec-

286 983 381 1015 cato,
413 982 444 1008 et
463 976 505 1008 de
524 975 574 1007 ira
595 974 681 1014 Dei,
709 980 741 1006 et
759 973 801 1005 de
818 972 910 1006 Filio
928 973 1012 1013 Dei,
1039 981 1073 1008 et
1090 975 1132 1007 de
1154 975 1274 1008 futura

284 1026 550 1070 glorificatione.
603 1023 710 1062 Item,
737 1024 811 1056 sola
835 1024 995 1057 doctrina
1019 1022 1196 1058 Ecclesiae
1221 1031 1274 1058 te-

285 1084 416 1115 statur,
443 1075 557 1109 Deum
578 1087 657 1108 vere
674 1074 763 1107 velle
781 1074 934 1118 recipere
957 1081 990 1108 et
1015 1075 1166 1109 liberare
1182 1076 1274 1108 affli-

285 1135 368 1162 ctos.
433 1126 516 1159 ldeo
541 1125 701 1159 Psalmus
726 1125 842 1170 inquit
868 1126 905 1158 in
929 1127 1084 1170 propriis
1109 1127 1275 1171 laudibus

284 1178 370 1212 Dei:
403 1177 474 1221 Qui
491 1183 591 1211 sanat
613 1177 783 1211 contritos
799 1176 922 1219 corde,
947 1183 980 1210 et
1002 1177 1123 1222 alligat
1141 1177 1275 1212 contri-

285 1230 399 1264 tiones
415 1240 550 1265 eorum.

657 1319 704 1345 De
735 1321 904 1346 secundo.

386 1371 574 1407 Humanae
589 1379 742 1410 mentes,
770 1385 848 1405 cum
866 1372 1049 1405 dissimilia
1066 1374 1176 1413 dona,
1204 1371 1276 1405 dis—

288 1425 421 1460 similes
439 1430 594 1463 evemus,
622 1422 811 1455 dissimiles
829 1423 1038 1456 afflictiones
1059 1424 1191 1463 vident,
1215 1435 1276 1455 va-

286 1478 339 1511 rie
362 1475 561 1509 turbantur.
615 1472 699 1506 Saul
718 1473 843 1506 videns
864 1474 1071 1507 antecellere
1088 1474 1277 1514 Davidem,

288 1525 493 1561 accenditur
509 1524 654 1558 invidia.
684 1521 777 1564 Nos,
805 1524 887 1568 quia
902 1536 975 1557 non
992 1535 1179 1572 possumus
1195 1524 1276 1556 imi-

287 1578 355 1613 tari
373 1576 527 1619 egregias
544 1573 828 1614 virtutes'Pauli,
856 1575 1075 1618 impellimur
1091 1575 1133 1607 ad
1154 1575 1277 1619 despe-

287 1628 473 1663 rationem.
534 1621 735 1659 Monachus
768 1625 892 1657 videns
922 1625 1083 1658 exercitia
1114 1626 1279 1669 Antonii,

288 1679 449 1713 imitatur
472 1676 690 1720 exemplum,
719 1682 751 1709 et
778 1675 950 1718 excogitat
974 1687 1107 1709 novum
1134 1677 1278 1709 cultum.

287 1729 453 1774 Denique
480 1726 728 1760 universaliter
751 1726 1003 1760 dissimilitudo
1029 1739 1147 1759 rerum
1178 1727 1280 1770 parit,

288 1789 349 1815 aut
367 1778 551 1819 invidiam,
567 1784 626 1811 aut
641 1774 875 1822 κακοζηλίαν,
905 1784 964 1811 aut
981 1778 1278 1821 desperationem:

288 1833 360 1865 imo
385 1836 529 1874 propter
553 1827 741 1862 dissimiles
769 1840 866 1861 casus
891 1827 953 1873 qui
978 1829 1081 1862 bonis
1105 1829 1280 1870 accidunt,

289 1881 545 1917 confirmantur
569 1879 756 1922 opiniones
779 1879 970 1921 epicureae.

392 1931 572 1965 Adversus
589 1927 671 1962 haec
689 1941 792 1972 prava
811 1929 939 1961 iudicia
964 1929 1101 1969 omnia,
1128 1929 1281 1963 traditur

290 1982 350 2018 hic
365 1982 463 2016 utilis
478 1981 609 2025 regula,
636 1978 713 2013 Una
731 1980 773 2012 sit
791 1987 822 2013 et
838 1980 963 2012 similis
980 1980 1062 2013 fides
1075 1992 1154 2023 erga
1166 1978 1278 2013 Deum

291 2036 328 2068 in
352 2033 491 2067 sanctis,
544 2031 614 2065 Sed
633 2031 787 2063 diversas
806 2038 837 2064 et
865 2030 1053 2063 dissimiles
1077 2031 1280 2064 vocationes

290 2097 364 2120 esse
381 2095 520 2117 necesse
536 2089 596 2117 est.
648 2081 731 2115 Ideo
756 2081 888 2125 iuquit:
916 2082 953 2115 Si
981 2082 1081 2114 illum
1099 2082 1179 2115 volo
1206 2095 1280 2114 ma-

291 2148 396 2176 nere,
423 2135 508 2180 quid
536 2134 577 2166 ad
601 2132 660 2166 te?
713 2131 750 2165 ld
778 2142 844 2172 est,
872 2144 915 2165 ne
941 2133 1093 2166 turberis
1116 2133 1280 2166 dissimili

292 2186 450 2230 exemplo
466 2184 600 2218 alienae
617 2183 828 2223 vocationis,
857 2182 915 2216 'l'u
931 2196 984 2216 me
1000 2196 1154 2228 sequere.
1202 2183 1280 2218 Una

292 2239 338 2273 sit
362 2245 395 2271 et
418 2236 543 2269 similis
568 2235 651 2268 fides
674 2246 752 2277 erga
776 2242 978 2274 vocantem,
1003 2236 1062 2267 sed
1085 2247 1166 2268 suae
1184 2236 1281 2281 quis-

293 2301 361 2335 que
380 2286 554 2320 vocationi
571 2287 807 2330 obtemperet,
837 2286 873 2318 in
891 2283 955 2318 hac
971 2286 1097 2319 serviat
1122 2299 1183 2329 pro
1207 2299 1280 2320 me-

294 2339 479 2373 diocritate
496 2338 549 2370 sui
568 2338 664 2373 doni.
706 2337 805 2371 Sicut
822 2344 855 2371 et
875 2335 1002 2370 Paulus
1021 2337 1148 2381 inquit.
1176 2337 1280 2373 Rom.

298 2394 372 2427 12:
427 2388 538 2422 Nemo
560 2388 689 2432 aspiret
712 2390 753 2421 ad
783 2387 951 2422 ulteriora
975 2399 1079 2433 quam
1104 2390 1280 2428 convenit.

293 2443 350 2477 sed
374 2442 501 2475 sentiat
529 2447 562 2473 et
590 2446 665 2483 agat
690 2440 846 2473 modeste
879 2439 973 2473 iuxta
1003 2451 1202 2472 mensuram
1227 2441 1278 2472 sui

292 2493 390 2528 doni.
449 2492 486 2527 Si
517 2490 612 2526 Dens
641 2491 715 2524 vult
741 2489 910 2523 Davidem
938 2491 1159 2529 antecellere,
1196 2491 1278 2524 boui

293 2544 452 2577 consulat
479 2544 512 2576 id
537 2543 643 2582 Saul,
678 2549 711 2576 et
745 2549 820 2583 agat
846 2541 974 2584 gratias
1000 2540 1095 2582 Deo,
1129 2543 1222 2587 quod
1247 2550 1279 2575 et

293 2595 406 2640 ipsum
433 2595 585 2634 ornarit,
612 2602 643 2627 et
670 2606 763 2628 minc
788 2595 842 2626 det
869 2593 977 2635 magis
1004 2593 1148 2627 idoneos
1172 2593 1278 2625 mini-

293 2654 400 2685 stros,
427 2652 585 2689 agnoscat
612 2656 787 2678 successus
806 2657 823 2678 a
843 2645 920 2678 Deo
940 2657 1027 2687 esse,
1057 2657 1118 2679 nec
1145 2656 1214 2679 esse
1243 2644 1277 2677 in

872 68 998 104 PHlL.
1022 67 1142 106 MEL.
1167 65 1380 104 SCRIPTA
1406 64 1704 106 EXEGETICA.

2226 68 2305 107 440

1313 161 1484 200 potestate
1496 151 1697 190 hominum.
1749 152 1929 189 Concedat
1943 153 2051 198 igitur
2065 153 2155 194 Deo,
2173 162 2214 190 ut
2228 157 2303 190 dis-

1313 206 1448 240 tribuat
1471 218 1530 239 eos
1558 217 1622 239 suo
1646 205 1806 242 consilio.
1841 205 1942 240 Sicut
1966 204 2144 239 lohannes
2167 205 2302 251 inquit:

1315 256 1397 290 Non
1413 263 1527 300 potest
1541 257 1609 289 sibi
1627 254 1733 290 homo
1750 268 1886 290 sumere
1902 256 2104 302 quicquam,
2130 255 2198 289 nisi
2215 257 2259 291 sit
2273 257 2305 291 ei

1317 308 1437 340 datum
1453 307 1622 350 desuper,
1645 314 1678 341 et
1694 314 1772 351 agat.
1787 308 1915 351 gratias
1933 307 2024 347 Deo,
2051 308 2147 352 quod
2170 319 2234 351 pro
2249 318 2307 340 sa-

1318 358 1391 392 lute
1416 356 1538 401 populi
1563 357 1687 391 excitat
1711 358 1830 401 plures
1860 358 2058 397 ministros,
2085 364 2118 391 et
2141 364 2235 398 oret,
2267 365 2308 392 ut.

1319 407 1403 441 haec
1421 407 1586 441 beneficia
1604 408 1769 442 cumulet.
1818 408 1914 451 Quid
1933 416 1983 442 est
2002 408 2184 451 indignius
2201 419 2307 452 quam

1321 458 1422 492 irasci
1438 457 1513 492 Deo
1530 470 1593 502 pro
1612 458 1804 491 beneficio?
1830 457 2039 503 Optandum
2058 465 2130 492 erat
2141 458 2252 498 Sauli,
2269 465 2309 493 ut.

1320 509 1429 543 multa
1446 509 1620 553 praesidia
1638 519 1745 552 regno
1763 509 1979 554 relinqueret
1994 510 2123 543 similia
2139 508 2284 545 Davidi.

1410 559 1467 593 Sic
1484 560 1634 604 quilibet
1650 566 1810 593 nostrum
1828 560 1951 594 videus
1966 561 2113 594 alterum
2130 561 2310 599 excellere,

1321 609 1398 644 Deo
1416 610 1543 654 gratias
1559 617 1635 654 agat
1650 622 1714 655 pro
1730 608 1785 643 his
1801 610 1922 651 donis,
1947 612 2140 655 gratuletur
2156 610 2311 654 Reipub.

1323 668 1355 695 et
1374 668 1450 694 oret
1469 661 1604 701 Deum,
1631 668 1669 695 ut
1690 659 1774 694 haec
1797 661 1962 695 beneficia
1981 661 2147 696 cumulet.
2201 661 2249 696 Ut
2272 662 2311 693 in

1324 711 1490 745 Numeris
1503 724 1577 756 cap.
1597 713 1653 745 11.
1676 724 1755 746 cum
1776 710 1878 746 Iosue
1896 709 2055 746 hortatus
2071 718 2157 746 esset
2173 711 2315 752 Mosen,

1324 775 1367 795 ne
1392 756 1597 795 concederet
1624 761 1833 807 prophetare
1860 763 1920 802 iis,
1955 762 2017 807 qui
2047 774 2120 796 non
2144 769 2243 796 erant
2275 762 2314 795 in

1324 825 1473 847 numero
1498 814 1791 856 gubernatorum,
1824 814 2006 858 respondit
2032 812 2181 847 Moises:
2215 812 2314 855 Quid
2356 834 2359 836 -

1323 876 1401 897 meo
1419 861 1547 896 honori
1565 864 1714 898 metuis?
1767 863 1910 898 Utinam
1925 864 2042 898 omnis
2064 864 2216 908 populus
2233 874 2315 907 pro-

1326 913 1466 959 phetet,
1490 915 1570 959 quia
1589 914 1690 948 dabit
1704 914 1880 948 Dominus
1903 915 2066 959 spiritum
2089 926 2191 948 suum
2210 924 2317 958 super

1325 977 1397 999 eos.
1448 963 1495 998 Et
1516 965 1646 998 Paulus
1669 965 1804 1010 inquit:
1836 965 1887 998 Ne
1916 966 2127 1009 extinguetis
2157 965 2316 1008 spiritus,

1327 1017 1386 1049 sed
1405 1016 1569 1059 probetis.
1631 1015 1862 1049 Gratulemur
1879 1016 1985 1059 igitur
2002 1017 2095 1049 dona
2115 1015 2180 1049 Dei
2200 1015 2316 1056 nobis,

1326 1065 1503 1100 Ecclesiae
1533 1074 1567 1100 et
1588 1065 1743 1110 Reipub.
1766 1078 1839 1099 non
1870 1074 2040 1100 certemus
2071 1066 2318 1106 aemulatione,

1326 1118 1500 1151 discamus
1517 1117 1598 1151 item
1609 1118 1807 1150 discernere
1824 1117 1926 1150 fidem
1942 1124 1976 1151 et
1987 1118 2197 1157 vocationes,
2211 1116 2317 1150 Fides

1327 1169 1453 1202 similis
1463 1168 1505 1201 sit
1516 1169 1690 1208 omnium,
1706 1169 1948 1213 crederequod
1961 1167 2240 1212 propterFilium
2251 1166 2319 1200 Dei

1328 1220 1538 1264 placeamus.
1563 1218 1637 1252 Hac
1653 1219 1720 1252 fide
1732 1217 1845 1252 Deum
1862 1219 2076 1259 invocemus,
2091 1218 2163 1252 sive
2172 1217 2320 1262 magnis,

1329 1271 1401 1303 sive
1412 1270 1526 1314 parvis
1538 1270 1641 1303 donis
1651 1270 1799 1313 praediti
1811 1281 1943 1309 sumus,
1953 1270 2024 1303 sive
2034 1280 2155 1303 sumus
2166 1268 2202 1301 in
2215 1268 2319 1302 rebus

1329 1320 1509 1357 secundis,
1527 1320 1653 1354 sivein
1671 1320 1839 1354 adversis.
1892 1318 2078 1354 Caeterum
2095 1319 2321 1353 vocationum

1329 1382 1453 1414 magna
1473 1377 1522 1404 est
1540 1370 1750 1411 differentia,
1768 1371 1857 1404 alius
1875 1371 1971 1404 aliud
1986 1370 2141 1404 officium
2159 1370 2320 1411 sustinet,

1329 1421 1419 1455 alius
1429 1421 1529 1454 aliter
1539 1421 1719 1464 affligitur,
1735 1421 1824 1454 alius
1835 1421 1901 1454 alia
1915 1422 2006 1455 dona
2018 1419 2134 1461 habet,
2147 1419 2321 1455 Davidem

1329 1479 1429 1506 vocat
1446 1472 1541 1506 Deus
1560 1473 1603 1505 ad
1619 1483 1786 1516 regnum,
1814 1484 1886 1505 non
1904 1478 2006 1506 vocat
2023 1470 2207 1506 lonathan.
2261 1469 2320 1504 Io-

1330 1520 1465 1557 nathan
1493 1535 1694 1568 quanquam
1728 1523 1826 1567 pium
1862 1529 1894 1556 ct
1929 1524 2017 1556 bene
2044 1522 2208 1556 meritum
2235 1521 2322 1555 sinit

1330 1574 1424 1608 Deus
1455 1574 1618 1607 interfici.
1677 1572 1840 1608 Roboam
1871 1585 2073 1618 quanquam
2106 1573 2254 1616 ignavus
2287 1578 2323 1606 et

1331 1625 1462 1665 malus,
1489 1636 1560 1657 non
1579 1624 1800 1658 interficitur.
1855 1623 1930 1658 Hac
1954 1624 2122 1658 varietate
2141 1624 2195 1657 vel
2215 1623 2322 1657 dissi-

1333 1675 1537 1709 militudine
1561 1687 1632 1708 non
1655 1675 1880 1719 impellamur
1899 1675 1953 1708 vel
1970 1675 2012 1708 ad
2040 1674 2323 1715 aemulationem,

1333 1727 1387 1759 vel
1417 1727 1458 1759 ad
1486 1727 1786 1770 desperationem,
1819 1726 1876 1759 vel
1909 1727 1951 1759 ad
1984 1723 2226 1770 κακοζηλίαν,
2260 1725 2321 1759 sed

1332 1777 1575 1822 unusquisque
1595 1777 1632 1810 in
1650 1788 1710 1811 sua
1734 1777 1917 1810 vocatione
1936 1777 1990 1809 vel
2006 1777 2197 1810 afflictione.
2221 1787 2322 1820 prae-

1334 1835 1399 1862 stet
1427 1827 1683 1867 obedientiam,
1717 1828 1807 1861 sicut
1833 1825 1890 1861 bic
1917 1828 2064 1861 dicitur:
2105 1827 2162 1860 Tu
2187 1839 2242 1860 me
2266 1839 2321 1860 se-

1333 1891 1452 1924 quere.
1503 1877 1551 1912 Et
1574 1879 1616 1912 de
1646 1878 1900 1912 afflictionibus
1929 1878 2045 1924 iuquit
2072 1875 2249 1912 Christus:
2282 1877 2321 1911 Si

1334 1930 1411 1974 quis
1430 1941 1484 1962 me
1501 1930 1576 1962 vult
1593 1930 1711 1974 sequi,
1739 1929 1839 1963 tollat
1855 1941 1992 1962 crucem
2011 1940 2122 1969 suam,
2148 1935 2179 1962 et
2197 1940 2321 1973 sequa-

1334 1987 1391 2014 tur
1406 1992 1473 2013 me.
1527 1980 1654 2019 Suam,
1684 1980 1811 2024 inquit,
1839 1979 2015 2022 videlicet,
2044 1991 2115 2012 non
2133 1979 2297 2012 alienam.

1439 2030 1488 2063 lta
1505 2031 1548 2063 de.
1564 2031 1687 2064 officiis
1707 2030 1816 2064 multa
1841 2037 1959 2065 extant
1983 2037 2163 2074 praecepta
2192 2031 2224 2066 1.
2250 2028 2322 2064 Co-

1334 2079 1443 2117 rinth.
1470 2080 1508 2114 7:
1544 2081 1705 2127 Quisque
1726 2081 1763 2114 in
1788 2082 1990 2117 vocatione.
2026 2081 2062 2113 in
2087 2093 2155 2126 qua
2178 2087 2323 2115 vocatus

1334 2141 1402 2171 est,
1430 2139 1582 2166 maneat.
1622 2135 1650 2167 1.
1665 2131 1825 2166 Thessal.
1841 2131 1880 2165 4:
1911 2130 2155 2166 Adhortamur
2171 2143 2233 2165 vos
2253 2131 2324 2165 sra-

1334 2192 1421 2222 tres‚
1451 2191 1489 2218 ut
1520 2183 1557 2216 in
1586 2181 1650 2217 hac
1676 2195 1713 2217 re
1739 2184 1907 2218 excellere
1937 2183 2107 2226 singulari
2139 2182 2324 2226 diligentia

1334 2236 1530 2275 conemini,
1565 2235 1682 2269 studio
1719 2234 2005 2280 tranquillitatis,
2040 2241 2072 2267 et
2108 2234 2233 2277 agendi
2269 2245 2325 2268 res
2375 2231 2377 2233 ¹

1335 2288 1512 2331 proprias,
1547 2299 1585 2320 ac
1619 2286 1749 2320 Paulus
1784 2286 1913 2329 insigni
1949 2285 2120 2318 vocabulo
2150 2296 2233 2319 usus
2261 2292 2324 2322 est.

1336 2338 1534 2371 Ambitiose
1563 2335 1629 2371 hoc
1660 2337 1787 2380 agatis.
1821 2344 1986 2382 tanquam
2020 2335 2188 2369 eximium
2216 2337 2324 2370 decu·

1334 2390 1485 2433 appetite
1502 2390 1657 2422 studium
1673 2389 1798 2431 agendi
1817 2400 1870 2421 res
1895 2387 2072 2431 proprias,
2097 2387 2184 2421 alios
2206 2387 2321 2421 ambi-

1334 2441 1382 2474 tio
1401 2448 1433 2474 et
1451 2440 1621 2484 cupiditas
1636 2439 1766 2482 gloriae
1785 2438 1931 2483 impellit
1945 2465 1952 2477 ,
1981 2445 2015 2472 ut
2036 2438 2144 2471 multa
2160 2445 2192 2472 et
2206 2437 2320 2471 aliena

1304 2502 1306 2527 ῑ
1334 2493 1543 2536 suscipi-«nt,
1578 2499 1609 2525 et
1633 2497 1773 2524 currant
1802 2497 1896 2523 extra
1927 2496 2054 2530 metas,
2090 2501 2150 2523 vos
2171 2488 2322 2532 expetite

1334 2541 1424 2576 hanc
1448 2542 1618 2583 glori-nm.
1646 2554 1750 2584 quam
1777 2538 1860 2575 haec
1878 2540 1991 2574 virtus
2010 2541 2118 2585 parit.
2146 2539 2320 2577 videlicet,

1333 2595 1500 2627 sedulitas
1515 2593 1668 2627 obeundi
1690 2593 1823 2637 proprii
1842 2591 2008 2626 muneris.
2046 2589 2108 2626 Est
2123 2590 2217 2623 enim
2235 2587 2322 2625 haec

1302 2683 1306 2688 ν
1335 2659 1346 2677 i
1359 2646 1445 2680 irtus
1463 2645 1576 2679 media
1596 2645 1686 2678 inter
1703 2645 1878 2687 ignaviam
1893 2650 1923 2678 et
1940 2638 2319 2688 πολυπιραγμοσύνην.
