<?xml version="1.0" encoding="UTF-8"?>
<!DOCTYPE html PUBLIC "-//W3C//DTD XHTML 1.0 Transitional//EN"
    "http://www.w3.org/TR/xhtml1/DTD/xhtml1-transitional.dtd">
<html xmlns="http://www.w3.org/1999/xhtml" xml:lang="en" lang="en">
 <head>
  <title>
</title>
<meta http-equiv="Content-Type" content="text/html;charset=utf-8" />
  <meta name='ocr-system' content='tesseract 3.04.00' />
  <meta name='ocr-capabilities' content='ocr_page ocr_carea ocr_par ocr_line ocrx_word'/>
</head>
<body>
  <div class='ocr_page' id='page_1' title='image "./operaquaesupersu14melauoft/operaquaesupersu14melauoft_0091.png"; bbox 0 0 2409 2915; ppageno 0'>
   <div class='ocr_carea' id='block_1_1' title="bbox 0 0 37 1628">
    <p class='ocr_par' dir='ltr' id='par_1_1' title="bbox 0 0 37 1628">
     <span class='ocr_line' id='line_1_1' title="bbox 0 0 37 1628; baseline 0 0"><span class='ocrx_word' id='word_1_1' title='bbox 0 0 37 1628; x_wconf 95' lang='lat' dir='ltr'> </span> 
     </span>
    </p>
   </div>
   <div class='ocr_carea' id='block_1_2' title="bbox 95 117 724 154">
    <p class='ocr_par' dir='ltr' id='par_1_2' title="bbox 95 117 724 154">
     <span class='ocr_line' id='line_1_2' title="bbox 95 117 724 154; baseline -0.003 0"><span class='ocrx_word' id='word_1_2' title='bbox 95 118 165 154; x_wconf 84' lang='lat'>165</span> <span class='ocrx_word' id='word_1_3' title='bbox 642 117 724 152; x_wconf 84' lang='grc' dir='ltr'>ΧΠ.</span> 
     </span>
    </p>
   </div>
   <div class='ocr_carea' id='block_1_3' title="bbox 93 199 1081 501">
    <p class='ocr_par' dir='ltr' id='par_1_3' title="bbox 93 199 1081 438">
     <span class='ocr_line' id='line_1_3' title="bbox 93 199 1081 242; baseline 0 -8"><span class='ocrx_word' id='word_1_4' title='bbox 93 202 209 235; x_wconf 89' lang='lat' dir='ltr'>sonuit</span> <span class='ocrx_word' id='word_1_5' title='bbox 243 214 308 235; x_wconf 85' lang='lat' dir='ltr'>vox</span> <span class='ocrx_word' id='word_1_6' title='bbox 340 200 406 235; x_wconf 89' lang='lat' dir='ltr'>Dei</span> <span class='ocrx_word' id='word_1_7' title='bbox 443 202 485 234; x_wconf 84' lang='lat' dir='ltr'>de</span> <span class='ocrx_word' id='word_1_8' title='bbox 517 201 633 242; x_wconf 89' lang='lat' dir='ltr'>coelo,</span> <span class='ocrx_word' id='word_1_9' title='bbox 672 199 740 233; x_wconf 83' lang='lat' dir='ltr'>Hic</span> <span class='ocrx_word' id='word_1_10' title='bbox 765 206 815 233; x_wconf 85' lang='lat' dir='ltr'>est</span> <span class='ocrx_word' id='word_1_11' title='bbox 842 199 954 233; x_wconf 88' lang='lat' dir='ltr'>Filius</span> <span class='ocrx_word' id='word_1_12' title='bbox 984 212 1081 234; x_wconf 86' lang='lat' dir='ltr'>meus</span> 
     </span>
     <span class='ocr_line' id='line_1_4' title="bbox 96 251 1077 293; baseline -0.002 -9"><span class='ocrx_word' id='word_1_13' title='bbox 96 252 262 285; x_wconf 86' lang='lat' dir='ltr'>dilectus:</span> <span class='ocrx_word' id='word_1_14' title='bbox 301 254 348 286; x_wconf 87' lang='lat' dir='ltr'>ita</span> <span class='ocrx_word' id='word_1_15' title='bbox 382 251 485 285; x_wconf 88' lang='lat' dir='ltr'>babet</span> <span class='ocrx_word' id='word_1_16' title='bbox 512 251 746 293; x_wconf 85' lang='lat' dir='ltr'>Evangelium</span> <span class='ocrx_word' id='word_1_17' title='bbox 778 262 839 283; x_wconf 89' lang='lat' dir='ltr'>sua</span> <span class='ocrx_word' id='word_1_18' title='bbox 866 251 1077 291; x_wconf 83' lang='lat' dir='ltr'>testimonia,</span> 
     </span>
     <span class='ocr_line' id='line_1_5' title="bbox 96 301 1075 347; baseline 0 -13"><span class='ocrx_word' id='word_1_19' title='bbox 96 314 168 335; x_wconf 86' lang='lat' dir='ltr'>non</span> <span class='ocrx_word' id='word_1_20' title='bbox 193 311 244 336; x_wconf 80' lang='lat' dir='ltr'>est</span> <span class='ocrx_word' id='word_1_21' title='bbox 262 304 437 347; x_wconf 86' lang='lat' dir='ltr'>ignotum,</span> <span class='ocrx_word' id='word_1_22' title='bbox 465 302 601 335; x_wconf 90' lang='lat' dir='ltr'>tametsi</span> <span class='ocrx_word' id='word_1_23' title='bbox 619 313 672 334; x_wconf 86' lang='lat' dir='ltr'>res</span> <span class='ocrx_word' id='word_1_24' title='bbox 690 301 771 333; x_wconf 90' lang='lat' dir='ltr'>illae</span> <span class='ocrx_word' id='word_1_25' title='bbox 789 312 861 333; x_wconf 91' lang='lat' dir='ltr'>non</span> <span class='ocrx_word' id='word_1_26' title='bbox 882 301 927 333; x_wconf 89' lang='lat' dir='ltr'>ita</span> <span class='ocrx_word' id='word_1_27' title='bbox 947 313 1075 343; x_wconf 86' lang='lat' dir='ltr'>gerun-</span> 
     </span>
     <span class='ocr_line' id='line_1_6' title="bbox 97 351 1078 396; baseline 0 -11"><span class='ocrx_word' id='word_1_28' title='bbox 97 360 154 385; x_wconf 84' lang='lat' dir='ltr'>tur</span> <span class='ocrx_word' id='word_1_29' title='bbox 179 353 214 386; x_wconf 89' lang='lat' dir='ltr'>in</span> <span class='ocrx_word' id='word_1_30' title='bbox 234 360 420 396; x_wconf 86' lang='lat' dir='ltr'>conspectu</span> <span class='ocrx_word' id='word_1_31' title='bbox 439 353 618 392; x_wconf 87' lang='lat' dir='ltr'>omnium,</span> <span class='ocrx_word' id='word_1_32' title='bbox 645 358 684 384; x_wconf 93' lang='lat' dir='ltr'>ut</span> <span class='ocrx_word' id='word_1_33' title='bbox 701 363 755 384; x_wconf 90' lang='lat' dir='ltr'>res</span> <span class='ocrx_word' id='word_1_34' title='bbox 774 351 965 384; x_wconf 82' lang='lat' dir='ltr'>Alexandri</span> <span class='ocrx_word' id='word_1_35' title='bbox 978 377 986 390; x_wconf 90' lang='lat'>,</span> <span class='ocrx_word' id='word_1_36' title='bbox 1020 359 1078 385; x_wconf 90' lang='lat' dir='ltr'>aut</span> 
     </span>
     <span class='ocr_line' id='line_1_7' title="bbox 96 403 190 438; baseline 0.021 -2"><span class='ocrx_word' id='word_1_37' title='bbox 96 403 190 438; x_wconf 77' lang='lat' dir='ltr'>tulii.</span> 
     </span>
    </p>

    <p class='ocr_par' dir='ltr' id='par_1_4' title="bbox 449 476 728 501">
     <span class='ocr_line' id='line_1_8' title="bbox 449 476 728 501; baseline 0 -1"><span class='ocrx_word' id='word_1_38' title='bbox 449 476 468 500; x_wconf 82' lang='lat' dir='ltr'>S</span> <span class='ocrx_word' id='word_1_39' title='bbox 487 482 502 500; x_wconf 88' lang='lat' dir='ltr'>e</span> <span class='ocrx_word' id='word_1_40' title='bbox 522 482 536 500; x_wconf 92' lang='lat' dir='ltr'>c</span> <span class='ocrx_word' id='word_1_41' title='bbox 558 483 576 500; x_wconf 90' lang='lat' dir='ltr'>u</span> <span class='ocrx_word' id='word_1_42' title='bbox 596 482 613 500; x_wconf 90' lang='lat' dir='ltr'>n</span> <span class='ocrx_word' id='word_1_43' title='bbox 634 476 651 499; x_wconf 85' lang='lat' dir='ltr'>d</span> <span class='ocrx_word' id='word_1_44' title='bbox 670 483 687 500; x_wconf 88' lang='lat' dir='ltr'>u</span> <span class='ocrx_word' id='word_1_45' title='bbox 706 482 728 501; x_wconf 78' lang='lat' dir='ltr'>s,</span> 
     </span>
    </p>
   </div>
   <div class='ocr_carea' id='block_1_4' title="bbox 86 525 1074 2234">
    <p class='ocr_par' dir='ltr' id='par_1_5' title="bbox 86 525 1074 1577">
     <span class='ocr_line' id='line_1_9' title="bbox 196 525 1074 569; baseline -0.002 -9"><span class='ocrx_word' id='word_1_46' title='bbox 196 526 311 569; x_wconf 86' lang='lat' dir='ltr'>Quale</span> <span class='ocrx_word' id='word_1_47' title='bbox 342 526 387 560; x_wconf 91' lang='lat' dir='ltr'>sit</span> <span class='ocrx_word' id='word_1_48' title='bbox 419 538 565 569; x_wconf 86' lang='lat' dir='ltr'>regnum</span> <span class='ocrx_word' id='word_1_49' title='bbox 590 525 760 567; x_wconf 78' lang='lat' dir='ltr'>Messiae,</span> <span class='ocrx_word' id='word_1_50' title='bbox 795 526 1005 558; x_wconf 82' lang='lat' dir='ltr'>describitur</span> <span class='ocrx_word' id='word_1_51' title='bbox 1038 526 1074 558; x_wconf 91' lang='lat' dir='ltr'>in</span> 
     </span>
     <span class='ocr_line' id='line_1_10' title="bbox 96 575 1072 615; baseline -0.003 -3"><span class='ocrx_word' id='word_1_52' title='bbox 96 579 188 612; x_wconf 88' lang='lat' dir='ltr'>dicto</span> <span class='ocrx_word' id='word_1_53' title='bbox 205 575 411 610; x_wconf 84' lang='lat' dir='ltr'>Zachariae:</span> <span class='ocrx_word' id='word_1_54' title='bbox 446 575 535 610; x_wconf 89' lang='lat' dir='ltr'>Ecce</span> <span class='ocrx_word' id='word_1_55' title='bbox 554 589 614 610; x_wconf 81' lang='lat' dir='ltr'>rex</span> <span class='ocrx_word' id='word_1_56' title='bbox 632 585 712 611; x_wconf 91' lang='lat' dir='ltr'>tuus</span> <span class='ocrx_word' id='word_1_57' title='bbox 739 577 835 609; x_wconf 86' lang='lat' dir='ltr'>venit</span> <span class='ocrx_word' id='word_1_58' title='bbox 861 577 925 609; x_wconf 90' lang='lat' dir='ltr'>tibi</span> <span class='ocrx_word' id='word_1_59' title='bbox 951 577 1072 615; x_wconf 89' lang='lat' dir='ltr'>iustus,</span> 
     </span>
     <span class='ocr_line' id='line_1_11' title="bbox 94 627 1069 671; baseline -0.002 -10"><span class='ocrx_word' id='word_1_60' title='bbox 94 629 265 668; x_wconf 90' lang='lat' dir='ltr'>salvator,</span> <span class='ocrx_word' id='word_1_61' title='bbox 296 635 329 661; x_wconf 92' lang='lat' dir='ltr'>et</span> <span class='ocrx_word' id='word_1_62' title='bbox 346 639 477 671; x_wconf 83' lang='lat' dir='ltr'>pauper</span> <span class='ocrx_word' id='word_1_63' title='bbox 492 629 614 661; x_wconf 90' lang='lat' dir='ltr'>sedens</span> <span class='ocrx_word' id='word_1_64' title='bbox 631 640 734 671; x_wconf 90' lang='lat' dir='ltr'>super</span> <span class='ocrx_word' id='word_1_65' title='bbox 751 627 884 660; x_wconf 81' lang='lat' dir='ltr'>asinam</span> <span class='ocrx_word' id='word_1_66' title='bbox 901 634 963 661; x_wconf 88' lang='lat' dir='ltr'>etc.</span> <span class='ocrx_word' id='word_1_67' title='bbox 1002 628 1069 661; x_wconf 85' lang='lat' dir='ltr'>Sed</span> 
     </span>
     <span class='ocr_line' id='line_1_12' title="bbox 93 676 1071 721; baseline -0.002 -9"><span class='ocrx_word' id='word_1_68' title='bbox 93 686 165 712; x_wconf 85' lang='lat' dir='ltr'>tota</span> <span class='ocrx_word' id='word_1_69' title='bbox 190 679 311 712; x_wconf 87' lang='lat' dir='ltr'>concio</span> <span class='ocrx_word' id='word_1_70' title='bbox 337 680 429 721; x_wconf 86' lang='lat' dir='ltr'>apud</span> <span class='ocrx_word' id='word_1_71' title='bbox 453 676 660 711; x_wconf 80' lang='lat' dir='ltr'>Zachariam</span> <span class='ocrx_word' id='word_1_72' title='bbox 686 679 857 711; x_wconf 88' lang='lat' dir='ltr'>intuenda</span> <span class='ocrx_word' id='word_1_73' title='bbox 881 685 947 715; x_wconf 92' lang='lat' dir='ltr'>est,</span> <span class='ocrx_word' id='word_1_74' title='bbox 984 689 1071 721; x_wconf 90' lang='lat' dir='ltr'>quae</span> 
     </span>
     <span class='ocr_line' id='line_1_13' title="bbox 93 727 1070 772; baseline -0.003 -10"><span class='ocrx_word' id='word_1_75' title='bbox 93 731 194 762; x_wconf 89' lang='lat' dir='ltr'>docet</span> <span class='ocrx_word' id='word_1_76' title='bbox 212 740 358 772; x_wconf 88' lang='lat' dir='ltr'>regnum</span> <span class='ocrx_word' id='word_1_77' title='bbox 383 727 515 763; x_wconf 83' lang='lat' dir='ltr'>Christi</span> <span class='ocrx_word' id='word_1_78' title='bbox 541 742 612 762; x_wconf 92' lang='lat' dir='ltr'>non</span> <span class='ocrx_word' id='word_1_79' title='bbox 637 729 711 761; x_wconf 86' lang='lat' dir='ltr'>fore</span> <span class='ocrx_word' id='word_1_80' title='bbox 736 729 892 772; x_wconf 80' lang='lat' dir='ltr'>politiam</span> <span class='ocrx_word' id='word_1_81' title='bbox 921 730 1070 760; x_wconf 86' lang='lat' dir='ltr'>munda-</span> 
     </span>
     <span class='ocr_line' id='line_1_14' title="bbox 93 778 1071 824; baseline -0.002 -12"><span class='ocrx_word' id='word_1_82' title='bbox 93 791 194 820; x_wconf 85' lang='lat' dir='ltr'>nam,</span> <span class='ocrx_word' id='word_1_83' title='bbox 236 779 316 812; x_wconf 73' lang='lat' dir='ltr'>Non</span> <span class='ocrx_word' id='word_1_84' title='bbox 345 786 466 817; x_wconf 88' lang='lat' dir='ltr'>erunt,</span> <span class='ocrx_word' id='word_1_85' title='bbox 505 780 639 824; x_wconf 91' lang='lat' dir='ltr'>inquit,</span> <span class='ocrx_word' id='word_1_86' title='bbox 680 780 843 823; x_wconf 81' lang='lat' dir='ltr'>deinceps</span> <span class='ocrx_word' id='word_1_87' title='bbox 880 780 915 811; x_wconf 90' lang='lat' dir='ltr'>in</span> <span class='ocrx_word' id='word_1_88' title='bbox 952 778 1071 818; x_wconf 65' lang='lat' dir='ltr'>Israel,</span> 
     </span>
     <span class='ocr_line' id='line_1_15' title="bbox 92 829 1071 875; baseline -0.002 -12"><span class='ocrx_word' id='word_1_89' title='bbox 92 830 192 875; x_wconf 90' lang='lat' dir='ltr'>equi,</span> <span class='ocrx_word' id='word_1_90' title='bbox 227 830 434 874; x_wconf 82' lang='lat' dir='ltr'>quadrigae,</span> <span class='ocrx_word' id='word_1_91' title='bbox 472 842 572 863; x_wconf 91' lang='lat' dir='ltr'>arcus</span> <span class='ocrx_word' id='word_1_92' title='bbox 596 830 692 864; x_wconf 92' lang='lat' dir='ltr'>belli.</span> <span class='ocrx_word' id='word_1_93' title='bbox 753 829 846 862; x_wconf 83' lang='lat' dir='ltr'>Haec</span> <span class='ocrx_word' id='word_1_94' title='bbox 871 829 1071 872; x_wconf 78' lang='lat' dir='ltr'>descriptio,</span> 
     </span>
     <span class='ocr_line' id='line_1_16' title="bbox 92 878 1069 924; baseline -0.002 -11"><span class='ocrx_word' id='word_1_95' title='bbox 92 881 182 914; x_wconf 89' lang='lat' dir='ltr'>sicut</span> <span class='ocrx_word' id='word_1_96' title='bbox 205 887 357 920; x_wconf 88' lang='lat' dir='ltr'>constat,</span> <span class='ocrx_word' id='word_1_97' title='bbox 390 880 560 923; x_wconf 84' lang='lat' dir='ltr'>significat</span> <span class='ocrx_word' id='word_1_98' title='bbox 578 892 722 924; x_wconf 86' lang='lat' dir='ltr'>regnum</span> <span class='ocrx_word' id='word_1_99' title='bbox 739 878 870 914; x_wconf 88' lang='lat' dir='ltr'>Christi</span> <span class='ocrx_word' id='word_1_100' title='bbox 896 892 966 912; x_wconf 91' lang='lat' dir='ltr'>non</span> <span class='ocrx_word' id='word_1_101' title='bbox 996 880 1069 912; x_wconf 90' lang='lat' dir='ltr'>sore</span> 
     </span>
     <span class='ocr_line' id='line_1_17' title="bbox 93 931 548 974; baseline 0 -11"><span class='ocrx_word' id='word_1_102' title='bbox 93 932 312 964; x_wconf 90' lang='lat' dir='ltr'>mundanum</span> <span class='ocrx_word' id='word_1_103' title='bbox 343 931 548 974; x_wconf 86' lang='lat' dir='ltr'>imperium,</span> 
     </span>
     <span class='ocr_line' id='line_1_18' title="bbox 91 979 1067 1026; baseline -0.002 -12"><span class='ocrx_word' id='word_1_104' title='bbox 91 983 184 1026; x_wconf 91' lang='lat' dir='ltr'>quod</span> <span class='ocrx_word' id='word_1_105' title='bbox 213 982 274 1014; x_wconf 86' lang='lat' dir='ltr'>etsi</span> <span class='ocrx_word' id='word_1_106' title='bbox 294 981 329 1013; x_wconf 93' lang='lat' dir='ltr'>in</span> <span class='ocrx_word' id='word_1_107' title='bbox 347 979 412 1014; x_wconf 90' lang='lat' dir='ltr'>hac</span> <span class='ocrx_word' id='word_1_108' title='bbox 440 994 543 1014; x_wconf 88' lang='lat' dir='ltr'>carne</span> <span class='ocrx_word' id='word_1_109' title='bbox 565 983 743 1022; x_wconf 85' lang='lat' dir='ltr'>incoatur,</span> <span class='ocrx_word' id='word_1_110' title='bbox 779 988 894 1014; x_wconf 87' lang='lat' dir='ltr'>tamen</span> <span class='ocrx_word' id='word_1_111' title='bbox 917 988 992 1024; x_wconf 89' lang='lat' dir='ltr'>post</span> <span class='ocrx_word' id='word_1_112' title='bbox 1014 993 1067 1012; x_wconf 86' lang='lat' dir='ltr'>re-</span> 
     </span>
     <span class='ocr_line' id='line_1_19' title="bbox 90 1031 1066 1076; baseline -0.001 -11"><span class='ocrx_word' id='word_1_113' title='bbox 90 1032 342 1065; x_wconf 82' lang='lat' dir='ltr'>surrectionem</span> <span class='ocrx_word' id='word_1_114' title='bbox 373 1033 483 1075; x_wconf 83' lang='lat' dir='ltr'>magis</span> <span class='ocrx_word' id='word_1_115' title='bbox 509 1033 761 1076; x_wconf 78' lang='lat' dir='ltr'>conspicietur,</span> <span class='ocrx_word' id='word_1_116' title='bbox 805 1040 836 1066; x_wconf 91' lang='lat' dir='ltr'>et</span> <span class='ocrx_word' id='word_1_117' title='bbox 859 1031 1066 1075; x_wconf 86' lang='lat' dir='ltr'>perficietur.</span> 
     </span>
     <span class='ocr_line' id='line_1_20' title="bbox 88 1080 1067 1126; baseline -0.003 -10"><span class='ocrx_word' id='word_1_118' title='bbox 88 1081 137 1116; x_wconf 87' lang='lat' dir='ltr'>Et</span> <span class='ocrx_word' id='word_1_119' title='bbox 152 1080 215 1115; x_wconf 90' lang='lat' dir='ltr'>hae</span> <span class='ocrx_word' id='word_1_120' title='bbox 234 1083 485 1126; x_wconf 75' lang='lat' dir='ltr'>descriptiones</span> <span class='ocrx_word' id='word_1_121' title='bbox 502 1084 543 1115; x_wconf 88' lang='lat' dir='ltr'>ad</span> <span class='ocrx_word' id='word_1_122' title='bbox 563 1090 673 1116; x_wconf 86' lang='lat' dir='ltr'>totum</span> <span class='ocrx_word' id='word_1_123' title='bbox 694 1095 857 1126; x_wconf 81' lang='lat' dir='ltr'>reguum,</span> <span class='ocrx_word' id='word_1_124' title='bbox 891 1083 1067 1114; x_wconf 71' lang='lat' dir='ltr'>incoatum</span> 
     </span>
     <span class='ocr_line' id='line_1_21' title="bbox 91 1132 1068 1184; baseline -0.002 -19"><span class='ocrx_word' id='word_1_125' title='bbox 91 1141 124 1166; x_wconf 87' lang='lat' dir='ltr'>et</span> <span class='ocrx_word' id='word_1_126' title='bbox 138 1134 295 1166; x_wconf 86' lang='lat' dir='ltr'>futurum</span> <span class='ocrx_word' id='word_1_127' title='bbox 310 1134 512 1166; x_wconf 84' lang='lat' dir='ltr'>referendae</span> <span class='ocrx_word' id='word_1_128' title='bbox 529 1141 621 1168; x_wconf 90' lang='lat' dir='ltr'>sunt.</span> <span class='ocrx_word' id='word_1_129' title='bbox 674 1132 720 1166; x_wconf 83' lang='lat' dir='ltr'>Et</span> <span class='ocrx_word' id='word_1_130' title='bbox 743 1133 884 1178; x_wconf 92' lang='lat' dir='ltr'>quidem</span> <span class='ocrx_word' id='word_1_131' title='bbox 904 1132 1068 1184; x_wconf 73' lang='lat' dir='ltr'>nomina-</span> 
     </span>
     <span class='ocr_line' id='line_1_22' title="bbox 91 1183 1066 1224; baseline -0.002 -8"><span class='ocrx_word' id='word_1_132' title='bbox 91 1184 153 1216; x_wconf 90' lang='lat' dir='ltr'>tim</span> <span class='ocrx_word' id='word_1_133' title='bbox 177 1185 220 1216; x_wconf 91' lang='lat' dir='ltr'>de</span> <span class='ocrx_word' id='word_1_134' title='bbox 237 1190 347 1216; x_wconf 86' lang='lat' dir='ltr'>morte</span> <span class='ocrx_word' id='word_1_135' title='bbox 364 1183 530 1224; x_wconf 84' lang='lat' dir='ltr'>Messiae,</span> <span class='ocrx_word' id='word_1_136' title='bbox 559 1191 590 1217; x_wconf 89' lang='lat' dir='ltr'>et</span> <span class='ocrx_word' id='word_1_137' title='bbox 609 1185 715 1216; x_wconf 90' lang='lat' dir='ltr'>modo</span> <span class='ocrx_word' id='word_1_138' title='bbox 738 1183 956 1216; x_wconf 82' lang='lat' dir='ltr'>liberationis</span> <span class='ocrx_word' id='word_1_139' title='bbox 981 1194 1066 1215; x_wconf 90' lang='lat' dir='ltr'>con—</span> 
     </span>
     <span class='ocr_line' id='line_1_23' title="bbox 90 1233 1066 1277; baseline -0.002 -11"><span class='ocrx_word' id='word_1_140' title='bbox 90 1234 263 1267; x_wconf 87' lang='lat' dir='ltr'>cionatur.</span> <span class='ocrx_word' id='word_1_141' title='bbox 333 1233 372 1266; x_wconf 87' lang='lat' dir='ltr'>Iu</span> <span class='ocrx_word' id='word_1_142' title='bbox 402 1235 572 1277; x_wconf 86' lang='lat' dir='ltr'>sanguine</span> <span class='ocrx_word' id='word_1_143' title='bbox 603 1234 798 1267; x_wconf 75' lang='lat' dir='ltr'>testamenti</span> <span class='ocrx_word' id='word_1_144' title='bbox 832 1234 900 1273; x_wconf 87' lang='lat' dir='ltr'>tui,</span> <span class='ocrx_word' id='word_1_145' title='bbox 942 1234 1066 1265; x_wconf 85' lang='lat' dir='ltr'>educes</span> 
     </span>
     <span class='ocr_line' id='line_1_24' title="bbox 88 1283 1067 1326; baseline -0.001 -10"><span class='ocrx_word' id='word_1_146' title='bbox 88 1285 222 1317; x_wconf 85' lang='lat' dir='ltr'>vinctos</span> <span class='ocrx_word' id='word_1_147' title='bbox 255 1285 297 1316; x_wconf 90' lang='lat' dir='ltr'>de</span> <span class='ocrx_word' id='word_1_148' title='bbox 321 1284 415 1324; x_wconf 90' lang='lat' dir='ltr'>lacu,</span> <span class='ocrx_word' id='word_1_149' title='bbox 459 1286 493 1317; x_wconf 88' lang='lat' dir='ltr'>id</span> <span class='ocrx_word' id='word_1_150' title='bbox 520 1292 590 1324; x_wconf 85' lang='lat' dir='ltr'>est,</span> <span class='ocrx_word' id='word_1_151' title='bbox 606 1306 609 1307; x_wconf 20' lang='grc' dir='ltr'><em>γ</em></span> <span class='ocrx_word' id='word_1_152' title='bbox 626 1283 772 1316; x_wconf 85' lang='lat' dir='ltr'>Messias</span> <span class='ocrx_word' id='word_1_153' title='bbox 795 1295 858 1316; x_wconf 87' lang='lat' dir='ltr'>suo</span> <span class='ocrx_word' id='word_1_154' title='bbox 884 1283 1067 1326; x_wconf 84' lang='lat' dir='ltr'>sanguine,</span> 
     </span>
     <span class='ocr_line' id='line_1_25' title="bbox 87 1333 1066 1379; baseline -0.002 -11"><span class='ocrx_word' id='word_1_155' title='bbox 87 1347 156 1379; x_wconf 89' lang='lat' dir='ltr'>quo</span> <span class='ocrx_word' id='word_1_156' title='bbox 189 1334 409 1367; x_wconf 87' lang='lat' dir='ltr'>confirmabit</span> <span class='ocrx_word' id='word_1_157' title='bbox 437 1342 701 1375; x_wconf 87' lang='lat' dir='ltr'>testamentum,</span> <span class='ocrx_word' id='word_1_158' title='bbox 749 1342 781 1367; x_wconf 87' lang='lat' dir='ltr'>et</span> <span class='ocrx_word' id='word_1_159' title='bbox 809 1341 949 1377; x_wconf 86' lang='lat' dir='ltr'>pactum</span> <span class='ocrx_word' id='word_1_160' title='bbox 976 1333 1066 1366; x_wconf 77' lang='lat' dir='ltr'>vitae</span> 
     </span>
     <span class='ocr_line' id='line_1_26' title="bbox 86 1385 1064 1425; baseline -0.003 -6"><span class='ocrx_word' id='word_1_161' title='bbox 86 1391 265 1425; x_wconf 84' lang='lat' dir='ltr'>aeternae,</span> <span class='ocrx_word' id='word_1_162' title='bbox 301 1385 423 1418; x_wconf 87' lang='lat' dir='ltr'>educet</span> <span class='ocrx_word' id='word_1_163' title='bbox 447 1386 582 1419; x_wconf 88' lang='lat' dir='ltr'>vinctos</span> <span class='ocrx_word' id='word_1_164' title='bbox 607 1386 649 1418; x_wconf 91' lang='lat' dir='ltr'>de</span> <span class='ocrx_word' id='word_1_165' title='bbox 675 1385 771 1425; x_wconf 90' lang='lat' dir='ltr'>lacu,</span> <span class='ocrx_word' id='word_1_166' title='bbox 808 1385 842 1417; x_wconf 90' lang='lat' dir='ltr'>id</span> <span class='ocrx_word' id='word_1_167' title='bbox 866 1392 934 1421; x_wconf 88' lang='lat' dir='ltr'>est,</span> <span class='ocrx_word' id='word_1_168' title='bbox 970 1396 1064 1416; x_wconf 82' lang='lat' dir='ltr'>mor-</span> 
     </span>
     <span class='ocr_line' id='line_1_27' title="bbox 87 1434 1066 1480; baseline -0.001 -13"><span class='ocrx_word' id='word_1_169' title='bbox 87 1442 165 1469; x_wconf 91' lang='lat' dir='ltr'>tuos</span> <span class='ocrx_word' id='word_1_170' title='bbox 185 1436 351 1469; x_wconf 87' lang='lat' dir='ltr'>liberabit</span> <span class='ocrx_word' id='word_1_171' title='bbox 377 1448 394 1468; x_wconf 89' lang='lat' dir='ltr'>a</span> <span class='ocrx_word' id='word_1_172' title='bbox 413 1437 612 1480; x_wconf 86' lang='lat' dir='ltr'>captivitate</span> <span class='ocrx_word' id='word_1_173' title='bbox 623 1436 746 1468; x_wconf 91' lang='lat' dir='ltr'>mortis</span> <span class='ocrx_word' id='word_1_174' title='bbox 764 1435 948 1478; x_wconf 85' lang='lat' dir='ltr'>etpeccati.</span> <span class='ocrx_word' id='word_1_175' title='bbox 984 1434 1066 1467; x_wconf 89' lang='lat' dir='ltr'>Ideo</span> 
     </span>
     <span class='ocr_line' id='line_1_28' title="bbox 86 1483 1068 1531; baseline -0.002 -12"><span class='ocrx_word' id='word_1_176' title='bbox 86 1483 143 1519; x_wconf 80' lang='lat' dir='ltr'>hic</span> <span class='ocrx_word' id='word_1_177' title='bbox 169 1487 237 1527; x_wconf 91' lang='lat' dir='ltr'>ait,</span> <span class='ocrx_word' id='word_1_178' title='bbox 280 1484 406 1519; x_wconf 78' lang='lat' dir='ltr'>Veniet</span> <span class='ocrx_word' id='word_1_179' title='bbox 437 1499 590 1531; x_wconf 80' lang='lat' dir='ltr'>pauper,</span> <span class='ocrx_word' id='word_1_180' title='bbox 634 1486 668 1519; x_wconf 90' lang='lat' dir='ltr'>id</span> <span class='ocrx_word' id='word_1_181' title='bbox 696 1493 764 1526; x_wconf 85' lang='lat' dir='ltr'>est,</span> <span class='ocrx_word' id='word_1_182' title='bbox 798 1497 870 1518; x_wconf 89' lang='lat' dir='ltr'>non</span> <span class='ocrx_word' id='word_1_183' title='bbox 894 1492 933 1519; x_wconf 89' lang='lat' dir='ltr'>ut</span> <span class='ocrx_word' id='word_1_184' title='bbox 957 1485 1068 1518; x_wconf 83' lang='lat' dir='ltr'>victor</span> 
     </span>
     <span class='ocr_line' id='line_1_29' title="bbox 89 1537 822 1577; baseline 0.001 -9"><span class='ocrx_word' id='word_1_185' title='bbox 89 1537 308 1577; x_wconf 89' lang='lat' dir='ltr'>mundanus,</span> <span class='ocrx_word' id='word_1_186' title='bbox 339 1538 397 1569; x_wconf 91' lang='lat' dir='ltr'>sed</span> <span class='ocrx_word' id='word_1_187' title='bbox 416 1545 454 1570; x_wconf 93' lang='lat' dir='ltr'>ut</span> <span class='ocrx_word' id='word_1_188' title='bbox 471 1550 608 1571; x_wconf 90' lang='lat' dir='ltr'>crucem</span> <span class='ocrx_word' id='word_1_189' title='bbox 627 1537 822 1570; x_wconf 87' lang='lat' dir='ltr'>subiturus.</span> 
     </span>
    </p>

    <p class='ocr_par' dir='ltr' id='par_1_6' title="bbox 87 1584 1070 2234">
     <span class='ocr_line' id='line_1_30' title="bbox 186 1584 1066 1629; baseline -0.003 -9"><span class='ocrx_word' id='word_1_190' title='bbox 186 1586 334 1620; x_wconf 84' lang='lat' dir='ltr'>Prodest</span> <span class='ocrx_word' id='word_1_191' title='bbox 359 1595 474 1621; x_wconf 86' lang='lat' dir='ltr'>autem</span> <span class='ocrx_word' id='word_1_192' title='bbox 492 1585 578 1621; x_wconf 85' lang='lat' dir='ltr'>baec</span> <span class='ocrx_word' id='word_1_193' title='bbox 595 1588 793 1621; x_wconf 87' lang='lat' dir='ltr'>testimonia</span> <span class='ocrx_word' id='word_1_194' title='bbox 810 1584 1066 1629; x_wconf 87' lang='lat' dir='ltr'>Prophetarum</span> 
     </span>
     <span class='ocr_line' id='line_1_31' title="bbox 91 1637 1067 1678; baseline -0.002 -8"><span class='ocrx_word' id='word_1_195' title='bbox 91 1643 226 1678; x_wconf 83' lang='lat' dir='ltr'>tenere,</span> <span class='ocrx_word' id='word_1_196' title='bbox 250 1649 321 1670; x_wconf 92' lang='lat' dir='ltr'>non</span> <span class='ocrx_word' id='word_1_197' title='bbox 338 1638 452 1670; x_wconf 91' lang='lat' dir='ltr'>solum</span> <span class='ocrx_word' id='word_1_198' title='bbox 473 1645 594 1671; x_wconf 87' lang='lat' dir='ltr'>contra</span> <span class='ocrx_word' id='word_1_199' title='bbox 614 1637 773 1677; x_wconf 89' lang='lat' dir='ltr'>ludaeos,</span> <span class='ocrx_word' id='word_1_200' title='bbox 789 1638 846 1669; x_wconf 90' lang='lat' dir='ltr'>sed</span> <span class='ocrx_word' id='word_1_201' title='bbox 864 1637 965 1669; x_wconf 88' lang='lat' dir='ltr'>etiam</span> <span class='ocrx_word' id='word_1_202' title='bbox 983 1648 1067 1668; x_wconf 93' lang='lat' dir='ltr'>con-</span> 
     </span>
     <span class='ocr_line' id='line_1_32' title="bbox 90 1685 1069 1732; baseline -0.001 -13"><span class='ocrx_word' id='word_1_203' title='bbox 90 1694 141 1719; x_wconf 87' lang='lat' dir='ltr'>tra</span> <span class='ocrx_word' id='word_1_204' title='bbox 165 1695 303 1721; x_wconf 89' lang='lat' dir='ltr'>nostros</span> <span class='ocrx_word' id='word_1_205' title='bbox 328 1685 545 1732; x_wconf 81' lang='lat' dir='ltr'>hypocritaS,</span> <span class='ocrx_word' id='word_1_206' title='bbox 580 1687 639 1732; x_wconf 92' lang='lat' dir='ltr'>qui</span> <span class='ocrx_word' id='word_1_207' title='bbox 657 1699 729 1720; x_wconf 90' lang='lat' dir='ltr'>non</span> <span class='ocrx_word' id='word_1_208' title='bbox 752 1694 843 1719; x_wconf 86' lang='lat' dir='ltr'>recte</span> <span class='ocrx_word' id='word_1_209' title='bbox 866 1687 1069 1728; x_wconf 88' lang='lat' dir='ltr'>intelligunt</span> 
     </span>
     <span class='ocr_line' id='line_1_33' title="bbox 91 1735 1068 1780; baseline -0.002 -11"><span class='ocrx_word' id='word_1_210' title='bbox 91 1749 235 1779; x_wconf 85' lang='lat' dir='ltr'>regnum</span> <span class='ocrx_word' id='word_1_211' title='bbox 259 1735 413 1777; x_wconf 88' lang='lat' dir='ltr'>Christi,</span> <span class='ocrx_word' id='word_1_212' title='bbox 450 1750 522 1770; x_wconf 92' lang='lat' dir='ltr'>non</span> <span class='ocrx_word' id='word_1_213' title='bbox 538 1744 670 1770; x_wconf 89' lang='lat' dir='ltr'>norunt</span> <span class='ocrx_word' id='word_1_214' title='bbox 684 1737 910 1780; x_wconf 89' lang='lat' dir='ltr'>praecipuum</span> <span class='ocrx_word' id='word_1_215' title='bbox 933 1736 1068 1768; x_wconf 90' lang='lat' dir='ltr'>benefi-</span> 
     </span>
     <span class='ocr_line' id='line_1_34' title="bbox 88 1787 1067 1831; baseline -0.001 -12"><span class='ocrx_word' id='word_1_216' title='bbox 88 1787 180 1819; x_wconf 86' lang='lat' dir='ltr'>cium</span> <span class='ocrx_word' id='word_1_217' title='bbox 198 1799 289 1826; x_wconf 87' lang='lat' dir='ltr'>esse,</span> <span class='ocrx_word' id='word_1_218' title='bbox 305 1788 399 1831; x_wconf 89' lang='lat' dir='ltr'>quod</span> <span class='ocrx_word' id='word_1_219' title='bbox 419 1788 547 1821; x_wconf 78' lang='lat' dir='ltr'>delevit</span> <span class='ocrx_word' id='word_1_220' title='bbox 563 1795 740 1831; x_wconf 89' lang='lat' dir='ltr'>peccatum</span> <span class='ocrx_word' id='word_1_221' title='bbox 759 1799 818 1819; x_wconf 90' lang='lat' dir='ltr'>sua</span> <span class='ocrx_word' id='word_1_222' title='bbox 835 1793 957 1825; x_wconf 85' lang='lat' dir='ltr'>morte,</span> <span class='ocrx_word' id='word_1_223' title='bbox 974 1787 1067 1830; x_wconf 89' lang='lat' dir='ltr'>quod</span> 
     </span>
     <span class='ocr_line' id='line_1_35' title="bbox 88 1834 1069 1881; baseline -0.002 -11"><span class='ocrx_word' id='word_1_224' title='bbox 88 1844 138 1870; x_wconf 80' lang='lat' dir='ltr'>est</span> <span class='ocrx_word' id='word_1_225' title='bbox 168 1838 278 1870; x_wconf 83' lang='lat' dir='ltr'>factus</span> <span class='ocrx_word' id='word_1_226' title='bbox 309 1837 448 1870; x_wconf 73' lang='lat' dir='ltr'>victima</span> <span class='ocrx_word' id='word_1_227' title='bbox 483 1850 546 1881; x_wconf 86' lang='lat' dir='ltr'>pro</span> <span class='ocrx_word' id='word_1_228' title='bbox 571 1837 685 1872; x_wconf 84' lang='lat' dir='ltr'>nobis.</span> <span class='ocrx_word' id='word_1_229' title='bbox 736 1836 816 1869; x_wconf 67' lang='lat' dir='ltr'>Non</span> <span class='ocrx_word' id='word_1_230' title='bbox 843 1844 976 1870; x_wconf 84' lang='lat' dir='ltr'>norunt</span> <span class='ocrx_word' id='word_1_231' title='bbox 1004 1834 1069 1869; x_wconf 90' lang='lat' dir='ltr'>boc</span> 
     </span>
     <span class='ocr_line' id='line_1_36' title="bbox 87 1885 1069 1931; baseline -0.002 -10"><span class='ocrx_word' id='word_1_232' title='bbox 87 1886 423 1931; x_wconf 85' lang='lat' dir='ltr'>apprehendendum</span> <span class='ocrx_word' id='word_1_233' title='bbox 443 1900 514 1921; x_wconf 90' lang='lat' dir='ltr'>esse</span> <span class='ocrx_word' id='word_1_234' title='bbox 539 1889 623 1927; x_wconf 87' lang='lat' dir='ltr'>fide,</span> <span class='ocrx_word' id='word_1_235' title='bbox 659 1900 732 1920; x_wconf 89' lang='lat' dir='ltr'>non</span> <span class='ocrx_word' id='word_1_236' title='bbox 757 1894 889 1920; x_wconf 90' lang='lat' dir='ltr'>norunt</span> <span class='ocrx_word' id='word_1_237' title='bbox 915 1885 978 1920; x_wconf 90' lang='lat' dir='ltr'>bac</span> <span class='ocrx_word' id='word_1_238' title='bbox 1002 1887 1069 1919; x_wconf 88' lang='lat' dir='ltr'>fide</span> 
     </span>
     <span class='ocr_line' id='line_1_37' title="bbox 87 1937 1067 1982; baseline -0.001 -12"><span class='ocrx_word' id='word_1_239' title='bbox 87 1938 180 1971; x_wconf 69' lang='lat' dir='ltr'>vinci</span> <span class='ocrx_word' id='word_1_240' title='bbox 200 1945 375 1982; x_wconf 87' lang='lat' dir='ltr'>peccatum</span> <span class='ocrx_word' id='word_1_241' title='bbox 391 1945 424 1971; x_wconf 88' lang='lat' dir='ltr'>et</span> <span class='ocrx_word' id='word_1_242' title='bbox 447 1946 614 1981; x_wconf 82' lang='lat' dir='ltr'>mortem,</span> <span class='ocrx_word' id='word_1_243' title='bbox 643 1945 674 1971; x_wconf 89' lang='lat' dir='ltr'>et</span> <span class='ocrx_word' id='word_1_244' title='bbox 693 1938 740 1971; x_wconf 88' lang='lat' dir='ltr'>sie</span> <span class='ocrx_word' id='word_1_245' title='bbox 763 1937 895 1970; x_wconf 90' lang='lat' dir='ltr'>incoari</span> <span class='ocrx_word' id='word_1_246' title='bbox 922 1948 1067 1980; x_wconf 85' lang='lat' dir='ltr'>regnum</span> 
     </span>
     <span class='ocr_line' id='line_1_38' title="bbox 89 1986 1069 2027; baseline -0.001 -6"><span class='ocrx_word' id='word_1_247' title='bbox 89 1987 220 2022; x_wconf 71' lang='lat' dir='ltr'>Christi</span> <span class='ocrx_word' id='word_1_248' title='bbox 238 1990 275 2021; x_wconf 91' lang='lat' dir='ltr'>in</span> <span class='ocrx_word' id='word_1_249' title='bbox 294 1986 358 2021; x_wconf 88' lang='lat' dir='ltr'>hac</span> <span class='ocrx_word' id='word_1_250' title='bbox 374 1989 463 2027; x_wconf 84' lang='lat' dir='ltr'>vita,</span> <span class='ocrx_word' id='word_1_251' title='bbox 496 1997 529 2022; x_wconf 92' lang='lat' dir='ltr'>et</span> <span class='ocrx_word' id='word_1_252' title='bbox 547 1989 651 2022; x_wconf 89' lang='lat' dir='ltr'>simul</span> <span class='ocrx_word' id='word_1_253' title='bbox 671 2001 810 2022; x_wconf 91' lang='lat' dir='ltr'>carnem</span> <span class='ocrx_word' id='word_1_254' title='bbox 830 1988 956 2021; x_wconf 90' lang='lat' dir='ltr'>subiici</span> <span class='ocrx_word' id='word_1_255' title='bbox 975 1988 1069 2021; x_wconf 87' lang='lat' dir='ltr'>cruci</span> 
     </span>
     <span class='ocr_line' id='line_1_39' title="bbox 90 2038 1068 2074; baseline -0.001 -3"><span class='ocrx_word' id='word_1_256' title='bbox 90 2050 121 2074; x_wconf 73' lang='lat' dir='ltr'>et</span> <span class='ocrx_word' id='word_1_257' title='bbox 140 2039 412 2073; x_wconf 85' lang='lat' dir='ltr'>mortificationi.</span> <span class='ocrx_word' id='word_1_258' title='bbox 465 2039 610 2073; x_wconf 84' lang='lat' dir='ltr'>Interim</span> <span class='ocrx_word' id='word_1_259' title='bbox 629 2038 790 2073; x_wconf 89' lang='lat' dir='ltr'>homines</span> <span class='ocrx_word' id='word_1_260' title='bbox 814 2039 956 2071; x_wconf 85' lang='lat' dir='ltr'>fanatici</span> <span class='ocrx_word' id='word_1_261' title='bbox 983 2038 1068 2071; x_wconf 83' lang='lat' dir='ltr'>falso</span> 
     </span>
     <span class='ocr_line' id='line_1_40' title="bbox 90 2088 1069 2134; baseline -0.002 -12"><span class='ocrx_word' id='word_1_262' title='bbox 90 2090 328 2133; x_wconf 78' lang='lat' dir='ltr'>imaginantur</span> <span class='ocrx_word' id='word_1_263' title='bbox 355 2102 499 2134; x_wconf 83' lang='lat' dir='ltr'>regnum</span> <span class='ocrx_word' id='word_1_264' title='bbox 524 2088 674 2131; x_wconf 83' lang='lat' dir='ltr'>Christi,</span> <span class='ocrx_word' id='word_1_265' title='bbox 715 2098 775 2124; x_wconf 85' lang='lat' dir='ltr'>aut</span> <span class='ocrx_word' id='word_1_266' title='bbox 809 2101 880 2122; x_wconf 89' lang='lat' dir='ltr'>esse</span> <span class='ocrx_word' id='word_1_267' title='bbox 910 2089 1069 2133; x_wconf 87' lang='lat' dir='ltr'>politiam</span> 
     </span>
     <span class='ocr_line' id='line_1_41' title="bbox 89 2139 1070 2187; baseline -0.001 -14"><span class='ocrx_word' id='word_1_268' title='bbox 89 2141 324 2185; x_wconf 83' lang='lat' dir='ltr'>pontificiam,</span> <span class='ocrx_word' id='word_1_269' title='bbox 370 2149 429 2176; x_wconf 90' lang='lat' dir='ltr'>aut</span> <span class='ocrx_word' id='word_1_270' title='bbox 461 2141 620 2186; x_wconf 88' lang='lat' dir='ltr'>politiam</span> <span class='ocrx_word' id='word_1_271' title='bbox 648 2139 836 2187; x_wconf 71' lang='lat' dir='ltr'>Cynicam,</span> <span class='ocrx_word' id='word_1_272' title='bbox 878 2140 991 2185; x_wconf 86' lang='lat' dir='ltr'>qualis</span> <span class='ocrx_word' id='word_1_273' title='bbox 1021 2146 1070 2172; x_wconf 88' lang='lat' dir='ltr'>est</span> 
     </span>
     <span class='ocr_line' id='line_1_42' title="bbox 90 2190 365 2234; baseline 0.007 -11"><span class='ocrx_word' id='word_1_274' title='bbox 90 2190 365 2234; x_wconf 68' lang='lat' dir='ltr'>Anabaptistica.</span> 
     </span>
    </p>
   </div>
   <div class='ocr_carea' id='block_1_5' title="bbox 470 2266 689 2290">
    <p class='ocr_par' dir='ltr' id='par_1_7' title="bbox 470 2266 689 2290">
     <span class='ocr_line' id='line_1_43' title="bbox 470 2266 689 2290; baseline 0 -1"><span class='ocrx_word' id='word_1_275' title='bbox 470 2266 689 2290; x_wconf 70' lang='lat' dir='ltr'>Tertius.</span> 
     </span>
    </p>
   </div>
   <div class='ocr_carea' id='block_1_6' title="bbox 91 2315 1072 2719">
    <p class='ocr_par' dir='ltr' id='par_1_8' title="bbox 91 2315 1072 2719">
     <span class='ocr_line' id='line_1_44' title="bbox 191 2315 1069 2363; baseline -0.005 -9"><span class='ocrx_word' id='word_1_276' title='bbox 191 2319 345 2363; x_wconf 87' lang='lat' dir='ltr'>Quando</span> <span class='ocrx_word' id='word_1_277' title='bbox 362 2318 532 2355; x_wconf 87' lang='lat' dir='ltr'>dicimus,</span> <span class='ocrx_word' id='word_1_278' title='bbox 565 2318 667 2362; x_wconf 89' lang='lat' dir='ltr'>quale</span> <span class='ocrx_word' id='word_1_279' title='bbox 685 2318 729 2350; x_wconf 86' lang='lat' dir='ltr'>sit</span> <span class='ocrx_word' id='word_1_280' title='bbox 753 2329 899 2361; x_wconf 86' lang='lat' dir='ltr'>regnum</span> <span class='ocrx_word' id='word_1_281' title='bbox 924 2315 1069 2358; x_wconf 89' lang='lat' dir='ltr'>Christi,</span> 
     </span>
     <span class='ocr_line' id='line_1_45' title="bbox 91 2368 1069 2417; baseline -0.004 -13"><span class='ocrx_word' id='word_1_282' title='bbox 91 2380 123 2406; x_wconf 73' lang='lat' dir='ltr'>et</span> <span class='ocrx_word' id='word_1_283' title='bbox 148 2383 237 2417; x_wconf 84' lang='lat' dir='ltr'>quae</span> <span class='ocrx_word' id='word_1_284' title='bbox 266 2372 337 2404; x_wconf 90' lang='lat' dir='ltr'>sint</span> <span class='ocrx_word' id='word_1_285' title='bbox 359 2369 432 2402; x_wconf 87' lang='lat' dir='ltr'>eius</span> <span class='ocrx_word' id='word_1_286' title='bbox 454 2369 641 2408; x_wconf 85' lang='lat' dir='ltr'>beneficia,</span> <span class='ocrx_word' id='word_1_287' title='bbox 682 2369 881 2401; x_wconf 90' lang='lat' dir='ltr'>addendum</span> <span class='ocrx_word' id='word_1_288' title='bbox 909 2375 976 2408; x_wconf 91' lang='lat' dir='ltr'>est,</span> <span class='ocrx_word' id='word_1_289' title='bbox 1009 2368 1069 2412; x_wconf 90' lang='lat' dir='ltr'>qui</span> 
     </span>
     <span class='ocr_line' id='line_1_46' title="bbox 92 2417 1071 2466; baseline -0.005 -10"><span class='ocrx_word' id='word_1_290' title='bbox 92 2424 162 2456; x_wconf 90' lang='lat' dir='ltr'>sint</span> <span class='ocrx_word' id='word_1_291' title='bbox 186 2422 319 2466; x_wconf 88' lang='lat' dir='ltr'>proprii</span> <span class='ocrx_word' id='word_1_292' title='bbox 339 2421 453 2454; x_wconf 88' lang='lat' dir='ltr'>cultus</span> <span class='ocrx_word' id='word_1_293' title='bbox 471 2419 506 2451; x_wconf 90' lang='lat' dir='ltr'>in</span> <span class='ocrx_word' id='word_1_294' title='bbox 528 2431 568 2451; x_wconf 89' lang='lat' dir='ltr'>eo</span> <span class='ocrx_word' id='word_1_295' title='bbox 587 2430 707 2462; x_wconf 84' lang='lat' dir='ltr'>regno.</span> <span class='ocrx_word' id='word_1_296' title='bbox 756 2417 802 2451; x_wconf 87' lang='lat' dir='ltr'>Hi</span> <span class='ocrx_word' id='word_1_297' title='bbox 823 2431 962 2463; x_wconf 89' lang='lat' dir='ltr'>quoque</span> <span class='ocrx_word' id='word_1_298' title='bbox 989 2431 1071 2462; x_wconf 81' lang='lat' dir='ltr'>pro-</span> 
     </span>
     <span class='ocr_line' id='line_1_47' title="bbox 91 2467 1070 2517; baseline -0.005 -10"><span class='ocrx_word' id='word_1_299' title='bbox 91 2480 271 2517; x_wconf 89' lang='lat' dir='ltr'>ponuntur</span> <span class='ocrx_word' id='word_1_300' title='bbox 293 2474 330 2504; x_wconf 89' lang='lat' dir='ltr'>in</span> <span class='ocrx_word' id='word_1_301' title='bbox 356 2469 422 2504; x_wconf 88' lang='lat' dir='ltr'>hoc</span> <span class='ocrx_word' id='word_1_302' title='bbox 447 2467 642 2513; x_wconf 88' lang='lat' dir='ltr'>triumpho:</span> <span class='ocrx_word' id='word_1_303' title='bbox 681 2470 888 2513; x_wconf 90' lang='lat' dir='ltr'>praecipuus</span> <span class='ocrx_word' id='word_1_304' title='bbox 919 2476 968 2502; x_wconf 88' lang='lat' dir='ltr'>est</span> <span class='ocrx_word' id='word_1_305' title='bbox 992 2481 1070 2502; x_wconf 89' lang='lat' dir='ltr'>vera</span> 
     </span>
     <span class='ocr_line' id='line_1_48' title="bbox 91 2520 1071 2567; baseline -0.004 -10"><span class='ocrx_word' id='word_1_306' title='bbox 91 2524 224 2567; x_wconf 78' lang='lat' dir='ltr'>agnitio</span> <span class='ocrx_word' id='word_1_307' title='bbox 246 2521 351 2556; x_wconf 88' lang='lat' dir='ltr'>buius</span> <span class='ocrx_word' id='word_1_308' title='bbox 373 2520 574 2560; x_wconf 84' lang='lat' dir='ltr'>salvatoris,</span> <span class='ocrx_word' id='word_1_309' title='bbox 609 2528 641 2554; x_wconf 91' lang='lat' dir='ltr'>et</span> <span class='ocrx_word' id='word_1_310' title='bbox 666 2520 770 2560; x_wconf 85' lang='lat' dir='ltr'>fides,</span> <span class='ocrx_word' id='word_1_311' title='bbox 804 2531 870 2565; x_wconf 83' lang='lat' dir='ltr'>qua</span> <span class='ocrx_word' id='word_1_312' title='bbox 898 2520 1071 2553; x_wconf 88' lang='lat' dir='ltr'>credimus</span> 
     </span>
     <span class='ocr_line' id='line_1_49' title="bbox 91 2571 1071 2614; baseline -0.003 -6"><span class='ocrx_word' id='word_1_313' title='bbox 91 2588 169 2608; x_wconf 88' lang='lat' dir='ltr'>eum</span> <span class='ocrx_word' id='word_1_314' title='bbox 186 2575 315 2608; x_wconf 81' lang='lat' dir='ltr'>sactum</span> <span class='ocrx_word' id='word_1_315' title='bbox 332 2584 404 2605; x_wconf 87' lang='lat' dir='ltr'>esse</span> <span class='ocrx_word' id='word_1_316' title='bbox 422 2571 599 2604; x_wconf 88' lang='lat' dir='ltr'>victimam</span> <span class='ocrx_word' id='word_1_317' title='bbox 617 2583 679 2614; x_wconf 89' lang='lat' dir='ltr'>pro</span> <span class='ocrx_word' id='word_1_318' title='bbox 698 2572 827 2604; x_wconf 89' lang='lat' dir='ltr'>nostris</span> <span class='ocrx_word' id='word_1_319' title='bbox 837 2571 995 2614; x_wconf 87' lang='lat' dir='ltr'>peccatis,</span> <span class='ocrx_word' id='word_1_320' title='bbox 1010 2577 1071 2605; x_wconf 87' lang='lat' dir='ltr'>etc.</span> 
     </span>
     <span class='ocr_line' id='line_1_50' title="bbox 93 2620 1072 2667; baseline -0.005 -8"><span class='ocrx_word' id='word_1_321' title='bbox 93 2625 190 2659; x_wconf 89' lang='lat' dir='ltr'>Sicut</span> <span class='ocrx_word' id='word_1_322' title='bbox 219 2622 393 2657; x_wconf 85' lang='lat' dir='ltr'>lohannes</span> <span class='ocrx_word' id='word_1_323' title='bbox 415 2621 547 2666; x_wconf 90' lang='lat' dir='ltr'>inquit:</span> <span class='ocrx_word' id='word_1_324' title='bbox 580 2620 710 2655; x_wconf 90' lang='lat' dir='ltr'>Omnis</span> <span class='ocrx_word' id='word_1_325' title='bbox 735 2622 796 2667; x_wconf 89' lang='lat' dir='ltr'>qui</span> <span class='ocrx_word' id='word_1_326' title='bbox 823 2620 934 2655; x_wconf 89' lang='lat' dir='ltr'>credit</span> <span class='ocrx_word' id='word_1_327' title='bbox 960 2621 996 2654; x_wconf 94' lang='lat' dir='ltr'>in</span> <span class='ocrx_word' id='word_1_328' title='bbox 1013 2620 1072 2654; x_wconf 88' lang='lat' dir='ltr'>Fi-</span> 
     </span>
     <span class='ocr_line' id='line_1_51' title="bbox 92 2674 666 2719; baseline -0.01 -8"><span class='ocrx_word' id='word_1_329' title='bbox 92 2679 196 2719; x_wconf 89' lang='lat' dir='ltr'>lium,</span> <span class='ocrx_word' id='word_1_330' title='bbox 233 2675 336 2709; x_wconf 66' lang='lat' dir='ltr'>babet</span> <span class='ocrx_word' id='word_1_331' title='bbox 355 2674 461 2707; x_wconf 81' lang='lat' dir='ltr'>vitam</span> <span class='ocrx_word' id='word_1_332' title='bbox 477 2680 666 2706; x_wconf 82' lang='lat' dir='ltr'>aeternam.</span> 
     </span>
    </p>
   </div>
   <div class='ocr_carea' id='block_1_7' title="bbox 763 115 1557 155">
    <p class='ocr_par' dir='ltr' id='par_1_9' title="bbox 763 115 1557 155">
     <span class='ocr_line' id='line_1_52' title="bbox 763 115 1557 155; baseline 0.005 -4"><span class='ocrx_word' id='word_1_333' title='bbox 763 115 1156 152; x_wconf 86' lang='lat' dir='ltr'>ANNOTATIONES</span> <span class='ocrx_word' id='word_1_334' title='bbox 1186 117 1234 151; x_wconf 86' lang='lat' dir='ltr'>IN</span> <span class='ocrx_word' id='word_1_335' title='bbox 1259 116 1557 155; x_wconf 72' lang='lat' dir='ltr'><strong>EVANGELIA.</strong></span> 
     </span>
    </p>
   </div>
   <div class='ocr_carea' id='block_1_8' title="bbox 607 932 1449 989">
    <p class='ocr_par' dir='ltr' id='par_1_10' title="bbox 607 932 1449 989">
     <span class='ocr_line' id='line_1_53' title="bbox 607 932 1449 989; baseline 0.001 -26"><span class='ocrx_word' id='word_1_336' title='bbox 607 933 663 964; x_wconf 89' lang='lat' dir='ltr'>sed</span> <span class='ocrx_word' id='word_1_337' title='bbox 696 932 878 975; x_wconf 86' lang='lat' dir='ltr'>spirituale</span> <span class='ocrx_word' id='word_1_338' title='bbox 911 942 1068 973; x_wconf 83' lang='lat' dir='ltr'>regnum,</span> <span class='ocrx_word' id='word_1_339' title='bbox 1094 958 1096 977; x_wconf 40' lang='grc' dir='ltr'>ι</span> <span class='ocrx_word' id='word_1_340' title='bbox 1121 955 1252 987; x_wconf 60' lang='lat' dir='ltr'>crimen</span> <span class='ocrx_word' id='word_1_341' title='bbox 1277 957 1449 989; x_wconf 65' lang='lat' dir='ltr'>adducere</span> 
     </span>
    </p>
   </div>
   <div class='ocr_carea' id='block_1_9' title="bbox 1094 204 1107 1099">
    <p class='ocr_par' dir='ltr' id='par_1_11' title="bbox 1094 204 1107 1099">
     <span class='ocr_line' id='line_1_54' title="bbox 1094 204 1107 1099; baseline 0 0"><span class='ocrx_word' id='word_1_342' title='bbox 1094 204 1107 1099; x_wconf 95' lang='lat' dir='ltr'> </span> 
     </span>
    </p>
   </div>
   <div class='ocr_carea' id='block_1_10' title="bbox 2042 125 2111 160">
    <p class='ocr_par' dir='ltr' id='par_1_12' title="bbox 2042 125 2111 160">
     <span class='ocr_line' id='line_1_55' title="bbox 2042 125 2111 160; baseline -0.029 0"><span class='ocrx_word' id='word_1_343' title='bbox 2042 125 2111 160; x_wconf 85' lang='lat'>166</span> 
     </span>
    </p>
   </div>
   <div class='ocr_carea' id='block_1_11' title="bbox 1119 199 2109 1201">
    <p class='ocr_par' dir='ltr' id='par_1_13' title="bbox 1128 199 2109 384">
     <span class='ocr_line' id='line_1_56' title="bbox 1232 199 2109 248; baseline 0.008 -15"><span class='ocrx_word' id='word_1_344' title='bbox 1232 199 1416 233; x_wconf 84' lang='lat' dir='ltr'>Secundus</span> <span class='ocrx_word' id='word_1_345' title='bbox 1443 209 1512 242; x_wconf 87' lang='lat' dir='ltr'>est,</span> <span class='ocrx_word' id='word_1_346' title='bbox 1553 201 1643 237; x_wconf 88' lang='lat' dir='ltr'>hanc</span> <span class='ocrx_word' id='word_1_347' title='bbox 1669 205 1775 248; x_wconf 83' lang='lat' dir='ltr'>ipsam</span> <span class='ocrx_word' id='word_1_348' title='bbox 1800 207 1995 239; x_wconf 79' lang='lat' dir='ltr'>‹lorti-inam</span> <span class='ocrx_word' id='word_1_349' title='bbox 2019 209 2109 240; x_wconf 76' lang='lat' dir='ltr'>cele—</span> 
     </span>
     <span class='ocr_line' id='line_1_57' title="bbox 1129 249 2107 299; baseline 0.009 -18"><span class='ocrx_word' id='word_1_350' title='bbox 1129 249 1230 282; x_wconf 89' lang='lat' dir='ltr'>brare</span> <span class='ocrx_word' id='word_1_351' title='bbox 1262 258 1295 283; x_wconf 92' lang='lat' dir='ltr'>et</span> <span class='ocrx_word' id='word_1_352' title='bbox 1321 251 1495 291; x_wconf 77' lang='lat' dir='ltr'>confiteri,</span> <span class='ocrx_word' id='word_1_353' title='bbox 1540 255 1630 288; x_wconf 88' lang='lat' dir='ltr'>sicut</span> <span class='ocrx_word' id='word_1_354' title='bbox 1660 253 1714 287; x_wconf 82' lang='lat' dir='ltr'>liic</span> <span class='ocrx_word' id='word_1_355' title='bbox 1747 257 1793 299; x_wconf 82' lang='lat' dir='ltr'>pii</span> <span class='ocrx_word' id='word_1_356' title='bbox 1821 259 1953 290; x_wconf 81' lang='lat' dir='ltr'>addunt</span> <span class='ocrx_word' id='word_1_357' title='bbox 1982 259 2107 290; x_wconf 68' lang='lat' dir='ltr'>faustas</span> 
     </span>
     <span class='ocr_line' id='line_1_58' title="bbox 1130 300 2106 343; baseline 0.009 -12"><span class='ocrx_word' id='word_1_358' title='bbox 1130 301 1346 342; x_wconf 83' lang='lat' dir='ltr'>precationes</span> <span class='ocrx_word' id='word_1_359' title='bbox 1371 313 1410 333; x_wconf 81' lang='lat' dir='ltr'>ex</span> <span class='ocrx_word' id='word_1_360' title='bbox 1440 300 1606 343; x_wconf 86' lang='lat' dir='ltr'>Psalmis,</span> <span class='ocrx_word' id='word_1_361' title='bbox 1652 313 1684 338; x_wconf 74' lang='lat' dir='ltr'>et</span> <span class='ocrx_word' id='word_1_362' title='bbox 1719 307 1871 339; x_wconf 79' lang='lat' dir='ltr'>fatentur</span> <span class='ocrx_word' id='word_1_363' title='bbox 1906 307 1998 342; x_wconf 88' lang='lat' dir='ltr'>bunc</span> <span class='ocrx_word' id='word_1_364' title='bbox 2035 321 2106 341; x_wconf 82' lang='lat' dir='ltr'>esse</span> 
     </span>
     <span class='ocr_line' id='line_1_59' title="bbox 1128 349 1305 384; baseline 0.011 -2"><span class='ocrx_word' id='word_1_365' title='bbox 1128 349 1305 384; x_wconf 77' lang='lat' dir='ltr'>Messiam-</span> 
     </span>
    </p>

    <p class='ocr_par' dir='ltr' id='par_1_14' title="bbox 1126 400 2104 596">
     <span class='ocr_line' id='line_1_60' title="bbox 1227 400 2102 447; baseline 0.01 -15"><span class='ocrx_word' id='word_1_366' title='bbox 1227 400 1439 435; x_wconf 88' lang='lat' dir='ltr'>Benedictus</span> <span class='ocrx_word' id='word_1_367' title='bbox 1456 403 1517 447; x_wconf 88' lang='lat' dir='ltr'>qui</span> <span class='ocrx_word' id='word_1_368' title='bbox 1540 404 1635 437; x_wconf 74' lang='lat' dir='ltr'>venit</span> <span class='ocrx_word' id='word_1_369' title='bbox 1658 405 1692 436; x_wconf 91' lang='lat' dir='ltr'>in</span> <span class='ocrx_word' id='word_1_370' title='bbox 1719 408 1860 440; x_wconf 87' lang='lat' dir='ltr'>nomine</span> <span class='ocrx_word' id='word_1_371' title='bbox 1880 408 2040 442; x_wconf 85' lang='lat' dir='ltr'>Domini:</span> <span class='ocrx_word' id='word_1_372' title='bbox 2070 410 2102 441; x_wconf 90' lang='lat' dir='ltr'>id</span> 
     </span>
     <span class='ocr_line' id='line_1_61' title="bbox 1127 450 2103 500; baseline 0.009 -17"><span class='ocrx_word' id='word_1_373' title='bbox 1127 457 1193 490; x_wconf 82' lang='lat' dir='ltr'>est,</span> <span class='ocrx_word' id='word_1_374' title='bbox 1231 450 1299 484; x_wconf 88' lang='lat' dir='ltr'>Hic</span> <span class='ocrx_word' id='word_1_375' title='bbox 1316 450 1391 485; x_wconf 84' lang='lat' dir='ltr'>Rex</span> <span class='ocrx_word' id='word_1_376' title='bbox 1416 465 1433 485; x_wconf 90' lang='lat' dir='ltr'>a</span> <span class='ocrx_word' id='word_1_377' title='bbox 1460 452 1534 487; x_wconf 91' lang='lat' dir='ltr'>Deo</span> <span class='ocrx_word' id='word_1_378' title='bbox 1559 455 1700 493; x_wconf 79' lang='lat' dir='ltr'>missus,</span> <span class='ocrx_word' id='word_1_379' title='bbox 1735 463 1784 489; x_wconf 90' lang='lat' dir='ltr'>est</span> <span class='ocrx_word' id='word_1_380' title='bbox 1812 458 2033 500; x_wconf 85' lang='lat' dir='ltr'>benedictus,</span> <span class='ocrx_word' id='word_1_381' title='bbox 2070 461 2103 492; x_wconf 90' lang='lat' dir='ltr'>id</span> 
     </span>
     <span class='ocr_line' id='line_1_62' title="bbox 1126 502 2104 554; baseline 0.011 -21"><span class='ocrx_word' id='word_1_382' title='bbox 1126 508 1194 541; x_wconf 86' lang='lat' dir='ltr'>est,</span> <span class='ocrx_word' id='word_1_383' title='bbox 1221 502 1401 545; x_wconf 85' lang='lat' dir='ltr'>diligitur,</span> <span class='ocrx_word' id='word_1_384' title='bbox 1434 504 1622 538; x_wconf 88' lang='lat' dir='ltr'>adiuvatur</span> <span class='ocrx_word' id='word_1_385' title='bbox 1647 518 1663 537; x_wconf 91' lang='lat' dir='ltr'>a</span> <span class='ocrx_word' id='word_1_386' title='bbox 1682 505 1778 545; x_wconf 81' lang='lat' dir='ltr'>Deo,</span> <span class='ocrx_word' id='word_1_387' title='bbox 1812 520 1954 549; x_wconf 76' lang='lat' dir='ltr'>magnas</span> <span class='ocrx_word' id='word_1_388' title='bbox 1974 523 2026 542; x_wconf 82' lang='lat' dir='ltr'>res</span> <span class='ocrx_word' id='word_1_389' title='bbox 2044 523 2104 554; x_wconf 84' lang='lat' dir='ltr'>ge-</span> 
     </span>
     <span class='ocr_line' id='line_1_63' title="bbox 1126 552 1936 596; baseline 0.007 -12"><span class='ocrx_word' id='word_1_390' title='bbox 1126 559 1195 592; x_wconf 89' lang='lat' dir='ltr'>ret,</span> <span class='ocrx_word' id='word_1_391' title='bbox 1223 552 1386 585; x_wconf 87' lang='lat' dir='ltr'>liberabit</span> <span class='ocrx_word' id='word_1_392' title='bbox 1405 555 1574 596; x_wconf 89' lang='lat' dir='ltr'>populum</span> <span class='ocrx_word' id='word_1_393' title='bbox 1592 556 1635 588; x_wconf 87' lang='lat' dir='ltr'>ab</span> <span class='ocrx_word' id='word_1_394' title='bbox 1659 557 1808 589; x_wconf 87' lang='lat' dir='ltr'>aeternis</span> <span class='ocrx_word' id='word_1_395' title='bbox 1826 560 1936 593; x_wconf 83' lang='lat' dir='ltr'>malis.</span> 
     </span>
    </p>

    <p class='ocr_par' dir='ltr' id='par_1_15' title="bbox 1122 601 2105 849">
     <span class='ocr_line' id='line_1_64' title="bbox 1226 601 2104 654; baseline 0.01 -20"><span class='ocrx_word' id='word_1_396' title='bbox 1226 601 1407 635; x_wconf 90' lang='lat' dir='ltr'>Hosianna</span> <span class='ocrx_word' id='word_1_397' title='bbox 1426 604 1496 636; x_wconf 87' lang='lat' dir='ltr'>filio</span> <span class='ocrx_word' id='word_1_398' title='bbox 1515 604 1649 645; x_wconf 77' lang='lat' dir='ltr'>David,</span> <span class='ocrx_word' id='word_1_399' title='bbox 1685 607 1718 638; x_wconf 89' lang='lat' dir='ltr'>id</span> <span class='ocrx_word' id='word_1_400' title='bbox 1739 615 1805 647; x_wconf 88' lang='lat' dir='ltr'>est,</span> <span class='ocrx_word' id='word_1_401' title='bbox 1830 609 1993 647; x_wconf 83' lang='lat' dir='ltr'>salutem,</span> <span class='ocrx_word' id='word_1_402' title='bbox 2022 623 2104 654; x_wconf 83' lang='lat' dir='ltr'>prn-</span> 
     </span>
     <span class='ocr_line' id='line_1_65' title="bbox 1124 653 2105 701; baseline 0.01 -17"><span class='ocrx_word' id='word_1_403' title='bbox 1124 653 1341 695; x_wconf 86' lang='lat' dir='ltr'>speritatem,</span> <span class='ocrx_word' id='word_1_404' title='bbox 1369 666 1546 687; x_wconf 81' lang='lat' dir='ltr'>successus</span> <span class='ocrx_word' id='word_1_405' title='bbox 1574 656 1750 699; x_wconf 86' lang='lat' dir='ltr'>impertiat</span> <span class='ocrx_word' id='word_1_406' title='bbox 1768 658 1864 691; x_wconf 83' lang='lat' dir='ltr'>Deus</span> <span class='ocrx_word' id='word_1_407' title='bbox 1890 660 1960 692; x_wconf 88' lang='lat' dir='ltr'>filio</span> <span class='ocrx_word' id='word_1_408' title='bbox 1979 661 2105 701; x_wconf 67' lang='lat' dir='ltr'>Daxid,</span> 
     </span>
     <span class='ocr_line' id='line_1_66' title="bbox 1122 702 2102 746; baseline 0.011 -12"><span class='ocrx_word' id='word_1_409' title='bbox 1122 702 1216 736; x_wconf 88' lang='lat' dir='ltr'>Deus</span> <span class='ocrx_word' id='word_1_410' title='bbox 1233 704 1342 741; x_wconf 84' lang='lat' dir='ltr'>adsit,</span> <span class='ocrx_word' id='word_1_411' title='bbox 1378 705 1548 746; x_wconf 79' lang='lat' dir='ltr'>gubernet</span> <span class='ocrx_word' id='word_1_412' title='bbox 1566 706 1638 739; x_wconf 90' lang='lat' dir='ltr'>eius</span> <span class='ocrx_word' id='word_1_413' title='bbox 1655 709 1855 742; x_wconf 84' lang='lat' dir='ltr'>certamina.</span> <span class='ocrx_word' id='word_1_414' title='bbox 1911 709 1970 743; x_wconf 73' lang='lat' dir='ltr'>Est</span> <span class='ocrx_word' id='word_1_415' title='bbox 1988 719 2102 744; x_wconf 81' lang='lat' dir='ltr'>autem</span> 
     </span>
     <span class='ocr_line' id='line_1_67' title="bbox 1122 751 2102 807; baseline 0.011 -22"><span class='ocrx_word' id='word_1_416' title='bbox 1122 751 1179 785; x_wconf 89' lang='lat' dir='ltr'>hic</span> <span class='ocrx_word' id='word_1_417' title='bbox 1195 766 1335 798; x_wconf 87' lang='lat' dir='ltr'>quoque</span> <span class='ocrx_word' id='word_1_418' title='bbox 1361 761 1455 787; x_wconf 85' lang='lat' dir='ltr'>totus</span> <span class='ocrx_word' id='word_1_419' title='bbox 1479 754 1635 789; x_wconf 85' lang='lat' dir='ltr'>Psalmus</span> <span class='ocrx_word' id='word_1_420' title='bbox 1659 758 1776 790; x_wconf 90' lang='lat' dir='ltr'>animo</span> <span class='ocrx_word' id='word_1_421' title='bbox 1803 760 2010 802; x_wconf 88' lang='lat' dir='ltr'>intuendus,</span> <span class='ocrx_word' id='word_1_422' title='bbox 2043 764 2102 807; x_wconf 88' lang='lat' dir='ltr'>qui</span> 
     </span>
     <span class='ocr_line' id='line_1_68' title="bbox 1122 802 1838 849; baseline 0.008 -13"><span class='ocrx_word' id='word_1_423' title='bbox 1122 811 1154 837; x_wconf 90' lang='lat' dir='ltr'>et</span> <span class='ocrx_word' id='word_1_424' title='bbox 1171 804 1242 848; x_wconf 91' lang='lat' dir='ltr'>ipse</span> <span class='ocrx_word' id='word_1_425' title='bbox 1258 804 1422 837; x_wconf 89' lang='lat' dir='ltr'>describit</span> <span class='ocrx_word' id='word_1_426' title='bbox 1438 802 1504 838; x_wconf 90' lang='lat' dir='ltr'>hoc</span> <span class='ocrx_word' id='word_1_427' title='bbox 1530 817 1674 849; x_wconf 86' lang='lat' dir='ltr'>regnum</span> <span class='ocrx_word' id='word_1_428' title='bbox 1693 805 1838 842; x_wconf 89' lang='lat' dir='ltr'>Christi.</span> 
     </span>
    </p>

    <p class='ocr_par' dir='ltr' id='par_1_16' title="bbox 1119 853 2104 1201">
     <span class='ocr_line' id='line_1_69' title="bbox 1220 853 2104 905; baseline 0.011 -19"><span class='ocrx_word' id='word_1_429' title='bbox 1220 853 1378 895; x_wconf 87' lang='lat' dir='ltr'>Deinde,</span> <span class='ocrx_word' id='word_1_430' title='bbox 1413 856 1539 900; x_wconf 80' lang='lat' dir='ltr'>reliqui</span> <span class='ocrx_word' id='word_1_431' title='bbox 1567 858 1679 890; x_wconf 89' lang='lat' dir='ltr'>cultus</span> <span class='ocrx_word' id='word_1_432' title='bbox 1702 866 1806 899; x_wconf 89' lang='lat' dir='ltr'>sunt,</span> <span class='ocrx_word' id='word_1_433' title='bbox 1835 872 1958 893; x_wconf 84' lang='lat' dir='ltr'>exuere</span> <span class='ocrx_word' id='word_1_434' title='bbox 1984 869 2104 905; x_wconf 81' lang='lat' dir='ltr'>vestes,</span> 
     </span>
     <span class='ocr_line' id='line_1_70' title="bbox 1121 905 2101 954; baseline 0.01 -18"><span class='ocrx_word' id='word_1_435' title='bbox 1121 905 1156 937; x_wconf 82' lang='lat' dir='ltr'>id</span> <span class='ocrx_word' id='word_1_436' title='bbox 1175 912 1242 945; x_wconf 91' lang='lat' dir='ltr'>est,</span> <span class='ocrx_word' id='word_1_437' title='bbox 1272 906 1308 937; x_wconf 90' lang='lat' dir='ltr'>in</span> <span class='ocrx_word' id='word_1_438' title='bbox 1326 907 1538 949; x_wconf 82' lang='lat' dir='ltr'>professione</span> <span class='ocrx_word' id='word_1_439' title='bbox 1558 908 1736 941; x_wconf 83' lang='lat' dir='ltr'>fortunam</span> <span class='ocrx_word' id='word_1_440' title='bbox 1765 916 1797 942; x_wconf 89' lang='lat' dir='ltr'>et</span> <span class='ocrx_word' id='word_1_441' title='bbox 1820 922 1944 954; x_wconf 88' lang='lat' dir='ltr'>corpus</span> <span class='ocrx_word' id='word_1_442' title='bbox 1968 913 2002 944; x_wconf 94' lang='lat' dir='ltr'>in</span> <span class='ocrx_word' id='word_1_443' title='bbox 2029 914 2101 947; x_wconf 86' lang='lat' dir='ltr'>dis-</span> 
     </span>
     <span class='ocr_line' id='line_1_71' title="bbox 1513 956 2101 1005; baseline 0.014 -16"><span class='ocrx_word' id='word_1_444' title='bbox 1513 956 1617 998; x_wconf 85' lang='lat' dir='ltr'>ltem,</span> <span class='ocrx_word' id='word_1_445' title='bbox 1644 959 1802 992; x_wconf 90' lang='lat' dir='ltr'>conferre</span> <span class='ocrx_word' id='word_1_446' title='bbox 1819 968 1945 1002; x_wconf 75' lang='lat' dir='ltr'>vestes,</span> <span class='ocrx_word' id='word_1_447' title='bbox 1982 964 2015 995; x_wconf 90' lang='lat' dir='ltr'>id</span> <span class='ocrx_word' id='word_1_448' title='bbox 2042 972 2101 1005; x_wconf 85' lang='lat' dir='ltr'>est,</span> 
     </span>
     <span class='ocr_line' id='line_1_72' title="bbox 1120 1006 2102 1052; baseline 0.01 -15"><span class='ocrx_word' id='word_1_449' title='bbox 1120 1006 1298 1047; x_wconf 89' lang='lat' dir='ltr'>fortunas,</span> <span class='ocrx_word' id='word_1_450' title='bbox 1333 1008 1374 1039; x_wconf 91' lang='lat' dir='ltr'>ad</span> <span class='ocrx_word' id='word_1_451' title='bbox 1396 1007 1590 1050; x_wconf 80' lang='lat' dir='ltr'>iuvandum</span> <span class='ocrx_word' id='word_1_452' title='bbox 1616 1009 1861 1046; x_wconf 86' lang='lat' dir='ltr'>ministerium.</span> <span class='ocrx_word' id='word_1_453' title='bbox 1916 1012 2020 1052; x_wconf 86' lang='lat' dir='ltr'>Item,</span> <span class='ocrx_word' id='word_1_454' title='bbox 2049 1016 2102 1048; x_wconf 84' lang='lat' dir='ltr'>of-</span> 
     </span>
     <span class='ocr_line' id='line_1_73' title="bbox 1120 1054 2102 1106; baseline 0.01 -18"><span class='ocrx_word' id='word_1_455' title='bbox 1120 1056 1210 1089; x_wconf 87' lang='lat' dir='ltr'>ferre</span> <span class='ocrx_word' id='word_1_456' title='bbox 1227 1054 1369 1090; x_wconf 86' lang='lat' dir='ltr'>Christo</span> <span class='ocrx_word' id='word_1_457' title='bbox 1388 1058 1537 1101; x_wconf 86' lang='lat' dir='ltr'>palmam</span> <span class='ocrx_word' id='word_1_458' title='bbox 1557 1065 1589 1092; x_wconf 87' lang='lat' dir='ltr'>et</span> <span class='ocrx_word' id='word_1_459' title='bbox 1607 1059 1738 1100; x_wconf 90' lang='lat' dir='ltr'>oleam,</span> <span class='ocrx_word' id='word_1_460' title='bbox 1766 1061 1801 1093; x_wconf 90' lang='lat' dir='ltr'>id</span> <span class='ocrx_word' id='word_1_461' title='bbox 1828 1068 1897 1101; x_wconf 88' lang='lat' dir='ltr'>est,</span> <span class='ocrx_word' id='word_1_462' title='bbox 1918 1075 2102 1106; x_wconf 85' lang='lat' dir='ltr'>agnoscere</span> 
     </span>
     <span class='ocr_line' id='line_1_74' title="bbox 1120 1108 2102 1157; baseline 0.011 -19"><span class='ocrx_word' id='word_1_463' title='bbox 1120 1118 1198 1138; x_wconf 90' lang='lat' dir='ltr'>eum</span> <span class='ocrx_word' id='word_1_464' title='bbox 1221 1108 1364 1147; x_wconf 91' lang='lat' dir='ltr'>ducem,</span> <span class='ocrx_word' id='word_1_465' title='bbox 1400 1120 1471 1140; x_wconf 92' lang='lat' dir='ltr'>non</span> <span class='ocrx_word' id='word_1_466' title='bbox 1497 1108 1608 1141; x_wconf 83' lang='lat' dir='ltr'>facere</span> <span class='ocrx_word' id='word_1_467' title='bbox 1633 1117 1753 1144; x_wconf 89' lang='lat' dir='ltr'>contra</span> <span class='ocrx_word' id='word_1_468' title='bbox 1779 1112 1994 1147; x_wconf 87' lang='lat' dir='ltr'>voluntatem</span> <span class='ocrx_word' id='word_1_469' title='bbox 2020 1116 2102 1157; x_wconf 90' lang='lat' dir='ltr'>eius,</span> 
     </span>
     <span class='ocr_line' id='line_1_75' title="bbox 1119 1158 1625 1201; baseline 0.006 -12"><span class='ocrx_word' id='word_1_470' title='bbox 1119 1168 1182 1190; x_wconf 90' lang='lat' dir='ltr'>nec</span> <span class='ocrx_word' id='word_1_471' title='bbox 1200 1158 1331 1191; x_wconf 85' lang='lat' dir='ltr'>servire</span> <span class='ocrx_word' id='word_1_472' title='bbox 1356 1170 1464 1201; x_wconf 83' lang='lat' dir='ltr'>regno</span> <span class='ocrx_word' id='word_1_473' title='bbox 1481 1159 1625 1192; x_wconf 89' lang='lat' dir='ltr'>diaboli.</span> 
     </span>
    </p>
   </div>
   <div class='ocr_carea' id='block_1_12' title="bbox 1496 1260 1724 1288">
    <p class='ocr_par' dir='ltr' id='par_1_17' title="bbox 1496 1260 1724 1288">
     <span class='ocr_line' id='line_1_76' title="bbox 1496 1260 1724 1288; baseline 0.013 -6"><span class='ocrx_word' id='word_1_474' title='bbox 1496 1260 1724 1288; x_wconf 78' lang='lat' dir='ltr'>Quartus,</span> 
     </span>
    </p>
   </div>
   <div class='ocr_carea' id='block_1_13' title="bbox 1120 1308 2103 1414">
    <p class='ocr_par' dir='ltr' id='par_1_18' title="bbox 1120 1308 2103 1414">
     <span class='ocr_line' id='line_1_77' title="bbox 1221 1308 2101 1361; baseline 0.014 -19"><span class='ocrx_word' id='word_1_475' title='bbox 1221 1308 1359 1343; x_wconf 85' lang='lat' dir='ltr'>Pictura</span> <span class='ocrx_word' id='word_1_476' title='bbox 1385 1323 1535 1354; x_wconf 74' lang='lat' dir='ltr'>pompae</span> <span class='ocrx_word' id='word_1_477' title='bbox 1565 1311 1786 1356; x_wconf 83' lang='lat' dir='ltr'>triumphalis</span> <span class='ocrx_word' id='word_1_478' title='bbox 1815 1323 1861 1348; x_wconf 86' lang='lat' dir='ltr'>est</span> <span class='ocrx_word' id='word_1_479' title='bbox 1895 1317 2008 1361; x_wconf 69' lang='lat' dir='ltr'>imago</span> <span class='ocrx_word' id='word_1_480' title='bbox 2036 1319 2101 1353; x_wconf 83' lang='lat' dir='ltr'>Ec-</span> 
     </span>
     <span class='ocr_line' id='line_1_78' title="bbox 1120 1360 2103 1414; baseline 0.013 -23"><span class='ocrx_word' id='word_1_481' title='bbox 1120 1360 1242 1392; x_wconf 87' lang='lat' dir='ltr'>clesiae</span> <span class='ocrx_word' id='word_1_482' title='bbox 1260 1361 1419 1392; x_wconf 81' lang='lat' dir='ltr'>omnium</span> <span class='ocrx_word' id='word_1_483' title='bbox 1439 1368 1648 1404; x_wconf 85' lang='lat' dir='ltr'>temporum.</span> <span class='ocrx_word' id='word_1_484' title='bbox 1701 1363 1845 1407; x_wconf 85' lang='lat' dir='ltr'>Semper</span> <span class='ocrx_word' id='word_1_485' title='bbox 1864 1364 1927 1399; x_wconf 83' lang='lat' dir='ltr'>bae</span> <span class='ocrx_word' id='word_1_486' title='bbox 1953 1379 2103 1414; x_wconf 84' lang='lat' dir='ltr'>quatuor</span> 
     </span>
    </p>
   </div>
   <div class='ocr_carea' id='block_1_14' title="bbox 1119 1409 2104 1556">
    <p class='ocr_par' dir='ltr' id='par_1_19' title="bbox 1119 1409 2104 1556">
     <span class='ocr_line' id='line_1_79' title="bbox 1120 1409 2103 1454; baseline 0.014 -13"><span class='ocrx_word' id='word_1_487' title='bbox 1120 1422 1289 1454; x_wconf 88' lang='lat' dir='ltr'>personae</span> <span class='ocrx_word' id='word_1_488' title='bbox 1316 1412 1352 1443; x_wconf 93' lang='lat' dir='ltr'>in</span> <span class='ocrx_word' id='word_1_489' title='bbox 1378 1409 1532 1444; x_wconf 88' lang='lat' dir='ltr'>Ecclesia</span> <span class='ocrx_word' id='word_1_490' title='bbox 1558 1414 1832 1448; x_wconf 86' lang='lat' dir='ltr'>considerandae</span> <span class='ocrx_word' id='word_1_491' title='bbox 1852 1425 1944 1452; x_wconf 86' lang='lat' dir='ltr'>sunt.</span> <span class='ocrx_word' id='word_1_492' title='bbox 1998 1419 2103 1454; x_wconf 92' lang='lat' dir='ltr'>Cbri-</span> 
     </span>
     <span class='ocr_line' id='line_1_80' title="bbox 1119 1461 2101 1505; baseline 0.012 -12"><span class='ocrx_word' id='word_1_493' title='bbox 1119 1468 1211 1504; x_wconf 89' lang='lat' dir='ltr'>stus,</span> <span class='ocrx_word' id='word_1_494' title='bbox 1240 1461 1423 1505; x_wconf 84' lang='lat' dir='ltr'>Apostoli,</span> <span class='ocrx_word' id='word_1_495' title='bbox 1450 1463 1646 1503; x_wconf 86' lang='lat' dir='ltr'>auditores,</span> <span class='ocrx_word' id='word_1_496' title='bbox 1677 1471 1709 1497; x_wconf 91' lang='lat' dir='ltr'>et</span> <span class='ocrx_word' id='word_1_497' title='bbox 1733 1467 1935 1503; x_wconf 79' lang='lat' dir='ltr'>adversarii.</span> <span class='ocrx_word' id='word_1_498' title='bbox 1995 1470 2101 1505; x_wconf 78' lang='lat' dir='ltr'>Chri-</span> 
     </span>
     <span class='ocr_line' id='line_1_81' title="bbox 1119 1512 2104 1556; baseline 0.012 -12"><span class='ocrx_word' id='word_1_499' title='bbox 1119 1518 1191 1544; x_wconf 87' lang='lat' dir='ltr'>stus</span> <span class='ocrx_word' id='word_1_500' title='bbox 1214 1519 1263 1545; x_wconf 89' lang='lat' dir='ltr'>est</span> <span class='ocrx_word' id='word_1_501' title='bbox 1287 1514 1526 1555; x_wconf 86' lang='lat' dir='ltr'>agnoscendus</span> <span class='ocrx_word' id='word_1_502' title='bbox 1551 1512 1625 1547; x_wconf 72' lang='lat' dir='ltr'>Rex</span> <span class='ocrx_word' id='word_1_503' title='bbox 1651 1520 1681 1547; x_wconf 87' lang='lat' dir='ltr'>et</span> <span class='ocrx_word' id='word_1_504' title='bbox 1699 1514 1871 1552; x_wconf 88' lang='lat' dir='ltr'>Salvator.</span> <span class='ocrx_word' id='word_1_505' title='bbox 1926 1518 1992 1553; x_wconf 75' lang='lat' dir='ltr'>Hic</span> <span class='ocrx_word' id='word_1_506' title='bbox 2018 1523 2104 1556; x_wconf 89' lang='lat' dir='ltr'>insi—</span> 
     </span>
    </p>
   </div>
   <div class='ocr_carea' id='block_1_15' title="bbox 1120 1563 2106 2718">
    <p class='ocr_par' dir='ltr' id='par_1_20' title="bbox 1120 1563 2103 2312">
     <span class='ocr_line' id='line_1_82' title="bbox 1120 1563 2102 1615; baseline 0.01 -21"><span class='ocrx_word' id='word_1_507' title='bbox 1120 1563 1177 1595; x_wconf 88' lang='lat' dir='ltr'>det</span> <span class='ocrx_word' id='word_1_508' title='bbox 1204 1563 1322 1595; x_wconf 87' lang='lat' dir='ltr'>asinae</span> <span class='ocrx_word' id='word_1_509' title='bbox 1347 1570 1377 1596; x_wconf 90' lang='lat' dir='ltr'>et</span> <span class='ocrx_word' id='word_1_510' title='bbox 1396 1563 1514 1606; x_wconf 90' lang='lat' dir='ltr'>pullo,</span> <span class='ocrx_word' id='word_1_511' title='bbox 1549 1564 1582 1596; x_wconf 91' lang='lat' dir='ltr'>id</span> <span class='ocrx_word' id='word_1_512' title='bbox 1604 1571 1670 1605; x_wconf 85' lang='lat' dir='ltr'>est,</span> <span class='ocrx_word' id='word_1_513' title='bbox 1701 1567 1831 1610; x_wconf 92' lang='lat' dir='ltr'>populo</span> <span class='ocrx_word' id='word_1_514' title='bbox 1850 1568 1952 1612; x_wconf 83' lang='lat' dir='ltr'>legis,</span> <span class='ocrx_word' id='word_1_515' title='bbox 1970 1579 2001 1605; x_wconf 89' lang='lat' dir='ltr'>et</span> <span class='ocrx_word' id='word_1_516' title='bbox 2018 1584 2102 1615; x_wconf 83' lang='lat' dir='ltr'>gen-</span> 
     </span>
     <span class='ocr_line' id='line_1_83' title="bbox 1120 1613 2100 1658; baseline 0.012 -13"><span class='ocrx_word' id='word_1_517' title='bbox 1120 1613 1213 1645; x_wconf 86' lang='lat' dir='ltr'>tibus</span> <span class='ocrx_word' id='word_1_518' title='bbox 1242 1613 1441 1651; x_wconf 81' lang='lat' dir='ltr'>indomitis,</span> <span class='ocrx_word' id='word_1_519' title='bbox 1485 1614 1545 1658; x_wconf 84' lang='lat' dir='ltr'>qui</span> <span class='ocrx_word' id='word_1_520' title='bbox 1576 1615 1651 1647; x_wconf 91' lang='lat' dir='ltr'>sine</span> <span class='ocrx_word' id='word_1_521' title='bbox 1675 1615 1750 1658; x_wconf 84' lang='lat' dir='ltr'>lege</span> <span class='ocrx_word' id='word_1_522' title='bbox 1785 1618 1955 1655; x_wconf 81' lang='lat' dir='ltr'>vixerunt.</span> <span class='ocrx_word' id='word_1_523' title='bbox 2016 1622 2100 1657; x_wconf 70' lang='lat' dir='ltr'>Veri</span> 
     </span>
     <span class='ocr_line' id='line_1_84' title="bbox 1121 1661 2103 1713; baseline 0.012 -19"><span class='ocrx_word' id='word_1_524' title='bbox 1121 1663 1292 1703; x_wconf 89' lang='lat' dir='ltr'>ministri,</span> <span class='ocrx_word' id='word_1_525' title='bbox 1336 1661 1551 1705; x_wconf 81' lang='lat' dir='ltr'>Prophetae,</span> <span class='ocrx_word' id='word_1_526' title='bbox 1585 1665 1768 1707; x_wconf 88' lang='lat' dir='ltr'>Apostoli,</span> <span class='ocrx_word' id='word_1_527' title='bbox 1809 1675 1841 1700; x_wconf 87' lang='lat' dir='ltr'>et</span> <span class='ocrx_word' id='word_1_528' title='bbox 1873 1670 1932 1702; x_wconf 86' lang='lat' dir='ltr'>alii</span> <span class='ocrx_word' id='word_1_529' title='bbox 1959 1671 2006 1713; x_wconf 92' lang='lat' dir='ltr'>pii</span> <span class='ocrx_word' id='word_1_530' title='bbox 2038 1676 2103 1706; x_wconf 86' lang='lat' dir='ltr'>do-</span> 
     </span>
     <span class='ocr_line' id='line_1_85' title="bbox 1120 1714 2102 1760; baseline 0.013 -15"><span class='ocrx_word' id='word_1_531' title='bbox 1120 1719 1231 1745; x_wconf 89' lang='lat' dir='ltr'>ctores</span> <span class='ocrx_word' id='word_1_532' title='bbox 1267 1714 1447 1746; x_wconf 84' lang='lat' dir='ltr'>adducunt</span> <span class='ocrx_word' id='word_1_533' title='bbox 1479 1714 1674 1755; x_wconf 86' lang='lat' dir='ltr'>auditores,</span> <span class='ocrx_word' id='word_1_534' title='bbox 1716 1723 1747 1749; x_wconf 89' lang='lat' dir='ltr'>et</span> <span class='ocrx_word' id='word_1_535' title='bbox 1783 1717 1969 1760; x_wconf 89' lang='lat' dir='ltr'>imponunt</span> <span class='ocrx_word' id='word_1_536' title='bbox 1997 1721 2102 1757; x_wconf 80' lang='lat' dir='ltr'>Chri-</span> 
     </span>
     <span class='ocr_line' id='line_1_86' title="bbox 1120 1763 2102 1811; baseline 0.013 -16"><span class='ocrx_word' id='word_1_537' title='bbox 1120 1770 1222 1796; x_wconf 85' lang='lat' dir='ltr'>stum.</span> <span class='ocrx_word' id='word_1_538' title='bbox 1276 1763 1432 1807; x_wconf 90' lang='lat' dir='ltr'>Populus</span> <span class='ocrx_word' id='word_1_539' title='bbox 1451 1764 1527 1806; x_wconf 88' lang='lat' dir='ltr'>pius</span> <span class='ocrx_word' id='word_1_540' title='bbox 1543 1763 1809 1806; x_wconf 85' lang='lat' dir='ltr'>canithristo,</span> <span class='ocrx_word' id='word_1_541' title='bbox 1838 1769 1870 1801; x_wconf 86' lang='lat' dir='ltr'>id</span> <span class='ocrx_word' id='word_1_542' title='bbox 1898 1778 1965 1811; x_wconf 85' lang='lat' dir='ltr'>est,</span> <span class='ocrx_word' id='word_1_543' title='bbox 1994 1777 2102 1808; x_wconf 80' lang='lat' dir='ltr'>confi-</span> 
     </span>
     <span class='ocr_line' id='line_1_87' title="bbox 1121 1814 2100 1865; baseline 0.013 -20"><span class='ocrx_word' id='word_1_544' title='bbox 1121 1821 1212 1846; x_wconf 88' lang='lat' dir='ltr'>tetur</span> <span class='ocrx_word' id='word_1_545' title='bbox 1228 1825 1325 1851; x_wconf 86' lang='lat' dir='ltr'>eum,</span> <span class='ocrx_word' id='word_1_546' title='bbox 1361 1814 1551 1847; x_wconf 87' lang='lat' dir='ltr'>substernit</span> <span class='ocrx_word' id='word_1_547' title='bbox 1578 1823 1704 1854; x_wconf 61' lang='lat' dir='ltr'>uestes,</span> <span class='ocrx_word' id='word_1_548' title='bbox 1736 1817 1831 1851; x_wconf 77' lang='lat' dir='ltr'>iuvat</span> <span class='ocrx_word' id='word_1_549' title='bbox 1854 1821 2100 1865; x_wconf 70' lang='lat' dir='ltr'>ministerium,</span> 
     </span>
     <span class='ocr_line' id='line_1_88' title="bbox 1121 1863 2103 1912; baseline 0.012 -18"><span class='ocrx_word' id='word_1_550' title='bbox 1121 1863 1239 1896; x_wconf 74' lang='lat' dir='ltr'>Offert</span> <span class='ocrx_word' id='word_1_551' title='bbox 1263 1865 1413 1907; x_wconf 79' lang='lat' dir='ltr'>palmaS,</span> <span class='ocrx_word' id='word_1_552' title='bbox 1442 1864 1475 1896; x_wconf 91' lang='lat' dir='ltr'>id</span> <span class='ocrx_word' id='word_1_553' title='bbox 1501 1871 1569 1903; x_wconf 91' lang='lat' dir='ltr'>est,</span> <span class='ocrx_word' id='word_1_554' title='bbox 1604 1866 1732 1899; x_wconf 84' lang='lat' dir='ltr'>fatetur</span> <span class='ocrx_word' id='word_1_555' title='bbox 1753 1880 1823 1901; x_wconf 86' lang='lat' dir='ltr'>esse</span> <span class='ocrx_word' id='word_1_556' title='bbox 1849 1871 2034 1912; x_wconf 82' lang='lat' dir='ltr'>victorem,</span> <span class='ocrx_word' id='word_1_557' title='bbox 2071 1885 2103 1910; x_wconf 73' lang='lat' dir='ltr'>et</span> 
     </span>
     <span class='ocr_line' id='line_1_89' title="bbox 1122 1914 2089 1959; baseline 0.013 -14"><span class='ocrx_word' id='word_1_558' title='bbox 1122 1914 1304 1956; x_wconf 86' lang='lat' dir='ltr'>profitetur</span> <span class='ocrx_word' id='word_1_559' title='bbox 1335 1926 1369 1946; x_wconf 90' lang='lat' dir='ltr'>se</span> <span class='ocrx_word' id='word_1_560' title='bbox 1400 1927 1539 1959; x_wconf 85' lang='lat' dir='ltr'>quoque</span> <span class='ocrx_word' id='word_1_561' title='bbox 1570 1916 1768 1950; x_wconf 89' lang='lat' dir='ltr'>subiturum</span> <span class='ocrx_word' id='word_1_562' title='bbox 1799 1931 1871 1951; x_wconf 87' lang='lat' dir='ltr'>esse</span> <span class='ocrx_word' id='word_1_563' title='bbox 1903 1927 2089 1959; x_wconf 72' lang='lat' dir='ltr'>certamina</span> 
     </span>
     <span class='ocr_line' id='line_1_90' title="bbox 1121 1955 2102 2015; baseline 0.015 -19"><span class='ocrx_word' id='word_1_564' title='bbox 1121 1965 1245 1997; x_wconf 84' lang='lat' dir='ltr'>fiducia</span> <span class='ocrx_word' id='word_1_565' title='bbox 1265 1962 1370 1997; x_wconf 89' lang='lat' dir='ltr'>huius</span> <span class='ocrx_word' id='word_1_566' title='bbox 1393 1965 1550 2005; x_wconf 73' lang='lat' dir='ltr'>victoris,</span> <span class='ocrx_word' id='word_1_567' title='bbox 1585 1973 1617 1999; x_wconf 89' lang='lat' dir='ltr'>et</span> <span class='ocrx_word' id='word_1_568' title='bbox 1643 1974 1756 2000; x_wconf 79' lang='lat' dir='ltr'>tamen</span> <span class='ocrx_word' id='word_1_569' title='bbox 1785 1966 1866 2002; x_wconf 85' lang='lat' dir='ltr'>huic</span> <span class='ocrx_word' id='word_1_570' title='bbox 1893 1973 2024 2015; x_wconf 78' lang='lat' dir='ltr'>palmas</span> <span class='ocrx_word' id='word_1_571' title='bbox 2049 1955 2102 2010; x_wconf 52' lang='lat' dir='ltr'>os:</span> 
     </span>
     <span class='ocr_line' id='line_1_91' title="bbox 1122 2015 2103 2061; baseline 0.014 -14"><span class='ocrx_word' id='word_1_572' title='bbox 1122 2015 1207 2055; x_wconf 82' lang='lat' dir='ltr'>sert,</span> <span class='ocrx_word' id='word_1_573' title='bbox 1246 2015 1401 2057; x_wconf 77' lang='lat' dir='ltr'>agnoscit</span> <span class='ocrx_word' id='word_1_574' title='bbox 1422 2027 1456 2047; x_wconf 92' lang='lat' dir='ltr'>se</span> <span class='ocrx_word' id='word_1_575' title='bbox 1475 2016 1613 2049; x_wconf 77' lang='lat' dir='ltr'>vincere</span> <span class='ocrx_word' id='word_1_576' title='bbox 1630 2029 1692 2061; x_wconf 79' lang='lat' dir='ltr'>per</span> <span class='ocrx_word' id='word_1_577' title='bbox 1708 2018 1811 2052; x_wconf 88' lang='lat' dir='ltr'>istum</span> <span class='ocrx_word' id='word_1_578' title='bbox 1829 2028 1859 2053; x_wconf 89' lang='lat' dir='ltr'>et</span> <span class='ocrx_word' id='word_1_579' title='bbox 1879 2019 1982 2057; x_wconf 89' lang='lat' dir='ltr'>huius</span> <span class='ocrx_word' id='word_1_580' title='bbox 2005 2030 2103 2060; x_wconf 82' lang='lat' dir='ltr'>auxi-</span> 
     </span>
     <span class='ocr_line' id='line_1_92' title="bbox 1123 2064 2103 2118; baseline 0.013 -21"><span class='ocrx_word' id='word_1_581' title='bbox 1123 2065 1189 2103; x_wconf 90' lang='lat' dir='ltr'>lio,</span> <span class='ocrx_word' id='word_1_582' title='bbox 1225 2064 1341 2098; x_wconf 78' lang='lat' dir='ltr'>Offert</span> <span class='ocrx_word' id='word_1_583' title='bbox 1359 2065 1470 2105; x_wconf 87' lang='lat' dir='ltr'>oleas,</span> <span class='ocrx_word' id='word_1_584' title='bbox 1507 2067 1626 2104; x_wconf 80' lang='lat' dir='ltr'>idest,</span> <span class='ocrx_word' id='word_1_585' title='bbox 1658 2069 1742 2111; x_wconf 88' lang='lat' dir='ltr'>petit</span> <span class='ocrx_word' id='word_1_586' title='bbox 1769 2071 1812 2102; x_wconf 91' lang='lat' dir='ltr'>ab</span> <span class='ocrx_word' id='word_1_587' title='bbox 1836 2083 1875 2104; x_wconf 91' lang='lat' dir='ltr'>eo</span> <span class='ocrx_word' id='word_1_588' title='bbox 1901 2085 2036 2118; x_wconf 84' lang='lat' dir='ltr'>pacem,</span> <span class='ocrx_word' id='word_1_589' title='bbox 2072 2088 2103 2113; x_wconf 78' lang='lat' dir='ltr'>et</span> 
     </span>
     <span class='ocr_line' id='line_1_93' title="bbox 1122 2117 2103 2162; baseline 0.01 -13"><span class='ocrx_word' id='word_1_590' title='bbox 1122 2117 1248 2149; x_wconf 81' lang='lat' dir='ltr'>fatetur</span> <span class='ocrx_word' id='word_1_591' title='bbox 1267 2128 1338 2148; x_wconf 87' lang='lat' dir='ltr'>esse</span> <span class='ocrx_word' id='word_1_592' title='bbox 1354 2123 1512 2149; x_wconf 89' lang='lat' dir='ltr'>autorem</span> <span class='ocrx_word' id='word_1_593' title='bbox 1529 2124 1689 2150; x_wconf 83' lang='lat' dir='ltr'>aeternae</span> <span class='ocrx_word' id='word_1_594' title='bbox 1709 2121 1801 2162; x_wconf 83' lang='lat' dir='ltr'>pacis</span> <span class='ocrx_word' id='word_1_595' title='bbox 1817 2134 1894 2154; x_wconf 89' lang='lat' dir='ltr'>cum</span> <span class='ocrx_word' id='word_1_596' title='bbox 1913 2122 1998 2159; x_wconf 84' lang='lat' dir='ltr'>Deo.</span> <span class='ocrx_word' id='word_1_597' title='bbox 2045 2128 2103 2162; x_wconf 80' lang='lat' dir='ltr'>Sic</span> 
     </span>
     <span class='ocr_line' id='line_1_94' title="bbox 1123 2164 2103 2222; baseline 0.013 -24"><span class='ocrx_word' id='word_1_598' title='bbox 1123 2168 1216 2199; x_wconf 89' lang='lat' dir='ltr'>enim</span> <span class='ocrx_word' id='word_1_599' title='bbox 1234 2167 1318 2199; x_wconf 90' lang='lat' dir='ltr'>olim</span> <span class='ocrx_word' id='word_1_600' title='bbox 1336 2164 1593 2209; x_wconf 87' lang='lat' dir='ltr'>triumphantes</span> <span class='ocrx_word' id='word_1_601' title='bbox 1617 2180 1712 2211; x_wconf 83' lang='lat' dir='ltr'>reges</span> <span class='ocrx_word' id='word_1_602' title='bbox 1736 2172 2014 2214; x_wconf 83' lang='lat' dir='ltr'>excipiebantur:</span> <span class='ocrx_word' id='word_1_603' title='bbox 2042 2191 2103 2222; x_wconf 75' lang='lat' dir='ltr'>per</span> 
     </span>
     <span class='ocr_line' id='line_1_95' title="bbox 1124 2217 1880 2261; baseline 0.008 -12"><span class='ocrx_word' id='word_1_604' title='bbox 1124 2218 1255 2261; x_wconf 86' lang='lat' dir='ltr'>palmas</span> <span class='ocrx_word' id='word_1_605' title='bbox 1278 2217 1500 2251; x_wconf 82' lang='lat' dir='ltr'>tribuebatur</span> <span class='ocrx_word' id='word_1_606' title='bbox 1525 2219 1574 2250; x_wconf 89' lang='lat' dir='ltr'>eis</span> <span class='ocrx_word' id='word_1_607' title='bbox 1601 2219 1674 2252; x_wconf 84' lang='lat' dir='ltr'>laus</span> <span class='ocrx_word' id='word_1_608' title='bbox 1697 2220 1880 2261; x_wconf 71' lang='lat' dir='ltr'>victoriae,</span> 
     </span>
     <span class='ocr_line' id='line_1_96' title="bbox 1121 2269 1744 2312; baseline 0.003 -12"><span class='ocrx_word' id='word_1_609' title='bbox 1121 2269 1334 2311; x_wconf 84' lang='lat' dir='ltr'>gnificabant</span> <span class='ocrx_word' id='word_1_610' title='bbox 1352 2269 1459 2301; x_wconf 86' lang='lat' dir='ltr'>victos</span> <span class='ocrx_word' id='word_1_611' title='bbox 1476 2281 1592 2311; x_wconf 80' lang='lat' dir='ltr'>pacem</span> <span class='ocrx_word' id='word_1_612' title='bbox 1620 2277 1744 2312; x_wconf 79' lang='lat' dir='ltr'>petere.</span> 
     </span>
    </p>

    <p class='ocr_par' dir='ltr' id='par_1_21' title="bbox 1122 2318 2106 2718">
     <span class='ocr_line' id='line_1_97' title="bbox 1225 2318 2100 2366; baseline 0.015 -15"><span class='ocrx_word' id='word_1_613' title='bbox 1225 2318 1295 2351; x_wconf 88' lang='lat' dir='ltr'>lam</span> <span class='ocrx_word' id='word_1_614' title='bbox 1323 2319 1586 2352; x_wconf 88' lang='lat' dir='ltr'>meminerimus</span> <span class='ocrx_word' id='word_1_615' title='bbox 1611 2332 1672 2353; x_wconf 92' lang='lat' dir='ltr'>nos</span> <span class='ocrx_word' id='word_1_616' title='bbox 1692 2334 1832 2366; x_wconf 88' lang='lat' dir='ltr'>quoque</span> <span class='ocrx_word' id='word_1_617' title='bbox 1857 2324 1892 2356; x_wconf 92' lang='lat' dir='ltr'>in</span> <span class='ocrx_word' id='word_1_618' title='bbox 1917 2323 1981 2360; x_wconf 86' lang='lat' dir='ltr'>boc</span> <span class='ocrx_word' id='word_1_619' title='bbox 2004 2338 2100 2364; x_wconf 86' lang='lat' dir='ltr'>coetu</span> 
     </span>
     <span class='ocr_line' id='line_1_98' title="bbox 1123 2368 2106 2413; baseline 0.01 -10"><span class='ocrx_word' id='word_1_620' title='bbox 1123 2381 1205 2403; x_wconf 88' lang='lat' dir='ltr'>esse.</span> <span class='ocrx_word' id='word_1_621' title='bbox 1258 2368 1523 2403; x_wconf 81' lang='lat' dir='ltr'>Substernimus</span> <span class='ocrx_word' id='word_1_622' title='bbox 1548 2377 1675 2411; x_wconf 73' lang='lat' dir='ltr'>vestes,</span> <span class='ocrx_word' id='word_1_623' title='bbox 1716 2384 1793 2404; x_wconf 89' lang='lat' dir='ltr'>cum</span> <span class='ocrx_word' id='word_1_624' title='bbox 1820 2374 1978 2410; x_wconf 88' lang='lat' dir='ltr'>iuvamus</span> <span class='ocrx_word' id='word_1_625' title='bbox 2001 2381 2106 2413; x_wconf 88' lang='lat' dir='ltr'>mini-</span> 
     </span>
     <span class='ocr_line' id='line_1_99' title="bbox 1122 2419 2103 2468; baseline 0.006 -14"><span class='ocrx_word' id='word_1_626' title='bbox 1122 2420 1284 2457; x_wconf 88' lang='lat' dir='ltr'>sterium,</span> <span class='ocrx_word' id='word_1_627' title='bbox 1312 2427 1371 2453; x_wconf 89' lang='lat' dir='ltr'>aut</span> <span class='ocrx_word' id='word_1_628' title='bbox 1390 2419 1549 2453; x_wconf 73' lang='lat' dir='ltr'>venimus</span> <span class='ocrx_word' id='word_1_629' title='bbox 1574 2421 1610 2453; x_wconf 90' lang='lat' dir='ltr'>in</span> <span class='ocrx_word' id='word_1_630' title='bbox 1637 2422 1830 2464; x_wconf 75' lang='lat' dir='ltr'>periculum</span> <span class='ocrx_word' id='word_1_631' title='bbox 1855 2436 1996 2468; x_wconf 82' lang='lat' dir='ltr'>propter</span> <span class='ocrx_word' id='word_1_632' title='bbox 2019 2441 2103 2464; x_wconf 73' lang='lat' dir='ltr'>con-</span> 
     </span>
     <span class='ocr_line' id='line_1_100' title="bbox 1123 2468 2104 2517; baseline 0.01 -14"><span class='ocrx_word' id='word_1_633' title='bbox 1123 2471 1321 2505; x_wconf 85' lang='lat' dir='ltr'>sessionem.</span> <span class='ocrx_word' id='word_1_634' title='bbox 1370 2468 1566 2503; x_wconf 75' lang='lat' dir='ltr'>Offerimus</span> <span class='ocrx_word' id='word_1_635' title='bbox 1597 2472 1748 2514; x_wconf 80' lang='lat' dir='ltr'>palmas,</span> <span class='ocrx_word' id='word_1_636' title='bbox 1790 2486 1867 2506; x_wconf 85' lang='lat' dir='ltr'>cum</span> <span class='ocrx_word' id='word_1_637' title='bbox 1902 2477 2037 2513; x_wconf 88' lang='lat' dir='ltr'>labores</span> <span class='ocrx_word' id='word_1_638' title='bbox 2070 2491 2104 2517; x_wconf 78' lang='lat' dir='ltr'>et</span> 
     </span>
     <span class='ocr_line' id='line_1_101' title="bbox 1124 2521 2104 2569; baseline 0.013 -17"><span class='ocrx_word' id='word_1_639' title='bbox 1124 2521 1313 2555; x_wconf 86' lang='lat' dir='ltr'>certamina</span> <span class='ocrx_word' id='word_1_640' title='bbox 1336 2521 1493 2553; x_wconf 88' lang='lat' dir='ltr'>subimus</span> <span class='ocrx_word' id='word_1_641' title='bbox 1511 2523 1700 2565; x_wconf 73' lang='lat' dir='ltr'>spectantia</span> <span class='ocrx_word' id='word_1_642' title='bbox 1728 2523 1767 2553; x_wconf 87' lang='lat' dir='ltr'>ad</span> <span class='ocrx_word' id='word_1_643' title='bbox 1793 2524 1939 2565; x_wconf 80' lang='lat' dir='ltr'>gloriam</span> <span class='ocrx_word' id='word_1_644' title='bbox 1960 2528 2104 2569; x_wconf 80' lang='lat' dir='ltr'>Christi,</span> 
     </span>
     <span class='ocr_line' id='line_1_102' title="bbox 1125 2571 2105 2623; baseline 0.012 -19"><span class='ocrx_word' id='word_1_645' title='bbox 1125 2573 1182 2606; x_wconf 86' lang='lat' dir='ltr'>Sic</span> <span class='ocrx_word' id='word_1_646' title='bbox 1201 2572 1313 2604; x_wconf 87' lang='lat' dir='ltr'>studia</span> <span class='ocrx_word' id='word_1_647' title='bbox 1333 2571 1470 2613; x_wconf 87' lang='lat' dir='ltr'>piorum</span> <span class='ocrx_word' id='word_1_648' title='bbox 1487 2581 1566 2604; x_wconf 89' lang='lat' dir='ltr'>sunt</span> <span class='ocrx_word' id='word_1_649' title='bbox 1585 2573 1726 2613; x_wconf 79' lang='lat' dir='ltr'>palmae.</span> <span class='ocrx_word' id='word_1_650' title='bbox 1785 2572 1978 2611; x_wconf 77' lang='lat' dir='ltr'>Offerimus</span> <span class='ocrx_word' id='word_1_651' title='bbox 2003 2582 2105 2623; x_wconf 78' lang='lat' dir='ltr'>oleas,</span> 
     </span>
     <span class='ocr_line' id='line_1_103' title="bbox 1126 2622 2104 2670; baseline 0.003 -15"><span class='ocrx_word' id='word_1_652' title='bbox 1126 2635 1204 2655; x_wconf 92' lang='lat' dir='ltr'>cum</span> <span class='ocrx_word' id='word_1_653' title='bbox 1224 2622 1464 2665; x_wconf 79' lang='lat' dir='ltr'>praedicamus</span> <span class='ocrx_word' id='word_1_654' title='bbox 1481 2629 1513 2654; x_wconf 90' lang='lat' dir='ltr'>et</span> <span class='ocrx_word' id='word_1_655' title='bbox 1534 2622 1626 2664; x_wconf 82' lang='lat' dir='ltr'>paris</span> <span class='ocrx_word' id='word_1_656' title='bbox 1643 2630 1817 2661; x_wconf 72' lang='lat' dir='ltr'>autorem,</span> <span class='ocrx_word' id='word_1_657' title='bbox 1852 2633 1885 2659; x_wconf 73' lang='lat' dir='ltr'>et</span> <span class='ocrx_word' id='word_1_658' title='bbox 1905 2627 1969 2670; x_wconf 78' lang='lat' dir='ltr'>ipsi</span> <span class='ocrx_word' id='word_1_659' title='bbox 1990 2643 2104 2667; x_wconf 61' lang='lat' dir='ltr'>verm„</span> 
     </span>
     <span class='ocr_line' id='line_1_104' title="bbox 1127 2671 1990 2718; baseline 0.009 -14"><span class='ocrx_word' id='word_1_660' title='bbox 1127 2684 1246 2718; x_wconf 89' lang='lat' dir='ltr'>pacem</span> <span class='ocrx_word' id='word_1_661' title='bbox 1266 2671 1443 2704; x_wconf 83' lang='lat' dir='ltr'>Ecclesiae</span> <span class='ocrx_word' id='word_1_662' title='bbox 1460 2672 1686 2709; x_wconf 75' lang='lat' dir='ltr'>adim-amus,</span> <span class='ocrx_word' id='word_1_663' title='bbox 1725 2674 1913 2710; x_wconf 71' lang='lat' dir='ltr'>retinemus</span> <span class='ocrx_word' id='word_1_664' title='bbox 1930 2686 1990 2715; x_wconf 79' lang='lat' dir='ltr'>etc.</span> 
     </span>
    </p>
   </div>
   <div class='ocr_carea' id='block_1_16' title="bbox 1191 2721 1261 2754">
    <p class='ocr_par' dir='ltr' id='par_1_22' title="bbox 1191 2721 1261 2754">
     <span class='ocr_line' id='line_1_105' title="bbox 1191 2721 1261 2754; baseline 0 0"><span class='ocrx_word' id='word_1_665' title='bbox 1191 2721 1261 2754; x_wconf 79' lang='lat'>11*</span> 
     </span>
    </p>
   </div>
   <div class='ocr_carea' id='block_1_17' title="bbox 1931 2226 2103 2262">
    <p class='ocr_par' dir='ltr' id='par_1_23' title="bbox 1931 2226 2103 2262">
     <span class='ocr_line' id='line_1_106' title="bbox 1931 2226 2103 2262; baseline 0.029 -5"><span class='ocrx_word' id='word_1_666' title='bbox 1931 2226 2025 2260; x_wconf 81' lang='lat' dir='ltr'>oleae</span> <span class='ocrx_word' id='word_1_667' title='bbox 2055 2230 2103 2262; x_wconf 86' lang='lat' dir='ltr'>si-</span> 
     </span>
    </p>
   </div>
  </div>
 </body>
</html>
