2409 2915
73 120 148 155 233
615 114 694 149 XII.

121 198 214 236 Cum
245 198 454 234 immundus
483 199 636 247 spiritus
667 198 796 232 exierit
827 195 868 230 dc
896 195 1052 239 homine,

173 251 344 285 ambulat
373 262 436 297 per
459 249 538 284 loca
563 250 763 297 inaquosa,
795 260 969 295 quaerens
998 260 1052 280 re-

171 302 307 349 quiem,
340 305 371 334 el
402 312 474 334 non
498 299 700 341 inveniens,
735 298 839 332 dicit:
874 297 1052 332 Revertar

173 353 210 386 in
243 351 386 386 domum
419 363 554 389 meam,
589 348 682 384 unde
715 350 822 383 exivi.
888 349 939 382 Et
973 362 1049 382 cum

172 402 319 443 venerit,
355 401 490 435 invenit
519 413 597 434 eam
630 400 747 447 scopis
779 398 996 433 mundatam
1021 404 1050 432 el

171 457 353 492 ornatam,
381 456 464 485 tunc
481 449 581 484 vadit
596 456 625 485 el
639 451 795 484 assumit
808 456 936 497 septem
953 449 1050 483 alios

169 502 340 548 spiritus,
373 502 560 549 nequiores
587 514 640 540 se,
676 505 706 535 el
730 501 904 546 ingressi,
941 498 1050 533 hahi-

170 557 250 586 tant
268 552 329 588 ibi.
369 549 531 596 Etfiunt
548 552 748 586 novissima
766 547 926 585 hominis
945 550 1050 584 illius

157 599 292 650 'peiora
311 603 454 650 primis.

117 651 275 688 Factum
300 658 350 687 esi
374 658 510 693 tudem,
543 665 620 686 cum
647 651 735 686 haec
761 651 905 693 diceret,
933 651 1049 685 extol-

169 703 246 738 lens
267 716 379 738 rocem
398 701 578 751 quaedam
596 703 728 737 mulier
745 702 785 738 de
804 704 924 742 turba,
951 701 1048 736 dixit
1075 725 1076 734 1

748 109 1140 147 ANNOTATIONES
1170 110 1219 144 IN
1246 111 1546 148 EVANGELtA.

168 753 247 788 illi.-
274 753 416 788 Beatus
433 759 548 787 venter
563 755 628 801 qui
643 759 672 787 ie
686 755 863 801 portarit,
889 759 918 787 e!
938 753 1047 787 ubera
1074 769 1075 772 ¹

165 817 257 852 quae
272 805 419 840 suxisti.
453 805 499 838 Αι·
517 803 580 837 ille
597 803 694 838 dia-it
705 820 711 838 :
743 803 930 851 Quinimo,
952 803 1050 837 beati

168 855 235 903 qui
245 854 403 889 audiunt
417 855 558 889 verbum
569 854 654 897 Dei,
679 861 709 889 et
721 854 927 889 custodian!
941 852 1047 888 illud.

219 940 247 974 l.
300 941 433 980 Locus,
464 940 666 985 Disputatio
699 941 903 986 principalis
931 947 980 973 est
1005 941 1047 972 de

269 992 461 1025 miraculis.

319 1043 373 1075 De
390 1040 614 1086 blasphemis,
642 1049 672 1074 et
691 1043 731 1074 de
747 1042 871 1074 mediis
886 1053 945 1074 seu
961 1052 1045 1073 neu—

272 1093 430 1127 tralibuS.

218 1142 281 1176 Ill.
338 1142 506 1176 Doctrina
529 1144 571 1175 «le
596 1143 719 1174 timore
737 1140 822 1179 Dei,
849 1149 968 1183 contra
993 1153 1045 1173 se-

272 1194 474 1234 curitatem,
513 1205 599 1238 quae
631 1193 726 1237 sequi
755 1193 841 1226 solet
867 1193 1046 1225 liberatio—

270 1256 360 1277 nem.

217 1040 264 1076 11.

436 1326 487 1350 De
521 1326 665 1356 primo.

165 1386 324 1420 Fuerunt
347 1386 513 1419 omnibus
536 1386 751 1429 temporibus
776 1385 857 1417 inde
874 1396 984 1430 usque
1001 1386 1044 1418 ab

62 1437 166 1471 initio
184 1438 306 1469 mundi
324 1444 355 1469 et
366 1435 558 1476 Ecclesiae,
585 1442 616 1468 et
636 1436 825 1479 impiorum
845 1436 959 1480 aliqua
977 1436 1042 1468 mi-

63 1488 200 1527 racula,
232 1495 269 1520 ut
301 1488 392 1531 apud
417 1484 587 1519 Ethnicos
616 1498 716 1529 saepe
749 1493 881 1528 spectra
908 1486 1040 1531 aliquid

63 1538 332 1571 denunciarunt.
378 1537 474 1575 Item,
502 1536 643 1570 Statuae
660 1537 795 1570 locutae
809 1543 900 1569 sunt.
944 1536 1042 1576 Item,

63 1586 208 1622 Calchas
233 1588 403 1631 praedixit
429 1588 520 1627 fore,
547 1594 583 1619 ut
610 1587 760 1629 primurm
788 1587 922 1619 decimo
948 1599 1040 1619 anno

65 1637 171 1672 Troia
188 1645 376 1681 caperetur.
420 1637 550 1679 Quaeri
569 1637 674 1677 igitur
689 1644 811 1680 potest,
838 1638 864 1669 si
883 1638 1040 1670 doctrina

63 1700 103 1722 ex
128 1689 305 1720 miraculis
329 1688 516 1720 iudicanda
543 1694 610 1724 est,
639 1694 715 1719 utra
740 1694 787 1719 est
815 1688 918 1719 vera?
970 1686 1041 1720 Pm-

63 1739 233 1781 spondco:
270 1737 360 1770 Vera
394 1737 643 1769 discernuntur
671 1749 688 1769 a
720 1737 814 1769 falsis
845 1737 1042 1781 dupliciter,

62 1789 215 1832 primum
235 1788 532 1831 impossibilitate,
560 1788 712 1819 secundo
731 1787 871 1820 finibus.

162 1854 319 1887 Primum
345 1855 437 1887 enirn
463 1852 567 1886 habet
589 1852 741 1886 Ecclesia
767 1855 935 1898 quaedam
960 1867 1041 1897 pro-

62 1905 136 1950 pria
162 1905 348 1944 miracula,
376 1916 464 1949 quae
491 1905 653 1936 diabolus
675 1917 745 1936 non
771 1911 883 1947 potest
900 1905 1040 1944 imitari,

62 1963 99 1989 ut
115 1955 411 1989 resuscitationem
431 1962 664 1992 mortuorum,
688 1955 807 1988 sistere
824 1966 962 1987 cursum
976 1955 1040 1989 So-

62 2007 122 2046 lis,
154 2018 260 2038 anum
292 2006 442 2039 sterilem
478 2014 509 2038 ot
541 2006 699 2037 ess'ovtam
733 2005 869 2038 efficere
897 2006 1040 2038 foecun-

61 2058 154 2091 dam.
212 2055 306 2089 Haec
336 2063 370 2090 et
399 2056 525 2088 similia
553 2063 631 2088 snut
657 2056 764 2088 solius
790 2054 977 2096 Eccl·›si.-·‹›‚
1010 2064 1039 2089 ct

62 2113 142 2139 sunt
167 2106 397 2148 impossibilia
423 2106 574 2141 diabolo.
630 2105 712 2139 Ideo
733 2107 901 2139 miracula
922 2105 1040 2139 Eccle-

63 2157 132 2189 siae
156 2157 378 2189 anteferenda
404 2163 482 2189 sunt
506 2155 683 2195 Ethnicis,
713 2164 744 2189 et
768 2163 847 2189 sunt
873 2164 982 2193 certa,
1009 2164 1039 2190 et

62 2207 158 2239 firma
175 2207 372 2240 testimonia
391 2207 570 2239 doctrinae
588 2207 758 2239 divinitus
774 2208 928 2241 traditae.
977 2207 1040 2240 His

62 2258 366 2290 adnumerandum
390 2263 436 2289 cst
451 2284 458 2293 ,
486 2259 578 2301 quod
599 2263 627 2288 et
648 2255 703 2289 hic
723 2258 891 2297 traditur,
919 2258 1040 2291 eiicere

62 2314 314 2352 repugnantem
340 2307 532 2339 diabolum.
584 2305 659 2339 Etsi
687 2308 778 2339 enim
803 2308 964 2341 diabolus
986 2309 1039 2340 in—

62 2359 198 2392 terdum
226 2358 323 2403 qnasi
348 2358 546 2397 colludens,
574 2357 665 2390 cedit
682 2358 782 2390 etiam
802 2359 1040 2401 praestigiato-

62 2409 160 2441 ribus
184 2415 216 2442 et
235 2409 506 2452 impostoribus,
533 2415 645 2440 tamen
664 2405 748 2440 haec
766 2408 907 2448 eiectio,
935 2406 1038 2453 an'm

61 2457 222 2493 Christus
252 2465 285 2491 et
307 2459 468 2503 Apostoli
501 2459 692 2497 faciebant,
737 2465 808 2491 erat
843 2459 1040 2493 dissimilis:

63 2509 247 2543 eiiciebaut
270 2510 363 2542 enim
390 2516 663 2552 repugnantem,
696 2520 767 2541 non
794 2509 1041 2552 colludentem,

62 2559 142 2604 quia
167 2560 268 2592 toties
287 2560 440 2593 clamitat
457 2560 636 2597 diabolus,
662 2571 698 2592 se
715 2566 794 2592 ante
812 2567 946 2604 tempus
963 2573 1040 2594 cru-

62 2610 156 2645 ciari.
196 2609 304 2644 Recte
322 2610 429 2653 igitur
446 2617 707 2651 argumentatur
724 2608 901 2649 Christus,
928 2610 1041 2645 Eiicio

62 2660 240 2694 diabolum
278 2667 530 2705 repugnantem
558 2668 590 2695 et
627 2660 798 2701 invitum,
840 2668 873 2694 et
911 2663 1042 2708 ubique

1075 621 1077 626 ,
1103 598 1188 638 siae,
1215 604 1273 631 ant
1297 596 1516 637 Calchantis,
1545 611 1632 644 quos
1657 600 1742 632 fines
1768 596 1969 632 habebant?

2011 115 2082 148 234

1106 195 1225 235 eiicio,
1252 197 1411 240 quamvis
1437 198 1600 231 atrociter
1624 199 1850 233 saevit-ntem:
1879 210 1959 241 crgo
1985 199 2083 231 eiiciu

1104 245 1224 278 divina
1242 247 1396 290 potentia
1412 255 1598 290 superante
1612 250 1791 282 diabolum
1809 256 2070 293 repugnantem.

1204 296 1406 330 Secundum
1437 298 1624 331 discrimen
1653 301 1860 332 sumendum
1887 307 1935 333 est
1961 313 1977 331 a
2002 300 2082 331 fini—

1102 347 1178 380 bus.
1241 346 1340 380 Finis
1371 347 1620 380 miraculorum
1644 349 1775 382 diaboli
1803 357 1853 383 est
1876 350 2081 391 regulariter

1103 397 1251 430 alicuius
1268 398 1396 430 erroris
1412 403 1470 430 aut
1487 398 1624 430 sceleris
1640 399 1868 433 confirmatio.
1917 398 2080 439 Econtra‚

1103 447 1180 479 finis
1209 447 1459 481 miraculorum
1481 446 1657 481 Ecclesiae
1690 455 1740 482 est
1764 451 1980 483 confirmatio
2005 450 2078 481 veri

1103 498 1234 537 cultus,
1261 505 1294 531 et
1313 498 1483 531 consentit
1508 510 1586 531 cum
1612 500 1718 532 verbo
1734 499 1802 531 iam
1821 506 1900 532 ante
1918 501 2080 539 revelato,

1103 548 1145 580 de
1177 559 1258 580 vero
1284 549 1378 581 cultu
1404 556 1436 581 et
1461 548 1552 582 Filio
1574 547 1650 582 Dei.
1718 547 1765 582 Ut
1790 549 1951 582 vaticinia
1976 549 2079 582 Tire-

2021 598 2080 631 Iu-

1103 649 1231 681 bebant
1249 655 1397 681 mactare
1413 647 1583 683 humanas
1599 647 1748 690 hostias,
1776 656 1809 683 et
1825 649 2079 683 confirmabant

1103 706 1317 742 praesentem
1342 699 1605 733 idolomaniam.
1655 699 1743 732 Cum
1761 708 1873 733 autem
1894 697 1927 732 hi
1946 710 2080 732 errores

1102 750 1171 782 sint
1195 749 1367 783 manifesti
1393 750 1545 787 furores,
1574 756 1606 783 et
1625 750 1765 793 quidem
1785 751 1892 783 multa
1910 751 1976 782 alia
1994 750 2079 783 vitia

1102 797 1334 832 Ethnicorum
1353 800 1581 837 stabilierint‚
1607 801 1689 833 satis
1705 808 1846 844 apparet
1868 799 1951 832 haec
1972 800 2079 832 mira-

1101 850 1177 882 cula
1201 862 1272 882 non
1297 862 1368 882 esse
1383 850 1513 884 divina.
1567 849 1667 883 Talia
1686 851 1854 883 miracula
1870 850 1958 883 fiunt
1975 851 2078 883 etiam

1074 923 1075 932 ,
1100 912 1195 932 nnnc
1220 901 1257 932 in
1281 900 1502 933 invocatione
1526 907 1763 941 mortuorum,
1791 907 1829 933 ut
1855 901 2079 933 confirmetur

1101 951 1260 994 impietas
1278 957 1311 983 et
1330 963 1438 985 error.

1201 1000 1296 1033 Haec
1319 1000 1519 1033 discrimina
1545 1001 1793 1034 miraculorum
1814 1001 1999 1044 diligenter
2014 1002 2078 1034 ob-

1101 1052 1269 1083 servanda
1289 1058 1367 1083 sunt
1379 1078 1386 1089 ,
1411 1058 1450 1084 ut
1463 1051 1708 1084 confirmemus
1723 1052 1858 1084 animos
1875 1059 2012 1085 nostros
2028 1058 2078 1084 te·

1100 1102 1274 1135 stimoniis
1295 1113 1458 1134 verorum
1482 1101 1753 1139 miraculorum,
1786 1108 1815 1135 et
1840 1103 2078 1134 discernamus

1100 1163 1138 1184 ea
1163 1164 1180 1184 a
1203 1152 1407 1195 praestigiis.
1461 1151 1589 1194 Magna
1615 1159 1664 1185 est
1688 1152 1780 1184 enim
1804 1153 1934 1185 diat-oti
1956 1159 2078 1195 poten-

1099 1203 1145 1235 tia
1158 1230 1166 1243 ‚
1194 1210 1227 1236 et
1244 1203 1371 1236 multos
1387 1202 1539 1235 offundit
1554 1214 1688 1235 errores
1705 1201 1869 1235 humanis
1885 1203 2077 1236 mentibus:

1099 1259 1131 1285 et
1155 1254 1320 1285 omnibus
1344 1253 1560 1295 temporibus
1578 1253 1797 1286 confirmavit
1816 1253 1941 1296 impias
1956 1265 2078 1296 super-

1099 1303 1256 1336 stitiones
1279 1303 1488 1346 prodigiosis
1513 1302 1721 1346 quibusdam
1749 1303 1941 1336 eventibus.
1995 1303 2078 1336 Ideo

1099 1353 1283 1385 muniendi
1313 1359 1394 1386 sunt
1422 1353 1471 1396 pii
1504 1353 1612 1385 firmis
1635 1353 1863 1393 testimoniis,
1897 1361 1935 1387 ut
1960 1353 2078 1386 Moses

1097 1404 1284 1447 superabat
1308 1403 1450 1444 Magos,
1487 1404 1534 1436 sic
1555 1401 1709 1436 Ecclesia
1735 1410 1874 1446 superat
1896 1404 2077 1436 diabolum

1099 1454 1297 1497 dupliciter.
1367 1452 1480 1486 Habet
1520 1455 1689 1498 quaedam
1727 1454 1869 1501 propria
1899 1454 2078 1493 miracula,

1097 1516 1185 1549 quae
1210 1504 1339 1537 imitari
1365 1504 1527 1536 diabvlus
1551 1515 1622 1536 non
1646 1511 1766 1547 potest.
1831 1503 1936 1544 ltem,
1972 1504 2077 1536 refert

1097 1566 1134 1587 ea
1160 1567 1230 1587 non
1257 1556 1299 1587 ad
1327 1553 1534 1588 stabilienda
1555 1555 1701 1592 scelera,
1728 1555 1785 1587 s'ed
1804 1555 1845 1587 ad
1865 1555 2077 1587 confirman-

1096 1607 1174 1637 dam
1193 1617 1310 1637 veram
1328 1605 1543 1647 agnitionem
1555 1605 1634 1644 Dei,
1656 1611 1688 1638 et
1705 1605 1980 1638 consentientem
1997 1617 2075 1637 cum

1097 1656 1202 1688 verbo
1220 1655 1285 1688 Dei
1302 1656 1441 1688 traditu.
1494 1653 1565 1686 Has
1583 1655 1717 1697 regulas
1736 1655 2010 1689 meminerimus,

1451 1754 1501 1778 De
1533 1755 1724 1779 secundo.

1196 1806 1335 1839 Dicitur
1364 1804 1420 1839 hic
1443 1807 1620 1850 quoddam
1645 1813 1824 1849 peccatum
1846 1819 1916 1839 non
1938 1808 2076 1840 remitti.

1096 1856 1166 1889 Nec
1191 1869 1278 1900 opus
1297 1864 1345 1890 est
1361 1869 1377 1889 a
1397 1857 1504 1899 priori
1523 1857 1685 1894 definire,
1714 1858 1889 1900 quodnam
1909 1858 1966 1889 sit:
1995 1859 2076 1902 quia

1096 1918 1159 1938 nos
1192 1905 1360 1939 habemus
1393 1908 1618 1946 mandatum,
1653 1914 1691 1940 nt
1721 1918 1861 1949 agamus
1892 1908 2075 1950 poeniten-

1096 1959 1198 1996 tiam,
1226 1965 1255 1990 et
1280 1958 1462 1989 credamus
1486 1957 1602 1989 omnia
1630 1964 1765 2000 peccata
1789 1957 1930 1990 remitti.
1984 1957 2076 1991 Huic

1096 2008 1234 2049 regulae
1258 2019 1394 2040 necesse
1420 2014 1467 2039 est
1494 2008 1754 2051 obtemperare,
1789 2008 1869 2052 quia
1895 2008 2075 2041 universa-

1096 2058 1174 2090 liter
1207 2070 1287 2090 vera
1323 2064 1371 2091 est
1402 2058 1592 2091 sententia:
1630 2058 1751 2090 Gratia
1784 2059 1949 2091 exuberat
1971 2070 2075 2102 supra

1096 2115 1284 2151 peccatum.
1338 2107 1440 2142 Item:
1474 2107 1518 2142 Et
1537 2109 1608 2152 ipse
1627 2115 1675 2141 est
1693 2108 1898 2151 propiciatio
1918 2121 1979 2152 pro
1998 2121 2075 2152 pec-

1095 2159 1177 2191 catis
1208 2158 1356 2195 nostris,
1392 2171 1462 2190 non
1494 2171 1559 2204 pro
1585 2159 1712 2191 nostris
1736 2165 1890 2195 tantum,
1927 2160 1983 2191 scd
2012 2172 2075 2202 pro

1095 2210 1242 2251 pcccatis
1259 2209 1364 2242 totius
1381 2210 1516 2244 mundi.
1557 2208 1623 2242 Sed
1643 2209 1861 2241 manifestum
1881 2216 1941 2247 est,
1969 2221 2074 2253 quos-

1094 2260 1172 2291 dam
1200 2260 1375 2292 mordicus
1398 2267 1515 2292 tenere
1536 2267 1740 2303 perpetuum
1758 2265 1991 2300 contemtum,
2020 2260 2074 2291 vel

1094 2310 1212 2342 odium
1239 2308 1391 2346 Christi,
1428 2311 1528 2343 etiam
1556 2317 1674 2343 contra
1701 2309 1962 2342 conscientiam.
2026 2309 2073 2342 Hi

1094 2372 1158 2392 nec
1191 2361 1315 2394 volunt
1348 2361 1500 2393 oblatam
1535 2360 1774 2393 remissionem
1803 2360 1976 2403 accipere,
2010 2372 2073 2392 uec

1094 2411 1217 2444 volunt
1239 2413 1395 2449 credere,
1424 2412 1481 2443 sed
1508 2417 1565 2443 aut
1585 2410 1695 2443 securi
1713 2410 1959 2452 superbissime
1977 2410 2072 2442 deri-

1094 2462 1178 2495 dent
1194 2460 1446 2503 Evangelium,
1473 2468 1533 2495 aut
1558 2462 1713 2493 furenter
1737 2462 1897 2494 oderunt.
1949 2460 2001 2493 De
2020 2458 2072 2493 his

1093 2523 1110 2544 a
1131 2513 1323 2556 posteriore
1342 2512 1551 2551 iudicemus,
1579 2509 1704 2544 babere
1723 2522 1778 2542 eos
1795 2518 1969 2552 peccatum
1987 2523 2071 2544 con-

1094 2569 1143 2594 tra
1165 2562 1334 2606 Spiritum
1361 2569 1537 2601 sanctum,
1564 2562 1643 2605 quia
1670 2562 1704 2592 in
1724 2560 1783 2592 illo
1803 2568 1968 2604 perpetuo
1987 2573 2072 2595 con-

1093 2619 1220 2651 temtu,
1256 2613 1309 2646 vel
1341 2613 1422 2646 odio
1447 2611 1577 2645 Christi
1611 2611 1811 2652 discedunt,
1845 2617 1879 2644 et
1899 2620 2006 2646 ruunt
2032 2612 2068 2644 in

1092 2669 1269 2697 aeternam
1287 2664 1395 2703 iram,
1421 2663 1509 2696 sicut
1527 2661 1650 2704 ludas,
1677 2667 1709 2694 et
1726 2661 1867 2694 similes.
