2409 2915
268 95 317 129 87

272 180 387 213 siones
409 179 496 212 vitat
522 189 539 210 a
566 175 641 210 Deo
664 171 884 218 prohibitas,
911 177 946 205 et
961 177 1013 204 est
1031 170 1068 203 in
1088 169 1254 213 coniugio

273 241 410 263 servare
427 229 504 262 iura
524 224 692 268 coniugii.
745 221 996 266 Temperantia
1029 228 1078 255 est
1094 221 1256 254 modera-

273 281 323 314 tio
359 280 397 312 in
423 280 501 312 cibo
532 284 565 310 et
592 282 697 320 potu,
733 280 879 308 naturae
910 283 1100 320 corporum
1128 283 1257 305 conve-

274 341 388 365 mens.

377 397 505 430 Tradit
530 395 638 440 igitur
661 393 793 428 Paulus
827 391 1068 426 dulcissimam
1099 390 1260 423 consola-

274 450 406 483 tionem
425 447 673 492 opponendam
692 443 870 490 hypocrisi
880 439 1154 481 Monachorum,
1178 440 1260 485 quia

274 510 432 543 expresse
447 498 617 538 affirmat,
645 493 932 529 Matresfamilias
948 493 985 524 in
1003 492 1180 535 coniugio,
1206 503 1262 523 re-

274 551 426 583 tinentes
459 549 562 582 fidem
600 555 631 581 et
667 547 797 579 bonam
832 543 1105 583 conscientiam,
1149 543 1263 575 salvas

275 601 362 634 fieri.
415 598 517 633 Hanc
533 598 733 632 doctrinam
752 602 868 629 extare
894 594 931 626 in
950 593 1106 632 Ecclesia
1124 603 1262 626 necesse

275 658 325 685 est
351 657 472 684 contra
503 648 673 682 fanaticos
695 644 878 685 homines,
914 644 975 689 qui
1005 644 1168 687 coniugia
1201 644 1263 676 (la-

273 707 455 735 mnarunt.

377 766 608 801 Removenda
631 771 681 797 est
703 763 805 797 etiam
824 762 892 795 alia
909 761 1085 795 cavillatio
1109 761 1265 801 illorum,

277 818 337 863 qui
361 815 428 850 hoc
454 817 548 850 dicto
573 815 676 848 Pauli
702 815 898 847 abutuntur
920 814 963 846 ad
986 812 1263 845 confirmandam
1288 811 1291 864 1

276 868 484 912 opinionem
507 863 790 905 Monachorum‚
819 875 908 908 quae
924 863 1025 906 fingit
1040 864 1132 896 bona
1160 874 1263 906 opera

277 930 349 952 esse
385 918 508 952 merita
535 924 568 950 et
593 916 750 960 precium
778 915 868 947 vitae
891 921 1069 953 aeternae,
1103 913 1185 958 quia
1210 913 1265 945 di—

278 976 371 1003 ctum
387 969 448 1003 sit:
478 968 644 1003 Salvatur
663 966 790 999 mulier
815 977 876 1008 per
894 965 1047 997 filiorum
1066 964 1265 1007 generatio-

278 1032 373 1054 nem.

278 1071 363 1104 dicit
382 1082 453 1104 esse
471 1070 595 1103 merita
611 1075 670 1101 aut
690 1067 847 1111 precium
858 1067 950 1099 vitae
969 1072 1140 1107 aeternae,
1158 1077 1266 1110 quare
1290 1087 1291 1090 =

279 1128 312 1155 et
331 1121 447 1155 statim
462 1120 544 1153 fidei
568 1119 785 1152 mentionem
803 1117 896 1152 facit.
951 1117 1043 1150 Cum
1069 1123 1185 1149 autem
1211 1117 1265 1148 di-

278 1172 343 1212 cit,
369 1173 397 1206 si
417 1171 586 1204 manserit
602 1171 638 1202 in
657 1169 743 1209 fide,
772 1168 805 1201 id
825 1175 894 1206 est,
921 1168 1103 1211 agnitione
1122 1167 1205 1203 Dei,
1234 1161 1279 1200 et*

279 1223 405 1255 fiducia
430 1221 661 1263 Mediatoris,
698 1231 779 1252 mox
803 1219 958 1253 excludit
989 1219 1193 1262 opinionem
1222 1218 1266 1251 de

278 1273 414 1307 meritis
431 1283 590 1317 operum.

379 1339 449 1373 Sed
473 1337 540 1372 hoc
570 1338 695 1376 sentit,
730 1337 826 1382 quod
849 1336 1050 1380 saepissime
1076 1336 1264 1379 repetitum

280 1396 330 1423 est
349 1390 387 1422 in
405 1389 636 1423 concionibus
655 1387 809 1427 Christi,
837 1384 1096 1431 Prophetarum
1117 1394 1149 1420 et
1168 1385 1266 1430 Apo—

279 1441 472 1481 stolorum,
500 1447 661 1484 oportere
687 1439 723 1472 in
748 1438 879 1472 renatis
903 1449 976 1471 esse
1002 1438 1123 1477 fidem,
1151 1444 1184 1470 et
1211 1437 1266 1470 iu-

279 1491 416 1525 sticiam
444 1492 558 1525 bonae
584 1489 837 1529 conscientiae,
865 1489 955 1523 sicut
979 1488 1112 1533 inquit:
1146 1487 1266 1521 Miltia

279 1543 410 1576 bonam
427 1541 591 1576 militiam
611 1539 744 1575 habens
763 1540 866 1574 fidem
886 1547 917 1573 et
936 1540 1065 1573 bonam
1086 1539 1265 1572 conscien-
1291 1564 1292 1593 Ξ

866 84 992 121 PHlL.
1019 81 1135 119 MEL.
1159 81 1368 134 SCRIPTA
1396 79 1695 117 EXEGETICA.

428 1019 660 1064 Nequaquam
686 1017 779 1050 enim
805 1015 936 1049 Paulus
959 1015 1119 1048 mulieris
1151 1014 1264 1047 officia
1290 1035 1291 1042 η

2245 83 2294 117 88

1306 169 1402 203 tiam.
1453 166 1557 202 Item:
1586 166 1706 201 Nolite
1733 178 1869 208 errare,
1895 173 2124 209 scortatores,
2151 167 2295 202 adulte-

1306 219 1358 257 ri,
1386 216 1584 252 homicidae
1599 225 1662 252 etc.
1687 229 1760 252 non
1786 224 1868 252 sunt
1883 215 2053 252 haeredes
2068 218 2162 252 vitae
2179 225 2296 252 aeter-

1307 281 1384 303 nae.
1446 268 1594 314 Semper
1617 276 1734 304 autem
1765 269 1804 302 in
1826 268 2095 303 enumeratione
2122 269 2299 303 virtutum

1308 321 1346 354 fit
1370 320 1503 354 mentio
1529 332 1697 365 operum,
1723 331 1813 365 quae
1833 326 1915 354 sunt
1931 319 2076 365 propria
2095 319 2296 353 vocationis

1310 370 1548 414 singulorum,
1581 377 1620 405 ut
1642 368 1820 404 Iohannes
1841 370 1928 405 dicit
1954 370 2144 405 militibus:
2172 368 2299 404 Nemi-

1310 433 1390 455 nem
1412 421 1640 462 concutiatis,
1674 433 1789 466 neque
1820 421 2111 460 calumniamini,
2147 427 2181 455 et
2213 432 2300 455 con-

1312 472 1401 506 tenti
1425 480 1533 507 estote
1557 472 1743 516 stipendiis
1760 472 1897 507 vestris.
1949 471 1997 507 Ut
2013 472 2122 516 igitur
2138 472 2300 516 singulos

1312 525 1356 557 (le
1381 534 1462 556 suae
1487 523 1681 558 vocationis
1709 522 1833 556 officiis
1859 524 2051 557 admonere
2075 534 2215 557 necesse
2240 530 2303 564 est,

1313 575 1360 608 ita
1379 570 1438 606 hic
1456 572 1587 607 Paulus
1608 573 1780 607 matribus
1798 573 2030 608 concionatur
2048 574 2092 607 de
2118 574 2302 608 laboribus

1313 631 1451 669 partuS‚
1485 624 1731 658 nutricationis
1763 631 1798 657 et
1821 624 2051 658 educationis.
2112 623 2158 657 Et
2182 631 2302 658 tamen

1287 685 1290 712 J
1313 681 1430 708 manet
1446 675 1545 708 firma
1563 676 1752 716 sententia,
1779 681 1924 719 propter
1941 673 2179 708 Mediatorem
2196 675 2304 718 gratis

1287 717 1291 785 4
1315 726 1388 759 sola
1406 725 1472 758 fide
1491 726 1598 770 recipi
1618 733 1651 760 et
1668 727 1804 770 placere
1821 737 2027 770 personam,
2056 737 2130 758 non
2157 732 2304 769 propter

1288 800 1290 802 -
1315 776 1494 820 propriam
1519 777 1744 820 dignitatem,
1767 777 1857 811 sicut
1878 784 1911 810 et
1934 777 1971 809 in
1990 775 2132 810 Psalmo
2158 775 2304 810 dicitur:

1289 870 1291 876 ἲ
1315 827 1394 861 Non
1419 827 1668 861 iustificabitur
1690 828 1727 861 in
1745 835 1933 873 conspectu
1954 835 2014 862 tuo
2033 826 2150 860 omnis
2169 827 2304 861 vivens.

1290 898 1291 902 =
1318 878 1424 917 ltem,
1448 877 1556 912 Rom.
1576 881 1626 914 3.:
1655 877 1791 912 Omnes
1815 886 1916 923 egent
1944 878 2054 922 gloria
2083 876 2169 916 Dei,
2203 878 2305 912 iusti-

1288 938 1291 978 ᾗ
1315 930 1461 962 ficamur
1479 935 1596 963 antem
1611 930 1719 972 gratis
1738 930 1806 963 fide
1825 936 1969 974 propter
1986 927 2119 962 Filium
2137 935 2201 964 etc.
2233 928 2306 962 Hie

1288 991 1291 1025 g
1315 986 1432 1013 mente
1458 987 1618 1024 repetant
1650 981 1799 1013 studiosi
1826 981 1998 1024 integram
2025 979 2226 1013 doctrinam
2263 981 2307 1013 de

1290 1046 1291 1056 π
1316 1031 1384 1063 fide
1402 1037 1436 1064 et
1451 1031 1494 1064 de
1511 1030 1696 1074 operibus,
1723 1036 1762 1064 ut
1777 1031 1815 1063 in
1832 1031 2051 1065 confessione
2066 1029 2306 1064 Ecclesiarutn

1290 1113 1291 1119 ,
1317 1087 1518 1115 nostrarum
1536 1082 1715 1116 recitatur.

1419 1131 1471 1165 De
1507 1140 1748 1166 matronarum
1793 1132 1916 1166 officiis
1951 1133 2061 1167 multa
2104 1131 2308 1166 dulcissime

1317 1183 1445 1227 scripta
1461 1190 1542 1217 sunt
1561 1184 1597 1216 in
1615 1183 1811 1217 multorum
1829 1183 1980 1227 scriptis.
2029 1182 2116 1217 Inde
2141 1183 2184 1216 ad
2200 1180 2309 1216 huius

1317 1233 1387 1266 loci
1420 1235 1680 1267 enarrationem
1715 1234 1900 1267 transferri
1945 1233 2088 1276 longior
2123 1232 2309 1277 explicatio

1317 1291 1444 1328 posset.
1499 1284 1567 1318 Sed
1586 1284 1686 1318 nolui
1703 1284 1875 1327 prolixior
1894 1295 1980 1319 esse.
2013 1281 2091 1317 Oro
2112 1290 2229 1317 autem
2249 1281 2309 1317 Fi-

1318 1335 1405 1368 lium
1425 1335 1493 1369 Dei
1511 1334 1706 1368 Dominum
1727 1341 1888 1368 nostrum
1901 1333 2017 1368 Iesum
2027 1332 2209 1368 Christum
2228 1345 2308 1367 cru-

1318 1385 1457 1419 cifixum
1483 1398 1547 1430 pro
1565 1386 1671 1424 nobis
1689 1392 1723 1419 et
1740 1385 1986 1420 resuscitatum
2002 1412 2011 1425 ,
2039 1385 2222 1419 custodem
2239 1382 2310 1417 Ec-

1318 1436 1443 1470 clesiae
1459 1448 1561 1477 suae,
1592 1443 1631 1470 ut
1654 1436 1845 1470 clementer
1864 1443 1898 1470 et
1914 1434 2091 1470 Ecclesias
2112 1442 2146 1469 et
2162 1434 2310 1469 Politias

1318 1493 1351 1521 et
1361 1484 1602 1521 Oeconomias
1614 1494 1752 1522 nostras
1763 1488 1935 1530 gubernet
1946 1494 1978 1521 et
1989 1493 2159 1532 protegat.
2179 1484 2308 1522 Amen.

1734 1555 1808 1578 Laus
1833 1553 1899 1578 Deo.
