2409 2915
653 622 718 665 ΙΝ
752 622 1160 668 EVANGELIUM
1192 624 1441 668 IOANNIS
1476 625 1949 670 ANNO'I'ATIONES

981 705 1173 737 rumen
1214 705 1613 739 MELANcm'flole.

464 864 572 911 Legis
595 869 626 899 et
647 862 855 912 Evangelii
875 862 1098 913 differentia.

285 934 398 1002 Quid
421 955 559 991 intersit
586 957 679 992 inter
701 957 830 1001 Legem
856 964 889 991 et
904 956 1156 1001 Evangdium,
1188 958 1274 991 alias

286 1007 420 1040 dictum
445 1014 506 1043 est.
559 1007 662 1042 Nunc
686 1009 768 1042 satis
792 1015 842 1043 est
865 1020 1028 1047 monere,
1064 1009 1174 1052 legem
1200 1021 1273 1042 esse

286 1068 376 1102 quae
402 1057 572 1102 praecipit
594 1059 774 1099 facienda,
798 1058 1033 1103 Evangelium
1057 1070 1130 1092 esse
1147 1061 1272 1093 remis-

285 1107 420 1140 sionem
444 1115 666 1153 peccatorum
692 1117 725 1144 et
746 1110 974 1144 donationem
992 1109 1147 1154 Spiritus
1161 1111 1270 1145 sancti

283 1169 345 1202 per
357 1156 550 1195 Christum.
604 1159 808 1205 Scripturae
825 1161 954 1194 veteris
970 1162 1167 1195 testamenti
1185 1174 1271 1194 ven-

282 1215 403 1243 turum
421 1207 602 1244 Christum
628 1211 798 1246 indicant.
850 1210 942 1245 Novi
968 1213 1164 1246 testamenti
1193 1213 1268 1246 lite-

283 1271 342 1293 rae
371 1260 441 1294 iam
464 1261 667 1305 apparuisse
691 1269 875 1297 testantur.
936 1262 1028 1296 Sunt
1055 1270 1170 1297 autem
1197 1264 1270 1308 pri-

281 1322 380 1343 mum
412 1311 481 1345 tria
504 1309 698 1356 Evangelia
729 1313 877 1357 scripta,
920 1311 1112 1353 Matthaei,
1145 1313 1270 1355 Marci,

280 1359 408 1401 Lucae,
436 1362 531 1396 iuxta
549 1363 654 1397 illud:
683 1363 724 1396 ln
739 1376 800 1397 ore
815 1365 967 1397 duorum
985 1370 1043 1396 aut
1060 1364 1167 1397 trium
1184 1377 1269 1397 con-

280 1412 445 1445 stituetur
463 1424 568 1446 omne
584 1425 718 1448 verum.
771 1413 894 1447 Postea
909 1414 1124 1447 novantibus
1141 1413 1168 1458 ¹)
1186 1412 1269 1447 hae-

280 1462 398 1496 reticis
414 1460 573 1502 Ebione,
599 1462 784 1497 Marcione
807 1471 840 1498 et
856 1461 1057 1510 Ceryntho,
1086 1465 1144 1508 qui
1164 1463 1268 1499 Chri-

280 1520 372 1548 stum
396 1514 572 1558 negabant
595 1512 710 1548 Deum
735 1526 825 1555 esse,
852 1521 992 1548 coactus
1016 1521 1066 1548 est
1091 1513 1268 1548 Iohannes

279 1563 424 1597 iliorum
459 1564 675 1608 impietatem
710 1565 839 1609 scripto
876 1576 1074 1607 coarguere.
1146 1564 1267 1610 Itaque

278 1611 448 1648 Iohannis
474 1612 710 1658 Evangelium
743 1623 793 1650 est
822 1615 917 1649 velut
950 1615 1146 1649 auctarium
1177 1617 1266 1649 alio-

276 1676 367 1699 rum.
421 1663 523 1708 Quae
540 1665 633 1699 enim
651 1666 847 1700 omiserunt
864 1666 916 1699 illi
934 1666 970 1699 in
986 1665 1131 1699 historia
1148 1679 1265 1700 rerum

276 1728 293 1749 a
309 1713 452 1750 Christo
473 1723 666 1760 gestarum,
692 1729 728 1750 ea
751 1714 926 1751 lohannes
941 1717 1089 1753 addidit.
1141 1716 1265 1762 Expli-

275 1773 329 1801 cat
358 1774 390 1801 et
423 1768 594 1813 quaedam
629 1767 752 1808 latius,
785 1780 874 1813 quae
900 1768 953 1801 illi
978 1768 1098 1812 paucis
1125 1775 1260 1802 tautum

273 1818 552 1862 perstrinxeram
567 1818 609 1863 ²).
663 1817 880 1852 Ilistoricum
905 1819 1073 1852 narrandi
1098 1821 1260 1852 ordinem

273 1869 436 1903 observat
455 1867 630 1903 lohannes
649 1870 685 1902 in
703 1881 764 1909 eo,
792 1871 886 1915 quod
903 1868 1086 1903 historiam
1102 1871 1144 1903 de
1157 1868 1259 1904 (Thri-

273 1926 326 1953 sto
358 1920 553 1963 scripturus
582 1920 735 1964 primum
764 1921 842 1964 quis
868 1921 912 1954 sit
934 1921 1095 1963 exponit,
1131 1922 1259 1955 deinde

272 1981 335 2003 cur
350 1971 505 2008 venerit,
534 1977 709 2014 postremo
728 1971 812 2015 quid
832 1971 985 2013 gesserit.
1040 1970 1083 2004 lit
1105 1972 1256 2015 priuuun

271 2021 413 2066 quidem
438 2033 456 2054 a
482 2021 668 2055 divinitate
692 2020 823 2055 Christi
852 2023 997 2055 ceditur.
1063 2021 1129 2055 llic
1155 2024 1256 2056 uobis

270 2083 343 2105 non
360 2070 427 2105 hoc
445 2072 527 2105 satis
546 2079 613 2113 est,
641 2073 792 2112 discere,
816 2074 910 2117 quod
924 2072 1086 2106 Christus
1104 2074 1149 2107 sit
1163 2073 1256 2107 Deus

270 2130 302 2156 et
322 2120 448 2163 homo,
476 2130 507 2156 ct
529 2135 598 2168 quo
616 2125 721 2157 modo
742 2131 888 2158 naturae.
907 2124 986 2157 iliae
1006 2124 1172 2167 coniungi
1194 2138 1255 2169 po—

269 2174 421 2215 tuerint,
445 2181 479 2208 et
502 2172 710 2209 huiusmodi
731 2175 840 2209 multa
859 2182 979 2218 arguta
993 2202 1000 2215 ,
1029 2177 1086 2208 sed
1109 2173 1172 2209 hoc
1192 2189 1254 2220 po-

268 2225 338 2259 tius
357 2232 406 2258 est
425 2226 750 2270 consyderandum‚
779 2238 841 2259 cur
857 2227 1051 2270 oportuerit
1068 2239 1165 2264 cum.
1193 2229 1252 2272 qui

270 2276 511 2309 remissionem
523 2284 745 2320 peccatorum
759 2284 831 2311 erat
845 2277 1117 2322 praedicaturus,
1139 2277 1251 2311 Deum

268 2339 350 2362 esse.
407 2327 592 2361 Ebionitae
613 2334 714 2369 sunt,
741 2328 801 2373 qui
824 2335 952 2371 negant
968 2326 1098 2362 Christi
1121 2330 1251 2362 ‹lisini-

268 2385 384 2411 tatem.
438 2377 497 2411 Bis
515 2377 702 2413 Ebionitae
727 2386 826 2418 sunt,
854 2379 914 2424 qui
940 2391 1018 2412 cum
1035 2377 1177 2413 Christo
1196 2381 1251 2413 di-

264 2430 444 2463 vinitatem
463 2429 643 2468 tribuant,
669 2443 706 2463 ea
726 2438 841 2464 tamen
860 2443 931 2463 non
951 2437 1111 2465 utuntur.

368 2480 529 2514 Pontifex
560 2482 594 2513 in
630 2482 701 2523 lege
730 2482 896 2514 lamiuavu
927 2482 1112 2522 gor-ebat&
1147 2494 1248 2526 supra

265 2533 435 2571 frontem,
463 2532 518 2564 cui
540 2532 746 2577 inscriptum
765 2540 836 2566 erat
858 2546 985 2565 noim-n
1005 2532 1080 2569 Dei.
1137 2531 1246 2566 Exn-li

297 2659 324 2683 t]
343 2658 429 2680 stc-ror
458 2659 652 2686 nim-munus,
678 2666 710 2683 ex
732 2659 836 2683 mondo.

291 2694 321 2718 2)
340 2693 404 2716 Tnh.
421 2695 666 2722 peruritur-erunt,
773 2693 799 2716 ³)
820 2695 884 2717 Tuti.
905 2694 1027 2723 [rr-that*

1325 850 1498 887 XXVIII.
1526 849 1572 885 Et
1589 851 1726 887 addidit
1742 859 1878 896 textus,
1906 860 1944 887 ut
1959 853 2005 887 sit
2021 854 2176 898 placatus
2189 857 2219 890 ei
2237 855 2312 891 Do-

1324 902 1461 943 minus,
1489 914 1559 948 quo
1581 902 1772 946 significata
1789 909 1840 937 est
1858 903 1894 936 in
1913 902 2082 938 Pontifice
2097 903 2239 941 Christo
2255 907 2311 941 di-

1324 953 1475 994 vinitus,
1508 960 1540 986 et
1570 961 1715 998 propter
1745 966 1851 1000 quarn
1884 954 2040 999 placatus
2064 956 2108 990 sit
2131 957 2163 990 ei
2189 965 2222 992 et
2246 958 2311 992 toti

1323 1004 1398 1037 eius
1430 1004 1569 1049 corpori
1600 1011 1699 1047 pater
1713 1004 1743 1050 ⁴)
1778 1012 1810 1040 et
1839 1017 1902 1050 per
1926 1017 2031 1050 quam
2056 1007 2312 1043 benedicantur

1322 1066 1447 1088 omnes
1469 1056 1663 1089 credentes:
1692 1055 1810 1102 Atque
1832 1056 1879 1090 ita
1897 1054 1987 1090 nihil
2004 1058 2168 1093 dubitent
2186 1059 2229 1093 de
2247 1072 2310 1093 vo-

1322 1105 1458 1140 luntate
1488 1107 1597 1150 patris
1628 1118 1709 1150 erga
1734 1119 1770 1141 se
1793 1107 1855 1153 qui
1879 1105 2022 1142 Christo
2046 1110 2213 1148 credunt,
2249 1111 2309 1144 sed

1321 1156 1529 1201 simpliciter
1558 1158 1670 1192 sciant
1686 1156 1737 1204 ⁵),
1775 1160 1888 1203 quod,
1929 1159 2020 1193 sicut
2049 1157 2182 1195 Christi
2216 1168 2310 1199 sunt,

1321 1208 1369 1241 ita
1387 1207 1458 1252 ete)
1479 1208 1589 1252 patris
1605 1209 1688 1249 sint,
1715 1209 1796 1255 quia
1807 1206 1969 1243 Christus
1978 1208 2074 1244 Deus
2089 1218 2151 1246 est.
2204 1210 2311 1246 Rom.

1320 1266 1460 1292 octavo:
1489 1258 1526 1293 Si
1551 1258 1647 1293 Deus
1673 1272 1736 1303 pro
1759 1260 1883 1301 nobis,
1911 1261 1989 1305 quis
2014 1269 2135 1296 contra
2160 1274 2224 1296 nos
2246 1269 2307 1297 ete.

1322 1308 1408 1342 Item
1425 1309 1538 1343 Exodi
1563 1310 1743 1353 trigesimo
1767 1311 1871 1345 tertio
1895 1311 1944 1345 ait
1959 1310 2092 1345 Moses:
2120 1311 2160 1347 Si
2178 1325 2250 1346 non
2269 1319 2308 1347 tu

1320 1360 1393 1402 ipse
1418 1361 1601 1403 praecedas
1626 1373 1709 1400 nos,
1746 1373 1790 1394 ne
1814 1363 1940 1395 educas
1966 1373 2031 1395 nos
2055 1364 2100 1396 de
2125 1363 2203 1397 loco
2228 1364 2305 1398 isto.

1319 1406 1371 1441 Ex
1398 1407 1461 1442 hac
1485 1407 1633 1444 historia
1655 1411 1757 1444 multi
1779 1418 1860 1445 sunt
1881 1409 2138 1456 Prophetarum
2162 1415 2305 1459 accepti,

1317 1458 1441 1493 Esaiae
1479 1461 1774 1506 quiuquagesimo
1804 1463 1976 1496 secundo:
2021 1461 2205 1498 Praecedit
2241 1476 2305 1498 nos

1317 1508 1412 1543 Deus
1446 1509 1562 1545 Isra'e'l.
1616 1510 1663 1545 Et
1693 1509 1897 1556 Sophoniae
1929 1512 2049 1546 tertio:
2083 1512 2160 1549 Rex
2194 1513 2304 1549 Israe'l

1317 1560 1417 1593 Deus
1435 1560 1472 1593 in
1490 1561 1607 1594 medio
1625 1562 1750 1601 vestri,
1778 1573 1851 1595 non
1868 1562 2036 1596 timebitis
2053 1564 2184 1597 malum
2200 1565 2305 1601 ultra.

1318 1609 1359 1643 In
1376 1607 1431 1644 his
1449 1611 1665 1655 praedictum
1683 1619 1751 1653 est,
1777 1613 1871 1658 quod
1889 1612 1971 1658 quia
1990 1613 2066 1647 viae
2083 1611 2304 1650 Christiano-

1316 1673 1394 1695 rum
1409 1669 1493 1696 sunt
1508 1662 1585 1695 viae
1600 1662 1714 1696 crucis
1733 1669 1765 1697 et
1782 1663 1922 1704 mortis,
1949 1675 1993 1696 ne
2008 1664 2190 1707 dubitent,
2216 1667 2302 1712 quin

1316 1713 1387 1746 sint
1419 1713 1606 1751 salutares,
1648 1713 1730 1758 quia
1760 1713 1837 1747 viae
1860 1713 1928 1747 Dei
1959 1719 2069 1756 sunt‚'
2106 1716 2143 1749 in
2174 1718 2304 1763 quibus

1317 1764 1427 1807 praeit
1448 1764 1551 1797 nobis
1569 1761 1749 1805 Christus,
1776 1764 1837 1810 qui
1854 1762 1950 1798 Deus
1974 1772 2043 1807 est,
2066 1773 2105 1800 ut
2128 1779 2173 1801 ne
2197 1768 2302 1803 dubi-

1315 1821 1444 1855 temus,
1488 1815 1574 1859 quiu
1615 1815 1748 1848 nullius
1784 1823 1962 1850 creaturae
2000 1818 2156 1860 potentia
2188 1831 2303 1864 neque

1315 1872 1426 1898 morte
1442 1877 1556 1910 neque
1571 1873 1709 1910 peccato
1727 1866 1898 1909 possimus
1913 1867 2066 1911 opprimi
2078 1892 2088 1907 ,
2115 1868 2160 1908 ii,
2185 1870 2246 1915 qui
2265 1870 2299 1903 in

1312 1914 1454 1950 Christo
1479 1928 1610 1950 sumus.
1662 1915 1757 1950 Haec
1779 1917 1861 1951 satis
1883 1917 1928 1951 sit
1945 1918 2144 1959 monuisse,
2170 1932 2250 1954 nam
2268 1929 2301 1955 et

1315 1966 1463 2001 {oannes
1494 1974 1610 2011 postea
1643 1967 1816 2001 rationem
1841 1968 2000 2002 subiiciet
2013 1968 2063 2012 ⁷),
2099 1981 2163 2003 cur
2185 1969 2298 2005 Deum

1310 2019 1506 2062 oportuerit
1524 2029 1596 2051 esse
1612 2015 1813 2058 Christum,
1844 2018 1979 2064 inquit,
2007 2019 2079 2062 Qui
2097 2027 2146 2054 est
2164 2020 2199 2054 in
2218 2022 2298 2056 sinu

1310 2069 1437 2112 patris,
1464 2070 1537 2114 ipse
1562 2068 1737 2102 enarravit
1757 2069 1871 2105 nobis.
1923 2067 1970 2104 Et
1987 2069 2096 2104 infra:
2124 2070 2182 2106 Sic
2203 2070 2298 2107 Deus

1309 2120 1429 2153 dilexit
1449 2120 1622 2153 mundum
1641 2128 1705 2154 ete.

1411 2171 1517 2214 Quod
1536 2171 1571 2203 in
1590 2171 1663 2213 tege
1681 2168 1900 2215 prohibitum
1919 2171 1996 2212 fuit,
2024 2183 2068 2205 ne
2084 2173 2163 2218 quis
2179 2174 2296 2209 curio-

1308 2222 1379 2255 sius
1403 2229 1520 2256 saucta
1547 2228 1747 2254 sanctornm
1773 2223 2034 2266 specularetur.
2063 2223 2295 2268 significatum

1307 2282 1377 2312 est,
1407 2274 1540 2307 uuilam
1568 2271 1759 2306 humanam
1788 2273 2035 2316 cogitationem
2059 2275 2103 2307 ad
2131 2287 2186 2309 res
2201 2277 2293 2310 divi-

1307 2337 1368 2360 nas
1384 2333 1416 2359 et
1434 2321 1807 2368 incomprehensibiles
1821 2325 1930 2364 carni.
1958 2324 2176 2359 referendam
2193 2338 2273 2363 esse.

1410 2376 1529 2419 Quare
1550 2381 1581 2408 et
1609 2372 1665 2408 hic
1690 2376 1734 2408 de
1753 2375 1977 2418 aeternitate,
2005 2376 2048 2409 de
2066 2374 2173 2409 Verbi
2194 2378 2291 2420 geni-

1305 2436 1399 2467 tura,
1434 2429 1546 2472 deque
1579 2423 1781 2459 huiusmodi
1813 2426 1987 2472 mysteriis
2016 2426 2207 2461 dicendum
2242 2437 2291 2464 est

1304 2480 1442 2525 paucis,
1471 2490 1515 2511 ne.
1539 2489 1605 2523 qua
1632 2474 1786 2510 humana
1812 2477 2022 2521 cogitatione
2040 2477 2292 2514 subvertantur

1302 2531 1444 2565 curiosi.
1500 2528 1587 2562 mam
1612 2539 1690 2561 cum
1710 2534 1832 2561 natura
1852 2528 1894 2562 sit
1913 2528 2077 2571 ignorans
2095 2527 2177 2570 Dei,
2205 2543 2288 2564 eon-

1275 2571 1277 2586 i

1273 2591 1276 2632 ἱ

1790 2654 1820 2679 ,η
1839 2655 1931 2678 secer.
1949 2655 2062 2680 sciunt:
2088 2655 2225 2678 nendo-ei

1336 2661 1364 2683 Η
1387 2657 1486 2688 pavr]
1506 2654 1570 2677 Tui».
1590 2654 1684 2683 eaput.

1783 2687 1814 2716 ⁷)
1833 2688 1897 2712 rub.
1918 2690 2043 2713 saum«.

1333 2695 1363 2718 G)
1386 2694 1410 2714 rt
1432 2691 1530 2713 excidit
1552 2689 1583 2711 ad
1605 2691 1699 2712 secer.
