2409 2915
255 94 328 131 947

363 176 467 210 Tales
496 181 581 209 tunc
603 179 704 207 erant
730 169 930 211 Pharisaei,
963 170 1024 216 qui
1047 182 1251 216 quanquam
1276 173 1281 219 ξ

264 228 448 262 manifesta
470 224 640 258 miracula
666 223 854 263 videbant,
880 229 997 256 tamen
1017 220 1251 265 interrogant:
1278 225 1280 269 ζ

266 280 346 321 Qua
374 282 542 320 potestate
569 272 654 308 haec
679 274 786 308 facis'?
842 272 923 306 [deo
943 269 1107 306 Christus
1130 283 1252 305 eorum
1277 277 1280 287 ’

265 335 446 373 peccatum
473 325 643 360 discernit
667 325 711 358 ab
734 324 812 358 aliis
835 323 1013 367 gradibus.
1075 322 1149 356 Alii
1174 333 1254 366 per-

265 378 416 412 veniunt
438 378 480 410 ad
508 375 782 421 poenitentiam,
810 381 841 408 et
861 379 1130 411 convertuntur.
1184 371 1255 406 Vos

266 426 447 463 Pharisaei
467 427 646 471 peribitis,
673 438 738 459 nec
753 425 860 460 vultis
875 424 1044 459 converti.
1278 417 1283 489 ι

367 486 444 521 Hos
475 486 605 530 gradus
637 485 825 528 diligenter
855 483 1135 524 consideremus,
1172 494 1283 526 pro—-

267 545 385 583 pterea
408 535 465 571 hic
490 537 636 570 dicitur:
665 535 870 569 Meretrices
893 541 926 568 et
950 533 1131 579 publicani
1155 544 1257 578 prae·
1281 554 1284 571 Α

267 590 393 623 cedent
410 599 472 622 vos
490 588 528 620 in
546 598 653 630 regno
669 585 748 620 Dei.

371 645 424 680 Ac
454 651 493 679 ut
525 644 716 689 pertinacia
739 642 1009 678 Pharisaeorum
1041 641 1087 675 sit
1111 651 1258 685 conspe-

269 697 378 737 ctior,
404 695 488 730 facit
503 695 720 728 mentionem
733 693 896 730 Christus
913 692 1186 739 praedicationis
1203 690 1260 724 lo-

269 746 419 785 bannis,
446 745 545 791 quasi
565 746 675 780 dicat:
705 744 778 779 Iam
796 752 897 779 antea
914 743 1117 778 ostendistis
1133 741 1260 787 impie-

270 806 376 833 tatem
401 804 435 831 et
459 796 690 841 pertinaciam
714 802 881 836 vestram,
908 795 992 840 quia
1014 793 1175 827 voluistis
1197 804 1260 826 au-

269 848 347 883 dire
373 845 589 888 Iohannem,
620 846 675 880 cui
699 845 795 880 Deus
825 844 1027 880 testimonia
1056 844 1201 877 dederat
1222 843 1261 875 in

271 899 476 939 nativitate,
503 897 587 943 quia
610 903 714 930 natus
735 904 784 931 est
808 908 848 929 ex
871 901 983 928 matre
1000 901 1119 928 annet
1136 893 1260 927 sterili.

271 949 318 984 lit
346 949 505 992 Angelus
541 957 702 992 expresse
735 947 889 987 dixerat,
923 956 1004 979 eum
1034 944 1110 978 fore
1139 951 1260 979 testem

272 999 434 1034 Messiae.

374 1057 444 1091 Sed
470 1053 577 1090 huius
601 1053 898 1100 praedicationem
924 1052 1152 1097 pertinaciter
1177 1065 1263 1086 con-

273 1107 458 1147 temsistis,
493 1118 589 1140 nunc
618 1117 731 1139 meam
756 1104 995 1140 contemnitis.
1055 1101 1103 1137 Et
1126 1104 1264 1138 addunt

273 1156 455 1192 Pharisaei
472 1156 688 1200 impietatem
706 1155 899 1200 impietati,
926 1154 1020 1200 quod
1039 1154 1162 1188 dicunt
1178 1166 1264 1188 con-

274 1216 326 1243 tra
353 1207 626 1246 conscientiam,
653 1218 690 1241 se
711 1206 864 1248 nescire,
887 1218 934 1240 an
959 1202 1138 1239 Iohannes
1158 1205 1264 1239 suerit
1288 1220 1290 1233 ι

274 1271 292 1293 a
311 1258 385 1293 Deo
404 1258 542 1293 missus.
1287 1237 1291 1311 ἱ

379 1316 502 1351 Postea
519 1314 687 1361 proponit
704 1314 903 1359 exemplum
920 1313 964 1347 de
981 1313 1165 1357 agentibus
1180 1324 1264 1357 poe-

278 1367 462 1402 nitentiam
475 1394 484 1408 ,
512 1373 544 1400 et
563 1378 635 1400 non
654 1366 851 1409 agentibus.

379 1425 497 1459 Homo
522 1424 666 1470 quidam
688 1421 811 1457 habuit
829 1424 918 1456 duos
937 1422 1039 1457 filios.
1090 1419 1192 1455 Alter
1208 1420 1265 1454 di-

277 1478 326 1512 xit
351 1488 384 1510 se
410 1487 483 1509 non
510 1475 643 1510 iturum
666 1474 703 1507 in
725 1474 883 1512 vineam,
910 1479 943 1506 et
958 1483 1063 1516 agens
1081 1472 1264 1516 poeniten-

279 1529 385 1568 tiam,
416 1526 490 1560 ivit.
549 1524 651 1560 Alter
680 1524 768 1558 dixit
791 1535 827 1558 se
850 1523 1004 1564 iturum,
1039 1529 1071 1556 et
1096 1534 1168 1555 non
1192 1522 1266 1555 ivit.

280 1578 346 1611 llic
362 1587 588 1621 perseverans
602 1575 639 1608 in
656 1573 894 1615 coutumacia,
921 1573 1000 1618 plus
1015 1580 1143 1618 peccat.
1194 1571 1266 1606 Ta-

280 1630 328 1662 les
346 1628 460 1673 inqnit
477 1638 549 1660 esse
563 1623 783 1660 Pharisaeos.

438 1726 595 1764 Aliam
620 1725 894 1773 parabolam
921 1724 1105 1761 audite.

331 1805 452 1840 Ilomo
474 1801 618 1852 quidem
642 1806 719 1836 erat
742 1800 1043 1849 paterfamilias,
1069 1800 1135 1848 qui
1153 1799 1267 1849 plan-

383 1855 474 1890 tavit
491 1855 651 1893 vineam,
679 1857 709 1887 et
724 1863 839 1900 sepem
856 1849 1088 1886 circumdedit
1104 1852 1147 1894 ei,
1173 1858 1235 1890 etc,

851 86 977 124 PHIL.
1004 83 1122 124 MEL.
1148 83 1355 122 SCRIPTA
1380 81 1680 120 EXEGETICA.

2204 83 2281 120 948

1406 167 1503 203 Haec
1532 165 1772 214 blasphemia,
1805 173 1839 202 et
1866 164 1925 201 hic
1948 167 2095 202 morbus
2117 174 2168 202 est
2190 179 2293 203 causa

1305 219 1465 254 omnium
1481 219 1667 256 malorum.
1722 218 1826 263 lmpii
1842 218 1968 252 volunt
1985 218 2050 262 ipsi
2067 230 2131 252 suo
2148 218 2294 261 iudicio,

1305 282 1367 304 sua
1392 269 1583 318 sapientia,
1609 281 1673 303 suo
1697 269 1844 303 arbitrio
1868 269 2080 302 constituere
2098 269 2297 312 religiones,

1306 328 1340 355 et
1357 320 1543 364 regimina,
1569 326 1604 354 et
1618 320 1805 354 inflectunt
1823 320 2009 363 religiones
2024 320 2068 353 ad
2086 331 2184 353 suam
2199 332 2298 354 com-

1279 371 1531 414 qmoditatem,
1573 376 1606 404 et
1640 382 1716 404 non
1750 371 1876 404 volunt
1916 370 1988 414 pati
2025 370 2297 413 gubernatorem

1306 420 1433 456 Deum.
1471 420 1620 466 Semper
1636 420 1674 454 in
1692 422 1798 455 corde
1811 421 1980 456 clamant:
2007 419 2184 454 Nolumus
2201 418 2298 455 hunc

1307 483 1456 516 regnare
1481 482 1588 516 super
1610 483 1686 507 nos.
1751 470 1846 505 Haec
1871 479 1921 506 est
1944 469 2122 505 horrenda
2146 471 2297 512 insania,

1309 529 1535 557 contemnere
1559 520 1693 563 Deum,
1727 528 1761 556 et
1791 521 1881 555 velle
1913 522 2102 565 religiones
2131 529 2165 556 et
2191 533 2299 565 regna

1310 573 1523 607 constituere
1544 572 1645 606 utilia
1664 571 1785 612 nobis,
1811 572 1909 617 quasi
1926 571 2016 606 nihil
2033 573 2077 606 sit
2092 572 2209 614 Deus,
2230 573 2300 606 sic-

1310 631 1349 658 ut
1372 634 1468 666 reges
1494 622 1620 664 lsra'e'l,
1647 623 1735 656 sicut
1752 621 2034 666 Nabogdonosor
2057 630 2206 657 statuam
2229 623 2300 657 eri-

1311 675 1378 718 git,
1404 673 1495 708 sicut
1508 671 1710 707 Antiochus
1734 679 1766 706 et
1790 673 1851 706 alii
1877 673 1979 708 multi
2005 674 2194 708 voluerunt
2215 674 2301 707 reli-

1311 725 1432 768 giones
1463 730 1496 758 et
1530 725 1646 759 cultus
1675 723 1861 757 instituere
1894 735 1958 757 suo
1989 724 2158 763 arbitrio,
2199 724 2301 770 quasi

1312 773 1404 808 nihil
1431 774 1475 808 sit
1498 774 1612 815 Deus,
1645 775 1705 808 sed
1732 774 1890 819 ipsorum
1912 774 2081 820 sapientia
2103 774 2148 809 sit
2172 776 2302 819 guber-

1313 825 1428 860 natrix
1446 831 1479 859 et
1495 837 1568 859 non
1584 823 1690 859 Deus.

1417 881 1495 916 Hoc
1525 882 1659 916 malum
1689 883 1727 916 in
1754 883 1890 917 mundo
1916 893 2017 927 saepe
2041 890 2235 926 grassatur,
2269 889 2303 918 et

1315 933 1384 966 iam
1408 933 1513 966 etiam
1535 939 1722 977 grassatur.
1774 933 1868 978 Papa
1887 940 1919 967 et
1936 945 2034 977 reges
2052 934 2156 967 etiam
2175 934 2302 969 volunt

1315 984 1528 1017 constituere
1552 990 1704 1025 statum,
1731 984 1869 1029 qualem
1894 984 1961 1028 ipsi
1988 984 2133 1026 volunt,
2160 996 2303 1019 excusso

1316 1033 1414 1075 Deo,
1454 1040 1488 1068 et
1519 1034 1671 1069 clament
1701 1034 1792 1069 sicut
1822 1033 1960 1069 ludaei:
2000 1033 2176 1070 Nolumus
2205 1033 2302 1070 hunc

1315 1096 1462 1129 regnare
1482 1095 1587 1129 super
1605 1096 1682 1121 nos,

1419 1142 1497 1177 Hoc
1522 1151 1701 1188 peccatum
1719 1144 1893 1178 discamus
1912 1142 2109 1187 intelligere
2126 1150 2158 1178 et
2173 1143 2306 1188 sugere,

1317 1201 1350 1228 et
1367 1192 1482 1228 Deum
1506 1206 1666 1235 oremus,
1693 1201 1732 1229 ut
1755 1195 1790 1227 in
1809 1193 1898 1228 hanc
1913 1194 2113 1228 coecitatem
2132 1206 2203 1228 non
2222 1207 2306 1229 rua-

1316 1256 1412 1286 mus,
1440 1245 1498 1278 sed
1523 1256 1660 1289 semper
1682 1252 1753 1279 toto
1772 1246 1875 1279 corde
1891 1256 2050 1286 oremus,
2076 1252 2114 1279 ut
2130 1245 2222 1279 filius
2239 1244 2306 1280 Dei

1317 1296 1362 1329 sit
1379 1296 1595 1339 gubernator
1613 1302 1748 1336 noster,
1775 1303 1814 1329 nt
1833 1296 1906 1340 ipse
1922 1302 2028 1340 regat,
2054 1302 2092 1330 ut
2110 1293 2306 1331 haereditas

1317 1346 1417 1389 regni
1437 1357 1543 1390 penes
1561 1346 1675 1389 ipsum
1692 1353 1842 1380 maneat.

1582 1395 1651 1429 llic
1667 1397 1738 1430 duo
1754 1396 1929 1430 contraria
1945 1403 2036 1431 sunt.

1369 1486 1441 1522 Hic
1471 1491 1521 1519 es!
1547 1484 1674 1521 Filius
1705 1499 1802 1521 meus
1836 1487 2008 1529 dilectus,
2040 1486 2137 1523 hunc
2165 1487 2304 1525 audite.

1422 1535 1495 1576 Et,
1521 1535 1710 1572 Nolumus
1727 1535 1824 1572 hunc
1841 1549 2008 1585 regnare.

1422 1609 1719 1657 obtemperemus
1739 1612 1814 1648 Deo
1839 1612 2089 1658 praecipienti,
2116 1619 2154 1648 ut
2171 1613 2304 1649 Filium

1321 1663 1525 1704 audiamus,
1550 1664 1638 1698 sicut
1654 1671 1686 1698 et
1704 1665 1738 1697 in
1751 1664 1890 1698 Psalmo
1908 1665 2052 1699 dicitur:
2082 1661 2305 1699 Osculamini

1321 1714 1446 1750 filium.
1502 1713 1547 1748 Et
1574 1727 1705 1759 poenae
1729 1717 1910 1749 adduntur
1930 1722 2050 1750 contra
2068 1715 2130 1749 filii
2147 1723 2307 1751 contem-

1321 1772 1430 1798 tores:
1459 1765 1546 1801 Cum
1573 1767 1769 1800 exardescet
1789 1767 1839 1800 ira
1858 1766 1940 1801 eius.
1992 1765 2038 1800 Et
2057 1763 2113 1800 hic
2132 1767 2175 1800 de
2191 1779 2305 1812 poena

1320 1816 1467 1849 dicitur:
1497 1817 1613 1850 Malos
1634 1817 1722 1850 male
1749 1818 1880 1861 perdet.
1934 1817 2092 1852 Perdidit
2109 1815 2204 1851 Deus
2220 1818 2306 1852 tales

1320 1873 1553 1901 contemtores
1579 1868 1660 1901 iude
1683 1879 1794 1915 usque
1812 1869 1855 1901 ah
1877 1868 2001 1912 initio,
2029 1868 2063 1901 iu
2084 1868 2239 1909 diluvio,
2267 1869 2304 1902 in

382 1930 638 1966 paterfamilias
658 1928 830 1974 plantavit
847 1928 1004 1969 ,finem-n,
1031 1927 1065 1961 id
1082 1935 1146 1969 952,
1172 1928 1267 1963 Deus
1292 1934 1294 1959 !
1321 1929 1432 1961 poena
1458 1918 1578 1963 populi
1599 1917 1721 1958 lsra‘cl,
1750 1926 1780 1952 et
1806 1919 1934 1952 deiude
1951 1920 2063 1952 deleta
2082 1917 2306 1964 ierosolyma,

283 1983 387 2025 elegit
418 1982 588 2026 populum
623 1979 742 2013 lsrae'l.

285 2034 318 2066 id
344 2040 412 2074 est,
442 2033 563 2076 legem.
614 2029 658 2064 Et
681 2030 759 2064 fecit
784 2029 832 2063 ibi
852 2030 1023 2070 torcular,
1050 2029 1084 2063 id
1102 2037 1172 2070 est,
1200 2031 1267 2064 mi—

285 2085 467 2118 nisterium
496 2081 688 2116 doctrinae.
747 2079 794 2114 Et
823 2080 1017 2114 aedificavit
1048 2081 1194 2123 turrim,
1230 2082 1266 2115 id

284 2142 352 2175 est,
385 2134 482 2169 dedit
504 2133 554 2167 eis
575 2143 721 2175 regnum
747 2138 779 2165 et
806 2131 987 2174 templum.
1049 2129 1093 2166 Et
1121 2133 1267 2167 elocavit

284 2185 464 2227 agricolis,
492 2185 527 2217 id
547 2190 614 2223 est,
641 2183 765 2216 semini
788 2180 904 2216 lacob.
956 2180 998 2215 Et
1017 2183 1121 2222 abiit,
1150 2191 1182 2218 et
1201 2184 1266 2216 mi-

285 2238 328 2270 sit
360 2247 496 2273 scrvos,
531 2235 566 2268 id
599 2241 668 2277 est,
702 2231 894 2276 Prophetas
917 2233 1074 2276 quolibet
1099 2240 1266 2279 tempore,

285 2285 420 2326 Ellam,
453 2284 650 2324 Elisaeum,
686 2281 844 2323 Esaiam,
878 2280 1105 2323 Zachariam,
1135 2284 1267 2325 lonam,

287 2337 485 2376 letemiam,
512 2334 576 2369 hos
593 2335 765 2369 interfecit
781 2334 941 2378 populus.
994 2333 1154 2368 'l'audem
1173 2337 1266 2371 misit

286 2389 396 2423 filium
409 2415 417 2427 ,
444 2385 538 2421 hunc
556 2398 697 2432 quoque
714 2385 885 2419 interfecit
906 2385 1067 2429 populus.

387 2445 430 2481 Et
461 2446 603 2492 quidem
630 2451 668 2478 nt
693 2445 789 2486 sigua
814 2444 1026 2488 pertinaciae
1049 2451 1079 2478 et
1102 2443 1265 2489 blasphe-

808 1976 855 2013 Et
883 1979 1116 2013 circumdedit
1138 1991 1266 2024 sepem,
1291 1966 1295 2005 l

1319 1969 1368 2001 sic
1390 1969 1495 2052 ¹etiam
1519 1970 1640 2014 perdet
1656 1968 1875 2010 Canonicos,
1903 1977 1935 2003 et
1951 1967 2144 2014 Episcopos
2167 1978 2199 2005 et
2219 1969 2302 2004 Mo·

1321 2031 1384 2053 nac
1402 2031 1465 2054 ios.

1574 2069 1743 2116 Sequitur
1758 2070 1890 2104 (lictum
1907 2068 2048 2103 Psalmi.

1370 2160 1546 2208 Lapidem
1592 2174 1694 2210 quem
1743 2162 2022 2209 reprobas-erunt
2059 2161 2304 2210 acdficanles,

1423 2211 1621 2261 hissitclus
1639 2219 1689 2246 es!
1707 2218 1813 2258 rapu!
1832 2212 1978 2259 anguli.

1371 2263 1406 2298 Α
1424 2264 1753 2313 J)0mim·s21c1um
1779 2270 1828 2299 cst
1850 2263 1935 2303 hoc,
1963 2269 1993 2298 ct
2018 2269 2067 2299 est
2090 2264 2302 2300 mitandum

1422 2315 1459 2349 ιή
1478 2314 1591 2349 oculis
1612 2316 1760 2353 nostris,

1422 2391 1526 2425 llunr
1543 2392 1784 2425 dulcissimum
1803 2391 2012 2425 versiculum
2029 2393 2163 2428 debetis
2179 2394 2303 2427 memi-

1321 2442 1411 2475 nisse
1439 2454 1577 2480 omnes.
1613 2449 1645 2476 et
1672 2443 1743 2480 illi,
1771 2442 1830 2487 qui
1858 2443 1969 2486 legere
1995 2452 2158 2489 possunt,
2187 2451 2300 2479 totum

285 2499 375 2531 miae
406 2498 636 2535 describeret,
671 2495 880 2529 nominatim
906 2495 1008 2535 dicit,
1044 2507 1101 2528 eos
1124 2509 1265 2530 excusso
1290 2527 1292 2535 ‚
1320 2491 1413 2526 huuc
1426 2493 1602 2526 psalmum
1620 2504 1720 2536 saepe
1738 2493 1872 2535 legant,
1901 2506 2004 2539 quem
2020 2496 2162 2540 quidem
2180 2495 2300 2530 ludaei

284 2548 439 2582 Domino
458 2549 546 2581 velle
566 2547 748 2592 proprium
766 2558 912 2589 regnum
929 2546 1154 2581 constituere.
1192 2548 1264 2579 ()r-

282 2612 465 2642 rupo-mus,
489 2599 673 2644 inquiunt.
700 2595 959 2637 haereditatem,
987 2597 1075 2632 sicut
1091 2606 1208 2642 postea
1229 2599 1263 2632 iu
1288 2635 1290 2643 s

1319 2552 1402 2578 tunc
1428 2545 1575 2586 siugulis
1599 2543 1762 2577 sabbatis
1786 2545 1996 2584 cantabant,
2025 2553 2057 2580 et
2083 2546 2211 2580 mirum
2238 2554 2302 2589 est,

1318 2602 1449 2629 tantam
1467 2595 1571 2628 fuisse
1588 2595 1786 2628 coecitatem
1799 2620 1811 2637 ‚
1840 2602 1878 2629 nt
1898 2595 2091 2640 intelligere
2108 2597 2302 2635 noluerint.

280 2651 438 2694 passione
455 2651 594 2685 dicunt:
623 2648 796 2684 Nolumus
808 2646 902 2683 hunc
913 2660 1057 2694 regnare
1070 2660 1174 2694 super
1186 2661 1260 2685 nos.
1286 2645 1292 2686 l
1318 2645 1492 2682 Pracdicit
1514 2653 1630 2681 autem
1655 2646 1746 2680 clarc
1767 2645 1932 2681 Messiam
1947 2658 2130 2694 passurum
2149 2660 2239 2692 esse,
2268 2656 2301 2684 et

2351 0 2370 66 l
