2409 2915
108 121 176 156 181
650 118 730 154 ΧΠ.

106 214 160 240 tos
183 206 250 240 fide
277 206 338 239 filii
356 206 441 245 Dei,
466 205 538 238 sive
557 203 676 237 Iudaei
692 205 841 245 fuerint,
867 205 938 237 site
955 214 1082 249 gentes,
1103 204 1108 236 l
1132 200 1333 240 nativitate,

1105 245 1109 318 1Ι
1133 264 1164 296 t>
1158 258 1250 286 tlr¹⁵·

107 258 183 289 sine
202 257 403 291 discrimine
421 256 579 288 locorum
599 262 657 288 aut
676 256 852 298 gentium,
881 263 943 291 (tc.

159 342 211 376 Et
227 341 386 378 Verbum
401 339 641 388 carofaclum
659 345 720 376 esl.

115 461 247 497 Filium
273 459 343 493 Dei
375 459 576 491 assumsisse
608 455 796 490 humanam
833 465 1013 498 naturam,
1048 465 1081 491 et

108 511 288 547 Christum
305 521 376 542 esse
396 521 600 553 personam,

111 574 186 602 rae,
213 557 320 608 λόγος
343 560 463 593 lucens
486 559 523 591 in
547 566 616 592 tota
643 567 787 597 namra,
815 567 847 592 et
870 567 993 593 natura
1015 558 1080 593 ltu-

108 624 210 646 mana
229 618 400 649 assumta,
427 611 462 643 id
487 617 554 650 est,
582 621 708 653 corpus
725 617 757 643 et
776 610 904 645 anima.

211 661 302 696 Usus
320 668 370 695 est
385 668 499 694 autem
520 658 694 694 lohannes
706 661 940 704 appellatione
956 661 1080 697 carnis,

108 721 147 748 nt
162 713 371 757 significaret
388 711 625 745 infirmitatem
643 718 786 744 naturae
799 719 979 752 .¹,tssumtae
993 723 1081 755 quae

107 765 174 799 suit
193 765 267 797 sine
286 771 444 807 peccatO,
470 763 527 794 sed
547 769 662 795 tamen
681 763 824 796 subiect¹
818 776 833 795 t
850 762 967 801 morti,
993 763 1080 795 sicut

107 816 237 850 dicitur
261 815 304 847 πὶ
330 811 589 857 Philippenses:
615 812 749 846 Habitu
773 814 937 846 inventus
963 811 1080 846 utho-

107 879 166 900 mo
184 864 383 899 humiliavit
402 864 571 908 seipsum,
597 864 708 897 factus
727 864 895 897 obediens
911 875 1020 908 usque
1037 864 1078 896 ad

106 923 267 950 mortem.
330 914 541 960 Quanquam
571 915 677 957 igitur
709 913 767 948 hic
799 927 878 947 caro
911 915 1081 957 significat

105 975 218 1001 totum
236 964 414 1000 hominem
426 993 435 1007 ,
459 973 575 998 tamen
592 964 766 1010 emphasis
786 966 1002 998 observanda
1020 972 1080 1006 est,

107 1019 176 1052 dici
193 1030 333 1051 carnem
357 1018 400 1050 ad
418 1017 682 1059 significandam
707 1018 965 1050 mortalitatem.

207 1068 331 1102 Postea
366 1068 490 1110 allegat
516 1065 689 1100 lohannes
725 1068 940 1101 testimonia:

107 1131 185 1154 mus
203 1119 350 1163 gloriam
370 1119 461 1155 eius,
490 1118 525 1150 id
552 1125 618 1159 est,

107 1171 326 1205 §citationem
344 1176 584 1207 mortuorum,
613 1177 645 1203 et
663 1169 749 1210 alia,
777 1169 842 1203 fuit
859 1169 965 1212 igitur
981 1171 1083 1202 dator

108 1222 199 1255 vitae
216 1228 249 1254 et
267 1220 503 1264 omnipotens.

211 1305 284 1338 Iam
311 1305 448 1347 cognita
473 1302 539 1336 hac
562 1305 764 1339 narratione
782 1303 972 1345 iohannis,
999 1303 1083 1336 faci-

107 1358 152 1390 lis
176 1363 228 1389 est
251 1355 416 1388 refutatio
441 1353 660 1389 Samosateni
684 1363 713 1388 et
741 1355 832 1390 Arii.

109 1469 313 1503 personam,
342 1457 399 1489 sed
425 1457 643 1501 propositum
670 1457 737 1490 Dei
761 1457 911 1490 volentis
935 1457 1084 1489 condere

108 1506 305 1542 humanum
324 1519 450 1550 genus,
477 1514 509 1540 et
532 1508 665 1540 salvare
692 1520 752 1552 per
769 1509 944 1553 quendam
975 1507 1084 1540 excel-
1112 1533 1113 1536 ,

515 1558 570 1591 Ad
595 1556 686 1591 hanc
708 1559 996 1602 imaginationem
1023 1560 1083 1591 de·
1112 1554 1113 1591 J
1141 1554 1237 1582 cere>
1265 1540 1324 1572 sed
1348 1546 1490 1583 promer
1505 1537 1616 1570 filium
1635 1537 1812 1570 dilectum·

108 1560 239 1592 lentem
263 1556 455 1591 hominem.

109 1610 212 1644 torsit.
230 1607 400 1642 Iohannis
418 1609 674 1644 narrationem.

211 1666 279 1701 Sed
306 1667 403 1699 firma
427 1673 476 1699 est
499 1667 683 1705 refutatio,
717 1679 797 1699 cum
822 1667 966 1700 dicitur:
997 1665 1085 1698 Ver-

110 1720 194 1751 bum
218 1729 298 1750 caro
323 1718 453 1750 factum
482 1723 550 1757 est,
576 1717 610 1748 id
636 1729 708 1749 non
731 1724 843 1760 potest
867 1717 1017 1759 intelligi
1047 1717 1087 1748 de

111 1769 219 1801 verbo
245 1768 378 1805 vocali,
412 1767 465 1799 vel
493 1768 535 1799 (le
562 1768 794 1809 cogitatione,
829 1779 917 1811 qnae
943 1775 991 1800 est
1017 1767 1087 1809 ipse

111 1825 273 1852 aeternus
293 1825 407 1862 pater,
435 1818 492 1849 sed
520 1829 657 1850 necesse
683 1825 731 1850 est
748 1820 790 1850 ‹le
804 1818 921 1861 aliqua
942 1829 1086 1861 persona

110 1868 272 1911 intelligi.
329 1868 435 1906 Item,
453 1869 496 1900 ‹le
512 1865 654 1901 Christo
674 1868 819 1901 dicitur:
850 1869 1010 1901 Mundus
1029 1880 1087 1912 per

113 1920 228 1964 ipsum
253 1920 364 1952 sactus
389 1925 451 1951 est.
506 1919 579 1951 Iam
607 1920 634 1951 si
657 1917 821 1952 Christus
844 1926 979 1952 tantum
1003 1926 1085 1951 esset

111 1968 239 2010 horno,
268 1983 331 2002 nec
347 1976 503 2002 maneret
527 1970 563 2001 in
589 1982 628 2002 eo
647 1978 769 2002 natura
787 1970 926 2009 divina,
954 1970 1002 2002 sic
1020 1970 1087 2002 dici

113 2033 185 2055 non
205 2028 338 2065 posset,
366 2019 459 2063 Ergo
477 2016 583 2067 λόγος
606 2021 776 2064 significat
793 2027 989 2054 manentem
1012 2032 1089 2063 per-

107 2084 239 2105 sonam.

117 2192 251 2218 remus,
279 2192 367 2225 quae
394 2181 498 2213 fucrit
525 2181 730 2224 principalis
755 2180 921 2224 quaestio.

119 2295 190 2317 esse
208 2283 250 2314 de
268 2282 462 2315 substantia
489 2281 620 2314 aeterni
645 2282 772 2324 patris,
803 2294 840 2314 ac
860 2281 1087 2313 contendebat

118 2346 157 2368 ex
187 2331 301 2366 nihilo
328 2339 480 2365 creatum
514 2344 597 2364 esse.
654 2331 719 2364 Hic
737 2343 873 2364 necesse
894 2333 959 2365 fuit
983 2332 1090 2364 refra-

119 2385 204 2428 gari.

119 2435 214 2469 Deus
237 2442 310 2468 erat
342 2436 508 2474 verbum,

120 2486 278 2530 proprie,
314 2497 387 2518 non
421 2483 670 2529 metaphorice.
738 2483 841 2522 Item,
874 2485 917 2516 ad
943 2483 1094 2517 Ebraeos

119 2538 266 2570 dicitur:
293 2535 426 2579 Fulgor
442 2543 474 2568 et
493 2536 605 2579 imago
622 2535 836 2568 substantiae
854 2535 980 2579 patris,
1004 2533 1095 2577 Ergo

124 2600 202 2621 vere
227 2594 276 2621 est
298 2588 340 2620 de
360 2587 553 2620 substantia
579 2586 707 2619 aeterni
730 2585 848 2630 patris.
910 2584 1016 2625 Item,
1042 2593 1124 2620 to-

125 2639 189 2672 ties
206 2645 352 2671 vocatur
370 2638 574 2681 unigenitus
589 2637 702 2670 Filius
720 2637 796 2675 Dei,
824 2644 862 2670 ut
878 2637 1098 2670 discernattn
1122 2621 1125 2677 ἶ

523 2687 597 2722 Cur
626 2689 733 2731 igitur
762 2689 807 2722 sit
836 2688 977 2732 proprie
1007 2687 1098 2720 filius
1124 2709 1126 2713 -

122 2701 138 2722 a
162 2689 241 2722 filiis
272 2689 473 2733 adoptione.

784 114 1176 154 ANNOTATIONES
1206 114 1255 148 ΙΝ
1284 112 1581 148 EVANGELIA.

1106 389 1109 399 v

207 409 296 444 cum
314 409 380 441 ait:
410 406 566 440 verbum
590 419 669 440 caro
694 407 821 440 saelum
847 414 913 446 ⁸⁵1,
937 414 1082 442 testatur
1106 400 1109 463 i
1133 376 1297 459 giiitci¹i¹htts

1309 452 1318 465 5

629 509 664 541 in
686 520 753 553 qua
771 516 849 541 sunt
868 511 954 541 duae
977 516 1080 542 natu·
1107 497 1109 546 Ϊ,
1134 485 1220 562 ΐὲξῑῑ
1240 538 1315 561 nos.

1107 583 1109 621 ἦ
1135 580 1206 611 ciae
1227 577 1317 614 Dei,
1344 583 1377 609 et
1392 587 1471 608 vere
1489 576 1658 608 iusticiae.

979 1066 1081 1099 Vidi-

653 1119 812 1151 miranda
835 1131 957 1161 opera,
985 1130 1080 1151 resu-
1108 1131 1109 1135 ¹

1109 1197 1111 1204 ’
1138 1187 1290 1231 CBPimUS
1310 1184 1549 1217 remissionem
1568 1189 1800 1226 peccatorllm.

1114 1994 1116 2009 -,
1144 1975 1230 2008 lem,
1258 1969 1295 2001 id
1314 1974 1386 2005 est,

1116 2061 1117 2064 Ἴ
1143 2021 1298 2057 sticiam‚
1323 2018 1460 2051 sublato
1478 2022 1614 2059 peccato
1633 2021 1666 2047 et
1682 2020 1810 2054 morte,
1826 2014 1930 2048 efficit
1949 2015 2117 2059 populum

1115 2070 1117 2110 J
1144 2071 1207 2105 Dei
1227 2071 1355 2102 iustum
1376 2075 1408 2101 et
1429 2072 1645 2111 perpetuum.

214 2129 284 2164 Nec
310 2130 462 2162 difficilis
486 2137 534 2162 est
564 2129 641 2163 Arii
668 2129 848 2167 refutatio,
877 2129 904 2161 si
930 2128 1089 2161 conside-
1115 2134 1117 2140 ⁴

983 2179 1089 2212 Ariw
1116 2175 1117 2205 l

118 2232 332 2266 concedebat
349 2230 504 2264 Verbum
530 2243 601 2263 esse
624 2243 828 2274 personam,
857 2232 913 2263 sed
944 2230 1089 2272 negabat
1116 2247 1118 2258 ι

256 2382 303 2418 Et
319 2384 490 2417 refutatur
507 2381 572 2416 hoc
588 2383 788 2415 testimonio
801 2409 809 2422 ,
839 2380 1013 2415 lohannes
1029 2382 1091 2414 ait:
1118 2387 1119 2409 1

544 2434 702 2478 loquitur
729 2439 843 2465 autem
870 2431 925 2466 hic
950 2436 993 2465 de
1019 2431 1092 2465 Deo
1118 2465 1122 2472 ,

1122 2549 1123 2552 ¹
1148 2535 1292 2569 Filium.

2043 113 2112 148 182

1369 211 1508 232 necesse
1544 206 1594 232 est
1626 211 1704 231 eum
1743 209 1814 231 esse
1846 199 1888 231 de
1917 198 2109 232 substantia

1232 323 1356 357 Postea
1381 329 1577 367 sequuntur
1600 323 1854 366 descriptiones
1873 323 2048 357 donorum
2075 331 2108 358 et

1301 371 1439 406 Plenus
1455 373 1603 415 gratiae,
1627 373 1661 404 id
1681 383 1743 413 est,
1762 374 1849 416 patri
1872 375 2010 418 placens
2027 387 2107 418 prae

1346 425 1435 457 sicut
1459 424 1560 456 dicit:
1590 421 1656 455 Hic
1679 429 1729 456 est
1758 423 1870 457 Filius
1893 436 1991 458 meus
2017 425 2104 457 ‹lile-

1273 474 1319 508 Εἰ
1345 473 1474 516 Ephes.
1496 475 1546 509 1.:
1572 473 1720 516 Propter
1743 471 1836 506 hunc
1863 475 2027 508 dilectum
2050 476 2105 508 di-

1367 522 1504 558 Plenus
1529 525 1694 565 veritatis,
1723 524 1755 556 id
1785 531 1853 561 est,
1887 536 1988 557 verae
2012 527 2104 559 noti-

1236 625 1329 660 Αηίε
1346 639 1399 659 me
1416 635 1486 666 est,
1513 638 1572 659 seu
1592 625 1748 658 anterior
1765 637 1838 665 me,
1866 625 1899 656 id
1920 633 1982 665 est,
2004 638 2104 666 prae-

1135 679 1282 714 stantior
1303 677 1504 717 vocatione,
1532 683 1563 709 et
1583 676 1692 719 gloria
1716 687 1775 708 seu
1793 676 1960 719 potentia.
2002 674 2103 722 Quia

1136 732 1231 775 prior
1248 742 1302 762 me
1319 735 1410 766 erat,
1429 728 1462 759 id
1482 735 1541 767 est,
1559 734 1762 759 coaeternus
1781 726 1868 770 patri
1885 734 1916 759 et
1932 727 1975 759 ab
1995 735 2105 760 aeter-

1136 795 1180 815 uo
1197 781 1380 814 otdinatus
1397 779 1439 810 ad
1460 776 1524 810 hoc
1547 778 1699 810 officinm
1713 804 1721 816 ‚
1748 784 1779 810 et
1807 777 1940 820 primus
1965 785 2106 821 propter

1107 847 1108 850 ¹
1135 845 1235 878 quent
1255 830 1350 863 Deus
1374 829 1494 862 dilexit
1519 826 1730 865 Ecclesiam,
1757 835 1790 860 et
1814 827 1873 872 qui
1898 829 1962 861 fuit
1987 829 2105 861 efficax

1136 885 1170 916 in
1189 881 1339 916 Ecclesia
1356 881 1438 912 inde
1456 891 1565 924 usque
1589 879 1631 910 ab
1654 878 1775 915 initio,
1804 878 1837 909 id
1859 885 1926 919 est,
1955 879 2020 912 suit
2044 881 2105 912 ad-

1136 936 1229 968 iutor
1244 940 1276 966 et
1295 933 1464 965 liberator
1483 930 1641 963 omnium
1661 929 1860 961 electorum.

1185 1016 1253 1050 Ex
1268 1012 1496 1063 plenitudine
1514 1013 1589 1046 eius
1605 1024 1726 1046 omnes
1745 1013 1956 1060 accepimus.

1238 1082 1373 1117 Omnes
1392 1089 1526 1126 patres,
1550 1078 1748 1123 Prophetae
1768 1088 1798 1114 ct
1815 1081 1943 1118 sancti,
1973 1077 2038 1113 hoc
2055 1093 2108 1114 re-

1139 1137 1273 1169 velante
1298 1133 1494 1177 accepimus
1511 1130 1761 1174 Evangelium‚
1790 1129 1855 1164 hoc
1878 1133 2031 1164 donante
2054 1144 2110 1164 ac-

1854 1181 1931 1214 IIoc
1949 1189 2111 1216 movente

1139 1245 1169 1271 ct
1189 1237 1406 1280 gubernante
1421 1233 1615 1277 accepimus
1633 1233 1757 1273 lucem,
1779 1245 1839 1265 seu
1856 1232 2020 1265 noticiam
2039 1233 2110 1276 spi—

1110 1296 1112 1300 *
1141 1289 1320 1324 ritualetn,
1361 1297 1487 1317 novam
1515 1284 1687 1316 iusticiam
1720 1290 1752 1316 et
1781 1283 1887 1316 vitam
1918 1290 2109 1319 aeternam.

886 1355 1083 1389 samosate·
1110 1346 1112 1348 ’
1139 1338 1195 1372 Sic
1211 1338 1283 1381 ipse
1301 1342 1452 1373 enarrat,
1480 1331 1653 1367 Gratiam
1670 1345 1736 1379 pro
1754 1333 1892 1378 gratia,
1917 1334 1951 1366 id
1971 1342 2032 1372 est,
2051 1347 2108 1367 ac-

109 1419 176 1441 nus
192 1406 287 1439 vafre
312 1406 416 1439 elusit
438 1412 589 1444 textum,
617 1418 747 1448 negans
765 1407 871 1439 verbo
898 1405 1083 1448 significari
1111 1420 1113 1422 ·

1140 1389 1370 1433 ceptationem
1398 1385 1526 1426 nostri,
1553 1392 1734 1428 propterea
1762 1385 1854 1429 quod
1884 1384 1956 1426 ipse
1977 1391 2027 1417 est
2055 1396 2111 1417 ac·-

1141 1447 1258 1484 ceptus
1274 1450 1334 1470 seu
1352 1437 1510 1470 dilectus.
1563 1436 1646 1468 Ideo
1665 1442 1778 1468 autem
1804 1435 1852 1467 sic
1869 1434 1972 1474 dicit,
1998 1442 2035 1468 ut
2062 1442 2111 1468 te—

1141 1498 1249 1523 stetur
1276 1500 1341 1521 nos
1366 1499 1437 1520 non
1462 1493 1604 1530 propter
1629 1492 1782 1518 nostram
1808 1485 2012 1529 dignitatem
2038 1486 2113 1530 pla-

1243 1614 1412 1659 Sequitur
1437 1612 1627 1645 discrimen
1651 1609 1758 1643 Moisi
1783 1616 1815 1642 et
1833 1608 2000 1649 Messiae,
2029 1611 2113 1653 legis

1143 1666 1237 1701 etEv
1242 1665 1388 1708 angelii,
1417 1660 1502 1695 Lea¹
1516 1657 1741 1707 perstIozsen
1758 1661 1836 1692 (lata
1855 1667 1922 1699 est,
1942 1661 2040 1705 quasi
2059 1663 2113 1694 di-

1143 1724 1252 1753 ceret
1274 1726 1440 1757 magnum
1471 1711 1659 1744 discrimen
1686 1717 1735 1742 est
1761 1709 1851 1742 inter
1872 1711 1984 1744 officia
2004 1711 2111 1744 Moisi

1143 1776 1176 1801 et
1195 1766 1355 1800 Messiae.
1410 1763 1542 1796 Moises
1558 1762 1622 1795 fuit
1641 1761 1798 1793 minister
1816 1760 1919 1803 legis,
1938 1773 2026 1806 quae
2041 1775 2113 1795 non

1144 1819 1236 1852 tollit
1261 1822 1435 1860 peccatum
1468 1820 1500 1846 et
1525 1819 1689 1845 mortem:
1731 1812 1791 1843 sed
1816 1813 1842 1843 (
1835 1809 1976 1844 hristus
2003 1814 2116 1847 adfert

1143 1869 1288 1912 gratiam
1315 1873 1345 1899 et
1368 1865 1562 1898 veritatem.
1615 1858 1810 1900 GratzQam
1840 1861 1873 1893 id
1897 1869 1965 1901 est,
1993 1864 2116 1897 remis-

1143 1920 1278 1952 sionem
1299 1922 1518 1960 peccatorum
1539 1920 1571 1946 et
1587 1912 1922 1946 reconciliationem.
1968 1911 2115 1946 Verila-

1413 1977 1531 1997 veram
1562 1963 1777 2006 agnitionem
1800 1961 1885 2003 Det,
1921 1975 2036 1996 veram
2062 1966 2116 1998 iu-

1196 2152 1316 2186 Deum
1334 2163 1436 2185 nemo
1453 2147 1555 2184 vidie.

1249 2228 1319 2262 Lex
1338 2226 1547 2260 naturaliter
1569 2231 1651 2257 nota
1675 2231 1741 2263 est,
1768 2231 1799 2256 et
1824 2224 1976 2257 nascitur
2003 2225 2120 2257 nobis-

1147 2293 1224 2314 cum
1244 2281 1414 2324 quaedam
1435 2277 1518 2320 legis
1536 2275 1664 2309 noticia
1682 2276 1723 2306 (le
1740 2274 1835 2314 Deo,
1852 2276 1947 2319 quod
1963 2274 2121 2312 sitDeus‚

1147 2332 1240 2377 qnod
1269 2330 1391 2373 puniat
1417 2335 1542 2361 sontes.
1598 2326 1664 2359 Sed
1692 2325 1855 2357 voluntas
1888 2325 1965 2366 illa,
1994 2327 2035 2358 de
2067 2338 2119 2357 re-

1149 2382 1315 2415 missione
1333 2386 1552 2423 peccatorum
1573 2376 1741 2418 grutuita,
1767 2377 1808 2408 de
1832 2352 2029 2408 admiribili
2053 2376 2121 2408 sal-

1149 2434 1287 2466 vatione
1304 2429 1460 2464 hominis
1482 2440 1543 2472 per
1562 2427 1712 2466 Filium,
1741 2438 1959 2471 nequaquam
1979 2433 2123 2459 natura-

1149 2485 1227 2517 liter
1244 2490 1324 2516 nota
1345 2489 1392 2514 est
1412 2478 1637 2517 hominibus,
1663 2479 1720 2510 sed
1741 2485 1874 2510 tantum
1893 2477 2043 2509 revelata
2064 2489 2124 2520 per

1345 2532 1428 2565 Ideo
1445 2531 1546 2563 dicit:
1577 2529 1690 2561 Deum
1722 2540 1824 2560 nemo
1841 2526 1929 2560 vidit
1954 2539 2059 2572 unqu
2056 2540 2123 2560 :.im

1153 2586 1241 2618 X'era
1270 2591 1319 2617 est
1341 2582 1536 2619 enarratio,
1573 2580 1643 2612 sive
1668 2580 1710 2610 de
1735 2578 1949 2616 substantia,
1982 2580 2054 2610 site
2082 2580 2123 2611 de

1153 2637 1336 2670 voluntate
1371 2645 1494 2666 arcana
1525 2628 1683 2663 salvandi
1718 2626 1896 2666 homines,
1939 2628 2123 2672 intelligas.

1154 2687 1221 2721 Sed
1242 2684 1299 2718 hic
1317 2684 1477 2729 loquitur
1499 2683 1541 2714 de
1561 2679 1739 2721 agnitione
1757 2679 1949 2712 voluntatis
1973 2691 2088 2712 arcan
2083 2692 2129 2719 ae,

1585 2727 1660 2764 12·
