2409 2915
71 115 145 150 861
320 114 402 150 XII.

73 211 164 246 quae
189 207 416 244 expavescant
435 207 467 235 et
483 206 693 234 moveantur
707 207 778 233 tam
796 201 946 234 terribili
963 214 1058 235 com-

73 250 289 290 minatione,
318 259 351 286 et
374 258 477 295 agant
498 250 768 295 poenitentiam,
793 258 826 285 et
848 252 999 286 clament
1014 253 1056 286 ad

71 299 186 335 Deum
198 327 207 341 ‚
233 309 271 336 ut
286 313 416 347 poenas
430 301 579 345 mitiget.

359 401 495 437 'Adhuc
518 412 559 436 eo
581 402 766 448 loquente.

174 477 263 513 Cum
288 485 357 513 tam
377 477 512 511 duriter
527 478 733 521 respondeat
748 477 1054 522 interpellantibus

72 530 115 562 de
145 536 254 563 matre
275 535 308 562 et
330 527 518 569 fratribus,
552 528 636 562 satis
659 529 804 572 adparet
825 540 949 571 magna
975 541 1052 562 eum

71 580 123 612 ira
147 586 230 612 tunc
251 578 432 621 flagrasse,
459 590 538 611 cum
561 578 658 612 illam
679 578 834 622 priorem
860 579 1052 612 terribilem

70 629 275 663 concionem
299 626 434 662 habuit.
485 626 534 662 Et
554 628 591 662 in
615 629 679 662 ista
697 629 747 662 ira
766 629 890 663 durius
905 641 1052 674 respon-

70 681 138 714 det.
192 677 262 713 Sed
289 679 449 713 doctrina
481 679 579 712 utilis
604 686 672 720 est,
714 681 809 724 quod
835 680 908 723 ipse
930 681 1053 713 fratres

68 736 102 763 et
121 729 278 762 membra
299 741 361 763 sua
379 741 451 763 esse
466 729 551 763 dicit
569 740 706 770 omneS‚
732 730 794 774 qui
809 731 959 764 audiunt
975 742 1052 763 ver-

66 781 152 813 bum
176 778 262 821 Dei,
294 786 327 813 et
358 781 466 813 verbo
489 779 555 812 Dei
580 780 762 815 obediunt.
821 779 867 814 Et
892 781 953 825 qui
979 793 1049 813 non

66 837 149 864 sunt
163 829 263 870 tales,
289 830 425 864 etiamsi
439 837 554 864 essent
568 837 694 865 natura
709 831 831 865 fratres
841 855 851 870 ,
878 828 945 865 hoc
959 829 1050 864 nihil

67 881 116 914 eis
134 881 325 925 prodesset.

169 929 270 964 Hanc
293 931 568 965 consolationem
594 938 794 972 teneamus,
820 938 853 965 et
875 943 975 975 saepe
992 944 1050 965 co-

66 981 215 1025 gitemus
238 979 322 1015 haec
345 982 434 1015 duo:
458 982 620 1016 Alterum
645 983 688 1015 de
713 982 761 1015 ira
787 982 952 1016 adversus
971 994 1050 1026 pec-

67 1039 180 1065 catum
193 1056 202 1070 ‚
229 1032 322 1077 quod
342 1038 437 1066 tanta
454 1032 519 1073 sit,
545 1040 584 1067 ut
600 1045 673 1066 non
691 1032 845 1077 potuerit
863 1033 954 1072 tolli,
981 1033 1050 1065 nisi

66 1093 128 1125 per
143 1081 254 1115 filium
271 1081 349 1118 Dei,

168 1131 330 1166 Alterum
355 1135 400 1166 de
416 1132 668 1167 misericordia.
720 1131 865 1166 Necesse
882 1138 932 1166 est
949 1132 1049 1165 valde

65 1182 166 1225 diligi
190 1194 298 1225 genus
322 1181 514 1217 humanum
542 1195 560 1215 a
577 1181 671 1221 Deo,
699 1184 793 1227 quod
816 1183 926 1216 filium
946 1194 1048 1215 suum

65 1233 169 1266 nobis
194 1234 358 1275 donavit,
384 1241 417 1268 et
440 1232 534 1268 hunc
554 1233 668 1266 votuit
690 1244 865 1266 assumere
888 1239 1047 1266 naturam

64 1280 276 1324 humanam,
310 1291 348 1318 ut
378 1284 546 1318 sciremus
574 1295 654 1316 vere
679 1282 779 1326 diligi
804 1283 849 1315 ab
873 1294 913 1316 eo
940 1294 1048 1325 genus

63 1331 279 1373 humanum,
313 1346 391 1368 cum
416 1335 460 1368 sit
482 1335 591 1368 frater
612 1340 749 1371 noster,
776 1339 810 1366 et
832 1345 871 1366 os
895 1344 936 1365 ex
960 1333 1048 1365 ossi-

62 1383 130 1417 bus
145 1384 287 1418 nostris.

167 1433 248 1467 ldeo
264 1441 378 1467 autem
396 1433 552 1477 oportuit
569 1433 680 1466 filium
698 1431 762 1466 Dei
781 1433 963 1466 adsumere
979 1430 1046 1465 hu-

63 1495 203 1517 manam
240 1490 421 1525 naturam,
454 1484 536 1529 quia
560 1483 716 1527 oportuit
738 1481 919 1516 hominem
942 1483 1046 1516 susti-

64 1546 148 1568 nere
184 1546 331 1578 poenam
365 1546 428 1578 pro
457 1546 581 1578 genere
614 1531 781 1568 humano.
850 1532 895 1567 Et
931 1541 1045 1567 tamen

61 1597 165 1618 nemo
195 1593 266 1619 erat
298 1586 440 1629 aequale
470 1585 641 1628 pretium,
685 1591 718 1617 et
748 1596 851 1617 nemo
879 1583 1046 1628 potuisset

61 1635 233 1669 sustinere
256 1647 426 1678 poenam,
460 1635 528 1668 nisi
549 1634 654 1667 simul
679 1641 766 1668 esset
790 1634 895 1667 Deus.
950 1632 1046 1666 Haec

62 1697 163 1729 saepe
195 1686 378 1728 cogitanda
410 1693 511 1724 suut,
551 1692 589 1717 ut
622 1696 686 1717 nos
716 1685 758 1717 ad
793 1684 1044 1727 poenitentiam

62 1736 328 1777 exsuscitemus,
362 1742 395 1770 et
427 1743 466 1770 ut
495 1735 688 1769 consolatio
714 1736 880 1770 accendat
903 1735 1045 1768 invoca-

61 1794 205 1822 tionem.

401 1907 538 1961 Caput
570 1908 687 1949 xln.

382 1991 451 2024 De
479 1990 713 2024 Ecclesia.

162 2066 368 2110 Sequuntur
404 2064 534 2097 multae
571 2063 740 2106 imagines
769 2061 964 2106 Ecclesiae,
1006 2062 1043 2094 in

61 2117 191 2163 quibus
220 2115 380 2150 doctrina
409 2121 442 2147 et
473 2114 667 2147 consolatio
698 2112 889 2148 necessaria
912 2125 1042 2157 propo-

60 2169 124 2202 sita
143 2174 204 2200 est.

159 2217 321 2251 Primum
351 2221 465 2248 autem
497 2214 678 2247 sciendum
713 2220 781 2254 est,
822 2226 929 2258 quare
959 2212 1042 2247 haec

61 2267 224 2304 Christus
249 2266 387 2301 dixerit.
441 2265 533 2307 Quia
552 2263 670 2296 ludaei
693 2264 880 2308 sperabant
896 2276 1042 2307 regnum

57 2318 191 2355 Christi
219 2319 293 2352 sore
318 2315 503 2360 imperium
529 2315 762 2348 mundanum.
821 2313 897 2358 lpse
921 2323 1041 2347 contra

58 2369 116 2405 hic
141 2377 174 2404 et
193 2380 291 2412 saepe
309 2367 393 2401 alias
411 2367 531 2405 docet,
557 2363 748 2398 Ecclesiam
766 2375 862 2397 suam
880 2377 953 2398 non
970 2376 1042 2398 esse

58 2421 246 2466 imperium
263 2419 494 2451 mundanum.

161 2470 235 2504 Nos
251 2480 391 2514 quoque
404 2477 539 2511 semper
555 2464 784 2509 cogitavimus
801 2471 832 2498 et
849 2464 1041 2508 cogitamus

59 2523 134 2556 fore
157 2521 276 2566 pulcra
301 2518 466 2563 imperia,
494 2523 526 2550 et
551 2523 676 2550 statum
701 2515 882 2558 politicum
906 2515 1040 2558 specio-

59 2584 149 2607 sum.
201 2570 268 2605 Sed
294 2576 438 2603 eventus
462 2579 533 2600 non
557 2566 718 2610 congruit
736 2577 814 2599 cum
834 2563 898 2599 hac
916 2565 1040 2608 imagi-

59 2623 213 2656 natione.
290 2619 474 2654 Discamus
511 2617 617 2661 igitur
649 2617 746 2650 aliud
779 2627 851 2649 esse
882 2616 1039 2659 imperia,

59 2672 154 2707 aliud
184 2670 395 2712 Ecclesiam,
428 2676 461 2704 et
489 2675 631 2714 propter
663 2667 894 2702 mutationem
924 2667 1037 2712 impe-

461 112 854 150 ANNOTATIONES
881 115 948 151 ET
975 113 1257 151 CONCIONES
1286 115 1334 150 IN
1363 113 1545 153 EVANG.
1575 117 1853 157 MATTHAEI.

2028 125 2101 162 862

1113 199 1266 240 riorum,
1315 213 1389 234 non
1420 202 1620 236 amittamus
1649 212 1803 240 aeterna.
1871 206 1967 242 Deus
2006 211 2099 243 varie

1112 251 1278 284 transfert
1316 263 1442 294 regna,
1483 260 1627 297 propter
1660 264 1795 299 peccata
1832 258 2031 303 principum
2065 268 2097 295 et

1111 300 1246 344 populi.
1299 300 1369 335 Sed
1402 302 1533 335 interea
1566 312 1682 339 manet
1708 305 1863 342 Ecclesia
1895 310 2095 355 ubicunque

1110 358 1200 385 recte
1219 357 1318 384 sonat
1336 364 1402 384 vox
1419 350 1616 394 Evangelii.

1213 399 1382 435 Doctrina
1405 402 1512 445 igitur
1536 415 1575 436 ex
1594 401 1658 437 hac
1674 404 1908 442 similitudine
1925 413 2093 445 sumenda

1109 457 1158 486 est
1179 448 1275 486 haec.

1211 501 1239 536 I.
1294 501 1400 544 Quod
1420 502 1515 536 aliud
1533 504 1602 537 sint
1620 505 1784 548 imperia,
1812 508 1906 541 aliud
1927 509 2093 548 Ecclesia.

1210 551 1256 585 11.
1310 551 1416 594 Quod
1432 550 1586 587 Ecclesia
1610 568 1670 599 per
1695 557 1841 590 verbum
1860 557 1924 591 Dei
1949 562 2091 604 colliga-

1107 608 1242 686 mr’fgt
1264 603 1360 648 quod
1383 603 1483 637 Deus
1505 616 1567 649 per
1589 603 1679 640 hanc
1704 619 1823 641 vocem
1847 609 2090 645 ministrorum

1107 654 1152 687 sit
1170 665 1187 687 e
1229 665 1300 688 cax.

1307 739 1424 780 Quid
1449 742 1512 775 sit
1537 742 1755 778 Ecclesia
1782 745 1881 780 Dei.

1207 804 1310 839 Sumi
1338 814 1455 841 autem
1479 815 1591 852 potest
1615 810 1746 853 optima
1771 818 1803 844 et
1827 824 1905 846 vera
1932 815 2089 848 definitio

1105 867 1144 889 ex
1162 853 1228 889 hoc
1244 862 1358 896 textu,
1384 869 1489 903 quam
1508 871 1628 893 omnes
1640 858 1831 894 Christiani
1851 863 1937 896 scire
1953 865 2091 899 debent.

1203 904 1360 940 Ecclesia
1388 915 1438 942 est
1465 916 1584 943 coetus
1613 911 1896 953 amplectentium
1927 912 2090 958 Evange-

1104 956 1212 997 lium‚
1246 964 1279 990 et
1310 959 1486 992 utentium
1511 959 1747 994 Sacramentis
1776 962 1869 996 iuxta
1898 964 2090 999 institutio-

1104 1019 1184 1040 nem
1203 1005 1406 1051 Evangelii,
1434 1009 1471 1041 in
1497 1022 1567 1054 quo
1592 1018 1691 1045 coetu
1709 1012 1803 1046 Deus
1823 1020 1871 1047 est
1891 1015 2009 1048 efficax
2028 1029 2089 1060 per

1103 1057 1337 1091 ministerium
1368 1057 1572 1102 Evangelii,
1608 1069 1639 1094 et
1671 1061 1800 1096 multos
1833 1073 2014 1107 regenerat
2046 1069 2089 1100 ad

1103 1107 1210 1141 vitam
1234 1116 1429 1150 aeternam,
1456 1111 1518 1145 etsi
1543 1112 1645 1144 multi
1670 1120 1751 1146 sunt
1777 1114 1813 1146 in
1840 1116 1961 1148 eodem
1988 1124 2088 1150 coetu

1102 1158 1139 1190 in
1157 1149 1230 1191 *nac
1255 1159 1345 1199 vita,
1375 1160 1434 1204 qui
1463 1173 1535 1194 uon
1559 1169 1641 1197 sunt
1666 1163 1796 1205 renati,
1824 1166 1881 1198 sed
1907 1172 2020 1199 tamen
2047 1169 2088 1199 sle

1102 1209 1262 1242 doctriua
1282 1211 1550 1245 consentientes.

1204 1258 1304 1292 Hanc
1329 1261 1568 1294 definitionem
1595 1263 1673 1295 sciri
1694 1275 1830 1297 necesse
1847 1273 1915 1306 est,
1942 1274 1978 1300 ut
1998 1280 2086 1312 quae

1102 1309 1145 1341 sit
1169 1307 1345 1350 Ecclesia,
1381 1318 1414 1344 et
1442 1312 1505 1345 ubi
1537 1312 1598 1352 sit,
1633 1313 1799 1355 sciamus,
1835 1317 1915 1360 quia
1949 1325 2087 1361 oportet

1101 1356 1263 1390 homines
1292 1359 1487 1403 intelligere
1517 1363 1704 1396 articulum
1736 1365 1833 1397 fidei:
1870 1366 1984 1400 Credo
2010 1380 2082 1401 esse.

1100 1406 1292 1441 Ecclesiam
1318 1408 1557 1452 Catholicam,
1585 1419 1617 1445 et
1643 1421 1780 1456 oportet
1804 1415 1961 1458 singulos
1987 1419 2087 1457 scire,
2139 1413 2144 1415 ⁸

1101 1470 1145 1491 an
1176 1459 1247 1492 sint
1277 1461 1435 1494 membra
1459 1460 1653 1501 Ecclesiae,
1687 1471 1720 1498 et
1747 1476 1808 1498 cur
1832 1467 1901 1499 sint
1926 1469 2085 1502 membra

1100 1508 1296 1550 Ecclesiae,
1323 1512 1405 1555 quia
1431 1524 1551 1545 verum
1578 1521 1627 1547 est
1652 1514 1803 1549 dictum:
1832 1514 1939 1550 Extra
1965 1516 2088 1552 Eccle-

1099 1559 1185 1592 siam
1204 1560 1271 1592 Dei
1290 1572 1362 1593 non
1381 1568 1430 1595 est
1447 1563 1551 1596 salus.

1202 1609 1352 1644 Discatis
1369 1623 1451 1654 ergo
1469 1609 1554 1645 haec
1570 1614 1635 1646 tria
1653 1616 1845 1648 necessaria
1862 1628 1934 1650 esse
1949 1619 1990 1650 ad
2009 1616 2086 1659 hoc,

1099 1665 1138 1693 ut
1161 1657 1269 1693 homo
1291 1661 1336 1694 sit
1359 1663 1557 1695 membrum
1576 1661 1770 1705 Ecclesiae,
1798 1667 1978 1708 videlicet,
2008 1681 2084 1701 am·-

1099 1709 1202 1752 plecti
1221 1707 1406 1754 Evangelii
1425 1713 1640 1753 doctrinam,
1667 1715 1718 1747 uti
1736 1715 1971 1752 Sacramentis
1991 1719 2085 1753 iuxta

1100 1759 1377 1802 institutionem,
1411 1763 1554 1795 obedire
1581 1764 1795 1805 ministerio,
1829 1767 1866 1799 in
1891 1765 1960 1807 his,
1995 1782 2084 1814 quae.

1099 1811 1240 1855 proprie
1258 1812 1300 1843 ad
1320 1812 1554 1846 ministerium
1573 1816 1760 1857 pertinent.

1200 1860 1294 1894 Haec
1316 1862 1343 1894 si
1360 1863 1497 1896 invenit
1514 1861 1619 1896 homo
1639 1866 1674 1897 in
1693 1877 1752 1899 sua
1771 1874 1886 1901 mente
1905 1876 1937 1902 et
1955 1870 2083 1903 volun-

1098 1918 1183 1951 tate,
1210 1918 1304 1944 certo
1323 1920 1371 1945 est
1389 1913 1586 1947 membrum
1605 1914 1791 1952 Ecclesiae.
1843 1917 1887 1952 lit
1907 1931 1984 1952 cum
2002 1932 2083 1954 vere

1098 1962 1169 2003 agit
1194 1962 1443 2005 poenitentiam
1468 1971 1501 1997 et
1526 1966 1635 1998 credit
1650 1964 1863 2009 Evangelio,
1891 1977 1940 2002 est
1963 1970 2082 2003 vivum

1099 2013 1317 2054 membrum,
1352 2020 1384 2046 et
1406 2012 1503 2048 Deus
1533 2026 1612 2048 eum
1644 2018 1806 2061 exaudit,
1840 2026 1873 2053 et
1904 2026 1955 2054 est
1980 2022 2017 2053 in
2041 2033 2081 2053 en

1097 2062 1226 2095 efficax.

1199 2112 1382 2145 Caeterum
1406 2124 1479 2147 non
1503 2115 1696 2160 requiritur
1719 2117 1914 2153 similitudo
1940 2120 1975 2152 in
1996 2121 2081 2164 legi-

1098 2162 1162 2194 bus
1186 2159 1368 2203 humanss,
1402 2170 1441 2197 ut
1466 2164 1502 2197 in
1527 2177 1585 2198 esu
1610 2168 1788 2208 carnium,
1821 2176 1880 2203 aut
1906 2170 2081 2205 similibus

1097 2212 1220 2245 mediis
1249 2213 1372 2251 rebus,
1406 2221 1443 2248 ut
1469 2215 1598 2249 Paulus
1630 2217 1721 2250 clare
1747 2219 1847 2252 dicit:
1882 2219 1992 2254 Nemo
2018 2234 2079 2255 vos

1096 2261 1224 2296 iudicet
1241 2263 1277 2295 in
1296 2263 1374 2296 cibo
1393 2271 1425 2297 et
1442 2265 1476 2298 in
1497 2274 1592 2308 potu.

1198 2312 1300 2354 Item,
1326 2325 1430 2347 nemo
1446 2322 1496 2348 est
1513 2317 1705 2349 membrum
1718 2316 1892 2353 Ecclesiae
1904 2319 1988 2362 Dei,
2017 2323 2078 2367 qui

1095 2363 1320 2406 pertinaciter
1349 2365 1506 2398 defendit
1535 2366 1722 2400 articulum
1748 2365 1980 2409 haereticum,
2018 2381 2079 2406 aut

1094 2413 1204 2456 legem
1230 2414 1500 2458 praecipientem
1518 2428 1606 2457 opus
1623 2424 1744 2451 contra
1763 2422 1925 2454 mandata
1945 2423 2077 2463 divina,

1094 2470 1132 2497 ut
1155 2464 1321 2509 Synodus
1344 2476 1438 2497 nunc
1464 2466 1569 2499 tradit
1591 2467 1755 2500 articulos
1783 2472 1964 2504 manifeste
1991 2470 2075 2505 hae-

1094 2514 1237 2555 reticos,
1265 2515 1358 2560 quod
1382 2522 1539 2558 oporteat
1561 2527 1696 2561 semper
1714 2519 1875 2554 dubitare
1892 2522 1933 2553 de
1951 2523 2074 2556 remis-

1092 2564 1189 2598 sione
1212 2572 1445 2609 peccatorum.
1497 2565 1602 2607 Item,
1631 2569 1723 2611 quod
1742 2570 1930 2605 satisfactio
1949 2570 2074 2607 huma·

1091 2627 1134 2648 na
1158 2627 1221 2659 pro
1247 2615 1393 2659 peccatis
1415 2617 1604 2650 necessaria
1630 2617 1682 2650 sit.
1738 2617 1823 2654 item
1839 2621 1929 2666 leges
1946 2623 2074 2669 impiae

1087 2672 1189 2709 sunt,
1215 2678 1302 2712 quae
1319 2663 1509 2711 prohibent
1525 2667 1740 2712 coniugium.
