2409 2915
76 139 149 174 813
325 136 405 171 ΧΗ.
466 133 858 171 ANNOTATIONES
885 134 952 170 ET
978 131 1261 170 CONCIONES
1289 135 1338 170 IN
1366 133 1547 172 EVANG.
1578 135 1857 173 MATTHAEI.
2026 140 2099 176 814

74 235 215 264 omnes,
264 230 296 257 et
336 223 498 267 inprimis
528 221 704 265 principes
733 227 766 254 et
799 222 1060 265 gubernatores,
1084 219 1089 242 Ι
1113 220 1177 255 Dei
1209 221 1390 256 immotam
1419 223 1628 256 sententiam
1655 236 1693 257 ac
1717 224 1954 266 voluntatem,
1993 237 2098 270 quam

75 275 271 319 exemplum
299 275 404 308 huius
428 273 549 307 militis
577 278 707 306 attente
731 278 764 306 et
786 279 986 306 reverenter
1002 285 1060 306 co—
1114 272 1198 305 velit
1221 273 1338 306 audiri
1363 285 1401 306 ac
1426 274 1545 317 recipi.
1597 273 1687 308 Nam
1711 276 1916 309 resuscitare
1940 283 2098 311 mortuos

74 326 235 367 gitarent.
1084 335 1087 377 Ι
1113 330 1146 356 et
1172 323 1278 356 vitam
1304 324 1353 356 eis
1382 325 1546 364 reddere,
1581 337 1669 367 opus
1691 333 1741 359 est
1765 326 1876 359 solius
1900 327 2098 362 divinitatis

176 383 326 429 Reliqua
357 389 439 416 sunt
468 382 579 416 multa
611 382 700 421 alia,
736 394 824 428 quae
849 383 1001 416 brevitas
1026 390 1059 416 et
1084 381 1086 400 Ι
1113 374 1314 418 proprium,
1345 374 1556 407 inimitabile
1581 375 1732 409 diabolis
1757 384 1790 411 et
1815 378 1980 411 omnibus
2002 389 2097 411 crea-

76 435 234 479 angustia
259 433 426 477 temporis
446 433 618 477 explicare
643 445 716 466 non
737 434 891 478 patitur,
914 441 945 467 et
962 441 1057 468 tanta
1083 404 1086 488 Ι
1112 425 1211 459 turis·

75 493 125 519 est
146 485 350 529 magnitudo
377 496 512 523 rerum,
539 490 580 517 ut
599 484 782 519 instituere
799 485 1056 518 enarrationem
1214 483 1398 526 Secundo,
1434 485 1603 518 miracula
1635 497 1837 530 quanquam
1865 495 1945 521 sunt
1970 501 2096 532 corpo-

74 548 146 570 non
169 536 291 570 ausim.
343 532 424 568 Non
447 547 588 578 possum
612 542 729 568 tamen
747 536 908 570 omittere
926 548 1057 580 appen-
1111 536 1198 570 ralia
1214 536 1318 576 bona,
1343 542 1460 569 tamen
1474 543 1557 569 sunt
1571 536 1728 580 exempla
1744 548 1782 570 ac
1798 538 1996 571 testimonia
2014 551 2096 583 pro-

73 588 206 626 dicem,
240 597 327 630 quae
352 593 384 619 et
407 586 683 620 consolationem
711 587 870 627 dulcem,
906 594 939 620 et
961 599 1058 620 com-
1111 587 1318 620 missionum
1341 587 1500 620 omnium
1525 594 1596 621 tam
1624 587 1862 632 spiritualium
1888 601 1993 633 quam
2018 602 2097 623 cor-

73 637 302 671 minationem
320 636 455 669 tristem
476 637 731 681 complectitur.
784 636 989 671 Consolatio
1008 644 1057 671 est
1112 638 1297 680 poralium.
1350 636 1396 670 Et
1416 639 1607 672 ostendunt
1624 636 1708 672 haec
1728 639 1905 682 exempla,
1931 638 2047 673 Deum
2065 648 2097 673 et

72 688 202 726 dulcis,
244 699 322 721 cum
354 687 471 732 inquit
501 687 694 729 Dominus,
733 689 951 733 recipiendas
985 700 1056 722 esse
1111 689 1147 721 in
1173 689 1418 733 spiritualibus
1441 696 1474 722 et
1497 689 1534 721 in
1560 690 1802 733 corporalibus
1823 690 1990 735 periculis
2008 691 2096 724 velle

71 745 188 782 gentes
205 738 247 771 ad
268 738 465 772 societatem
486 737 674 773 Ecclesiae.
729 738 968 773 Comminatio
986 747 1056 773 ter·
1110 739 1356 773 invocantibus
1373 740 1553 784 opitulari.

70 789 186 822 ribilis
210 795 278 829 est,
308 801 385 822 cum
410 789 543 834 inquit:
572 789 654 823 Filii
672 791 789 833 regni,
817 791 878 835 qui
896 789 963 824 hoc
979 791 1056 834 glo-

69 841 200 874 riosum
223 851 354 873 nomen
377 837 529 878 habent,
555 842 649 885 quod
675 841 745 875 sint
762 839 917 874 Ecclesia
941 848 974 874 et
991 854 1055 886 po-
1080 848 1083 924 Ι

70 891 174 935 pulus
203 890 288 930 Dei,
330 891 515 924 eiicientur
543 893 647 925 foras.
708 891 761 926 De
791 893 905 935 primo
939 893 1056 936 igitur,

69 942 205 987 quoties
228 942 357 974 dicitur
380 942 485 974 etiam
508 950 629 985 gentes
651 956 667 976 a
685 942 759 976 Deo
779 944 818 975 ad
838 944 1054 986 agnitionem
1080 960 1083 966 ·

68 993 130 1025 filli
147 991 229 1033 Del,
257 999 290 1026 et
304 993 480 1026 societatis
499 994 589 1026 vitae
607 1000 641 1026 et
657 994 778 1027 salutis
795 1000 972 1035 aeternae,
999 1006 1053 1027 ΓΕ-
1079 970 1082 1037 Ι
1109 1003 1235 1035 fiducia
1251 1003 1514 1046 promissionis,
1542 1003 1630 1036 sicut
1649 1003 1782 1036 accedit
1800 1003 1867 1037 fide
1885 1004 2013 1037 mulier
2029 1002 2097 1048 Sy-

68 1043 157 1088 Cipi,
185 1044 450 1076 meminerimus
477 1042 567 1078 hanc
592 1056 752 1087 magnam
777 1052 809 1077 el
834 1045 1055 1078 inenarfflbi-
1080 1050 1082 1095 Ι
1109 1051 1358 1097 rophoenissa‚
1386 1054 1484 1086 nulla
1504 1066 1563 1087 sua
1580 1053 1701 1086 merita
1721 1054 1886 1087 adferens
1904 1061 1963 1087 aut
1979 1061 2097 1087 osten-

68 1094 136 1127 lem
167 1095 446 1128 consolationem
477 1096 587 1136 tradi,
624 1096 718 1141 quod
745 1096 914 1129 immensa
939 1103 972 1129 et
999 1096 1054 1128 in-
1080 1097 1082 1128 Ι
1108 1112 1199 1138 tans,
1251 1102 1385 1137 Eodem
1405 1106 1511 1138 modo
1527 1103 1769 1138 voluntgsDei
1787 1105 2018 1138 immutabilis
2036 1112 2097 1145 est,

67 1145 200 1202 effflbffi
227 1145 467 1202 miseri-eosdm
493 1158 600 1189 genus
621 1143 817 1179 hfflnaffllm
838 1159 855 1178 ³
874 1145 947 1179 13⁸0
966 1148 1054 1180 feei*
1079 1192 1083 1203 θ
1109 1163 1140 1188 et
1169 1157 1374 1189 mandatum
1403 1156 1661 1188 severissimum
1690 1157 1732 1188 ad
1757 1167 1879 1188 omnes
1905 1156 2096 1200 pertinens,

67 1202 186 1239 Ρῐῖυΐ,
213 1203 247 1229 ss
272 1207 511 1229 Pem¹S⁵¹0¹¹⁰m
535 1203 758 1241 peccatorum
785 1198 891 1239 grati—‘1
913 1205 1055 1241 Propter
1080 1219 1081 1222 ¹
1109 1213 1148 1240 ut
1164 1206 1230 1238 fide
1247 1207 1289 1239 ad
1309 1205 1502 1239 Dominum
1521 1205 1634 1239 lesum
1653 1204 1834 1239 Christum
1853 1208 2036 1246 accedant,
2063 1215 2096 1241 et

67 1246 179 1279 filium
215 1245 281 1280 Dei
319 1247 393 1279 sine
428 1248 518 1302 ullis
541 1247 670 1281 nostris
702 1248 837 1282 meritis
868 1249 1054 1293 consequi·
1109 1258 1154 1291 ita
1179 1269 1216 1289 ea
1234 1257 1347 1290 Deum
1372 1258 1548 1292 invocem,
1602 1256 1894 1304 Tflljsinvocafio
1910 1269 2094 1302 nunquam

67 1303 125 1330 ²¹1¹*
141 1304 204 1334 etc·
1079 1313 1083 1347 Ι
1109 1308 1207 1340 irrita
1233 1315 1301 1345 est,
1329 1308 1388 1340 sed
1415 1319 1494 1340 vere
1519 1308 1637 1340 efficax
1663 1315 1734 1348 est,
1761 1315 1794 1342 et
1820 1308 1983 1352 impetrat
2006 1320 2094 1353 quae

1079 1350 1082 1369 Ι
1108 1358 1217 1402 petiit.
1280 1358 1331 1391 Ac
1364 1358 1543 1402 pertinent
1576 1359 1619 1390 ad
1651 1358 1848 1392 doctrinam
1874 1360 1917 1391 de
1941 1359 2096 1403 applica-

356 1401 422 1433 De
449 1410 585 1433 ⁸⁰⁰²‘1‘
612 1401 754 1434 Ρθΐνῖ·
1079 1432 1081 1445 ,
1107 1409 1204 1443 tione
1229 1409 1319 1442 dicta
1345 1409 1650 1442 communissima:
1680 1407 1808 1442 Venite
1829 1410 1872 1442 ad
1897 1421 1952 1442 me
1975 1421 2097 1442 omnes

1108 1461 1169 1505 qui
1203 1459 1370 1494 laboratis
1402 1466 1435 1493 et
1461 1459 1598 1493 onerati
1621 1460 1720 1500 estis,
1755 1471 1817 1502 ego
1843 1460 1994 1493 reficiam
2022 1472 2095 1493 vos,

1107 1511 1218 1544 Nemo
1241 1511 1352 1554 rapiet
1376 1522 1458 1544 oves
1481 1522 1574 1543 meas
1598 1510 1640 1543 de
1665 1510 1830 1543 manibus
1852 1511 1951 1545 meis.
2013 1509 2096 1544 Est-

1106 1574 1175 1606 que
1205 1570 1244 1596 ut
1275 1562 1368 1602 dixi,
1403 1562 1610 1594 mandatum
1642 1562 1923 1602 severissimum,
1957 1568 1998 1595 ut
2029 1562 2096 1594 fide

1105 1611 1220 1646 Deum
1244 1613 1403 1653 invoces,
1434 1620 1467 1647 et
1489 1611 1646 1655 exempla
1663 1612 1745 1645 fidei
1762 1612 1800 1644 in
1819 1612 1998 1645 miraculis
2013 1612 2094 1644 dul-

1078 1691 1079 1698 ,
1107 1664 1254 1696 cissimis
1271 1670 1305 1697 et
1320 1663 1642 1696 innumerabilibus
1660 1662 1837 1706 proposita
1857 1663 2016 1696 imiteris.

1213 798 1356 838 Tertio,
1384 806 1467 832 sunt
1490 799 1648 832 doctrina
1666 800 1708 832 de
1724 800 1978 843 applicatione,
2009 813 2097 845 quae

1109 861 1232 883 omnes
1252 857 1285 884 et
1301 851 1458 893 singulos
1475 850 1743 883 commonefacit
1758 851 1800 883 de
1821 853 1971 894 petendo
1990 858 2022 884 et
2039 864 2097 884 ex—

1109 902 1298 945 spectando
1326 901 1457 934 auxilio
1483 899 1573 944 Dei,
1607 902 1842 935 accedendum
1870 902 2000 935 scilicet
2025 914 2096 935 esse

1109 954 1152 985 ad
1185 951 1381 985 Dominum
1412 959 1575 985 nostrum
1606 951 1719 985 lesum
1750 950 1930 986 Christum
1966 953 2033 985 fide
2065 960 2095 986 et

1079 1455 1081 1467 l

119 1473 278 1509 Veniens
298 1471 403 1508 Iesus
428 1473 466 1507 in
492 1471 639 1508 domum
657 1471 775 1514 Petri,
804 1472 894 1510 cidit
910 1486 1051 1508 socrum
1078 1474 1081 1531 Ι

165 1525 242 1559 eius
257 1524 430 1559 iacentem
448 1529 478 1559 et
489 1524 596 1573 febri
613 1524 861 1567 laborantem,
889 1530 920 1559 el
935 1525 1051 1571 tetigit
1078 1536 1081 1565 ἶ

165 1589 317 1609 manum
335 1575 429 1616 eius,
458 1581 488 1609 et
505 1575 646 1610 dimisit
663 1589 741 1610 eam
751 1576 896 1625 febris,
924 1581 954 1610 et
969 1589 1051 1610 sur-

168 1627 261 1661 rexit
280 1632 310 1660 et
329 1627 569 1661 ministrabat
587 1627 658 1671 eis,
687 1632 747 1664 etc.

164 1686 323 1722 Recitata
346 1694 428 1720 sunt
451 1687 586 1732 aliquot
609 1687 777 1720 miracula
803 1688 840 1720 in
859 1685 924 1720 hoc
940 1687 1052 1731 capite

63 1745 207 1778 octavo,
234 1738 440 1771 brevissime
464 1750 502 1770 ac
526 1738 802 1782 simplicissime,
828 1738 910 1782 quia
932 1738 968 1771 in
985 1739 1051 1770 im—
1209 1730 1304 1764 Haec
1328 1742 1428 1774 saepe
1454 1730 1586 1763 flUdffiS
1609 1730 1800 1770 ἶῐὶἳῦιΰὸΐῖ,
1826 1741 1865 1762 ³0
1888 1742 2026 1763 necesse
2043 1738 2094 1764 ²⁵!

62 1801 224 1822 mensum
249 1789 411 1822 crevisset
436 1788 609 1821 librorum
629 1789 753 1829 moles,
780 1789 809 1821 si
829 1789 965 1832 singula
985 1789 1050 1821 mi-
1105 1794 1206 1825 saepe
1232 1780 1316 1815 haec
1340 1781 1542 1815 communia
1564 1787 1597 1814 et
1622 1778 1829 1814 catechetica
1848 1781 2018 1814 elementa
2037 1793 2093 1814 re-

63 1840 179 1872 racula
211 1839 345 1883 prolixe
369 1839 532 1882 Apostoli
558 1847 900 1873 commemorassent.
968 1839 1050 1873 ldeo
1106 1834 1200 1877 Peli,
1227 1839 1265 1867 ut
1290 1833 1360 1866 Sint
1378 1833 1414 1864 in
1434 1837 1620 1876 conspectu
1638 1832 1817 1871 omnium,
1844 1838 1877 1865 Εἰ
1894 1832 1930 1864 in
1948 1832 2093 1865 invoca·

64 1891 101 1923 in
133 1888 198 1923 hoc
226 1890 304 1923 loco
329 1889 483 1933 primum
507 1890 663 1923 breviter
686 1890 836 1931 dicitur,
871 1891 965 1936 quod
995 1903 1049 1924 50-
1106 1884 1202 1917 tione
1219 1884 1358 1917 assidua
1376 1890 1408 1917 et
1424 1883 1574 1915 lectione
1588 1893 1649 1914 seu
1665 1882 1872 1916 recitatione
1888 1882 2011 1916 talium
2027 1883 2093 1916 mi·

62 1953 160 1974 crum
181 1940 273 1974 Petri
298 1940 539 1984 languentem,
567 1946 600 1973 et
623 1947 663 1975 ut
683 1940 731 1974 ait
753 1948 887 1981 texum,
914 1940 1050 1986 πυρὲσ-
1104 1935 1306 1968 memorum
1325 1934 1370 1968 ab
1387 1933 1553 1967 omnibus
1569 1933 1778 1976 cogitentur·

62 2002 222 2032 σουσαν,
252 1989 428 2024 Dominus
454 1991 596 2025 curarit.
647 1991 770 2025 Postea
794 1992 940 2026 dicitur:
971 1990 1049 2026 Ob-
1206 2001 1276 2035 Sed
1292 2002 1397 2041 dices,
1424 1998 1510 2033 haec
1527 2000 1695 2034 miracula
1712 2012 1789 2033 cum
1807 2000 1880 2034 ἰδῇς
1898 2001 1986 2034 facta
2001 2009 2093 2042 sum,

61 2043 220 2077 tulerunt
241 2042 274 2075 ei
295 2042 426 2075 multos
443 2042 642 2093 Duaemonia
663 2040 852 2082 habentes,
879 2050 913 2077 et
933 2043 1050 2077 eiicie—
1104 2053 1233 2098 quibus
1257 2052 1434 2085 Dominus
1464 2051 1656 2096 opitulatus
1683 2058 1762 2092 051„
1788 2063 1884 2085 nunc
1912 2052 2092 2086 desierunt

61 2094 120 2127 bat
143 2093 439 2149 Spiritusf'erbov
473 2100 505 2126 et
529 2105 652 2135 Omnes
674 2095 766 2127 male
794 2092 964 2128 habentes
989 2107 1049 2128 cu·
1104 2104 1284 2143 miracula,
1312 2109 1344 2136 et
1362 2103 1465 2136 video
1481 2114 1536 2135 me
1554 2110 1586 2136 et
1598 2102 1684 2134 alios
1696 2100 1889 2135 haererein
1902 2104 2091 2143 aerumnis,

61 2144 172 2184 ravit,
198 2150 235 2177 ¹¹1
252 2143 525 2187 adlmpleretffl',
553 2146 646 2189 quod
663 2145 795 2179 dictum
816 2152 867 2178 0⁵²
886 2157 945 2189 Ρθῐ·
961 2143 1048 2178 PFO-
1104 2166 1167 2187 nec
1192 2154 1305 2187 iuvari
1330 2166 1348 2186 a
1366 2152 1453 2187 Deo.
1503 2153 1603 2196 Quae
1629 2154 1736 2196 igitur
1758 2153 1890 2186 utilitas
1913 2160 1962 2186 est
1984 2151 2090 2187 huius

61 2193 202 2240 Phetam
226 2193 367 2227 Esaiam
396 2194 586 2227 dicentem:
625 2194 702 2239 Ipse
733 2195 956 2229 infirmitates
983 2208 1049 2228 ¹¹⁰·
1104 2204 1343 2238 recitationis?
1408 2204 1639 2248 Respondeo:
1688 2204 1884 2246 Diligenter
1924 2215 2088 2247 praemu—

61 2253 148 2280 51535
167 2245 317 2288 ‘'melfi‘’
345 2251 378 2278 et
394 2245 649 2287 aegrotationes
665 2246 801 2279 ndstffls
819 2247 980 2289 porl‘Wlt·
1103 2256 1227 2289 niendi
1254 2263 1335 2289 sunt
1359 2256 1468 2289 animi
1497 2256 1663 2289 adversus
1688 2261 1757 2287 tam
1781 2251 2004 2297 blasphemas
2029 2267 2088 2288 co-

163 2304 231 2338 Hic
248 2304 374 2337 iterum
393 2316 529 2341 mone0‚
558 2311 595 2337 ut
611 2317 832 2338 communem
851 2306 1048 2339 doctrinam
1103 2307 1287 2350 gitationes
1310 2319 1349 2340 ac
1372 2319 1484 2340 voces.
1540 2304 1601 2339 Est
1629 2305 1721 2338 enim
1744 2305 1975 2338 certissimum
1992 2318 2086 2339 nunc

63 2355 313 2390 miraculorum
339 2355 458 2387 animo
484 2355 664 2398 repetatis,
693 2362 726 2388 et
750 2368 838 2400 quae
863 2357 899 2389 in
923 2357 1048 2390 recita·
1104 2371 1244 2403 quoque
1266 2358 1422 2401 ingentia
1447 2357 1614 2389 miracula
1640 2356 1800 2400 quotidie
1825 2356 1918 2395 fieri,
1947 2357 1988 2389 de
2008 2357 2086 2400 qui-

61 2407 157 2441 tione
181 2417 303 2440 eorum
328 2405 513 2449 praecipue
538 2406 723 2450 cogitanda
748 2407 840 2445 sint,
868 2414 998 2441 attente
1016 2416 1048 2442 et
1103 2410 1168 2442 bus
1191 2409 1460 2442 commonefacit
1484 2418 1546 2440 nos
1573 2407 1705 2440 dictum
1731 2407 1766 2439 in
1793 2404 1906 2440 Actis:
1944 2405 1982 2439 ln
2010 2407 2085 2450 ipso

62 2465 262 2492 reverenter
286 2456 525 2491 consideretis.
586 2456 690 2490 Scitis
714 2458 867 2500 primum
892 2459 1048 2492 testimo·
1104 2460 1274 2498 vivimus,
1315 2471 1435 2492 sumus
1466 2466 1499 2491 et
1527 2469 1720 2491 movemur.
1781 2456 1886 2500 Quod
1921 2458 2014 2489 enim
2047 2464 2086 2491 tu

63 2509 122 2542 nia
147 2520 219 2542 esse
244 2507 443 2547 doctrinae,
465 2507 542 2540 vult
564 2508 658 2540 enim
675 2507 770 2542 Deus
790 2509 835 2541 ita
854 2511 1049 2551 ostendere,
1103 2511 1210 2551 vivis,
1237 2512 1330 2556 quod
1356 2509 1521 2543 infantuli
1549 2509 1599 2542 tui
1624 2515 1827 2547 servantur,
1855 2510 1949 2552 quod
1975 2508 2086 2557 irnpe-

64 2571 98 2593 se
113 2557 204 2592 hanc
221 2570 340 2592 vocem
356 2559 507 2597 tradere,
534 2570 638 2603 quam
656 2560 763 2593 tantis
779 2560 959 2594 miraculis
975 2561 1048 2605 ipse
1101 2563 1199 2595 ditur
1213 2561 1404 2600 Diabolus,
1433 2573 1476 2593 ne
1504 2560 1575 2593 suis
1597 2559 1778 2592 furoribus
1801 2559 1920 2591 omnia
1944 2566 2086 2599 evertat,

64 2617 164 2643 ornet
187 2623 227 2643 ac
249 2609 442 2643 confirmet.
495 2608 675 2643 Intuentes
697 2610 804 2654 igitur
828 2608 913 2644 haec
934 2612 1046 2644 admi·
1102 2619 1236 2647 tantum
1262 2613 1297 2646 fit
1323 2612 1490 2644 beneficio
1516 2611 1578 2643 lilii
1605 2610 1671 2644 Dei
1698 2610 1843 2643 Domini
1870 2611 1980 2643 nostri
2007 2609 2083 2643 lesu

65 2661 173 2693 randa
211 2660 387 2704 exempla,
431 2660 583 2702 cogitent
619 2673 738 2694 vocem
774 2669 956 2696 sonantem
985 2675 1048 2707 per
1071 2654 1073 2674 Ι
1098 2661 1230 2697 Christi
1263 2663 1475 2708 protegentis
1500 2675 1537 2695 ac
1562 2662 1732 2694 servantis
1754 2668 1786 2695 te
1811 2660 2083 2696 mirabilis-simo.

65 2707 262 2753 Christum,
287 2708 481 2756 Prophetas
498 2717 531 2744 et
547 2711 736 2756 Apostolos
753 2725 831 2747 vere
850 2725 921 2747 esse
938 2714 1046 2758 ipsius
1070 2710 1071 2714 ¹
1097 2713 1165 2748 Hic
1192 2714 1383 2754 Dominus,
1418 2720 1455 2746 ut
1482 2713 1596 2758 inquit
1619 2710 1757 2754 Esaias,
1794 2713 1830 2745 in
1854 2713 1934 2747 sinn
1961 2726 2023 2749 suo
2051 2721 2083 2747 et
