2409 2915
252 102 346 140 1119

255 197 376 236 portas
395 187 601 220 inferorum.
658 182 744 217 Item
763 182 909 216 verbum
933 183 1002 216 tale
1024 183 1250 228 praedicavit,

258 241 353 287 quod
370 249 443 271 non
462 242 512 270 est
527 236 603 277 lex,
627 235 687 268 sed
704 233 862 267 remissio
886 233 1031 277 peccati.
1085 233 1249 269 Secundo

259 298 374 325 autem
414 289 568 321 adventu
603 284 792 322 iudicabit,
834 284 964 318 scilicet
988 285 1050 318 ubi
1083 285 1150 318 iam
1176 297 1250 318 non

259 341 442 375 restabunt
457 349 544 384 quos
562 337 681 371 salvet.

259 390 415 429 Christi,
442 389 536 434 quod
555 389 598 422 ad
621 387 726 420 finem
745 398 857 431 usque
882 386 1007 419 mundi
1033 386 1250 431 praedicabi-

261 451 338 481 tur,
365 441 443 474 talis
461 447 494 473 et
512 440 584 483 ipse
600 451 659 471 rex
676 445 734 472 est.
791 436 947 470 Verbum
971 444 1086 471 autem
1103 439 1249 470 verbum

260 493 391 537 gratiae
407 498 476 529 est,
504 503 576 523 non
595 489 683 530 irae3
708 488 816 535 igitur
831 494 863 521 et
881 487 955 535 ipse
970 500 1030 521 rex
1045 488 1174 532 gratiae
1189 493 1250 520 est.

259 544 399 578 Patrem
433 554 495 586 per
530 539 711 574 Christum
751 539 912 581 cognosci
949 539 1025 573 vult
1068 539 1252 583 scriptura,

262 594 408 628 Ioannis
428 593 469 626 Ι.;
497 591 609 625 Deum
628 602 730 623 nemo
752 589 842 623 vidit
866 601 1034 635 unquam.
1086 589 1129 623 Et
1148 588 1251 622 Ioan-

262 647 318 679 nis
337 643 449 679 xlxi:
487 642 526 677 Si
551 641 698 675 nossetis
715 652 789 678 me,
816 647 848 674 et
874 647 1007 684 patrem
1032 652 1148 673 meum
1170 651 1252 672 nos-

262 697 356 730 setis.
391 694 493 728 item:
522 691 598 736 Ego
617 704 693 725 sum
711 691 786 731 via,
812 691 940 724 veritas
957 697 990 724 et
1007 692 1086 725 vita.
1141 690 1252 723 Porro

263 753 397 793 patrem
415 756 517 777 nosse
539 751 607 787 est,
636 743 853 775 voluntatem
873 742 946 775 eius
962 753 1074 775 nosse.
1113 740 1254 774 Volun-

263 805 315 832 tas
339 804 454 831 autem
481 795 590 840 patris
613 806 686 827 non
712 799 826 837 potest
850 793 917 825 nisi
943 793 981 825 in
1007 793 1133 832 verbo,
1159 792 1254 829 item,

262 849 300 882 in
315 847 474 891 exemplo
490 846 564 887 sni,
595 846 630 878 in
649 842 806 883 Christo,
834 843 1010 886 cognosci,
1035 843 1072 875 in
1090 855 1159 888 qno
1180 854 1254 875 cer-

263 901 380 933 nimus
395 897 673 931 misericordiam
693 894 822 939 patris,
850 894 945 938 qnod
968 894 1070 933 velit,
1106 901 1138 927 et
1166 905 1255 938 quo—

264 951 370 984 modo
388 949 472 982 vetit
487 948 633 981 salvare.
694 945 852 978 Primum
876 945 971 989 quod
992 944 1094 985 velit,
1133 943 1254 978 {oann⁸

264 1001 346 1036 ltt.:
376 1000 434 1034 Sic
451 1000 550 1032 Deus
567 995 690 1031 dilexit
716 996 909 1035 mundum,
939 1002 985 1038 pt
1010 996 1107 1028 daret
1131 995 1256 1038 unige-

264 1053 379 1085 nitum
400 1050 511 1083 filium
529 1061 592 1093 pro
612 1047 756 1080 mundo.
810 1045 948 1079 Deinde
965 1047 1143 1091 quomodo
1160 1046 1258 1086 velit,

265 1102 397 1136 scilicet
421 1113 483 1144 per
505 1111 642 1133 crucem
670 1109 730 1130 seu
755 1103 925 1136 mortem,
952 1096 1059 1133 Rom.
1077 1096 1155 1130 VL:
1185 1096 1255 1140 Qui

265 1160 427 1187 mortuus
444 1157 514 1191 est,
542 1149 748 1184 iustificatos
764 1155 813 1181 est
837 1160 854 1180 a
882 1155 1034 1191 peccato.
1087 1147 1169 1181 Non
1194 1160 1256 1192 po—

265 1211 330 1239 test
347 1203 440 1237 Deus
458 1202 621 1246 cognosci
642 1199 710 1233 nisi
735 1199 771 1231 in
798 1196 942 1232 homine
957 1197 1100 1232 Christo
1119 1205 1258 1232 mortno

265 1263 298 1289 et
319 1250 544 1293 resuscitato,
570 1253 605 1285 id
632 1257 698 1291 est,
726 1251 820 1295 qnod
849 1250 1010 1283 voluntas
1029 1249 1094 1282 Dei
1118 1250 1180 1291 sit,
1204 1250 1257 1283 iu-

267 1305 408 1340 stificari
426 1317 487 1349 per
507 1309 655 1336 mortem
672 1308 704 1334 et
723 1301 921 1334 resuscitari
941 1313 1003 1344 per
1021 1301 1137 1334 fidem.
1180 1300 1258 1334 Hoc

268 1365 318 1391 est
341 1358 436 1402 qnod
467 1357 497 1390 1.
514 1351 676 1388 Corinth.
694 1351 719 1386 Ι.
736 1352 882 1385 dicitnr:
911 1351 1005 1394 Quia
1031 1351 1066 1383 in
1087 1351 1257 1395 sapientia

265 1408 331 1442 Dei
359 1418 429 1439 non
454 1405 619 1448 cognovit
642 1403 797 1436 mundus
822 1402 934 1435 Deum
954 1413 1015 1446 per
1039 1402 1258 1445 sapientiam.

266 1457 499 1502 Cognoscitur
517 1462 631 1489 autem
644 1453 738 1487 Deus
755 1453 862 1486 verbo
881 1464 955 1493 suo,
977 1454 1070 1498 quod
1091 1456 1141 1486 est
1158 1464 1258 1496 prae·-

268 1509 397 1543 dicatio
417 1507 548 1544 crucis,
575 1512 615 1539 ut
641 1506 672 1539 1.
688 1502 851 1538 Corinth.
872 1503 897 1538 Ι.
949 1502 1029 1536 Non
1053 1514 1152 1547 posse
1167 1504 1257 1536 laedi

267 1560 336 1593 nisi
351 1559 491 1592 volente
509 1557 606 1596 Deo,
634 1562 685 1593 ct,
714 1555 741 1587 si
759 1555 956 1591 laedamur,
984 1554 1114 1587 bonam
1131 1554 1260 1587 volun-

267 1618 372 1645 tatem
391 1608 454 1642 Dei
473 1619 545 1641 esse
565 1608 758 1640 credamus.
811 1603 987 1637 Pharisaei
1008 1611 1181 1649 quaerunt
1206 1616 1258 1637 sa-

268 1663 375 1695 lutem
404 1672 464 1705 per
478 1663 590 1703 {opera
625 1669 703 1696 sua,
743 1668 814 1688 non
843 1667 905 1699 per
927 1655 1030 1688 fidem
1053 1662 1086 1689 et
1109 1667 1260 1694 crucem,

270 1714 348 1746 ideo
367 1725 438 1745 uon
458 1716 604 1754 possunt
621 1709 663 1742 ad
682 1708 828 1741 salutern
850 1706 1042 1751 pervenire.
1096 1706 1174 1740 Hoc
1200 1713 1260 1746 est,

269 1765 363 1810 quod
381 1762 512 1808 inquit:
555 1759 635 1803 Quo
653 1771 715 1802 ego
735 1759 841 1797 vado,
870 1769 930 1791 vos
950 1770 1021 1791 nou
1042 1757 1184 1801 potestis
1203 1770 1258 1790 ve-

269 1816 358 1848 nire.
411 1813 562 1847 Carnem
581 1823 652 1844 esse
673 1811 892 1853 ignorantem
921 1817 953 1842 et
977 1815 1259 1842 contemnentem

270 1867 353 1903 Dei,
371 1871 542 1898 testantur
560 1863 644 1896 istae
662 1861 870 1894 sententiae:
901 1859 971 1893 Vos
989 1861 1150 1893 deorsum
1170 1860 1261 1898 estis,

270 1929 331 1949 vos
349 1917 391 1949 de
409 1916 544 1948 mundo
568 1914 666 1951 ostis,
701 1924 762 1945 vos
786 1911 978 1944 secundum
1003 1923 1141 1943 caruem
1169 1911 1261 1943 indi-

270 1968 364 2001 cati-².
427 1965 516 2007 Quis
549 1965 589 1996 sit
623 1963 787 1996 Christus
820 1963 1023 2005 respondet:
1069 1961 1261 2005 Principio,

273 2019 366 2063 quod
396 2017 522 2061 ioquor
545 2015 656 2047 vobis.
717 2012 816 2046 Hauc
838 2012 1045 2045 seutentiam
1072 2012 1118 2045 sic
1144 2013 1260 2046 retulit

273 2072 444 2104 IVonnus:
482 2065 559 2099 Hoc
576 2077 652 2098 sum
672 2065 765 2109 quod
789 2064 855 2095 iarn
883 2063 953 2096 dixi
979 2064 1095 2097 vobis:
1127 2064 1261 2097 dix-*rat

273 2121 382 2153 euim:
421 2118 491 2161 ligo
508 2117 678 2153 sumlux3
718 2116 813 2148 item:
850 2114 920 2157 Qui
951 2114 1041 2154 sitit,
1078 2115 1193 2148 wnizn
1219 2116 1259 2147 ad

275 2184 345 2203 mc:
383 2171 481 2203 itcni:
515 2168 606 2201 Caro
633 2178 707 2199 mea
734 2178 812 2198 vere
836 2173 885 2199 est
913 2166 1020 2198 cibus.
1080 2165 1147 2197 Sed
1175 2167 1261 2198 ordo

274 2223 462 2255 verborum
482 2219 529 2252 sic
550 2218 700 2262 postulat
720 2217 804 2258 logi:
841 2215 988 2249 Prorsus
1007 2217 1039 2248 id
1054 2243 1060 2255 ,
1088 2218 1181 2261 quod
1210 2217 1260 2248 ln-

273 2285 362 2318 qnor
396 2271 594 2308 mtfiscnm,
628 2270 693 2304 i.e,
723 2269 824 2311 pl.=ne
857 2267 943 2300 ittud
973 2268 1084 2310 ipsunt
1117 2269 1261 2302 verbnm

274 2337 348 2356 sum
381 2324 472 2367 quod
506 2322 632 2366 loquor
664 2319 862 2352 vobiscum:
905 2318 985 2363 quia
1015 2316 1177 2351 Christus
1215 2326 1261 2351 est

277 2376 421 2407 verbum
447 2373 574 2416 patris.
610 2370 753 2404 loannis
778 2370 903 2413 primo.
959 2369 999 2402 lit
1020 2370 1101 2413 quia
1130 2382 1164 2402 st·
1187 2382 1262 2402 ιἰϊ-

279 2427 360 2459 bum
379 2437 449 2457 essn·
469 2430 633 2465 testatur,
664 2422 738 2455 vuit
757 2421 791 2453 iu
812 2422 919 2453 verbu
940 2420 1111 2463 cognosci.

466 2506 600 2542 stIulla
624 2505 741 2540 habco
763 2507 805 2541 de
831 2505 930 2540 vohis
957 2505 1071 2553 loqui.

378 2577 608 2621 Poste-aquarn
636 2575 794 2620 exposuit
814 2575 897 2619 quid
919 2574 961 2607 sit
982 2572 1210 2617 Esangciitun
1232 2580 1262 2606 et

274 2630 351 2674 quis
369 2630 408 2660 sit
424 2656 430 2665 ,
460 2629 560 2661 subiit
576 2628 596 2660 it
619 2627 892 2668 incrvp.1ti=·m·m
913 2626 1100 2669 impiorum
1123 2633 1152 2659 rt
1172 2625 1262 2656 idas—

275 2678 515 2727 }›iwmautium
537 2680 681 2711 vri-{uun
705 2678 782 2712 Dei.

850 95 972 132 PHIL.
1000 94 1115 133 MEL.
1143 94 1354 134 SCRIPTA
1381 95 1680 136 EXEGETICA.

734 333 880 368 Interim
904 335 1008 380 quale
1029 342 1078 369 est
1103 336 1249 369 verbum
1276 345 1277 348 ’

837 2677 928 2719 Quia
954 2677 1047 2709 euim
1065 2689 1144 2709 carn
1165 2677 1262 2717 iguo-
1288 2670 1292 2707 l

2189 95 2296 136 1120

1275 184 1278 233 ι
1305 190 1358 217 rat
1381 182 1514 228 Deum,
1549 191 1781 219 contemnunt
1806 191 1838 219 et
1863 185 2009 220 verbum
2033 184 2122 219 eius:
2157 191 2191 219 et
2212 185 2294 231 quia

1304 235 1411 270 verbo
1435 234 1501 269 Dei
1518 236 1711 280 iudicatur,
1738 236 1817 270 ideo
1844 236 1933 270 illud
1960 236 2036 270 odit
2060 243 2093 270 et
2116 236 2295 281 persequi-

1304 292 1373 320 tur.
1426 284 1472 319 Et
1488 287 1644 320 minatur
1660 285 1824 322 Christus
1848 287 2033 326 omnibus,
2060 287 2121 332 qui
2139 287 2194 320 vel
2214 297 2294 331 per·

1303 343 1500 381 sequuntur
1525 338 1579 370 vei
1607 345 1842 372 contemnunt
1866 338 2057 378 iudicium,
2081 338 2183 383 quale
2201 337 2295 370 iudi·

1304 387 1398 420 cium
1418 387 1486 420 iarn
1504 394 1584 421 ante
1602 388 1639 420 in
1658 386 1841 423 Pharaone
1855 389 1892 422 in
1909 389 1990 422 filiis
2008 387 2115 423 Israel
2132 399 2296 433 corpora-

1304 437 1385 471 1iter
1409 439 1580 479 ostendit,
1607 438 1735 474 Psalm.
1751 438 1841 474 CV.:
1870 440 1948 474 Non
1969 440 2196 473 crediderunt
2218 449 2297 472 ver-

1305 489 1350 522 bo
1368 488 1444 522 eius
1461 497 1524 524 etc.
1543 496 1576 522 et
1592 489 1740 522 elevavit
1757 501 1900 524 manum
1919 503 2016 525 suam
2034 502 2138 535 super
2154 501 2222 524 eos.

1345 569 1481 606 Multa
1509 569 1627 606 habeo
1651 571 1694 606 de
1720 571 1820 607 vobis
1853 572 1957 622 loqui
1979 578 2009 607 el
2034 570 2260 619 1'udicar22).

1409 638 1559 673 Accusat
1589 638 1772 679 Christus,
1816 653 1894 674 cum
1921 641 1985 682 iis,
2027 641 2086 686 qni
2120 647 2298 686 peccatum

1306 702 1378 725 non
1397 698 1613 734 agnoscunt,
1640 692 1793 725 ostendit
1810 698 2001 736 peccatum,
2044 690 2198 725 Ostenso
2220 703 2299 736 pec-

1308 748 1384 775 cato
1401 742 1579 774 convictas
1595 743 1827 784 conscientias
1846 742 1987 776 iudicat.
2035 741 2124 775 Nam
2141 743 2201 788 qui
2221 753 2299 786 per—

1308 798 1505 837 sequuntur
1524 793 1689 838 verbum,
1719 794 1954 837 praetendunt
1970 793 2042 831 ins,
2069 793 2157 827 sicut
2174 791 2300 826 Phari-

1309 843 1377 876 saei
1397 843 1434 875 in
1453 841 1664 885 Evangelio:
1704 843 1809 878 Hunc
1833 844 2008 877 nescimus
2031 845 2126 877 unde
2147 844 2201 878 sit.
2255 841 2301 877 Et

1309 894 1370 939 qni
1395 901 1624 927 contemnunt
1652 903 1684 929 et
1708 895 1835 928 vivunt
1859 895 1988 935 securi,
2033 896 2067 928 id
2098 895 2300 934 sentientes,

1311 940 1475 990 quod'itli
1492 946 1583 988 apud
1602 943 1741 979 Esaiam
1759 944 1908 981 XXIX:
1938 944 2028 988 Quis
2047 946 2141 979 videt
2158 957 2240 986 nos,
2269 952 2302 978 et

1311 995 1389 1040 quis
1407 995 1506 1029 novit
1525 996 1612 1029 nos?
1666 996 1759 1040 Quia
1779 997 1872 1030 enim
1895 997 2034 1030 ratione
2051 1008 2122 1029 non
2141 1007 2300 1041 compre-

1311 1044 1471 1080 hendunt
1489 1047 1575 1079 iram
1586 1046 1651 1081 Dei
1669 1049 1835 1081 adversus
1852 1059 2012 1088 carnem,
2038 1048 2116 1081 ideo
2131 1059 2203 1080 non
2226 1058 2301 1080 cre-

1311 1099 1401 1131 dunt
1417 1096 1623 1141 Evangelio.
1677 1099 1769 1132 Sunt
1786 1105 1902 1132 autem
1921 1105 2177 1143 contemptores
2191 1105 2224 1131 et
2240 1098 2318 1143 qui*

1312 1149 1425 1193 palam
1443 1155 1694 1190 contemnunt,
1723 1157 1756 1183 et
1781 1149 1841 1195 qui
1861 1161 1932 1183 non
1952 1156 2146 1193 agnoscunt
2160 1159 2301 1182 carnem

1312 1211 1453 1244 peccare
1469 1200 1505 1232 in
1525 1201 1691 1233 omnibus
1715 1201 1840 1234 studiis
1864 1207 1896 1234 et
1922 1201 2104 1244 operibus:
2133 1200 2191 1232 sed
2218 1211 2303 1233 con-

1312 1251 1399 1284 tenti
1426 1258 1507 1284 sunt
1540 1251 1676 1285 iusticia
1707 1252 1842 1291 carnis,
1881 1259 1911 1285 et
1945 1252 2004 1284 itta
2037 1263 2072 1284 se
2098 1250 2301 1284 iustificant:

1311 1303 1611 1347 quemadmodum
1638 1303 1793 1336 sentiunt
1817 1303 1876 1348 qui
1903 1303 2074 1336 rationem
2097 1309 2304 1347 sequuntur,

1312 1352 1484 1393 dicentes,
1524 1365 1816 1397 supervacaneam
1841 1354 2114 1398 disputationem
2143 1364 2214 1386 esse
2239 1353 2302 1385 do-

1312 1415 1410 1442 cere,
1445 1405 1539 1447 quod
1564 1404 1683 1436 omnia
1709 1402 1894 1436 hominum
1924 1416 2028 1447 opera
2052 1404 2121 1436 sint
2145 1410 2301 1447 peccata:

1313 1453 1539 1499 sentiuntque
1568 1455 1649 1488 satis
1665 1466 1737 1486 esse
1755 1466 1871 1487 coram
1891 1453 1984 1494 Deo,
2011 1456 2038 1487 si
2057 1454 2106 1487 sic
2121 1455 2236 1494 vivas,
2264 1461 2304 1487 ut

1313 1515 1331 1537 a
1357 1506 1488 1537 mundo
1516 1503 1724 1548 reprehendi
1751 1517 1822 1537 non
1859 1505 1981 1548 possis.
2042 1503 2089 1537 lli
2122 1512 2203 1538 sunt
2230 1505 2303 1537 veri

1313 1562 1588 1599 contemptores,
1621 1555 1664 1588 de
1687 1555 1816 1599 quibus
1837 1555 1968 1588 liabac.
1983 1556 2007 1587 1.
2036 1555 2180 1588 dicitur:
2209 1553 2305 1589 Con-

1314 1612 1499 1648 temnunt,
1533 1613 1565 1640 et
1590 1606 1651 1650 qui
1676 1606 1888 1649 desperant?
1938 1604 1985 1639 Et
2011 1605 2183 1645 breviter,
2218 1617 2304 1639 con-

1315 1663 1479 1690 temnunt
1505 1658 1651 1690 verbum
1682 1657 1812 1699 gratiae
1843 1668 1985 1697 omnes,
2026 1657 2085 1701 qui
2111 1656 2184 1689 nlla
2208 1657 2244 1690 in
2269 1668 2306 1690 re

1316 1708 1499 1742 aedificant
1532 1709 1568 1740 in
1601 1719 1685 1742 sese.
1753 1707 1847 1750 Quia
1882 1707 1974 1739 enim
2000 1706 2230 1750 Evangelium
2256 1714 2306 1741 est

1317 1759 1462 1791 verbnm
1479 1759 1628 1802 gratiae,
1656 1758 1780 1800 exigit,
1813 1766 1849 1791 ut
1866 1759 1932 1791 tide
1958 1759 2076 1791 omnia
2095 1758 2255 1792 coelestia
2273 1766 2306 1792 et

1316 1816 1452 1842 terrena
1478 1817 1697 1854 expectemus
1721 1822 1737 1842 a
1759 1808 1844 1844 Deo.
1898 1808 1991 1851 Quia
2018 1821 2099 1842 vero
2126 1821 2207 1842 caro
2230 1821 2306 1843 ma-

1316 1861 1539 1903 gnitudinem
1572 1860 1702 1903 gratiae
1731 1872 1802 1893 non
1829 1860 1940 1903 capit,
1978 1861 2056 1893 ideo
2087 1867 2203 1904 putat,
2237 1861 2305 1894 sibi

1317 1912 1442 1944 iustam
1474 1924 1612 1945 causam
1639 1924 1729 1953 esse,
1771 1923 1832 1944 cnr
1859 1923 1930 1943 non
1958 1912 2086 1946 credat.
2147 1909 2223 1944 Hoc
2245 1918 2309 1950 est.

1317 1963 1411 2007 qnod
1432 1971 1565 1996 accusat
1582 1961 1754 1996 Christus.
1808 1961 1895 1994 Nam
1913 1974 1991 1994 caro
2006 1974 2076 1994 non
2099 1968 2208 2005 potest
2228 1974 2306 2005 pec—

1316 2021 1430 2046 catum
1452 2013 1709 2046 incredulitatis
1730 2013 1894 2046 iudicare.

1501 2095 1577 2130 Sed
1601 2097 1667 2144 qui
1692 2095 1792 2130 misi!
1822 2107 1896 2133 mc,
1931 2107 2044 2129 κιναι-
2069 2101 2131 2131 cst.

1420 2163 1617 2210 Occupatio
1650 2173 1716 2204 est,
1751 2165 1849 2210 qnasi
1876 2164 1923 2197 sic
1949 2165 2056 2198 dicat:
2097 2163 2168 2198 Vos
2190 2175 2306 2199 meum

1319 2217 1488 2249 indicium
1508 2225 1537 2250 rt
1556 2217 1760 2250 universum
1784 2227 1899 2248 nwnm
1923 2227 2120 2248 sermonem
2147 2216 2309 2250 iudicatis

1317 2269 1539 2301 mendacium
1557 2280 1640 2302 csse.
1692 2267 1749 2301 Sic
1766 2279 1845 2300 caro
1862 2267 2010 2305 iudicat,
2038 2268 2180 2311 qnando
2198 2268 2308 2306 audit,

1318 2319 1436 2351 omnia
1463 2326 1579 2352 nostra
1608 2318 1786 2355 damuari2
1822 2319 1902 2350 item
1929 2329 2000 2350 csse
2024 2319 2095 2350 sola
2115 2316 2178 2350 Dei
2204 2318 2307 2350 mise-

1318 2370 1470 2403 ricordia
1495 2371 1687 2404 iideiiduvn.
1749 2368 1848 2401 Hanc
1873 2369 2068 2401 doctrinan·
2094 2369 2223 2402 iudicat
2247 2381 2307 2402 va-

1674 2419 1755 2453 {dco
1780 2417 1942 2452 Christus
1964 2418 2115 2451 addidit:
2151 2419 2222 2461 Qui
2252 2432 2307 2452 mr

1319 2472 1410 2505 misit
1431 2485 1531 2505 xci-ax
1550 2479 1616 2510 cst,
1647 2472 1665 2504 i.
1682 2484 1708 2505 e.
1727 2482 1842 2503 meum
1863 2470 2032 2502 indicium
2058 2470 2226 2503 iudicium
2242 2468 2306 2503 Dei

1319 2531 1364 2555 cst
1380 2551 1387 2560 ,
1416 2535 1512 2555 nur-ns
1531 2536 1645 2556 ,st-runi
1663 2535 1776 2554 scruto
1799 2522 1906 2565 patris
1927 2528 1995 2554 est·.
2022 2521 2109 2555 sicut
2129 2533 2231 2564 supra
2252 2521 2305 2554 in-

1317 2574 1410 2619 quit:
1443 2573 1570 2612 Filius,
1597 2573 1657 2618 qni
1677 2579 1723 2605 cst
1744 2572 1779 2604 in
1798 2572 1877 2605 sinu
1897 2572 2021 2616 patris.
2050 2572 2224 2605 rnatu-nit
2244 2584 2307 2605 no-

1319 2434 1398 2453 naut
1426 2434 1496 2453 0550
1521 2434 1611 2456 ΓυΓΟ.

1353 2691 1383 2715 ²)
1404 2691 1468 2714 τιιιι.
1490 2690 1584 2715 Multa
1605 2689 1710 2713 tta-oco.
1732 2688 1841 2713 scillcet
1861 2695 1934 2718 quae
1953 2695 2082 2713 accusem
2099 2691 2128 2712 tn
2149 2689 2238 2714 cosse.
