2409 2915
250 92 346 129 1085

407 172 533 207 Erant
560 169 656 204 enim
681 179 802 204 eorum
833 178 942 214 opera
963 163 1081 206 mala,

249 245 272 277 i.
296 256 324 278 e.
348 243 504 286 adeoque
535 238 704 273 nolebant
738 248 777 270 ea
810 234 959 269 iudicari
990 240 1024 268 et
1051 232 1238 273 confundi3

252 305 330 327 nam
348 292 408 338 qui
426 291 516 324 male
533 290 623 334 agit,
649 288 724 322 odit
743 288 856 321 lucem
869 313 878 327 ,
905 285 928 321 i.
947 297 975 318 e.
995 284 1177 318 iudicium.

392 373 445 408 Et
470 371 550 408 illic
571 369 788 406 morabatur
812 373 842 403 el
866 366 1096 417 baptizabat.

353 444 449 478 Infra
480 442 639 487 exposuit
664 439 759 475 hunc
790 440 908 474 locum
935 437 1103 476 Ioannes,
1145 435 1239 482 quod

251 495 414 532 Christus
428 506 501 528 non
529 491 776 537 baptizaverit,
804 491 864 524 sed
888 489 1066 533 discipuli.
1118 486 1241 531 Bapti-

251 559 347 582 smus
362 544 497 581 Christi
512 545 549 578 fit
566 543 703 588 Spiritu
728 548 847 575 sancto
872 547 905 574 et
923 540 1017 584 igni,
1041 551 1111 584 quo
1135 538 1240 570 modo

251 599 412 632 nondum
428 595 626 641 baptizabat
643 591 826 631 Christus,
854 591 936 637 quia
953 591 1113 624 nondum
1133 588 1242 632 glori·
1270 608 1272 619 =.

252 650 374 683 ficatus
388 653 473 687 erat,
503 644 693 690 baptizavit
709 650 825 677 autem
846 641 997 676 loannes
1013 647 1046 674 et
1063 637 1242 683 discipuli,

254 700 335 745 quia
358 697 514 731 ministri
541 702 623 730 sunt
646 706 754 740 aqua,
790 694 826 727 id
852 700 902 727 est
925 691 1176 726 administrant
1196 688 1243 722 si-

253 762 362 794 gnum
386 755 418 783 et
442 747 645 792 praedicant
670 744 937 789 poenitentiam.
993 740 1154 776 Christus
1171 750 1243 772 non

252 801 391 844 signum
407 800 467 832 sed
486 810 559 832 rem
575 795 809 831 administrat.

353 857 421 893 Cui
438 864 477 892 tu
495 855 737 892 testimonium
754 852 979 899 perhibuisti,
1001 851 1131 884 scilicet
1149 849 1245 895 quod

253 911 297 944 sit
334 909 426 943 filius
455 909 537 942 fidei
560 907 604 952 ⁷).

254 961 382 1006 ptismo
397 959 439 1002 8).

450 1038 547 1076 Oria
572 1044 622 1073 est
650 1043 769 1073 aulem
797 1037 964 1085 quaestio
987 1041 1048 1070 etr.

359 1118 457 1152 Idem
481 1122 531 1150 est
560 1113 756 1158 baptismus
781 1112 1036 1156 discipulorum
1057 1108 1191 1145 Christi
1215 1116 1249 1143 et
1272 1112 1278 1161 ἶ

256 1170 421 1210 Ioannis,
454 1167 536 1213 quia
558 1171 696 1199 tantum
721 1163 944 1208 baptizabant
966 1162 1004 1195 in
1027 1161 1248 1195 annuncian-

257 1224 338 1257 dam
355 1218 595 1254 remissionem
615 1221 855 1259 peccatorum,
882 1214 1039 1258 adeoque
1055 1220 1090 1247 et
1108 1213 1144 1245 in
1164 1223 1249 1256 poe-

257 1271 453 1307 nitentiam.

257 1325 353 1368 gium
375 1328 424 1356 est
444 1320 482 1353 in
500 1317 673 1357 Ecclesia,
701 1316 769 1349 nisi
794 1316 887 1361 quod
912 1315 982 1349 iam
1002 1315 1038 1347 in
1066 1314 1250 1348 remissio-

259 1387 340 1408 nem
360 1377 582 1417 peccatorum
607 1368 676 1401 iam
701 1366 953 1400 annunciatam
974 1365 1188 1408 baptizatur,
1216 1370 1249 1396 et

262 1425 367 1459 simul
385 1419 638 1467 poenitentiam
654 1417 824 1461 agendam
843 1427 914 1449 esse
923 1414 967 1460 ⁰),

438 1510 526 1546 A⁷on
549 1513 664 1558 potest
688 1505 797 1542 homo
823 1506 980 1553 accipere
1005 1510 1075 1547 etc„

261 1586 283 1620 i.
300 1596 329 1619 e.
354 1593 427 1615 non
460 1589 602 1623 possum
633 1573 721 1609 mihi
746 1585 882 1607 sumere
905 1573 1115 1617 ampliorem
1138 1569 1252 1604 hono-

262 1647 354 1674 rem,
381 1631 477 1666 aliud
493 1628 647 1663 officium
660 1653 668 1668 ,
696 1637 800 1671 quam
823 1624 917 1669 quod
938 1636 955 1657 e
971 1623 1068 1657 coelo
1087 1621 1253 1655 commis—

262 1699 338 1721 sum
354 1690 414 1717 est.
466 1682 559 1714 Ante
577 1678 695 1717 illum,
721 1675 854 1709 scilicet
876 1676 918 1708 ‹le
942 1686 1012 1721 quo
1030 1685 1124 1706 nunc
1142 1673 1252 1706 inter-

265 1742 405 1781 rogatus
421 1744 509 1767 sum.
531 1749 576 1756 -
615 1727 745 1761 Vocem
764 1726 903 1774 sponsi,
930 1726 952 1760 i.
971 1737 998 1758 e.
1016 1722 1251 1766 Evangelium

265 1800 326 1822 seu
352 1783 593 1819 remissionem
617 1785 852 1824 peccatorum.
912 1775 1135 1810 Conscientia
1160 1774 1254 1807 enim

267 1851 340 1873 non
357 1834 463 1870 habet
484 1833 588 1867 aliam
608 1829 905 1867 consolationem,
931 1827 999 1860 nisi
1021 1824 1111 1859 hanc
1136 1824 1256 1868 sponsi

268 1900 399 1925 vocem,
424 1887 446 1920 i.
464 1881 741 1923 e.‘Evangelium
759 1886 792 1912 et
810 1878 995 1921 gratuitam
1015 1876 1256 1910 remissionem

269 1945 501 1985 peccatorum.
542 1932 724 1966 Gaudium
742 1930 810 1963 iam
831 1929 1012 1971 impletum
1031 1935 1099 1967 est,
1127 1927 1258 1959 scilicet
1283 1954 1286 1974 ι
1311 1933 1407 1967 ‘ielis
1439 1944 1547 1978 aquas
1577 1933 1621 1965 (le
1652 1932 1810 1965 sontibus
1847 1933 2038 1965 salv-floris.

268 1990 388 2024 audito
411 1987 479 2019 iam
497 1995 626 2027 sponso
645 1988 677 2015 et
696 1979 888 2022 Evangelio
905 1979 990 2014 eius.
1031 1978 1134 2011 lllum
1153 1989 1258 2021 opor-

270 2049 318 2075 tet
351 2048 524 2075 crescere,
557 2035 580 2067 i.
601 2045 628 2066 c.
655 2032 690 2064 in
719 2042 796 2064 eum
821 2030 914 2063 credi
941 2036 1096 2074 oportet,
1125 2040 1197 2060 non
1223 2028 1258 2060 iu

271 2104 336 2125 me.
363 2088 434 2132 Qui
459 2099 476 2120 e
501 2083 662 2129 supernis
687 2082 802 2120 venit,
831 2081 850 2113 i.
870 2093 896 2112 ο.
923 2081 982 2125 qui
1008 2080 1099 2112 iilius
1116 2078 1180 2112 Dei
1199 2085 1260 2112 cst.

272 2143 387 2189 Super
401 2148 523 2173 omnes
548 2143 616 2174 est,
644 2133 664 2168 i.
682 2145 711 2168 e.
727 2132 844 2165 omnia
865 2129 969 2165 habet
994 2132 1028 2163 iu
1048 2142 1155 2163 mauu
1173 2130 1261 2162 sicut

275 2201 382 2237 pater.
423 2187 468 2223 Et
485 2188 578 2233 quod
600 2184 686 2218 vidit
700 2210 707 2223 ,
735 2182 808 2216 scil.
826 2182 975 2215 existens
991 2182 1025 2214 in
1045 2181 1123 2213 sinu
1140 2180 1260 2225 patris.

274 2243 345 2286 Qui
375 2240 518 2283 accipit,
554 2239 575 2273 i.
593 2249 622 2271 e.
647 2233 869 2268 illuminatus
893 2239 952 2268 est.
1014 2231 1076 2265 llle
1101 2231 1263 2274 signavit,

276 2296 297 2329 i.
316 2307 343 2327 e.
361 2291 574 2326 testificatur.
628 2286 733 2329 Quod
751 2283 845 2318 Deus
872 2295 972 2316 verax
995 2283 1056 2320 sit.
1085 2283 1107 2317 i.
1123 2295 1150 2316 e.
1169 2283 1263 2327 quod

277 2357 357 2377 vera
388 2343 457 2375 sint
486 2351 574 2385 quac
600 2335 655 2370 liic
680 2335 856 2380 praedicat
882 2336 942 2380 qui
966 2333 1061 2368 Deus
1087 2341 1163 2378 cst„
1192 2345 1264 2366 non

276 2396 368 2429 enim
387 2393 475 2426 ratio
492 2398 542 2425 est
558 2388 792 2433 superiorum.
847 2385 956 2425 Huic,
983 2385 1056 2419 scil.
1073 2384 1156 2418 filio.
1213 2383 1265 2416 lm

315 2556 344 2580 7)
362 2553 444 2584 fidei}
466 2550 579 2573 Videtur
598 2546 774 2571 scribendum
795 2546 849 2569 dei.

314 2600 344 2621 κ)
364 2596 470 2619 vti-tm:
494 2594 545 2616 run·
566 2593 596 2616 tu
616 2604 647 2607 —
668 2590 822 2619 baptismo.
843 2588 869 2611 tn
889 2587 954 2611 rub.
974 2592 1026 2610 non
1045 2585 1182 2615 leguntur.

315 2642 344 2665 9)
364 2640 434 2662 Orto
462 2638 501 2660 est
529 2637 623 2659 nuto-m
643 2646 673 2650 —
694 2645 726 2650 ——-
753 2631 892 2662 offendam
916 2631 1003 2658 fuel·
1021 2629 1215 2653 desiderantur
1243 2630 1267 2651 in
1292 2611 1295 2631 ι

349 2674 409 2697 edu.
430 2673 485 2694 Tul»

831 80 960 117 PHIL.
986 78 1103 116 MEL.
1129 75 1338 116 SCRIPTA
1364 75 1663 114 EXEGETICA.

657 905 709 939 De
740 904 1002 949 purificatione,
1043 902 1079 935 id
1106 908 1155 935 est
1184 902 1245 934 ba·
1272 921 1274 925 ν

511 1266 622 1302 Cuius
651 1265 815 1310 baptismi
847 1262 952 1298 hodie
978 1276 1119 1309 quoque
1144 1262 1250 1296 vesti·
1276 1250 1279 1307 Ι

2177 76 2275 113 1084

1263 165 1267 201 ’ῑ
1289 164 1357 198 Dei
1373 171 1508 204 manet,
1535 164 1557 197 i.
1573 175 1603 200 e.
1619 163 1659 197 in
1679 169 1860 197 aeternum
1880 161 2041 196 moritur.
2066 160 2164 196 Mori
2180 162 2274 196 enim

1292 222 1362 257 est,
1388 215 1477 249 iram
1493 213 1559 248 Dei
1575 226 1717 248 manere
1735 225 1839 257 super
1853 213 2006 258 aliquem
2023 210 2084 259 ¹⁰).

1439 295 1517 345 Qui
1536 294 1645 332 habet
1668 310 1861 346 sponsam,
1888 308 2044 345 sponsus
2067 301 2131 332 cst.

1394 363 1557 400 Christus
1587 363 1693 400 habet
1724 377 1908 410 sponsam,
1949 365 1985 399 id
2009 371 2079 406 est,
2117 360 2280 398 Christus

1294 417 1530 451 communicat
1552 427 1650 450 suam
1679 417 1851 450 iusticiam
1885 427 2050 464 sponsae,
2092 421 2126 449 et
2152 425 2282 459 sponsa

1294 480 1355 502 sua
1393 474 1532 512 peccata
1559 465 1720 506 Christo,
1762 475 1796 501 et
1819 467 1899 501 ideo
1923 467 2096 506 salvatur,
2138 466 2220 511 quia
2243 465 2282 498 in

1293 517 1390 552 hune
1414 519 1538 552 credit.
1599 517 1678 552 Non
1712 517 1885 558 salvatur,
1930 518 1990 563 qui
2021 517 2056 550 in
2088 514 2284 562 Prophetas

1299 570 1420 603 credit.

1439 633 1517 683 Qui
1531 647 1548 669 e
1566 633 1673 670 coelis·
1691 634 1804 677 venit,
1830 645 1937 682 super
1954 646 2074 668 omnes
2090 639 2151 670 est.

1401 702 1586 737 Generalis
1618 702 1790 736 sententia
1815 709 1885 741 est,
1924 702 2142 746 significans,
2179 698 2286 735 Chri-

1297 763 1389 789 stum
1414 762 1576 799 oportere
1599 755 1642 787 de
1665 754 1763 787 coelo
1783 765 1873 792 esse,
1903 753 1985 798 quia
2006 759 2175 787 secretum
2201 762 2287 785 con-

1272 829 1274 834 ,
1298 807 1416 840 silium
1437 805 1546 849 patris
1562 806 1606 838 de
1625 804 1832 838 remissione
1849 810 2069 847 peccatorum
2087 802 2288 842 annunciet,

1297 865 1337 891 ut
1362 868 1484 900 supra:
1526 854 1640 889 Deum
1662 867 1766 888 nemo
1791 855 1880 888 vidit
1904 867 2073 900 unquam.
2133 852 2288 887 Proinde

1272 946 1274 957 Ι
1299 920 1402 942 nemo
1421 913 1554 951 patrem
1573 912 1711 947 noscet,
1738 906 1805 939 nisi
1832 905 1888 939 cui
1905 905 1998 939 filius
2016 904 2167 939 voluerit
2190 915 2290 937 reve·

1272 958 1275 988 ἒ
1300 960 1383 994 lare.
1412 957 1483 1000 Qui
1502 958 1544 990 de
1561 963 1650 991 terra
1669 963 1768 998 sunt,
1799 968 1871 989 non
1890 962 2019 989 norant
2042 961 2194 1000 patrem:
2223 966 2289 988 no-

1273 1044 1276 1087 i
1300 1010 1350 1043 vit
1378 1015 1493 1042 autem
1521 1008 1550 1041 is
1560 1010 1576 1050 ,¹
1603 1007 1664 1053 qui
1689 1009 1731 1041 de
1756 1007 1852 1041 coelo
1878 1006 1975 1040 venit
1996 1013 2028 1041 et
2043 1006 2099 1040 cui
2116 1005 2175 1040 ille
2192 1016 2289 1039 reve-

1274 1093 1276 1099 ,
1300 1060 1434 1095 laverit.

1419 1125 1463 1160 Is
1489 1125 1718 1172 obsignavit,
1747 1123 1849 1173 quod
1868 1123 1974 1159 Deus
1998 1134 2111 1158 cerua·
2126 1123 2189 1158 sit.

1275 1166 1278 1248 l
1404 1193 1552 1237 signare
1569 1194 1625 1227 vel
1644 1193 1842 1231 testificari,
1870 1194 1963 1238 quod
1980 1190 2215 1234 Evangelium
2233 1201 2293 1222 ve-

1302 1257 1381 1279 rum
1409 1246 1474 1282 sit,
1509 1251 1575 1285 est,
1610 1242 1738 1277 habere
1767 1244 2009 1277 testimonium
2038 1241 2152 1276 cordis
2168 1240 2294 1280 nostri,

1275 1315 1279 1328 t
1303 1297 1406 1342 quod*
1421 1307 1543 1328 verum
1567 1295 1611 1328 sit
1638 1293 1884 1338 Evangelium.
1936 1294 2031 1328 lllud
2056 1299 2173 1326 autem
2197 1290 2294 1325 testi-

1303 1347 1462 1380 monium
1496 1352 1545 1378 est
1575 1345 1729 1389 Spiritus
1759 1351 1918 1385 sanctus,
1968 1344 2136 1378 clamans:
2191 1341 2294 1376 Abba

1304 1403 1413 1442 pater.

1667 1528 1805 1582 Caput
1850 1529 1926 1569 lv,

1476 1610 1642 1645 Brevis
1684 1610 1919 1656 expositio
1961 1614 2129 1646 larius.

1409 1676 1563 1724 Sychar‚
1611 1679 1790 1723 quondam
1828 1675 1989 1723 Sychem.
2026 1695 2075 1702 —
2143 1675 2299 1716 Donum,

1280 1746 1282 1769 ι
1308 1729 1380 1764 scil.
1401 1730 1495 1774 quod
1515 1731 1685 1762 donatum
1711 1735 1761 1762 est
1779 1729 1843 1763 tibi
1868 1729 2006 1763 novisse
2029 1735 2062 1762 et
2078 1728 2216 1761 audisse
2232 1738 2298 1762 me.

1280 1778 1282 1789 v

1281 1795 1283 1823 j
1308 1801 1358 1806 —
1387 1779 1439 1814 Da
1458 1777 1545 1813 mihi
1575 1780 1710 1819 hibere;
1741 1780 1822 1825 quia
1839 1787 2046 1813 extenuatus
2064 1786 2113 1812 est
2134 1775 2299 1812 Christus

1312 1840 1343 1866 ct
1361 1831 1453 1874 sitit,
1484 1838 1520 1865 ut
1539 1842 1603 1863 uos
1623 1831 1792 1873 glorificet
1809 1838 1839 1864 et
1856 1838 1962 1875 potet.
2016 1831 2156 1874 Aquam
2173 1829 2301 1867 vivam,

1313 1884 1334 1917 i.
1353 1895 1380 1915 e.
1408 1883 1527 1915 vivum
1555 1882 1720 1921 verbum,
1755 1883 1797 1914 dc
1823 1894 1892 1926 quo
1918 1881 2040 1915 Esaiae
2067 1879 2164 1915 ML:
2200 1878 2301 1913 Hau-

2101 1929 2148 1964 Εἰ
2172 1927 2299 1963 Ezecb.

1283 1979 1287 2044 J
1312 1982 1475 2018 MXIL:
1507 1983 1634 2016 Vivent
1653 1983 1790 2022 omnia,
1817 1984 1858 2015 :ul
1879 1993 1968 2027 quae
1985 1981 2120 2015 venerit
2141 1993 2201 2014 cor
2218 1979 2304 2013 eius.

1315 2056 1359 2062 —
1388 2034 1525 2079 Aquam
1547 2033 1662 2071 illam,
1691 2033 1711 2065 i.
1731 2046 1756 2066 e.
1775 2034 1956 2066 meliorem
1973 2045 2115 2078 aquarn.
2137 2050 2179 2057 -
2207 2030 2302 2065 Num

1314 2092 1351 2119 tu
1372 2086 1503 2122 maior.
1531 2085 1662 2117 scilicet
1685 2091 1722 2117 ut
1744 2085 1853 2127 possis
1877 2085 2057 2117 meliorem
2080 2094 2205 2128 aquam
2231 2081 2302 2115 lar-

1315 2136 1391 2179 giri.
1410 2158 1455 2163 —
1485 2134 1616 2170 Omnis
1637 2135 1696 2180 qui
1716 2135 1826 2174 bibit,
1852 2135 1871 2168 i.
1889 2147 1915 2171 c.
1932 2136 2048 2169 omnis
2069 2135 2128 2180 qui
2153 2144 2302 2179 quomo-

1315 2190 1502 2232 docunque
1536 2184 1689 2219 humana
1713 2194 1745 2220 ct
1769 2187 1900 2219 carnali
1928 2187 2087 2219 doctrina
2112 2192 2171 2219 aut
2198 2185 2303 2217 modo

1316 2238 1516 2271 consoletur
1531 2249 1577 2272 sc.
1631 2237 1732 2271 Sitit-t
1756 2238 1900 2275 iteruin,
1925 2250 1995 2270 non
2014 2237 2124 2275 sitiet,
2150 2237 2243 2269 iuxta
2261 2234 2304 2267 il-

1318 2290 1392 2323 lud:
1419 2288 1596 2322 lustilicati
1611 2300 1649 2320 cx
1668 2288 1733 2321 fulc
1751 2301 1869 2333 pat-cui
1890 2286 2068 2321 habemns.

1420 2341 1488 2374 Set!
1508 2351 1596 2384 aqua
1613 2351 1717 2383 quam
1742 2351 1804 2383 ego
1821 2340 1912 2372 «labo
1931 2346 2010 2378 otc..
2043 2338 2125 2383 quia
2151 2348 2190 2369 ea
2213 2347 2304 2380 aqua

1319 2398 1368 2424 est
1394 2391 1466 2424 vita
1494 2398 1651 2423 acu-rna:
1687 2397 1737 2424 cst
1760 2391 1853 2423 enim
1880 2390 2041 2425 verlium;
2072 2388 2217 2421 verbum
2242 2398 2306 2420 au-

1321 2449 1389 2476 tem
1406 2441 1475 2474 vita
1501 2448 1567 2479 est„
1603 2439 1744 2473 loannis
1768 2442 1893 2485 primo.
1923 2459 1973 2465 ·-—
2029 2438 2147 2472 Patres
2181 2437 2303 2474 nostri.

1320 2493 1394 2526 scil.
1433 2492 1656 2526 Smnaritani.
1720 2491 1822 2525 Venit
1855 2489 1960 2528 horn,
2003 2491 2075 2525 scil.
2106 2487 2305 2535 praedicato

1365 2630 1408 2652 10)
1427 2627 1532 2651 Verba:
1561 2625 1631 2649 Ant!
1650 2624 1746 2654 utum,
1780 2626 1890 2649 scitica
1917 2626 1950 2649 de
1969 2632 2022 2654 ouo
2043 2637 2076 2643 —
2095 2635 2125 2642 —
2146 2628 2231 2652 super
2250 2621 2307 2647 ott·

1392 2669 1487 2690 qumi.
1507 2661 1573 2685 Tub.
1593 2665 1644 2683 non
1665 2659 1753 2683 habet.
