2409 2915
160 119 208 155 53

256 204 341 238 Item
361 202 533 238 Matthaei
551 203 623 240 10.:
653 203 753 238 Unus
775 204 818 237 de
842 204 916 237 istis
942 205 1138 249 passeribus

152 267 225 290 non
243 257 342 291 cadet
358 267 461 298 super
475 261 621 295 terram,
647 255 723 288 sine
742 255 923 289 voluntate
934 257 1042 299 patris
1058 256 1136 290 mei.

256 306 361 341 Item:
389 303 526 339 Omnes
549 305 669 349 capilli
694 306 816 349 capitis
841 307 945 339 vestri
962 307 1136 340 numerati

151 365 245 394 sunt.
305 357 370 390 His
394 362 428 389 et
453 355 630 390 similibus
654 357 864 390 testimoniis
890 358 1136 392 confirmemus

151 421 216 442 nos
235 413 354 442 contra
364 404 559 450 Epicureos
576 407 721 441 furores.
766 406 972 441 Intueamur
988 416 1020 443 et
1037 421 1134 442 man-

151 461 229 494 data
244 457 312 491 Dei
328 458 371 490 de
387 457 545 502 petendis
559 458 803 503 corporalibus
819 459 863 491 ab
880 459 955 502 ipso
966 484 975 498 ‚
1004 466 1035 493 et
1053 472 1134 503 pro-

150 508 352 549 missiones,
401 520 490 553 quae
530 508 633 542 etiarn
668 516 751 543 sunt
780 509 979 543 testimonia
1014 511 1133 555 provi-

147 559 298 594 dentiae.

251 610 394 643 Deinde
419 607 485 643 hoc
503 610 650 643 sciamus
663 637 671 650 ‚
699 611 741 643 de
760 611 941 645 voluntate
956 612 1020 645 Dei
1040 612 1132 644 iudi-

148 662 300 695 candum
326 673 399 694 esse
421 673 460 694 ex
486 661 595 704 ipsius
620 662 745 701 verbo,
772 663 863 695 sicut
887 663 1030 696 dicitur:
1060 663 1131 695 Lu-

147 724 252 745 cerna
276 712 426 757 pedibus
450 712 536 744 meis
559 712 706 745 verbum
733 720 844 747 tuum.
912 712 1056 746 Necesse
1082 721 1131 746 est

146 763 255 806 igitur
277 764 520 806 obtemperare
542 763 650 796 verbo
670 762 755 804 Dei,
783 764 914 797 etiamsi
934 764 1015 798 iusti
1032 775 1131 807 saepe

146 814 282 847 duriter
297 814 516 856 affliguntur,
544 814 626 858 quia
643 821 755 848 certae
771 827 891 847 causae
905 822 997 853 suut,
1025 826 1131 859 quare

146 862 240 898 Deus
268 862 460 898 Ecclesiam
493 865 569 898 vult
597 865 787 898 subiectam
822 877 893 898 esse
929 866 1033 899 cruci.
1085 863 1130 898 Et

145 922 228 948 nota
249 915 293 949 sit
310 916 497 948 sententia:
527 914 663 949 Multae
681 917 927 949 tribulationes
947 917 1129 954 iustorum,
1156 947 1158 956 ,

146 966 207 999 sed
223 978 263 999 ex
281 967 446 999 omnibus
463 966 532 999 illis
550 967 714 1000 liberavit
730 979 789 999 eos
807 967 913 1001 Deus.

248 1015 462 1062 Quanquam
480 1018 588 1060 igitur
603 1017 755 1051 Lazarus
774 1025 822 1051 est
840 1030 987 1062 pauper,
1014 1024 1128 1050 tamen

146 1079 220 1100 non
248 1074 431 1111 propterea
456 1068 598 1100 abiiciat
619 1069 863 1101 assensionem·
879 1069 921 1101 de
939 1069 1130 1112 providen-

145 1118 213 1156 tia,
241 1119 299 1151 sed
325 1119 455 1152 iudicet
479 1130 519 1150 ex
542 1119 649 1151 verbo
666 1118 754 1159 Dei,
780 1120 874 1164 quod
891 1119 1041 1151 affirmat
1059 1131 1130 1151 esse

145 1169 422 1213 providentiam,
454 1176 487 1202 et
513 1176 741 1213 sequuturam
773 1181 845 1202 esse
871 1169 1128 1203 liberationem.

144 1218 240 1252 Haec
259 1220 295 1251 in
313 1220 418 1252 verbo
435 1230 591 1263 expresse
607 1220 732 1252 tradita
750 1227 843 1254 sunt.
881 1219 999 1262 Quare
1015 1227 1129 1253 autem

145 1270 218 1313 ipse
237 1270 281 1303 sit
299 1281 451 1314 pauper,
479 1276 511 1302 et
527 1281 600 1302 non
619 1268 745 1303 haheat
764 1271 951 1314 imperium
972 1270 1130 1316 Tyberii,

143 1332 216 1353 non
240 1326 292 1353 est
315 1321 556 1354 scrutandum.
610 1319 678 1354 Sed
700 1323 851 1354 tenenda
871 1329 919 1355 est
936 1322 1054 1364 regula
1073 1320 1130 1354 Si-

143 1371 280 1404 racidae
309 1371 421 1415 capite
443 1371 496 1404 3.:
533 1370 634 1414 Quae
657 1373 822 1405 mandata
849 1378 930 1405 sunt
953 1373 1016 1406 tibi
1046 1369 1130 1404 baec

143 1422 255 1464 cogita
281 1429 407 1456 sancte.
461 1421 541 1455 Non
566 1423 660 1455 enim
683 1434 823 1456 necesse
847 1430 914 1464 est,
941 1429 975 1456 te
993 1423 1129 1456 occulta

142 1473 297 1516 aspicere
322 1473 444 1507 oculis.
500 1472 552 1506 lta
579 1474 798 1507 discernatur
819 1474 912 1507 inter
927 1474 1076 1506 revelata
1097 1480 1130 1507 et

142 1535 216 1557 non
248 1524 417 1565 revelata,
452 1530 485 1557 et
518 1524 555 1556 in
585 1536 645 1559 sua
674 1525 856 1558 vocatione
881 1524 1029 1570 quisque
1053 1523 1129 1557 Deo

140 1574 293 1608 obediat.

244 1625 340 1658 Ilaec
363 1627 400 1658 in
421 1638 557 1659 summa
583 1627 683 1658 docet
701 1633 733 1658 et
751 1624 817 1660 hoc
833 1628 982 1660 dictum:
1011 1624 1128 1659 Dices

143 1681 177 1710 et
195 1687 336 1721 pauper
358 1674 474 1709 simul
495 1680 602 1713 sunt,
631 1680 660 1708 el
687 1674 791 1710 Deus
808 1677 910 1724 facil
937 1681 1127 1723 utrunque,

144 1727 180 1758 id
210 1732 276 1758 est:
310 1725 405 1759 Scito
437 1737 508 1759 esse
535 1727 814 1770 providentiam,
849 1740 912 1760 uec
937 1739 1016 1760 casu
1041 1727 1128 1758 alios

144 1775 290 1814 divites,
333 1777 420 1808 alios
452 1787 624 1823 pauperes
656 1787 747 1815 esse,
782 1778 839 1809 sed
871 1775 937 1809 Dei
968 1776 1128 1815 consilio,

142 1832 176 1859 et
199 1837 262 1858 suo
286 1825 433 1870 quisque
458 1826 536 1858 loco
562 1832 652 1858 recte
677 1826 821 1866 serviat,
856 1826 950 1859 iuxta
976 1827 1127 1859 dictum:

139 1875 228 1919 'Qua
262 1878 445 1909 vocatione
478 1876 626 1921 quisque
656 1883 798 1909 vocatus
823 1884 892 1917 est,
928 1877 965 1908 in
990 1889 1027 1908 ea
1053 1888 1127 1909 am-

142 1928 251 1961 bulet.
306 1926 444 1971 Pauper
466 1939 539 1960 non
561 1927 688 1961 fremat
712 1929 877 1961 adversus
898 1926 1032 1967 Deum,
1067 1927 1124 1959 sed

142 1979 283 2012 obediat
320 1975 402 2011 huic
440 1979 551 2012 dicto:
597 1976 846 2011 Humiliamini
886 1979 951 2012 sub
992 1978 1125 2022 potenti

143 2041 251 2062 manu
267 2027 353 2070 Dei,
380 2036 414 2062 et
437 2027 527 2062 hanc
551 2030 828 2062 consolationem
847 2036 974 2063 teneat.

143 2091 312 2125 pauperes
334 2080 478 2124 spiritu,
512 2080 592 2124 quia
616 2080 740 2113 talium
767 2088 816 2114 est
841 2093 986 2124 reguum
1012 2079 1126 2112 coelo-

143 2143 233 2165 rum.
289 2130 374 2164 Item
393 2130 668 2164 Proverbioruin
686 2131 757 2165 17.:
787 2131 858 2174 Qui
878 2131 1024 2174 despicit
1043 2141 1128 2173 pau-

145 2193 280 2226 perem,
308 2183 494 2225 exprobrat
515 2182 639 2215 factori
659 2183 744 2216 eius.

145 2232 277 2266 Melius
295 2240 344 2265 est
361 2244 485 2276 parum
502 2244 580 2265 cum
598 2234 723 2266 timore
740 2233 824 2273 Dei,
852 2246 955 2278 quarn
973 2231 1127 2265 thesauri

144 2284 261 2326 magni
287 2295 365 2317 cum
389 2283 556 2317 tumultu.
612 2282 714 2316 ltem:
743 2284 881 2318 Sufficit
898 2284 967 2316 diei
987 2282 1129 2315 afflictio

143 2346 215 2368 sua.
270 2333 374 2368 Item:
402 2332 512 2367 Orate
531 2334 606 2367 sine
623 2334 674 2367 ira
694 2341 726 2368 et
743 2335 817 2368 sine
836 2333 1078 2368 haesitatione.

196 2417 284 2454 IVon
315 2418 525 2467 transferas
552 2417 685 2453 limites
708 2420 902 2466 antiquos,
939 2432 1028 2466 quos
1053 2423 1131 2452 sla-

246 2474 392 2505 tuerunl
408 2475 532 2517 patres
549 2471 616 2505 tui.

252 2540 304 2573 Ad
330 2546 573 2583 praeceptum,
601 2539 681 2573 Non
706 2539 897 2578 furaberis,
926 2540 1076 2582 pertinet
1100 2545 1132 2571 et

578 118 622 155 X.
675 116 980 153 EXPLICATIO
1016 116 1425 155 PROVERBlORUM
1461 118 1762 158 SALOMONIS.

1029 2028 1127 2061 Beati
1153 2037 1155 2045 ¹

799 2181 845 2216 Et
864 2182 1032 2216 Proverb.
1054 2179 1128 2215 15.:
1154 2194 1155 2199 ¹

147 2590 233 2625 haec
257 2588 469 2635 prohibitio,
503 2602 548 2623 ne
575 2591 704 2624 limites
727 2590 959 2629 effodiantur,
987 2602 1025 2623 ac
1048 2602 1132 2623 con·
1158 2620 1159 2625 ,

149 2643 338 2676 turbentur
358 2641 463 2682 fines,
491 2642 580 2676 sicut
604 2653 761 2687 expresse
785 2641 917 2674 dictum
938 2647 1003 2681 est,
1029 2640 1133 2675 Deut.

156 2693 229 2729 19.:
265 2693 344 2727 Non
369 2693 556 2726 transferas
582 2694 750 2727 terminos
772 2699 836 2726 etc.
896 2690 940 2725 Et
968 2703 1039 2736 cap.
1057 2693 1132 2726 27.;

2133 127 2180 162 54

1190 202 1404 237 Maledictus
1444 205 1503 249 qui
1536 207 1699 240 transfert
1729 208 1898 242 terminos
1931 211 2080 254 proximi
2112 215 2176 246 sui.

1188 252 1236 288 Et
1263 254 1301 286 in
1326 254 1362 289 ff.
1388 255 1440 288 tit.
1466 256 1508 287 de
1532 257 1682 291 termino
1708 265 1824 298 moto,
1859 260 1952 304 leges
1976 269 2057 294 sunt
2082 262 2175 299 Iulii,

1188 304 1324 338 Nervae
1347 312 1380 339 et
1398 304 1550 338 Adriani
1574 307 1619 339 de
1643 311 1764 351 poenis
1790 322 1932 352 eorum,
1959 312 2021 356 qui
2046 313 2173 347 limites

1188 355 1374 389 effodiunt.

1288 405 1361 440 Nec
1389 414 1610 451 praeceptum
1643 408 1831 442 obscurum
1857 418 1924 452 est,
1957 413 2018 446 sed
2045 413 2173 448 citatur

1188 457 1390 500 allegorice,
1418 459 1460 491 de
1483 471 1555 491 non
1579 459 1758 491 mutandis
1786 460 1940 503 legibus,
1967 475 2053 506 quas
2074 472 2172 499 vetu-

1187 515 1255 541 stas
1286 509 1383 550 gravi
1407 510 1593 543 autoritate
1617 509 1780 550 tradidit,
1814 511 1844 543 si
1868 523 1940 544 non
1962 513 2005 546 sit
2029 515 2171 548 evidens

1187 560 1382 595 necessitas.
1437 559 1525 592 Nam
1557 561 1649 594 inter
1678 568 1861 605 praecepta
1892 562 1982 595 vitae
2011 564 2171 606 politicae

1186 606 1252 642 hoc
1275 622 1414 655 quoque
1438 622 1537 654 saepe
1555 610 1742 654 repetitum
1760 618 1828 652 est,
1856 625 1927 645 non
1945 619 2074 646 temere
2092 627 2169 648 mu-

1186 661 1309 693 tandas
1325 672 1396 694 esse
1410 667 1542 694 veteres
1558 662 1660 704 leges,
1686 667 1726 694 ut
1741 668 1773 694 et
1788 674 1908 696 versus
1924 671 2059 698 monet:
2088 664 2169 699 Mo-

1185 712 1283 744 ribus
1301 712 1454 757 antiquis
1472 724 1525 745 res
1543 719 1610 745 stat
1627 710 1787 745 Romana
1806 713 1972 758 virisque.

1285 760 1337 794 Ac
1354 770 1437 796 nota
1454 764 1497 796 sit
1513 763 1678 796 omnibus
1694 763 1847 796 narratio
1865 777 1952 808 quae
1969 771 2059 798 extat
2075 769 2168 810 apud

1183 811 1455 846 Demosthenem
1482 814 1519 846 in
1543 814 1702 846 oratione
1727 820 1847 846 contra
1866 814 2102 849 Timocratem
2127 819 2170 851 de

1184 862 1437 903 Locrensibus,
1464 865 1556 908 apud
1583 876 1670 908 quos
1693 864 1747 896 lex
1771 864 1853 898 fuit:
1885 864 1931 899 Ut
1955 867 1983 899 si
2008 867 2087 911 quis
2105 880 2169 901 no-

1185 926 1260 945 vam
1292 914 1402 957 legem
1434 915 1570 948 laturus
1599 922 1703 955 esset,
1738 916 1900 949 suaderet
1930 928 2004 949 eam
2031 918 2169 960 publice

1183 964 1274 997 collo
1295 965 1426 998 inserto
1448 965 1484 997 in
1501 965 1685 1010 laqueum,
1711 971 1749 998 ut
1765 966 1792 998 si
1811 977 1882 999 non
1900 967 2086 1011 placuisset
2104 969 2169 1010 lex,

1185 1015 1276 1047 cives
1292 1028 1372 1049 mox
1390 1017 1650 1058 strangularent
1666 1027 1855 1050 suasorem.

1287 1066 1401 1100 Verba
1426 1064 1678 1100 Demosthenis
1701 1064 1785 1100 baec
1807 1074 1899 1101 sunt.
1955 1066 2045 1101 Volo
2074 1069 2167 1102 iudi—

1184 1128 1237 1149 ces
1252 1116 1426 1151 Locrense
1443 1119 1640 1162 exemplum
1658 1117 1758 1151 vobis
1775 1130 1928 1151 narrare.
1975 1118 2056 1152 Non
2073 1121 2165 1153 enim

1184 1169 1372 1201 deteriores
1398 1169 1494 1202 eritis
1516 1169 1637 1202 audito
1661 1169 1839 1212 exemplo,
1866 1170 2069 1213 praesertim
2093 1171 2167 1204 eius

1184 1219 1351 1259 civitatis,
1380 1231 1468 1264 quae
1491 1217 1647 1252 honestis
1670 1219 1806 1262 tegibus
1827 1221 2056 1262 gubernatur.
2110 1220 2166 1254 Illi

1183 1271 1269 1302 adeo
1288 1271 1444 1303 sentiunt
1460 1277 1592 1303 veteres
1609 1270 1699 1312 leges
1717 1270 1919 1303 retinendas
1935 1282 2027 1311 esse,
2055 1278 2086 1304 et
2106 1283 2167 1315 pa-

1183 1320 1248 1353 tria
1271 1320 1430 1354 instituta
1454 1320 1645 1353 munienda
1671 1327 1704 1353 et
1725 1321 1962 1353 conservanda
1983 1333 2074 1359 esse,
2103 1334 2166 1355 uec

1183 1371 1342 1403 ferendas
1366 1382 1438 1403 esse
1463 1382 1571 1403 novas
1595 1371 1685 1412 leges
1709 1371 1751 1403 ad
1777 1371 1984 1414 cupiditates
2001 1372 2167 1413 ullorum,

1183 1428 1241 1454 aut
1264 1423 1305 1454 ad
1330 1422 1522 1455 eludendas
1544 1421 1698 1454 actiones
1722 1421 1950 1462 iniuriarum,
1977 1429 2017 1455 ut
2041 1423 2069 1454 si
2087 1423 2166 1468 quis

1183 1472 1266 1505 velit
1296 1484 1425 1505 novam
1460 1473 1569 1514 legem
1602 1473 1712 1513 ferre,
1747 1479 1891 1514 cogatur
1922 1484 1996 1504 eam
2021 1475 2166 1506 suadere

1182 1523 1273 1556 collo
1299 1524 1429 1556 inserto
1450 1524 1485 1555 in
1504 1524 1683 1568 laqueum.
1736 1522 1840 1565 Quod
1861 1523 1889 1556 si
1906 1523 2056 1567 populus
2073 1525 2166 1558 iudi-

1182 1581 1252 1612 cat,
1281 1574 1391 1617 legem
1416 1572 1599 1607 honestam
1619 1582 1651 1608 et
1669 1573 1791 1607 utilem
1809 1585 1897 1615 esse,
1925 1575 2072 1607 discedit
2088 1587 2166 1608 sua-

1182 1636 1240 1658 sor
1262 1625 1363 1657 vivus
1388 1633 1421 1658 et
1445 1625 1641 1658 incolumis.
1711 1624 1776 1657 Sin
1801 1631 1916 1657 autem
1944 1637 2016 1657 non
2041 1626 2166 1669 placet,

1182 1687 1302 1708 suasor
1324 1676 1439 1708 statim
1460 1676 1669 1707 interficitur
1687 1675 1875 1706 constricto
1890 1675 2027 1718 laqueo.
2081 1675 2164 1709 Ideo

1182 1736 1253 1756 non
1278 1725 1409 1756 audent
1432 1725 1522 1756 ferre
1543 1734 1651 1755 novas
1675 1724 1776 1766 leges.
1838 1723 2024 1757 Veteribus
2047 1733 2163 1759 autem

1182 1785 1306 1817 magna
1329 1786 1409 1807 cura
1425 1782 1457 1807 et
1473 1774 1655 1807 severitate
1671 1780 1832 1806 utuntur.
1886 1774 1937 1806 Ac
1955 1775 2054 1807 valde
2073 1776 2165 1810 mul-

1182 1825 1224 1857 tis
1241 1825 1343 1857 annis
1359 1831 1493 1857 tantum
1510 1836 1579 1856 una
1598 1824 1651 1856 lex
1669 1836 1757 1856 nova
1775 1824 1841 1857 lata
1859 1831 1920 1856 est.
1963 1824 2053 1858 Cum
2071 1827 2163 1860 enim

1183 1876 1228 1907 ibi
1250 1875 1303 1908 lex
1323 1881 1426 1915 esset,
1454 1882 1493 1908 ut
1508 1875 1690 1907 effodienti
1711 1875 1852 1907 oculum
1873 1875 2023 1908 vicissim
2041 1878 2163 1910 oculus

1181 1926 1403 1966 effoderetur,
1430 1938 1494 1958 nec
1507 1925 1615 1958 multa
1628 1925 1828 1968 pecuniaria
1844 1926 2044 1968 puniretur:
2072 1926 2164 1969 Qui—

1181 1978 1261 2009 dam
1287 1983 1402 2010 autem
1427 1975 1560 2009 hahens
1584 1977 1672 2008 duos
1695 1976 1815 2009 oculos
1841 1976 1984 2009 inimico
2008 1979 2162 2011 unoculo

1183 2028 1334 2060 minatus
1358 2035 1425 2068 est,
1452 2040 1486 2060 se
1511 2027 1540 2059 ei
1567 2027 1707 2060 oculum
1732 2038 1833 2071 quem
1853 2024 2003 2061 habebat
2019 2029 2161 2062 unicum

1182 2072 1389 2111 effossurum
1414 2090 1503 2117 esse,
1530 2075 1587 2110 hic
1612 2078 1787 2110 unoculus
1806 2085 1964 2111 metuens
1985 2079 2163 2113 calamita-

1182 2138 1248 2163 tem
1272 2141 1369 2161 suam
1396 2140 1499 2161 ausus
1522 2135 1572 2161 est
1597 2140 1722 2160 novam
1751 2128 1858 2171 legem
1879 2130 2041 2169 suadere,
2070 2129 2116 2164 Ut
2134 2131 2161 2163 si

1183 2181 1260 2225 quis
1293 2177 1427 2213 habens
1460 2179 1618 2221 geminos
1651 2179 1817 2212 effoderet
1848 2180 1987 2212 oculum
2022 2177 2163 2214 habenti

1184 2231 1347 2273 unicum,
1391 2231 1578 2274 puniretur
1616 2230 1740 2263 effosso
1779 2237 1928 2275 utroque
1963 2231 2084 2270 oculo,
2126 2239 2163 2264 ut

1183 2282 1335 2326 aequalis
1367 2293 1439 2314 esse
1466 2281 1648 2325 utriusque
1677 2281 1862 2314 calamitas.
1924 2280 2024 2314 Hanc
2056 2282 2163 2314 solam

1184 2335 1305 2366 dicunt
1335 2345 1461 2365 novam
1495 2333 1602 2375 legem
1633 2332 1811 2364 conditam
1843 2343 1915 2364 esse
1939 2332 2030 2365 intra
2054 2344 2164 2365 annos

1185 2386 1300 2428 plures
1317 2384 1403 2418 200.
1458 2382 1552 2416 llaec
1571 2389 1653 2415 sunt
1670 2383 1774 2415 verba
1793 2380 2050 2417 Demosthenis.

1287 2434 1384 2468 Talis
1405 2435 1570 2467 severitas
1587 2434 1613 2466 si
1632 2445 1726 2465 nuuc
1743 2440 1848 2471 esset,
1872 2445 1941 2465 non
1961 2430 2166 2467 haberemus

1185 2494 1233 2519 tot
1251 2498 1360 2519 novos
1378 2485 1612 2527 Dogmatistas
1629 2491 1657 2516 et
1679 2483 1855 2528 Lycurgos
1872 2484 1914 2515 de
1929 2483 2036 2516 cereis
2052 2491 2084 2517 et
2101 2496 2165 2517 no·

1184 2538 1248 2577 lis,
1275 2545 1307 2570 et
1333 2537 1508 2569 similibus
1530 2537 1652 2574 rebus,
1679 2546 1826 2579 quarum
1850 2533 1998 2567 mutatio
2023 2546 2165 2577 prorsus

1186 2601 1258 2622 non
1276 2588 1466 2621 necessaria
1484 2594 1551 2625 est,
1579 2593 1610 2619 et
1628 2585 1760 2617 unllam
1777 2584 1889 2617 adfert
1906 2584 2107 2618 utilitatem.

1287 2640 1338 2672 Ac
1364 2639 1486 2672 iubent
1510 2637 1575 2670 viri
1601 2635 1732 2679 politici
1757 2635 1872 2679 aliqua
1901 2646 2005 2678 parva
2030 2636 2164 2668 incom-

1187 2691 1288 2723 moda
1314 2691 1514 2723 condonare
1533 2685 1796 2726 consuetudini,
1823 2698 1867 2719 ne
1884 2693 1975 2719 mota
1992 2685 2167 2731 Republi-

1607 2737 1657 2769 4*
