2409 2915
94 101 110 133 1
117 97 191 136 065
372 95 450 132 ΧΠ.

89 190 205 228 pater,
240 183 321 228 quia
347 179 508 216 Christus
538 181 670 226 positus
697 187 746 214 est
773 181 1076 225 propiciatorium,

89 236 131 267 ad
151 233 257 269 Rom.
277 233 340 268 ΙΙΙ.

191 301 302 335 Nemo
319 301 433 334 verhis
450 298 615 344 consequi
633 305 736 343 queat
752 299 967 341 magnificam
984 297 1074 333 hanc

90 351 271 395 Evangelii
297 363 357 385 seu
376 349 507 385 Christi
526 350 796 393 descriptionem
809 377 817 390 ‚
844 363 923 383 cum
941 350 1072 395 inquit:

87 401 139 436 Ex
165 403 387 447 plenitudine
412 401 485 435 eius
509 401 706 444 accepimus
731 412 793 433 nos
810 412 940 434 omnes.
994 400 1074 434 Pri-

87 465 184 486 mum
213 454 326 493 enim,
361 453 454 497 quod
481 449 622 485 Christo
654 451 910 495 plenitudinem
938 451 1074 492 tribuit,

86 505 306 537 divinitatem
332 503 472 543 tribuit3
502 510 534 535 et
559 503 652 547 quod
679 514 719 534 ex
745 502 802 534 illa
828 513 892 534 nos
917 503 1072 546 accipere
1121 514 1130 517 ⁷

86 555 190 595 dicit,
217 555 387 597 significat
409 553 600 597 potentiam
624 551 690 586 Dei
713 564 783 585 esse
805 553 966 596 spiritum
991 564 1072 586 san-

86 613 222 639 ctorum
239 604 294 649 ⁹⁰).
346 603 484 637 Deinde
516 602 582 637 hoc
614 603 765 647 amplius
797 611 846 636 est
879 605 972 648 quod
1007 604 1071 638 ait:

86 656 230 699 gratiam
257 668 319 699 pro
345 656 454 698 gratia
481 667 546 688 nos
569 661 774 687 consecutos
798 666 888 694 esse;
914 655 1072 697 gratiam,

87 708 121 740 id
150 714 199 739 est
224 707 464 739 remissionem
484 712 719 750 peccatorum,
750 717 812 748 pro
832 706 960 748 gratia,
989 705 1071 750 quia

84 764 182 802 pater
197 755 377 791 Christum
394 763 497 790 amat.
552 755 651 789 Sicut
667 753 796 799 Ephes.
812 754 839 789 I.
855 755 919 789 ait:
950 754 1072 789 Grati-

63 808 199 841 rficavit
223 820 287 840 uos
312 808 348 840 in
373 808 502 841 dilecto
528 806 600 839 filio
616 818 691 839 suo.
745 804 839 849 Ergo
856 806 944 840 sicut
960 807 1070 849 glori—

83 859 182 892 ficato
214 859 327 902 palam
362 858 434 891 filio
466 864 610 891 testatus
638 863 687 890 est
713 864 831 900 pater,
868 868 902 890 se
926 856 1071 901 diligere

81 909 212 949 filium,
241 910 287 942 ita
315 920 378 941 nos
404 907 495 941 nihil
523 908 740 947 dubitemus,
767 909 854 953 quin
880 907 1071 951 diligamur

82 967 121 994 ut
138 960 225 1008 ipse.
280 959 461 1000 Secundo,
488 960 548 992 sed
567 959 694 992 iterum
711 959 924 1005 amplissime
939 959 1071 992 descri-

82 1011 137 1045 bit
157 1008 358 1051 Christum,
390 1011 452 1043 ubi
476 1022 555 1043 cum
578 1009 678 1042 Mose
704 1009 849 1043 confert.
911 1009 984 1043 Lex
1009 1021 1071 1053 per

82 1061 211 1095 Mosen
233 1062 313 1095 data
335 1068 402 1102 est,
429 1061 540 1104 gratia
560 1067 592 1093 et
610 1060 736 1093 veritas
754 1072 815 1104 per
834 1059 947 1093 Iesum
963 1057 1070 1093 Chri-

82 1119 175 1146 stum
198 1113 287 1146 sacta
313 1119 374 1145 est.
432 1111 517 1155 Legi
542 1111 691 1155 opponit
714 1111 858 1153 gratiam
886 1119 918 1144 et
943 1111 1069 1144 verita-

81 1170 163 1198 tem.
214 1163 294 1197 Duo
317 1163 411 1196 enim
435 1163 489 1195 lex
510 1162 613 1195 efficit
637 1162 711 1194 sine
731 1158 880 1196 Christo.
935 1161 1069 1202 Primo,

79 1214 222 1260 quando
247 1214 344 1247 audit
369 1225 442 1246 eam
465 1213 554 1245 ratio
577 1212 720 1245 simul-at
745 1219 778 1245 et
795 1212 965 1245 mentitur
980 1224 1068 1256 opus

79 1265 165 1308 legis
181 1271 362 1297 externum
374 1291 382 1304 ,
408 1276 486 1297 cum
504 1263 646 1297 interim
667 1274 727 1295 cor
744 1262 788 1295 sit
804 1262 972 1305 ignorans
987 1261 1068 1303 Dei,

80 1324 114 1349 et
139 1314 295 1347 alienum
323 1327 340 1347 a
366 1312 551 1353 charitate,
586 1313 739 1346 castitate
762 1319 825 1347 etc.
879 1312 996 1356 Atque
1020 1313 1068 1346 ita

78 1366 302 1398 mendacium
325 1376 385 1397 seu
408 1363 622 1409 hypocrisim
647 1369 681 1396 et
702 1362 965 1396 simulationem
983 1363 1067 1405 legis

78 1415 227 1463 opponit
250 1413 399 1447 Ioannes
420 1414 571 1448 veritati.
624 1413 807 1453 Secundo,
840 1413 894 1445 lex
917 1413 1067 1446 confun-

78 1468 130 1500 dit
146 1472 178 1499 et
193 1465 354 1509 patefacit
370 1465 612 1505 conscientias,
641 1476 705 1497 nec
721 1463 933 1503 consolatur,
961 1463 1066 1499 Rom.

77 1516 159 1552 IV.:
188 1516 257 1549 Lex
282 1516 370 1548 iram
393 1522 569 1558 operatur.
622 1513 666 1548 Et
691 1512 781 1547 hauc
804 1514 893 1546 iram
916 1515 1067 1547 Ioannes

77 1567 224 1612 opponit
241 1567 380 1609 gratiae.
436 1565 527 1598 Vide
543 1572 657 1599 autem
670 1592 678 1605 ,
706 1565 848 1608 quando
863 1565 1067 1598 discrimine

77 1620 120 1652 de
144 1618 218 1661 lege
238 1617 393 1650 iudicent
410 1614 565 1649 humana
583 1616 674 1649 ratio
692 1622 723 1648 et
740 1614 896 1663 Spiritus
914 1622 1066 1650 sanctu&
1090 1605 1093 1655 l

76 1668 184 1704 Ratio
208 1665 363 1701 hnmana
388 1667 454 1710 legi
479 1666 692 1701 iustificandi
715 1666 786 1698 vim
810 1664 955 1706 tribuit,
980 1666 1066 1698 scri-

77 1726 180 1765 ptura
203 1720 371 1752 virtutem
395 1718 525 1761 peccati
551 1724 661 1751 vocat.
716 1715 846 1755 Porro,
875 1716 902 1749 si
920 1717 975 1749 lex
992 1728 1064 1749 non

76 1771 146 1804 nisi
168 1769 392 1803 mendacium
415 1775 448 1802 et
466 1769 554 1801 iram
572 1774 756 1812 operatur,
784 1767 852 1800 iam
872 1767 984 1810 palam
1004 1774 1065 1806 est,
1088 1785 1092 1827 ¹

77 1819 172 1856 nihil
202 1831 274 1854 esse
304 1820 455 1853 liberum
485 1820 692 1859 arbitrium,
728 1825 760 1852 et
789 1818 1021 1862 impossibilia
1045 1830 1063 1851 a

75 1873 150 1917 lege
174 1870 347 1916 praecipi,
375 1877 408 1904 et
428 1882 550 1904 omnes
570 1869 725 1903 iusticias
742 1876 879 1902 nostras
897 1880 968 1901 esse
985 1880 1063 1913 pec-

75 1930 150 1958 cata
186 1929 218 1956 et
252 1921 452 1962 mendacia,
493 1921 588 1955 iuxta
623 1920 710 1953 illud
743 1919 890 1953 Psalmi:
933 1916 1064 1952 Omnis

74 1972 185 2008 homo
218 1973 381 2008 mendax.
441 1971 547 2006 Item:
583 1971 760 2005 Universa
788 1969 922 2003 vanitas
947 1969 1064 2003 omnis

76 2023 199 2059 homo.
252 2023 387 2064 Tertio,
414 2022 501 2068 quid
517 2029 631 2056 autem
649 2019 810 2057 Christus
826 2020 957 2054 efficit?
983 2032 1060 2063 gra—

74 2076 160 2110 tiam
189 2082 222 2108 et
242 2074 441 2114 veritatem3
477 2073 623 2115 gratiam
648 2072 730 2117 quia
754 2083 816 2116 per
838 2072 952 2116 ipsum
978 2083 1063 2104 con-
1087 2086 1090 2097 ·

75 2125 185 2160 secuti
209 2135 330 2158 sumus
353 2123 594 2157 remissionem
614 2129 855 2167 peccatorum,
882 2129 915 2156 et
933 2122 970 2154 in
987 2123 1063 2167 ipso

75 2176 278 2221 diligimur,
310 2175 398 2209 sicut
426 2181 527 2208 antea
552 2173 684 2207 dictum
710 2179 774 2206 est:
809 2171 970 2206 Gratiam
998 2184 1061 2216 pro

74 2228 184 2273 gratia
196 2251 204 2265 ‚
229 2227 254 2260 i.
272 2238 301 2261 e.
318 2232 356 2259 ut
372 2224 466 2258 filius
480 2224 652 2267 diligitur,
676 2223 723 2257 ita
741 2222 925 2266 diligimur
939 2229 970 2256 et
986 2235 1061 2264 nos,

76 2279 138 2324 qui
163 2278 199 2311 in
223 2277 296 2311 filio
319 2287 439 2310 sumus
459 2278 525 2319 *per
547 2275 662 2309 fidem.
727 2272 789 2307 Est
812 2273 930 2319 itaque
952 2274 1062 2316 gratia

76 2331 177 2363 favor
198 2327 284 2369 Dei,
319 2339 389 2372 quo
415 2338 487 2359 non
514 2325 633 2363 aliter,
662 2330 764 2369 atquc
791 2323 902 2357 filium
927 2324 1062 2367 diliget,

75 2387 110 2414 et
129 2385 285 2424 acceptat
307 2389 371 2412 nos
396 2384 428 2411 et
445 2383 564 2411 nostra
585 2375 704 2408 omnia
720 2386 921 2420 quanquam
939 2387 1062 2418 pecca-

74 2439 120 2466 ta.
174 2429 313 2463 Veritas
348 2435 397 2462 est
428 2440 531 2461 verax
562 2426 696 2460 iusticia
726 2426 861 2464 cordis,
896 2426 977 2470 quia
1001 2437 1062 2470 per

75 2481 238 2527 spiritum
268 2491 370 2513 suum
401 2478 591 2514 sanctificat
617 2477 722 2510 corda
748 2483 888 2517 nostra,
923 2484 956 2510 et
981 2477 1062 2511 facit

76 2544 114 2567 ea
145 2530 295 2571 vex-ntia,
329 2531 484 2564 condens
505 2540 635 2563 novam
659 2528 767 2563 vitam
791 2534 822 2562 et
848 2539 979 2561 novum
1005 2527 1061 2561 lu-

108 2683 157 2712 5⁰)
174 2682 241 2706 Tub.
258 2681 399 2706 sanctum.

512 93 907 130 ANNOTATIONES
935 93 1001 130 ET
1027 92 1308 131 CONCIONES
1336 95 1385 131 IN
1412 93 1593 132 EVANG.
1621 95 1831 132 IOANNIS.

1098 183 1102 209 l
1125 192 1217 214 men.

2012 97 2107 134 1066

1271 181 1322 214 Ex
1341 179 1394 215 his
1413 182 1537 226 collige
1554 183 1743 217 discrimen
1761 183 1845 227 legis
1863 189 1896 217 et
1913 180 2108 226 Evangelii,

1124 230 1217 264 Mosi
1239 238 1271 265 et
1289 230 1433 268 Christi.

1334 347 1457 383 Deum
1484 361 1586 383 nemo
1610 349 1698 384 vidit
1721 363 1895 398 unquam.

1224 424 1320 459 Haec
1345 426 1435 460 ratio
1459 427 1678 470 superiorum
1704 434 1771 466 est,
1796 438 1903 470 quare
1925 438 1985 469 per
2001 424 2106 460 Chri-

1122 483 1213 510 stum
1237 476 1346 520 gratia
1369 484 1401 511 et
1423 478 1550 511 veritas
1578 478 1665 510 facta
1688 477 1742 511 sit.
1798 475 1890 519 Quia
1913 477 2005 509 enim
2028 488 2107 519 gra-

1123 528 1168 561 tia
1195 534 1243 560 est
1267 527 1460 561 voluntatis
1483 528 1624 560 divinae
1646 527 1818 561 sententia
1834 526 1896 571 51),
1924 527 2105 560 remittens

1122 585 1319 622 peccatum:
1349 577 1460 611 Nemo
1486 579 1642 622 agnoscit
1667 578 1812 621 gratiam
1838 578 1906 610 nisi
1929 589 1991 624 per
2017 590 2108 618 eum,

1122 629 1182 673 qui
1206 628 1312 672 patris
1337 629 1523 662 consilium
1549 637 1608 663 est.
1662 629 1775 663 Filius
1794 628 1964 662 sententia
1981 626 2026 672 52)
2044 640 2106 672 pa-

1121 680 1184 714 tris
1204 687 1271 719 est,
1299 692 1406 725 quare
1426 681 1507 713 sciri
1527 681 1690 714 voluntas
1707 680 1782 713 eius
1800 679 1868 712 nisi
1889 679 1925 711 in
1943 678 2015 711 filio
2034 691 2106 711 non

1122 737 1244 774 potest.
1298 730 1406 771 Item,
1434 731 1515 776 quia
1538 732 1664 764 veritas
1689 738 1739 764 est
1763 729 1959 765 iustificatio
1981 729 2105 770 nostri,

1121 781 1248 814 veritas
1274 789 1390 815 autem
1417 782 1570 824 cognitio
1586 780 1651 815 Dei
1678 788 1748 822 est,
1775 788 1807 814 et
1824 781 1939 814 omnis
1959 780 2105 813 scientia

1120 832 1228 876 patris
1252 831 1346 866 filius
1372 838 1437 865 est:
1462 833 1541 866 ideo
1566 840 1699 876 patrem
1723 843 1826 865 nemo
1843 830 2019 874 cognoscit
2036 831 2106 863 nisi

1120 895 1183 927 per
1212 883 1358 916 verbum
1392 890 1424 916 et
1455 883 1491 916 in
1527 884 1653 924 verbo,
1688 883 1783 928 quod
1815 882 1908 915 filius
1930 888 1990 916 est.
2055 880 2104 914 lta

1121 934 1217 966 vides
1249 934 1421 967 rationem
1447 934 1669 978 superiorum
1694 933 1806 967 teneri
1831 932 1868 965 in
1893 930 1948 964 his
1973 932 2103 964 verbis:

1119 983 1234 1017 Deum
1258 996 1361 1017 nemo
1388 985 1475 1017 vidit
1498 996 1655 1029 unquam
1675 991 1737 1018 etc.
1792 983 1880 1017 Nam
1908 983 1936 1015 si
1961 993 2105 1027 quaeras

1122 1035 1158 1067 in
1185 1034 1261 1068 lesu
1285 1033 1424 1069 Christo
1449 1036 1558 1079 gratia
1583 1036 1670 1069 sacta
1695 1042 1763 1075 est,
1796 1034 1982 1078 respondet
2004 1031 2105 1065 Ioan-

1120 1097 1198 1118 nes:
1229 1084 1311 1119 Ideo
1328 1098 1390 1130 per
1408 1085 1518 1119 lesum
1530 1083 1730 1126 Christum,
1755 1085 1836 1130 quia
1853 1096 1956 1116 nemo
1976 1094 2105 1126 cogno-

1120 1137 1184 1170 scit
1206 1143 1339 1181 patrem
1359 1144 1493 1180 praeter
1511 1136 1633 1172 filium.
1686 1135 1757 1169 Nec
1775 1141 1887 1180 potest
1903 1133 2010 1179 patris
2026 1145 2104 1166 sen-

1120 1188 1228 1221 tentia
1266 1187 1334 1220 nisi
1373 1188 1410 1220 in
1449 1188 1574 1230 verbo,
1618 1187 1692 1220 Iesu
1725 1184 1885 1227 Christo,
1929 1184 2103 1228 cognosci.

1120 1236 1227 1277 Item,
1263 1249 1370 1283 quare
1401 1250 1464 1281 per
1498 1238 1609 1271 lesum
1639 1235 1821 1271 Christum
1856 1237 1983 1269 veritas
2016 1235 2103 1268 sacta

1119 1291 1195 1321 est?
1224 1289 1425 1332 respondet:
1455 1288 1547 1330 Quia
1563 1301 1640 1322 cum
1659 1288 1857 1322 iustificatio
1870 1299 1942 1326 non
1955 1286 2102 1319 sitaliud

1119 1338 1187 1371 nisi
1211 1337 1278 1371 Dei
1307 1339 1480 1381 cognitio.
1513 1340 1674 1379 cognosci
1699 1347 1814 1372 autem
1843 1338 1913 1371 nisi
1938 1348 1998 1380 per
2025 1348 2103 1368 ver-

1118 1389 1202 1421 bum
1226 1395 1259 1422 et
1283 1389 1319 1421 in
1339 1389 1446 1421 verbo
1465 1390 1629 1421 condenti
1650 1400 1776 1421 novam
1793 1389 1900 1421 vitam
1921 1394 1954 1420 et
1972 1398 2103 1419 novum

1118 1439 1258 1478 lumen,
1291 1451 1364 1472 non
1396 1446 1520 1482 potest.
1589 1438 1721 1472 Eadem
1755 1444 1948 1472 tractantur
1979 1439 2013 1471 2.
2035 1435 2104 1469 Co·

1119 1487 1306 1525 ri11th.III.
1331 1497 1363 1523 et
1386 1489 1455 1529 IV,
1490 1497 1521 1523 et
1549 1490 1663 1537 prima
1691 1488 1784 1522 Petri
1811 1489 1939 1533 primo.
2010 1484 2103 1520 Mihi

1118 1540 1375 1584 simplicissime
1399 1553 1471 1572 non
1495 1541 1590 1573 aliud
1615 1541 1683 1573 dici
1702 1540 1858 1579 videtur,
1889 1550 1994 1584 quam
2010 1539 2103 1582 quod

1117 1588 1324 1624 Matthxl.
1359 1591 1490 1624 dictum
1523 1598 1589 1624 est:
1626 1590 1736 1624 Nemo
1768 1590 1867 1623 novit
1898 1590 2009 1622 filium
2036 1589 2104 1622 nisi

1118 1649 1233 1684 pater,
1263 1653 1376 1686 neque
1401 1648 1532 1685 patrem
1557 1641 1634 1686 quis
1652 1641 1751 1675 novit
1770 1641 1838 1673 nisi
1856 1641 1970 1681 filius,
1997 1646 2029 1672 et
2049 1639 2103 1672 cui

1117 1692 1268 1725 voluerit
1293 1691 1386 1725 filius
1412 1692 1579 1725 revelare.
1648 1691 1706 1726 Sic
1731 1692 1824 1725 enim
1851 1691 1943 1723 filius
1970 1697 2102 1735 patrem

1116 1742 1236 1783 n'ovit,
1263 1750 1299 1775 ut
1324 1749 1355 1775 et
1378 1743 1572 1776 substantia
1599 1743 1707 1786 patris
1732 1742 1769 1775 in
1793 1742 1906 1786 ipsum
1933 1752 2102 1785 propaga-

1116 1799 1188 1834 tur,
1217 1800 1254 1826 ut
1270 1793 1314 1826 sit
1331 1793 1494 1826 universa
1510 1794 1653 1827 scientia
1671 1794 1790 1837 patris,
1817 1793 1931 1838 qualis
1947 1791 2101 1835 cognitio

1115 1855 1188 1877 non
1211 1845 1315 1877 modo
1336 1855 1408 1877 non
1426 1843 1538 1884 Mosi‚
1566 1856 1638 1877 non
1657 1843 1779 1884 Iacob,
1806 1845 1864 1877 sed
1882 1855 1926 1876 ne
1941 1843 2005 1876 ulli
2023 1842 2102 1887 qui-

1115 1895 1193 1927 dem
1211 1901 1399 1929 creaturae.
1417 1916 1423 1927 1
1459 1893 1503 1928 Et
1521 1895 1610 1928 sicut
1628 1892 1710 1928 huie
1729 1895 1939 1928 sententiae:
1968 1900 2100 1937 patrem

1115 1957 1217 1978 nemo
1235 1946 1335 1979 novit
1355 1945 1422 1977 nisi
1441 1945 1551 1984 filius,
1580 1943 1671 1978 nihil
1689 1946 1851 1987 derogat,
1879 1942 2101 1989 quodMoses

1115 2002 1147 2028 et
1172 1994 1277 2028 Iacob
1304 1996 1469 2029 viderunt
1491 1994 1624 2036 Deum,
1651 1996 1699 2029 ita
1722 2007 1836 2040 neque
1860 1992 1958 2029 huic:
1986 1993 2098 2028 Deum

1114 2057 1217 2079 nemo
1236 2045 1326 2079 vidit
1343 2058 1512 2092 unquam.

1216 2121 1340 2154 Minus
1353 2128 1444 2154 recte
1459 2128 1543 2165 puto
1559 2128 1727 2155 secretum
1745 2122 1872 2162 vocari,
1899 2128 1936 2154 ut
1953 2122 1987 2153 in
1999 2120 2097 2153 Psat-

1113 2184 1187 2205 mo:
1215 2169 1344 2206 Oratio
1359 2184 1435 2205 mea
1452 2172 1488 2205 in
1505 2173 1584 2205 sinu
1600 2185 1678 2205 meo
1696 2179 1929 2206 convertetur.
1982 2171 2098 2216 Atque

1114 2220 1173 2255 hic
1195 2223 1306 2267 aperit
1323 2221 1490 2263 Ioannes,
1517 2235 1606 2267 quae
1627 2223 1671 2256 sit
1689 2223 1786 2255 verbi
1805 2222 1980 2265 potentia,
2010 2234 2097 2266 quae

1114 2273 1157 2306 sit
1188 2273 1387 2307 iustificatio
1419 2274 1542 2307 nostri.
1605 2272 1718 2306 Filius
1750 2273 1844 2306 enim
1880 2273 2004 2305 missus
2038 2279 2098 2309 est,

1112 2330 1152 2357 ut
1175 2331 1314 2358 enarret
1335 2325 1482 2358 verbum
1502 2324 1630 2367 gratiae
1648 2332 1679 2358 et
1698 2323 1867 2357 veritatis:
1897 2335 1977 2365 ergo
1996 2323 2097 2355 audi·

1112 2382 1167 2409 tus
1190 2374 1285 2409 illius
1309 2375 1407 2408 verbi
1434 2373 1632 2408 iustificatio
1658 2381 1725 2413 est,
1750 2381 1780 2407 et
1807 2374 1904 2407 verbi
1922 2373 2017 2406 illius
2033 2385 2096 2416 po-

1113 2425 1220 2459 tentia
1240 2432 1289 2459 est
1309 2426 1459 2463 salvare,
1488 2437 1626 2458 veraces
1646 2425 1799 2465 efficere,
1829 2436 1958 2458 novum
1977 2423 2093 2456 lumen

1112 2477 1281 2517 condere,
1308 2476 1510 2510 illuminare
1528 2476 1699 2509 tenebras,

1146 2645 1193 2671 51)
1213 2645 1355 2668 sententia
1376 2649 1428 2666 non
1449 2642 1548 2673 tegitur
1567 2642 1592 2665 in
1613 2642 1669 2665 'rub

1148 2678 1196 2707 52)
1216 2679 1374 2705 sententia]
1397 2677 1462 2701 Tul).
1482 2678 1612 2701 scientia.
