2409 2915
272 93 346 128 819

276 179 337 213 De
353 177 490 219 scriba,
518 178 580 221 qui
596 179 792 210 secuturus
807 177 863 208 est
883 172 1086 215 Christum,
1101 174 1146 206 ’.ςί
1159 173 1259 206 sciat

390 227 449 262 ubi
466 227 616 261 tandem
633 229 668 261 εἰ
686 223 962 260 consistendum
975 225 1049 267 sit,
1075 228 1145 258 etc.

379 301 584 346 Sequuntur
594 301 748 345 exempla
759 300 892 345 aliquot
904 299 1120 332 continentia
1131 298 1262 331 doctri-

279 365 359 386 nam
380 351 512 386 utilem.

279 411 422 437 tuturus
445 411 493 436 est
512 401 713 441 Christum,
740 402 768 434 si
794 401 877 434 sciat
903 400 966 433 ubi
983 398 1158 433 Dominus
1185 405 1264 432 tan-

279 455 357 487 dem
374 453 457 487 velit
477 454 678 487 consistere.
731 451 850 495 Imago
874 451 1085 497 proponitur
1108 460 1264 482 commu-

280 505 444 537 nissimae
470 503 692 544 tentationis,
732 502 838 545 digna
861 500 1140 535 consideratione
1164 510 1265 532 accu-

280 562 366 590 rata.

385 610 558 646 Omnium
576 610 763 646 hominum
781 611 891 644 animi
915 611 1053 652 duabus
1078 609 1183 642 rebus
1206 619 1266 641 ve—

282 661 463 697 hementer
487 664 705 698 cruciantur:
741 663 895 707 primum
923 673 1012 707 quae
1036 671 1141 704 opera
1165 669 1267 702 prae-
1291 685 1293 693 s

283 721 380 758 cepta
405 725 443 747 ac
470 714 635 747 mandata
667 713 756 754 sint,
789 713 916 746 deinde
946 712 1004 757 qui
1036 711 1106 744 sint
1140 707 1267 742 horum

283 776 429 809 operum
448 771 603 798 eventus.
632 763 702 798 Sed
713 764 903 797 discrimen
922 769 972 796 est
988 762 1134 794 illustre.
1161 758 1268 792 Man-

284 817 363 849 data
388 827 525 848 necesse
548 822 598 848 est
620 815 707 848 scire
737 826 775 847 ac
809 813 926 857 sequi,
970 812 1172 857 quicunque
1199 810 1269 843 sint

285 872 449 904 eventus,
476 877 535 899 seu
552 864 668 899 tristes
684 876 743 898 seu
759 863 900 908 placidi.
952 861 1012 901 Ut,
1033 861 1149 894 Moses
1165 861 1270 893 debet

283 915 361 950 Deo
388 916 522 949 iubenti
546 916 786 958 obtemperare
811 914 847 946 in
876 912 1061 945 eductione
1084 910 1205 955 populi
1230 922 1270 943 ex

866 86 990 122 mm..
1018 84 1133 122 MEL.
1161 84 1368 122 scmeTA
1395 62 1696 121 ExEGETch.

567 351 617 386 AC
636 363 861 395 praemf'uum
887 358 936 383 ‘⁵¹
953 350 1103 390 “Ulme’
1129 361 1188 394 qm
1211 360 1263 380 ’ἦρ’
1286 363 1289 384 ²
1313 372 1449 412 biliter,
1466 372 1594 417 quivel
1609 373 2170 416 impatientiavelaliisaerumnis
2186 373 2299 411 fracti,

2218 89 2292 124 820

1308 177 1420 212 gatur,
1449 183 1553 216 quam
1572 183 1650 216 spes
1668 169 1830 205 salutaris
1849 179 1994 207 eventus
2010 172 2184 216 effulgeat,
2205 173 2295 207 sicut

1310 222 1484 264 frangitur
1509 220 1566 255 bic
1590 224 1713 255 doctor
1727 220 1847 265 Legis,
1876 223 1936 267 qui
1961 230 2148 267 antequam
2172 234 2296 268 sequa-

1311 279 1368 305 tur
1391 272 1602 313 Dominum‚
1634 273 1800 306 constitui
1823 273 1890 306 sibi
1914 273 2028 307 locum
2054 271 2198 317 hospitii
2223 285 2298 306 cer-

1311 329 1386 355 tum
1404 322 1503 365 petit.
1558 321 1608 355 lta
1634 323 1911 356 innumerabiles
1928 324 1988 357 alii
2009 329 2155 368 peceant
2179 320 2298 355 borri-

1314 424 1480 456 deserunt
1501 423 1736 457 vocationem:
1766 424 1846 469 quia
1872 432 2018 458 eventus
2044 430 2137 457 extra
2164 434 2200 456 se
2226 435 2301 456 cer-

1316 481 1368 507 tos
1384 485 1422 506 ac
1445 473 1607 507 definitos
1630 474 1731 506 anxie
1754 483 1944 518 quaerunt,
1971 487 2009 508 ac
2033 474 2203 508 iniustum
2229 484 2302 507 esse

1316 530 1459 567 putant,
1485 524 1583 569 quasi
1599 524 1634 556 in
1654 524 1803 566 caligine
1819 536 1858 558 ac
1872 532 1975 559 nocte
1998 536 2099 558 coeca
2116 531 2300 558 vocantem

1315 574 1429 607 Deum
1447 575 1664 608 confidenter
1679 575 1799 619 sequi,
1824 582 1858 609 et
1873 576 2026 619 pericula
2044 575 2112 608 sibi
2131 581 2192 608 aut
2209 574 2301 608 vitae

1317 632 1351 658 et
1368 625 1530 658 suavitati
1549 636 1630 657 suae
1654 631 1783 658 temere
1799 635 1983 661 accersere.
2035 623 2204 669 Exempla
2221 631 2303 659 sunt

1318 675 1592 708 innumerabilia
1613 675 1649 707 in
1668 675 1788 715 bellis,
1816 686 1905 719 quae
1925 688 2003 709 cum
2022 688 2095 709 non
2112 682 2223 709 essent
2241 686 2304 707 ne-

1320 725 1488 766 cessaria,
1515 732 1650 759 tantum
1678 726 1756 757 ideo
1776 731 1872 758 mota
1896 732 1998 766 sunt,
2024 726 2106 770 quia
2132 737 2195 759 suo
2218 737 2305 759 con-

1319 777 1397 809 silio
1413 782 1550 809 autores
1566 775 1856 820 tranquillitatem
1872 776 1938 808 sibi
1955 787 1992 809 ac
2011 777 2114 809 rebus
2131 776 2202 809 suis
2219 787 2304 808 con-

1320 827 1463 860 stituere
1480 826 1680 860 voluerunt.
1716 825 1808 859 Huic
1825 827 1990 860 audaciae
2005 833 2134 860 temere
2147 824 2305 860 moventi

1320 888 1374 910 res
1390 888 1461 910 non
1481 876 1688 909 necessarias
1709 877 1856 920 opponit
1874 876 2032 910 psalmus
2049 877 2205 920 regulam
2232 876 2304 910 uti—

1321 928 1408 961 lem:
1437 926 1654 960 Commenda
1671 925 1746 959 Deo
1763 927 1855 960 viam
1876 934 1990 968 tuam,
2017 933 2050 960 et
2065 938 2125 959 ora
2146 938 2244 967 eum,
2272 931 2306 959 et

283 967 462 1012 Aegypio‘
490 966 624 999 eliamSl
643 965 768 998 “mlem
787 963 1042 1007 pericnlomm’
1069 973 1157 1006 quae
1172 972 1271 994 ⁵⁰⁶⁰*
1294 958 1296 1001 l
1320 978 1393 1021 ipse
1409 977 1520 1012 faciet.
1574 976 1676 1010 viam
1694 978 1854 1011 nominat
1869 978 1981 1011 officia
2008 977 2200 1011 vocationis
2224 988 2306 1021 pro—

284 1026 361 1053 tura
388 1024 488 1055 sunt,
526 1028 597 1048 non
623 1015 799 1060 prospicit.

285 1119 390 1151 nibus
416 1117 656 1161 quaerendum
681 1122 749 1153 est,
777 1115 887 1160 quiet
911 1113 1031 1158 quales
1055 1113 1164 1146 futuri
1189 1111 1271 1150 sint,

286 1179 409 1202 suaves
428 1175 487 1201 aut
504 1169 675 1200 insuaves.
709 1166 803 1209 Quia
819 1178 896 1199 cum
914 1163 1105 1197 necessaria
1124 1169 1157 1196 et
1172 1174 1271 1195 man-

287 1221 366 1252 data
394 1219 428 1250 in
455 1218 637 1251 vocatione
658 1217 823 1254 facimus,
856 1221 949 1249 certo
976 1214 1105 1248 scimus
1127 1220 1272 1246 eventus

287 1270 455 1303 salutares
474 1269 614 1302 tandem
632 1274 812 1301 secuturos
827 1277 911 1299 esse.
955 1264 1090 1298 Interea
1113 1275 1197 1297 vero
1213 1276 1272 1296 ex·-

286 1319 465 1365 spectandi
484 1326 515 1352 et
533 1319 599 1352 fide
617 1317 781 1351 vincendi
799 1323 884 1350 sunt
907 1327 1005 1349 casus
1026 1314 1184 1353 adversi,
1211 1313 1272 1358 qui

287 1370 456 1413 singulari
483 1369 632 1402 consilio
654 1367 721 1401 Dei
745 1367 848 1400 etiam
872 1365 1000 1399 sanctis
1026 1365 1063 1397 in
1091 1364 1272 1397 vocatione

286 1423 486 1466 frequentes
509 1420 689 1458 accidunt,
715 1425 754 1451 ut
781 1417 910 1450 dicitur
935 1415 972 1447 in
991 1414 1145 1448 Psalmo:
1175 1413 1273 1447 Mut-

287 1479 341 1506 tae
357 1477 437 1504 suut
454 1469 701 1504 tribulationes
717 1468 888 1501 iustorum
902 1493 911 1506 ‚
932 1467 990 1498 sed
1013 1477 1053 1498 ex
1070 1465 1140 1497 illis
1156 1464 1272 1498 omni-

286 1523 352 1555 bus
370 1521 530 1554 liberabit
550 1531 607 1552 eos
623 1519 811 1553 Dominus.
865 1517 1003 1559 Quare,
1030 1521 1067 1548 ut
1091 1515 1184 1555 (lixi,
1211 1527 1274 1547 ne-

287 1572 433 1606 cessaria
452 1577 501 1603 est
519 1570 646 1603 sanctis
662 1569 760 1605 fides,
777 1579 865 1612 quae
882 1564 1105 1599 vocantiDeo
1121 1566 1273 1605 obediat,

287 1630 320 1657 et
340 1629 483 1655 eventus
500 1621 666 1653 salutares
678 1624 860 1663 exspectet,
885 1616 1019 1650 etiamsi
1037 1615 1121 1660 quid
1140 1616 1272 1648 interea

287 1673 422 1707 adversi
436 1671 657 1710 interveniat,
677 1675 714 1703 ut
724 1673 896 1712 exspectat
908 1665 1024 1700 Moses
1036 1666 1072 1698 in
1087 1666 1273 1699 eductione

287 1723 409 1768 populi
430 1723 530 1767 plena
551 1721 711 1753 laborum
741 1726 771 1753 et
796 1717 1046 1762 periculorum.
1099 1715 1168 1750 Sed
1190 1714 1273 1749 haec

286 1775 424 1808 infirma
442 1785 479 1806 ac
495 1771 626 1815 fragilis
650 1777 774 1804 natura
791 1767 976 1802 bominum
1005 1767 1194 1800 difficulter
1211 1779 1274 1800 vo-

288 1825 378 1860 canti
396 1823 470 1857 Deo
490 1824 729 1866 obtemperat,
755 1832 794 1853 ac
812 1818 1010 1863 praemetiri
1028 1829 1150 1851 omnes
1168 1830 1274 1850 even-

286 1884 343 1910 tus
360 1875 430 1908 suis
448 1873 604 1907 consiliis
621 1879 778 1906 conatur.

288 1926 433 1960 consilia
452 1925 486 1957 in
511 1924 614 1957 rebus
640 1921 745 1955 bonis
767 1932 807 1954 ac
828 1918 1002 1951 mandatis
1029 1919 1190 1957 suerunt,
1218 1918 1273 1950 in-

287 1976 504 2010 terveniente
532 1985 612 2006 casu
643 1972 762 2016 aliquo
786 1970 951 2005 adverso.
986 1969 1087 2002 multi
1113 1966 1273 2001 homines

288 2029 424 2061 deserto
450 2024 524 2058 Deo
547 2024 694 2057 fremere
724 2028 756 2054 et
786 2019 960 2062 indignari
986 2019 1172 2063 incipiunt.
1228 2018 1273 2053 Ut

288 2077 402 2116 multi,
425 2077 484 2121 qui
504 2074 656 2119 primum
673 2079 766 2105 recto
783 2071 931 2104 consilio
946 2070 1147 2112 coniugium
1167 2081 1271 2113 appe-

290 2129 464 2165 tiverunt,
498 2132 614 2169 postea
639 2122 885 2157 accedentibus
911 2121 1064 2163 coniugii
1094 2120 1271 2154 aerumnis

289 2181 376 2213 fiunt
393 2185 447 2211 aut
474 2177 684 2213 desertores,
714 2181 771 2207 aut
797 2184 850 2206 res
873 2171 1071 2214 illegitimas
1093 2183 1130 2204 ac
1149 2169 1270 2215 probi-

288 2231 379 2263 bitas
402 2230 538 2261 deserto
564 2225 637 2258 Deo
664 2230 809 2258 tentant.
874 2221 921 2255 lta
954 2222 1054 2255 mudti
1080 2223 1138 2266 qui
1165 2222 1268 2266 paulo

288 2289 368 2314 ante
388 2280 484 2312 laetis
504 2276 631 2310 animis
648 2273 941 2319 praedicationem
964 2271 1145 2313 Evangelii
1173 2285 1268 2305 arce-

288 2338 435 2376 petunt,
475 2336 505 2361 et
531 2328 691 2360 alacriter
713 2324 858 2369 professi
890 2330 992 2360 sunt.
1036 2335 1127 2355 :nuic
1153 2323 1268 2355 immi-

287 2382 452 2416 nentibus
476 2378 638 2423 periculis
658 2375 939 2421 persecutionum
958 2374 1042 2406 siunt
1062 2374 1267 2414 timidiores,

286 2442 318 2468 et
335 2431 584 2477 professionem
603 2427 785 2469 Evangelii
803 2425 987 2460 aliiisiunt.

386 2499 453 2531 Sed
471 2495 614 2541 opponit
633 2493 808 2527 Dominus
824 2492 978 2534 regulam
997 2490 1266 2525 severissimam:

285 2551 355 2592 Qui
382 2546 655 2592 perseveraverit
681 2556 790 2589 usque
818 2544 852 2576 in
889 2543 1014 2580 linem,
1048 2542 1164 2574 salvus
1190 2542 1266 2575 erit.

283 2604 332 2634 Ac
350 2609 385 2633 ut
405 2597 591 2641 exspectari
619 2596 697 2628 finis
722 2595 846 2639 possit,
881 2595 963 2626 fides
989 2592 1178 2625 necessaria
1205 2599 1266 2629 est,

282 2664 370 2698 quae
385 2651 564 2684 confirmet
584 2648 760 2687 animum,
784 2658 827 2679 ue
838 2646 973 2679 deserto
984 2642 1058 2678 Deo
1074 2650 1154 2677 ante
1170 2643 1265 2676 sran—

867 1011 1025 1046 Eventus
1056 1019 1171 1045 autem
1202 1006 1297 1057 fidel

286 1067 507 1112 exspectandi
525 1072 625 1105 sunt,
662 1077 726 1098 nec
749 1065 884 1098 curiose
911 1063 1039 1096 nostris
1061 1062 1272 1106 speculatio-
1294 1058 1297 1083 ἶ

831 1870 942 1912 Saepe
960 1869 1063 1901 etiam
1081 1880 1160 1901 cum
1180 1868 1274 1901 bona
1296 1871 1300 1902 Ι

1321 1028 1394 1072 pria
1411 1039 1450 1060 ac
1467 1027 1679 1067 necessaria,
1706 1025 1791 1061 haec
1816 1029 1986 1075 praecipit
2004 1027 2165 1061 Psalmus
2188 1033 2306 1060 sancte

1321 1085 1354 1112 et
1370 1078 1505 1111 solicite
1523 1078 1668 1120 eogitari
1692 1090 1731 1111 ac
1751 1079 1836 1111 fieri.
1889 1077 2013 1112 Postea
2037 1078 2147 1111 iubet:
2174 1077 2256 1111 Pete
2273 1082 2306 1110 et

1321 1135 1478 1172 exspecta
1496 1128 1599 1161 etiam
1622 1128 1791 1161 auxilium
1818 1135 1850 1162 et
1874 1129 1985 1162 bonos
2011 1135 2155 1162 eventus
2178 1139 2196 1161 a
2211 1126 2305 1166 'D.›o‚

1321 1180 1368 1212 ita
1392 1179 1463 1222 ipse
1491 1179 1612 1221 saciet,
1648 1176 1714 1211 boc
1737 1186 1803 1216 est,
1840 1179 1938 1213 dabit
1963 1186 2110 1212 eventus
2138 1179 2306 1217 salutares

1321 1229 1406 1268 tibi,
1435 1236 1467 1261 et
1484 1229 1660 1262 vocationi
1684 1236 1763 1262 tuae
1779 1229 1894 1263 utiles.

1425 1278 1519 1312 Haec
1537 1279 1655 1321 regula
1673 1279 1764 1312 vitae
1779 1280 1945 1314 omnibus
1959 1277 2167 1313 hominibus
2183 1279 2308 1312 admo-

1322 1330 1406 1363 dum
1425 1329 1615 1362 necessaria
1638 1336 1706 1369 est,
1733 1342 1837 1374 quam
1862 1331 2023 1374 inprimis
2041 1329 2308 1374 patresfamilias

1296 1401 1299 1412 .
1324 1380 1510 1422 diligenter
1525 1386 1559 1412 et
1576 1386 1705 1412 attente
1723 1380 1874 1423 cogitare
1892 1382 2068 1414 convenit.
2104 1379 2151 1412 Hi
2170 1378 2306 1413 etiamsi

1324 1430 1488 1474 periculis
1518 1435 1550 1463 et
1584 1430 1760 1463 aerumnis
1795 1431 2025 1473 paupertatis,
2068 1430 2241 1463 bellorum
2273 1435 2306 1462 et

1323 1481 1474 1513 aliorum
1492 1480 1664 1513 malorum
1683 1480 1900 1525 aliquamdiu
1916 1481 2174 1519 conflictantur,
2190 1487 2306 1513 tamen

1323 1530 1478 1564 serviant
1507 1530 1681 1563 vocationi
1716 1531 1752 1563 in
1787 1531 1992 1564 educatione
2025 1531 2236 1569 liberorum,
2273 1535 2307 1562 et

1323 1579 1402 1614 aliis
1430 1580 1553 1613 officiis
1581 1592 1598 1612 a
1621 1579 1695 1613 Deo
1719 1581 1914 1619 mandatis,
1956 1588 1989 1614 et
2012 1581 2116 1614 simul
2142 1580 2307 1613 invocent

1323 1629 1460 1670 Deum,
1488 1637 1520 1664 et
1544 1631 1656 1663 bonos
1679 1638 1823 1664 eventus
1845 1638 2053 1675 exspectent.
2105 1629 2217 1664 Nemo
2239 1641 2308 1664 un-

1324 1693 1428 1726 quam
1453 1692 1557 1723 egens
1578 1687 1637 1714 aut
1661 1681 1767 1714 miser
1783 1689 1983 1726 exspectans
2000 1681 2193 1716 Dominum
2209 1680 2308 1714 auxi-

1325 1732 1410 1765 lium
1429 1732 1504 1765 eius
1520 1743 1591 1764 non
1608 1739 1768 1775 expertus
1784 1739 1845 1767 est.
2273 1733 2278 1738 “

1429 1781 1519 1815 Tota
1537 1779 1621 1815 haec
1636 1782 1806 1828 sapien-tia
1825 1782 2059 1816 eruditissime
2068 1780 2305 1816 hicaChristo

1325 1832 1382 1866 isti
1398 1833 1532 1866 doctori
1552 1833 1634 1875 legis
1652 1833 1881 1876 proponitur,
1905 1845 1982 1866 cum
2010 1833 2142 1877 inquit:
2173 1831 2306 1874 Vulpes

1325 1881 1455 1917 hahent
1490 1884 1626 1920 foveas,
1671 1891 1701 1916 et
1731 1883 1888 1915 volucres
1913 1884 2001 1916 coeli
2025 1883 2144 1916 nidos:
2189 1883 2305 1916 Filius

1324 1941 1438 1967 autem
1457 1931 1611 1966 hominis
1630 1945 1701 1965 non
1719 1931 1891 1966 babetubi
1904 1941 2006 1977 caput
2017 1933 2172 1968 reclinet.
2198 1933 2304 1976 Quod

1324 1985 1367 2017 de
1382 1996 1417 2016 se
1432 1984 1580 2016 affirmat
1601 1983 1712 2016 Filius
1732 1982 1815 2020 Dei,
1844 1984 1935 2017 idem
1952 1990 1984 2017 et
2007 1985 2051 2016 de
2068 1981 2221 2016 Ecclesia
2249 1983 2305 2015 in-

1324 2035 1512 2077 telligatur.
1561 2033 1640 2066 Non
1668 2031 1769 2067 habet
1790 2032 1943 2067 Ecclesia
1969 2035 2076 2067 ullam
2095 2035 2211 2067 sedem
2229 2045 2303 2067 cer-

1323 2092 1391 2118 tam
1409 2093 1467 2118 aut
1491 2084 1688 2117 durabilem
1718 2085 1751 2116 in
1778 2097 1903 2127 genere
1928 2082 2104 2121 humano,
2132 2091 2164 2118 et
2186 2091 2303 2118 tamen

1322 2147 1424 2168 curae
1446 2142 1493 2168 est
1515 2133 1607 2174 Deo,
1635 2142 1670 2167 ut
1697 2135 1832 2180 aliquos
1857 2136 1998 2168 nidulos
2023 2135 2215 2168 mediocres
2239 2135 2304 2167 ali-

1321 2186 1400 2219 cubi
1426 2184 1562 2220 habeat.
1616 2185 1663 2219 lta
1687 2186 1814 2227 singuli
1845 2188 1887 2218 de
1913 2198 1948 2218 se
1974 2198 2115 2231 quoque
2136 2192 2303 2228 statuant,

1323 2235 1504 2270 habituros
1522 2248 1555 2268 se
1574 2237 1689 2281 aliqua
1707 2237 1833 2269 alieubi
1854 2237 2041 2279 tuguriola,
2057 2237 2191 2269 etiamsi
2212 2247 2303 2269 non-

1321 2289 1404 2320 dum
1423 2287 1637 2331 prospiciunt
1651 2314 1658 2324 ,
1686 2287 1745 2319 ubi
1763 2288 1918 2329 gentium
1936 2293 1992 2319 aut
2015 2288 2170 2320 locorum
2190 2299 2226 2320 ea
2245 2287 2301 2320 fu-

1321 2346 1395 2371 tura
1412 2339 1492 2372 sint.
1547 2337 1596 2370 Α(
1621 2338 1748 2379 singuli
1777 2339 1943 2375 sciamus,
1967 2338 2104 2371 vocanti
2130 2336 2203 2371 Deo
2229 2338 2302 2371 ala-

1320 2389 1443 2424 criter.
1473 2389 1562 2421 buna
1580 2401 1657 2421 rum
1677 2400 1736 2431 spe
1756 2401 1794 2421 ae
1817 2388 1940 2420 fiducia
1967 2388 2202 2421 obediendum
2219 2399 2302 2427 esse,

1320 2447 1421 2484 atque
1449 2439 1511 2481 ipsi
1535 2440 1831 2471 commendandos
1866 2445 2011 2471 eventus
2041 2439 2301 2484 qualescunque

1319 2490 1425 2523 futuri
1444 2489 1524 2523 sint.
1579 2489 1706 2531 Magna
1726 2498 1773 2523 est
1795 2487 1876 2521 ltaec
1895 2490 2082 2533 sapientia.
2104 2490 2162 2522 sed
2181 2489 2301 2522 insua-

1320 2542 1369 2573 vis
1388 2547 1525 2573 nostrae
1543 2539 1739 2581 fragilitati,
1768 2546 1797 2572 et
1818 2540 1950 2581 ingrata
1968 2540 2157 2584 sapientiae
2173 2541 2301 2581 carnis,

1318 2603 1422 2634 quam
1441 2598 1555 2623 tamen
1576 2587 1629 2628 hi,
1648 2590 1707 2633 qui
1724 2598 1803 2624 suut
1821 2588 2143 2629 insertiEcclesiae.
2164 2590 2199 2623 in
2217 2602 2298 2625 vera

1319 2641 1538 2676 invocatione
1558 2640 1752 2684 intelligere
1767 2648 1799 2676 et
1819 2651 1975 2675 exercere
1999 2647 2166 2686 perpetuo
2191 2652 2299 2687 opor-
