2409 2915
243 101 284 134 n
290 98 339 134 27

242 185 335 224 eius,
371 182 465 227 quod
493 180 618 214 Petrus
645 184 783 211 monet:
820 175 961 210 Fratres
987 175 1130 219 vigilate
1154 181 1233 213 etc„

244 236 298 268 leo
318 234 470 277 rugiens.
487 251 537 257 --
564 229 622 265 Ab
638 229 763 270 initio,
792 228 865 262 scil.
885 234 923 261 ut
942 224 1074 260 Genes.
1090 224 1156 260 Ill.
1172 237 1234 268 ap-

244 291 352 330 paret.
373 302 420 309 —
448 281 502 316 Ex
520 281 691 326 propriis,
717 280 790 313 scil.
812 291 891 312 cum
911 276 1002 311 nihil
1029 277 1169 322 proprie
1195 276 1232 308 in

246 342 369 369 natura
386 333 536 368 Satanae
553 332 706 377 Spiritus
723 336 863 364 sanctus
879 328 947 372 agit
962 328 1004 374 ⁴).

389 417 475 464 Ego
503 421 624 451 aulem
648 416 685 450 si
709 415 893 449 veritatem
922 411 1003 448 dico
1029 417 1088 448 etc.

347 485 456 519 Verbi
479 485 653 530 probandi
679 495 813 517 summa
838 489 871 516 et
895 482 1087 516 certissima
1117 479 1236 522 regula

246 539 418 582 scriptura
444 543 513 577 est,
553 536 600 569 ita
623 543 659 569 ut
687 540 907 579 praeceptum
932 534 975 566 sit
999 531 1104 566 Dent.
1126 529 1237 568 Xttt„
1262 563 1264 568 ,

1262 577 1264 608 ἶ
1289 579 1459 624 ruptibile
1476 577 1542 614 hoc
1559 586 1592 613 et
1609 580 1762 613 animale
1777 592 1923 625 corpus,
1949 588 2067 615 tamen
2086 592 2159 614 non
2177 579 2278 613 vide-

247 601 291 622 ne
307 589 471 622 audiatur
486 584 662 631 Propheta
688 587 716 618 si
733 585 818 630 qnid
837 584 997 617 docuerit
1014 590 1133 617 contra
1151 581 1236 613 scri-

245 647 409 684 pturam,
438 639 541 671 etiam
562 637 590 671 si
609 637 790 670 miraculis
807 636 932 679 probet
947 645 1155 667 sermonem.
1190 630 1237 664 Et

247 691 364 730 addit,
398 689 528 723 talibus
551 687 730 721 miraculis
757 699 773 720 a
800 687 874 721 Deo
899 685 1024 719 tentari
1051 683 1238 728 populum.

247 741 331 775 Post
347 741 451 773 verba
465 738 496 785 ⁵)
521 738 690 772 miracula
711 745 802 771 sunt.

838 90 962 127 PHIL.
990 87 1106 126 MEL.
1135 85 1342 138 SCR113TA
1367 85 1667 123 EXEGETICA.

856 736 971 770 Marci
995 735 1141 769 ultimos
1164 732 1237 766 Do-
1263 754 1266 783 γ

246 792 345 825 mino
375 791 606 824 confirmante
635 801 833 823 sermonem
866 787 1093 832 seq-uentibus
1118 784 1237 827 signis.
1264 809 1265 834 1

247 841 430 876 Postremo
447 849 497 876 est
513 841 584 875 vita
604 840 772 874 docentis.
812 837 929 881 Exigit
946 838 1039 870 enim
1064 836 1237 883 {criptura
1263 842 1265 878 ξ

2173 89 2273 125 1128

1286 179 1439 214 structo,
1465 184 1613 217 regnum
1630 173 1790 208 iusticiae
1806 179 1840 208 et
1856 173 1946 208 vitae
1961 180 2123 208 aeternae
2141 175 2274 209 consti-

1287 231 1372 258 tuat.
1431 220 1556 258 Esaiae
1578 223 1690 261 LIV.:
1732 224 1881 259 Videbit
1906 236 2025 258 semen
2050 225 2273 269 longaevum.

1288 273 1408 317 Quare
1421 285 1560 308 necesse
1575 281 1644 316 est,
1678 283 1718 309 ut
1741 276 1889 310 verbum
1917 272 2072 316 Christi,
2105 276 2188 321 quia
2213 287 2276 320 per

1287 322 1356 359 hoc
1380 332 1520 369 regnat,
1554 325 1714 360 iustifieet
1741 333 1775 361 et
1797 327 1960 360 vivificet.
2015 329 2087 360 lam
2112 326 2141 360 si
2160 326 2276 360 solum

1288 376 1435 410 verbum
1461 373 1596 410 Christi
1618 376 1800 419 iustificat,
1832 385 1866 412 et
1889 377 2059 417 vivificat,
2097 388 2178 421 ergo
2201 388 2276 411 non

1288 438 1394 471 opera
1411 433 1553 469 nostra,
1581 439 1655 461 non
1672 428 1763 461 vires
1787 435 1944 470 nostrae,
1972 428 2061 462 sicut
2084 439 2188 473 supra
2211 427 2276 461 ait:

1289 476 1363 520 Qui
1380 478 1490 512 credit
1508 478 1546 511 in
1564 490 1640 519 me,
1665 478 1703 511 in
1720 478 1893 513 iudicium
1908 491 1981 513 non
1997 479 2111 521 venit3
2140 478 2187 512 ita
2203 475 2276 512 hic:

1287 527 1370 562 Non
1388 529 1519 564 videbit
1537 536 1698 571 mortem,
1723 541 1924 575 quanquam
1942 531 2121 575 positurus
2137 529 2183 564 sit
2199 540 2277 563 cor-

1289 629 1343 664 bit
1362 630 1555 672 iudicium,
1582 631 1677 676 quod
1706 643 1787 664 vere
1809 642 1906 664 mors
1926 638 1995 673 est,
2028 633 2087 666 sed
2112 631 2198 665 fides
2216 630 2279 664 ab·

1290 681 1408 716 sorbet
1422 689 1572 716 mortem
1588 688 1623 716 et
1639 682 1756 715 omnia
1778 689 1927 726 peccata.

1549 762 1745 799 Abraham
1771 770 1936 800 mortuus
1957 769 2019 802 est.

1393 832 1525 867 Audita
1551 833 1785 878 promissione
1817 834 1909 868 vitae
1939 840 2117 874 aeternae,
2149 840 2184 868 et
2215 833 2280 866 do-

248 895 292 927 ab
309 891 513 938 Episcopis‚
538 892 662 926 utsint
679 891 753 924 sine
769 889 933 929 crimine,
961 895 1000 921 ut
1018 886 1238 920 adversarius
1263 896 1266 940 Ι
1291 884 1429 917 nandae
1447 884 1589 929 quidem
1609 896 1671 928 per
1695 885 1860 925 verbum,
1895 892 1928 919 et
1952 896 2015 929 per
2039 884 2186 918 verbum
2214 881 2282 917 ho-

248 950 430 983 vereatur,
457 941 550 976 nihil
575 941 709 976 habens
727 940 809 973 mali
834 939 950 972 dicere
972 940 1015 971 de
1041 937 1164 975 nobis,
1194 937 1237 969 ad

249 994 372 1029 Titum
402 993 445 1028 11.
474 1000 505 1027 et
535 995 570 1028 2.
596 989 761 1025 Corinth.
787 989 831 1023 ll.
855 990 958 1030 dicit,
995 988 1238 1030 evangelizan-

247 1046 332 1079 dum
352 1056 426 1078 esse
442 1056 516 1077 non
538 1044 735 1076 adulterato
761 1042 868 1074 verbo
885 1040 948 1075 Dei
976 1052 1015 1073 ex
1040 1039 1239 1072 sinceritate
1264 1060 1265 1063 =

247 1097 286 1128 in
304 1093 458 1129 Christo.
478 1114 528 1120 -——
564 1093 654 1137 Quis
677 1105 717 1127 ex
740 1092 858 1133 vobis,
887 1092 906 1124 i.
924 1103 953 1124 e.
977 1091 1059 1136 quia
1079 1101 1238 1133 compre-

247 1144 357 1179 hendi
374 1146 445 1180 vita
468 1157 544 1179 mea
567 1157 639 1178 non
671 1150 800 1188 potest,
840 1153 968 1186 negare
999 1153 1071 1174 non
1095 1140 1238 1185 potestis

247 1204 392 1241 propter
406 1197 533 1241 vitam,
562 1208 617 1229 me
634 1207 673 1228 ex
689 1194 765 1229 Deo
791 1205 880 1234 esse,
906 1205 985 1226 cum
1011 1192 1109 1226 testis
1132 1192 1236 1225 etiam

248 1248 420 1292 scriptura
435 1255 504 1286 est,
531 1259 634 1292 quem
662 1246 893 1280 testificantur
910 1244 1014 1278 etiam
1034 1243 1214 1276 miracula.

356 1330 435 1379 Qui
460 1343 506 1366 ex
528 1331 611 1365 Deo
638 1335 705 1371 esl,
735 1328 878 1363 verbum
905 1326 983 1362 Dei
1007 1325 1126 1361 audit.

347 1398 395 1434 Et
420 1398 478 1433 hic
510 1400 608 1432 locus
636 1404 799 1436 testatur,

839 1395 930 1428 viros
962 1391 1133 1427 humanas
1165 1404 1265 1426 non.

247 1462 347 1496 posse
362 1450 503 1488 audire,
530 1451 552 1484 i.
571 1461 598 1482 e.
617 1449 757 1481 credere
777 1446 884 1480 verbo
902 1444 991 1483 Dei,
1019 1444 1109 1479 sicut
1126 1451 1158 1477 et
1180 1455 1238 1476 su·
1263 1456 1265 1481 3

248 1514 310 1546 pra
327 1502 430 1535 dixit:
460 1498 597 1534 Omnes
615 1505 718 1532 erunt
734 1495 961 1531 theodidacti.
1004 1494 1131 1528 Nonne
1149 1495 1239 1527 bene
1263 1491 1265 1544 4'

247 1553 414 1591 dicimus,
456 1551 537 1596 qnia
566 1549 793 1582 daemonium
817 1545 950 1579 habes?
988 1546 1022 1578 id
1049 1554 1118 1585 est,
1159 1545 1238 1577 ideo
1263 1557 1265 1565 ⁴

1291 935 1398 968 minis
1415 935 1599 975 morituri,
1628 935 1678 968 ibi
1703 935 1959 969 scandalizatur
1983 935 2090 969 ratio:
2125 932 2174 969 Et
2196 934 2279 980 quia

1291 983 1383 1019 nihil
1414 986 1520 1020 sentit
1544 985 1637 1020 vitae
1663 995 1842 1027 aeternae,
1883 993 1922 1020 ut
1946 986 2054 1030 possit
2085 985 2281 1028 intelligere

1291 1049 1367 1070 eam
1393 1048 1454 1081 per
1469 1037 1617 1070 verbum
1643 1037 1738 1070 dari:
1780 1044 1814 1070 et
1838 1037 1921 1082 quia
1950 1044 2020 1071 tam
2040 1037 2150 1071 multa
2175 1047 2283 1080 repu-

1291 1099 1398 1132 gnare
1414 1088 1547 1121 iudicat
1563 1087 1654 1121 vitae
1671 1095 1832 1122 aeternae
1846 1088 1991 1122 verbum
2004 1087 2167 1122 stultum:
2196 1085 2283 1121 Cre-

1291 1140 1335 1172 de
1367 1139 1405 1172 in
1429 1136 1610 1173 Christum
1646 1136 1827 1173 hominem
1858 1139 2062 1178 mortalem,
2104 1144 2139 1172 et
2168 1137 2281 1171 vives:

1292 1196 1476 1234 propterea
1527 1197 1714 1234 opponunt
1761 1190 1982 1223 manifestam
2022 1188 2284 1233 experientiam,

1290 1239 1473 1274 Abraham
1493 1247 1652 1275 mortuus
1679 1247 1729 1274 est
1754 1247 1818 1276 etc.
1882 1240 2012 1284 Porro,
2045 1238 2131 1274 haec
2154 1245 2206 1273 est
2227 1250 2284 1273 sa-

1291 1291 1422 1336 pientia
1442 1292 1571 1332 crucis,
1606 1292 1669 1325 ubi
1692 1292 1761 1326 vita
1787 1299 1819 1326 et
1846 1292 1955 1336 gloria
1981 1292 2065 1326 latet
2088 1291 2153 1325 sub
2171 1301 2284 1331 truce,

1291 1349 1404 1375 morte
1421 1349 1452 1376 et
1471 1343 1678 1385 ignominia.

1499 1422 1546 1458 Si
1570 1435 1634 1470 ego
1661 1422 1828 1471 glorifico
1856 1436 1910 1458 me
1938 1425 2086 1471 ipsum..

1394 1492 1489 1526 Haec
1531 1493 1702 1526 sententia
1733 1499 1765 1525 et
1797 1492 1930 1525 similes
1961 1494 2003 1526 ad
2041 1492 2281 1527 infirmitatem

1291 1542 1422 1579 Christi
1441 1543 1618 1586 pertinent
1637 1550 1669 1577 et
1687 1543 1988 1583 extenuationem,
2014 1555 2086 1576 non
2111 1542 2214 1577 aliter
2231 1550 2284 1577 at-

249 1604 342 1648 quod
370 1613 472 1645 neges
505 1613 569 1634 nos
591 1600 714 1633 audire
739 1599 884 1631 verbum
913 1596 997 1636 Dei,
1034 1596 1095 1641 qni
1122 1603 1238 1630 tamen
1263 1596 1266 1651 ξ
1293 1607 1360 1641 que
1376 1595 1484 1629 illud:
1526 1593 1622 1627 Deus
1645 1605 1763 1634 meuS,
1795 1592 1892 1627 Deus
1914 1605 2033 1635 meus,
2071 1593 2196 1639 utquid
2229 1605 2284 1627 me

247 1654 398 1698 populus
415 1652 478 1686 Dei
498 1663 630 1686 sumus.

451 1735 539 1783 Ego
557 1734 790 1770 daemonium
814 1745 887 1767 non
908 1729 1036 1768 haheo.

350 1807 388 1841 ld
412 1805 606 1840 convitium
639 1804 786 1844 refellit,
823 1815 892 1848 quo
917 1801 1059 1846 proprie
1081 1801 1241 1834 doctrina

1266 1790 1267 1793 Ἴ
1294 1749 1387 1783 enim
1421 1755 1550 1782 temere
1584 1747 1674 1781 dixit
1706 1746 1879 1780 loannes:

1292 1644 1542 1691 derelequisti?
1569 1644 1651 1678 Fuit
1669 1645 1762 1678 enim
1776 1656 1813 1677 ea
1824 1645 2017 1678 exinanitio
2034 1645 2123 1678 infra
2140 1656 2284 1678 omnem

1293 1705 1432 1742 captum
1451 1707 1510 1729 seu
1530 1696 1808 1730 aestimationem
1828 1693 2001 1729 humanae
2020 1696 2157 1731 mentis.
2201 1694 2283 1729 Non

1941 1744 1986 1780 Et
2019 1748 2166 1781 verbum
2204 1757 2285 1780 caro

1293 1801 1422 1833 sactum
1441 1804 1508 1837 est3
1543 1804 1576 1831 et
1594 1797 1743 1831 Paulus:
1775 1796 1845 1831 Pro
1871 1797 1975 1831 nobis
1997 1798 2105 1831 fartus
2131 1804 2180 1831 est
2205 1809 2285 1842 pec—

249 1856 571 1902 blasphemabatur,
600 1856 695 1901 quod
716 1855 898 1892 sentirent,
927 1850 1241 1887 ‹loctrinamChri-
1266 1826 1269 1895 l
1294 1858 1419 1887 catum.
1475 1848 1570 1883 Haec
1591 1857 1624 1883 et
1648 1860 1784 1882 crucem
1810 1850 2080 1889 commendant,
2108 1856 2139 1882 et
2159 1860 2283 1882 conso-

250 1911 291 1944 sti
317 1922 355 1943 ex
377 1909 520 1942 diabolo
538 1919 619 1941 esse.
1266 1901 1268 1939 ἶ
1295 1903 1414 1936 lantnr
1445 1901 1498 1945 pia
1529 1902 1634 1933 eorda
1667 1900 1901 1933 similitudine
1923 1897 2074 1939 Christi,
2116 1908 2148 1934 et
2180 1899 2283 1933 fidem

1266 1953 1523 1992 1conlirrnant,
1565 1952 1658 1984 iuxta
1692 1951 1779 1983 illud
1814 1951 1848 1983 in
1876 1949 2062 1983 Hebraeis:
2104 1950 2284 1984 Habemus

1296 2003 1517 2048 pontificem,
1542 2003 1600 2046 qui
1622 2008 1733 2046 potest
1749 2002 1912 2045 compati.
1969 2000 2164 2035 {inmensus
2186 2012 2286 2034 amor

356 2060 510 2104 Implens
524 2058 761 2092 ministerium
777 2085 785 2098 ,
812 2059 854 2091 ad
875 2058 968 2101 quod
988 2057 1047 2090 ille
1065 2068 1119 2089 me
1137 2055 1243 2095 misit,
1267 2049 1269 2072 ³
1295 2062 1362 2095 est,
1391 2054 1450 2098 qui
1470 2065 1505 2086 se
1523 2054 1558 2085 in
1579 2053 1788 2085 immensum
1809 2053 2029 2092 extenuavit,
2058 2060 2095 2086 nt
2121 2064 2184 2086 nos
2207 2051 2284 2095 glo—

253 2113 458 2158 praedicans
475 2111 623 2155 gloriam
641 2110 734 2148 eius,
765 2121 846 2141 nam
870 2106 1065 2151 Evangelio
1091 2107 1242 2141 revelato
1267 2123 1270 2164 δ
1297 2106 1415 2139 rificet.
1470 2102 1515 2138 Et
1533 2115 1672 2137 rursum
1699 2103 1868 2135 immensa
1893 2104 2036 2136 caecitas
2063 2111 2111 2137 est
2136 2101 2284 2137 humani

253 2164 477 2208 praedicatur
494 2161 604 2205 gloria
620 2159 705 2200 Dei,
732 2157 857 2194 Esaiae
875 2158 1005 2197 XXX..
1030 2171 1108 2192 cum
1128 2166 1241 2191 tamen
1267 2167 1271 2214 ι
1296 2157 1431 2195 cordis,
1458 2167 1530 2189 nou
1554 2155 1724 2193 videntis,
1759 2154 1868 2187 immo
1895 2155 2155 2188 contemnentis
2179 2154 2284 2188 etiam

255 2215 315 2248 ille
338 2226 436 2247 suam
463 2211 634 2246 honorem
668 2223 805 2244 meeum
832 2209 1083 2247 communicet,
1120 2209 1243 2243 loann.
1268 2246 1271 2256 Α
1295 2207 1566 2252 amplitudinem
1593 2207 1737 2248 gratiae.
1787 2207 1973 2245 Secundo,
1999 2205 2027 2238 si
2044 2203 2207 2240 Christus
2228 2204 2288 2245 ait,

254 2265 313 2299 X.:
342 2262 461 2299 Omne
481 2263 650 2297 iudicium
669 2262 763 2295 dedit
783 2261 875 2299 lilio,
904 2267 941 2294 ut
959 2273 1082 2293 omnes
1098 2258 1243 2293 honori·
1296 2271 1394 2293 suam
1426 2258 1574 2301 gloriam
1600 2254 1690 2289 nihil
1715 2267 1805 2296 esse,
1844 2257 1944 2289 cuius
1968 2268 2048 2289 caro
2072 2264 2187 2290 tamen
2213 2267 2285 2289 non

256 2318 356 2350 licent
372 2316 502 2354 filium,
530 2315 617 2347 sicut
635 2311 869 2346 honorificant
887 2318 1033 2355 patrem.
1298 2317 1368 2343 erat
1385 2316 1568 2352 corrupta,
1595 2308 1767 2353 quidest,
1795 2309 1889 2353 quod
1914 2315 2030 2341 nostra
2051 2320 2130 2340 caro
2153 2307 2284 2352 gloria-

1269 2358 1271 2396 ]
1298 2369 1355 2395 tur
1374 2361 1416 2393 de
1433 2361 1505 2393 suis
1519 2359 1654 2392 virilius
1673 2366 1705 2393 et
1723 2359 1889 2401 operibus
1907 2370 2023 2391 eoram
2043 2356 2142 2391 Deo?
2194 2356 2284 2391 Ter-

1269 2414 1271 2456 J
1298 2413 1366 2451 tio,
1393 2412 1477 2444 fides
1497 2411 1572 2444 ficta
1589 2410 1676 2444 (licit
1693 2407 1787 2442 hunc
1810 2421 1882 2442 esse
1902 2408 2035 2446 Deum.
2070 2421 2173 2454 quem
2196 2409 2283 2443 scri-

1298 2472 1398 2508 ptura
1418 2463 1612 2507 praedicat,
1639 2469 1671 2495 et
1696 2461 1731 2493 in
1749 2457 1813 2493 hoc
1832 2460 1974 2505 quidem
1992 2472 2062 2493 non
2088 2467 2197 2502 errat,
2224 2460 2283 2493 sed

1298 2522 1414 2548 tamen
1432 2525 1503 2546 non
1522 2512 1620 2546 novit
1637 2523 1727 2545 eum.
1782 2510 1886 2544 Fides
1906 2522 1978 2544 nou
1996 2511 2071 2545 ficta
2090 2523 2161 2545 non
2179 2512 2284 2545 modo

1298 2565 1494 2610 profitetur,
1523 2561 1617 2597 hunc
1633 2573 1705 2596 esse
1718 2561 1844 2603 Deum,
1870 2574 1974 2608 quem
1994 2563 2167 2607 scriptura
2184 2573 2285 2607 prae-

1298 2617 1407 2654 ditat.
1442 2616 1499 2649 sed
1528 2623 1559 2648 ct
1581 2614 1678 2647 novit
1705 2625 1796 2648 eum.
1858 2613 1953 2656 Quid
1986 2613 2092 2658 igitur
2115 2613 2284 2648 interest?

1300 2667 1449 2712 Utrique
1480 2667 1571 2699 idem
1600 2666 1744 2699 verbnm
1772 2663 1920 2704 liabent,
1956 2673 1988 2699 et
2015 2665 2121 2699 verbo
2147 2671 2284 2700 tantum

439 1989 514 2026 Sed
536 1987 737 2034 honorifico
756 1993 897 2036 patrem
923 1999 1052 2024 meum.

376 2399 422 2435 Si
444 2399 526 2447 quis
549 2409 748 2433 sermonem
777 2409 892 2431 meum
918 2396 1122 2430 servatorii,

358 2468 453 2502 Haec
472 2475 522 2502 est
538 2467 680 2512 proprie
699 2465 882 2509 Evangelii
901 2465 1114 2510 praedicatio
1128 2491 1136 2504 ,
1164 2464 1243 2509 qnia

256 2519 418 2554 Christus
445 2519 560 2559 venit,
596 2525 652 2556 ut.
689 2528 795 2561 regno
821 2517 950 2561 pei-cati
976 2523 1006 2550 et
1031 2515 1154 2549 mortis
1185 2516 1245 2547 ‹lv—
1270 2529 1271 2566 ζ

293 2657 324 2681 4)
344 2654 450 2676 Verba:
469 2652 504 2674 ab
525 2652 610 2675 intuo
629 2653 694 2680 etc..
713 2649 740 2674 {n
761 2650 827 2674 τοι».
847 2654 898 2674 non
921 2649 1057 2682 teguntur.

293 2690 322 2715 ὃ)
342 2689 444 2713 rerba]
469 2686 532 2710 rub.
554 2686 677 2709 verbum.
