2409 2915
242 123 287 158 19
821 113 947 148 PHIL.
977 112 1090 150 MEL.
1116 111 1326 148 SCRIPTA
1354 110 1651 151 EXEGETICA.
2212 115 2264 149 20

240 206 426 243 creationis
455 211 486 238 et
507 200 739 248 reparationis
762 197 934 232 hominis:
974 197 1136 233 Vetustas
1159 198 1218 231 in-

241 259 372 294 tellexit
387 255 453 290 hoc
468 256 544 288 loco
562 251 766 297 sapientiam
783 262 871 295 quae
886 257 936 284 est
945 249 1058 283 Filius
1074 249 1222 294 loquens

242 310 372 344 scilicet
396 308 438 341 ad
456 304 657 339 Ecclesiam.
708 299 810 334 Hanc
833 301 1042 335 sententiam
1058 308 1150 334 recte
1165 300 1223 332 in-

243 360 415 394 tellectam
435 356 556 400 probo.

344 408 413 442 Sed
431 404 575 439 Arriani
598 404 686 437 salso
710 407 958 444 excerpserunt
979 401 1149 445 quaedam
1169 400 1224 432 di-

244 467 315 500 cta,
342 465 382 492 ut
398 456 642 491 confirmarent
656 453 786 487 Filium
803 463 874 484 esse
891 458 1098 484 creaturam.
1154 449 1224 484 Ubi

245 510 337 543 enim
355 508 523 543 Salomon
546 505 678 550 inquit:
705 502 890 536 Dominus
903 499 1064 546 possedit
1082 512 1135 534 me
1152 499 1225 532 ini-

245 560 296 594 tio
312 559 390 592 viae
405 567 511 597 suae,
536 557 696 598 legerunt
715 553 876 587 Arriani:
905 551 1080 585 Dominus
1095 551 1226 585 creavit

243 623 300 644 me
324 609 428 643 initio
449 608 584 640 viarum
608 617 761 638 suarum.
813 602 881 636 Sed
906 603 1086 635 sciendum
1113 609 1163 635 est
1189 602 1224 633 in

244 660 394 695 Ebraica
418 649 566 691 lectione
583 656 728 689 verbum
749 654 968 698 possidendi,
996 665 1067 685 non
1085 652 1224 685 creandi

247 712 398 757 positum
422 720 511 748 esse,
539 719 577 740 ac
594 707 702 739 verbo
719 703 919 749 possidendi
940 710 971 736 et
989 704 1155 736 contiuua
1173 714 1226 734 se-

245 763 295 796 rie
321 758 532 794 narrationis
556 757 736 802 perspicue
756 756 954 788 refutantur
969 754 1126 788 Arriani.
1181 751 1226 786 Ut

245 863 412 901 verbum,
451 860 498 893 ita
530 857 586 892 bic
617 857 817 891 dulcissime
851 855 996 896 dicitur:
1038 852 1227 887 Dominus

243 909 404 960 possedit
429 921 481 943 me
500 908 617 942 initio.
672 907 774 941 ltein:
804 903 896 939 Ante
909 903 1030 938 secula
1051 901 1227 937 ordinata

245 976 338 999 sum.
390 960 436 995 Et
462 960 577 1005 inquit
601 957 684 991 haec
707 957 896 1000 sapientia,
931 968 966 989 se
990 956 1096 988 fnisse
1119 956 1227 987 artifi-

246 1026 319 1047 cem
343 1024 402 1046 seu
427 1010 682 1049 formatricem,
717 1009 806 1041 sicut
834 1005 1002 1040 lobannis
1022 1007 1054 1040 1.
1081 1006 1227 1038 dicitur:

246 1063 380 1099 Omnia
412 1075 471 1107 per
502 1062 616 1104 ipsum
648 1060 735 1092 sacta
766 1064 857 1093 sunt.
917 1058 1004 1090 Item
1031 1055 1227 1091 Ebrae.1.:

248 1115 397 1149 Gestans
419 1112 538 1145 omnia
562 1111 668 1143 verbo
688 1109 863 1152 potentiae
880 1119 972 1142 suae.
1024 1107 1117 1150 Quia
1135 1107 1226 1140 idem

248 1166 360 1199 Filius
383 1171 454 1204 est,
483 1175 544 1206 per
566 1173 669 1206 quem
694 1160 824 1192 dicitur
847 1160 1025 1191 decretum
1043 1160 1085 1191 de
1103 1158 1229 1191 ordine

247 1215 433 1250 creationis
457 1221 489 1247 et
513 1211 744 1255 reparationis
769 1207 936 1242 hominis.
993 1208 1074 1241 Ideo
1092 1206 1150 1241 hic
1171 1221 1228 1241 eo-

247 1269 325 1300 dem
350 1265 493 1298 nomine
516 1262 721 1305 sapientiam
748 1267 923 1294 creantem
947 1267 979 1294 et
1003 1261 1161 1292 edentem
1181 1260 1230 1292 le-
1255 1271 1256 1274 ¹

247 1329 324 1360 gem
351 1323 384 1349 et
399 1314 629 1357 Evangelium
654 1312 824 1346 nominat.
877 1309 928 1344 Ac
945 1311 1120 1354 sequitur:
1149 1306 1229 1342 Lu-

249 1365 336 1400 dens
359 1377 478 1400 coram
502 1376 540 1397 eo
563 1363 600 1396 in
625 1362 727 1396 omni
744 1366 914 1408 tempore,
944 1358 1073 1394 ludens
1092 1359 1130 1393 in
1149 1359 1231 1393 orbe

252 1423 390 1460 terrae,
419 1421 448 1449 et
474 1413 724 1449 delectationes
750 1424 847 1446 meae
872 1424 950 1446 cum
969 1408 1086 1445 Filiis
1113 1408 1231 1444 homi-

250 1481 350 1503 num.
414 1467 508 1501 Haec
534 1466 705 1510 sapientia
733 1465 885 1508 primum
912 1475 1046 1497 summe
1071 1462 1232 1495 laetificat

250 1519 387 1554 Patrem
401 1547 409 1560 ‚
433 1518 560 1551 deinde
577 1516 727 1550 ostendit
744 1515 876 1557 angelis
895 1522 926 1548 et
944 1513 1148 1547 bominibus
1167 1512 1232 1545 Pa-

250 1578 337 1604 trem
363 1571 398 1603 in
421 1569 583 1601 mirando
601 1568 725 1600 ordine
743 1566 870 1610 opificii
890 1565 1034 1605 mundi,
1061 1576 1098 1597 ac
1116 1571 1231 1607 postea

250 1622 287 1654 in
318 1620 596 1665 promulgatione
628 1617 743 1656 verbi,
780 1617 814 1649 iu
845 1615 1058 1649 assumtione
1090 1622 1232 1648 naturae

250 1670 444 1710 humanae,
479 1677 511 1703 et
544 1668 816 1704 resurrectione,
853 1668 888 1699 in
921 1664 1107 1699 hominum
1133 1677 1232 1707 repa-

250 1723 404 1759 ratione,
431 1727 464 1753 et
487 1720 594 1752 totius
611 1715 786 1751 Ecclesiae
812 1716 1097 1757 conservatione,
1127 1716 1232 1747 imii-

252 1774 347 1806 luvio
371 1771 465 1810 Noe,
499 1771 534 1802 i'n
554 1769 640 1801 mari
664 1768 790 1805 rubro,
818 1774 849 1799 et
874 1767 1041 1799 omnibus
1065 1767 1142 1798 aliis
1167 1766 1232 1797 ini-

252 1823 379 1857 raculis
401 1821 554 1854 ostendit
580 1827 611 1853 et
638 1817 807 1861 glorificat
834 1817 992 1855 Patrem,
1029 1824 1059 1848 et
1086 1817 1233 1848 lactatur

251 1873 487 1907 vivificatione
504 1878 535 1905 et
551 1869 769 1903 restitutione
779 1866 962 1900 Ecclesiae.
1009 1866 1101 1898 llaec
1115 1866 1232 1897 onmia

251 1925 410 1958 miranda
434 1935 539 1967 opera
564 1920 723 1953 nominat
744 1917 799 1951 bic
819 1919 919 1950 ludos
939 1924 969 1950 et
988 1917 1233 1949 ‹letech-aiones

253 1975 442 2020 sapin-ntiae.
475 1973 554 2007 Dei.
623 1971 722 2003 llauc
754 1969 990 2001 dulcissimam
1023 1967 1230 2000 sententiam

253 2033 383 2060 attente
414 2025 635 2058 considerent
667 2021 713 2064 pii
746 2021 910 2058 lectores,
944 2027 975 2052 et
1003 2016 1085 2050 llaec.
1113 2019 1232 2050 eadem

254 2077 433 2122 sapientia,
460 2076 494 2108 id
512 2081 572 2114 est,
602 2073 712 2106 Filius
727 2072 822 2104 docet
843 2071 925 2103 soris
944 2068 1134 2101 Ecclesiam
1154 2081 1234 2112 pro-

254 2130 408 2169 mulgato
434 2127 559 2165 verbo,
591 2132 623 2158 et
649 2124 741 2156 intus
765 2134 836 2153 eam
863 2127 1050 2157 sustentat,
1077 2121 1176 2151 docet
1202 2125 1233 2150 et

255 2180 426 2216 illustrat,
454 2185 485 2211 et
509 2176 588 2222 quia
614 2181 756 2218 propter
774 2171 963 2205 Ecclesiam
990 2178 1102 2203 servat
1127 2181 1235 2212 genus
1260 2185 1261 2191 1

254 2229 468 2268 lnnnanum,
496 2234 667 2273 quatenus
690 2225 777 2257 iusta
804 2225 887 2256 liunt
913 2223 948 2256 iu
972 2222 1120 2265 politiis,
1148 2221 1235 2253 fiunt

256 2282 329 2324 ipso
345 2286 559 2312 sustentante
575 2286 603 2311 et
621 2279 767 2309 docente
782 2275 1032 2317 gubernatores
1048 2273 1141 2305 edito
1158 2283 1234 2303 ver-

256 2333 320 2368 bo,
354 2338 382 2363 et
413 2331 629 2371 gubernante
656 2339 714 2359 eos
739 2338 865 2358 arcano
891 2325 1007 2357 modo.

255 2383 343 2427 quit:
376 2381 440 2414 Per
466 2394 519 2413 me
547 2390 641 2420 reges
666 2383 832 2418 regnant,
861 2383 889 2409 et
919 2375 1049 2407 iudices
1068 2374 1155 2407 iusta
1174 2374 1234 2405 ‹le-

256 2440 414 2466 cernnnt.
467 2431 567 2464 llauc
585 2428 788 2472 sapientiam
803 2426 864 2459 Dei
883 2427 1061 2458 rectricem
1080 2437 1140 2468 per
1159 2436 1235 2456 ver-

256 2485 338 2516 bum
364 2483 639 2525 promulgatam„
674 2478 838 2511 discernit
863 2477 990 2509 deinde
1015 2477 1058 2508 ab
1083 2474 1235 2509 liumaua

255 2534 454 2566 calliditate.
507 2530 686 2576 Sapientia
711 2529 830 2562 divina
859 2535 904 2560 est
933 2527 1031 2566 selis,
1059 2528 1174 2560 efficax
1203 2533 1235 2558 et

255 2584 435 2620 salutaris,
464 2591 492 2615 et
520 2584 659 2615 tandem
686 2581 797 2613 adfert
824 2579 929 2611 laetos
949 2578 1074 2615 exitus,
1101 2576 1234 2611 etiamsi

254 2635 458 2680 aliquandiu
485 2634 706 2665 disseruntur.
767 2629 947 2663 calliditas
971 2641 1052 2660 vero
1078 2628 1235 2666 Periclis¹

255 2685 468 2724 Alcibiadis,
496 2681 740 2718 Demosthenis
765 2689 794 2715 et
822 2680 991 2714 similium
1019 2686 1065 2712 est
1090 2680 1234 2713 exitiosa

1072 2322 1152 2355 ldeo
1181 2323 1234 2354 in-
1260 2348 1261 2353 ,

1273 199 1405 245 patriae
1419 205 1452 233 et
1468 200 1562 244 ipsis.
1613 199 1698 235 Ideo
1718 200 1835 245 inquit
1852 198 2115 246 sapientiaDei:
2144 197 2259 234 Penes

1275 261 1328 283 me
1352 253 1402 283 est
1426 249 1619 284 consilium
1639 256 1669 285 el
1687 263 1892 290 successus,
1919 252 1956 285 id
1976 257 2044 292 est,
2070 251 2129 284 illa
2144 252 2260 285 consi-

1276 302 1321 334 lia
1338 307 1420 334 sunt
1436 302 1524 336 iusta
1536 329 1545 343 ‚
1573 315 1661 348 quae
1677 309 1877 346 congruunt
1894 315 1973 336 cum
1988 302 2096 335 verbo
2114 300 2201 341 Dei,
2227 309 2262 337 et

1275 351 1360 385 baec
1384 353 1530 385 consilia
1555 354 1696 387 tandem
1719 352 1900 386 habebunt
1917 353 2025 387 laetos
2042 352 2171 391 exitus,
2198 353 2261 385 ad-

1276 404 1419 436 iuvante
1436 415 1474 436 ea
1491 403 1584 437 Filio
1600 403 1688 443 Dei,
1716 404 1777 448 qui
1794 404 1937 448 quidem
1956 404 2031 437 vult
2046 404 2165 436 adesse
2182 414 2262 445 per-

1277 453 1519 486 severantibus
1552 455 1587 486 in
1619 455 1728 487 verbo
1754 454 1920 494 tradidit,
1953 461 1986 487 et
2012 453 2262 487 invocantibus

1278 515 1377 543 eum,
1405 503 1498 537 iuxta
1522 505 1672 539 dictum:
1701 504 1917 539 Commenda
1935 503 2010 538 Deo
2034 504 2126 537 viam
2152 511 2263 543 tuam,

1278 561 1310 588 et
1335 565 1433 596 spera
1456 554 1492 587 in
1518 568 1618 595 eum,
1645 563 1676 590 et
1702 557 1774 600 ipse
1788 555 1900 588 faciet.
1954 554 2121 590 Proverb.
2139 555 2191 589 3.:
2222 553 2263 587 ln

1279 605 1444 637 omnibus
1470 606 1535 639 viis
1560 607 1630 640 tuis
1651 618 1820 650 cognosce
1846 618 1946 644 eum,
1979 612 2013 638 et
2039 606 2112 650 ipse
2137 606 2265 648 diriget

1279 667 1413 698 gressus
1431 662 1521 691 tuos.
1575 656 1679 691 Item:
1709 658 1808 691 Deus
1824 663 1874 689 est
1892 657 1952 701 qui
1972 656 2070 697 facit,
2093 662 2132 689 ut
2147 655 2265 689 velitis

1279 713 1311 739 et
1334 713 1372 739 ut
1400 706 1594 749 perficiatis,
1647 707 1778 742 Contra
1805 720 1886 741 vero
1912 719 2044 751 poenae
2068 712 2266 751 sequuntur

1254 787 1255 793 ,
1279 757 1526 790 universaliter
1550 758 1786 798 iniusticiam‚
1816 770 2017 803 quanquam
2043 757 2079 790 in
2100 768 2266 801 praesen-

246 813 339 845 enim
365 812 401 843 in
424 807 579 843 lolianne
602 808 769 850 scriptum
795 812 860 838 est:
891 805 929 837 ln
957 804 1130 847 principio
1154 810 1227 836 erat
1253 828 1255 836 Α

1281 808 1327 840 tia
1359 807 1612 852 aliquantisper
1642 810 1840 855 voluptates
1868 815 1985 852 gratae
2008 809 2170 848 suerunt,
2206 814 2266 842 aut

1281 859 1433 902 potentia
1453 859 1572 892 crevit.

1656 977 1794 1031 Caput
1831 978 1886 1019 X.

1331 1055 1420 1092 Non
1438 1057 1530 1090 sine!
1549 1057 1683 1091 esurire
1701 1057 1890 1093 Dominus
1907 1059 2073 1093 animam
2094 1059 2192 1094 iusti.

1385 1132 1594 1168 Communis
1610 1135 1768 1168 doctrina
1786 1143 1832 1168 est
1851 1136 1893 1167 de
1910 1136 2150 1179 providentia,
2178 1148 2268 1182 qnae

1281 1197 1382 1228 saepe
1407 1186 1549 1228 repetita
1575 1193 1623 1219 est
1645 1187 1680 1218 in
1700 1193 1771 1219 toto
1792 1199 1906 1229 opere.
1959 1185 2134 1219 Discernit
2151 1194 2266 1220 autem

1283 1235 1376 1269 Deus
1401 1243 1492 1269 recta
1517 1243 1549 1269 et
1574 1249 1646 1269 non
1670 1244 1760 1270 recta
1784 1237 1933 1270 aeternis
1951 1237 2113 1280 praemiis
2132 1244 2164 1270 et
2181 1248 2269 1281 poe-

1284 1287 1461 1330 nis‚·quia
1488 1285 1543 1319 bic
1569 1294 1617 1320 est
1643 1288 1730 1320 ordo
1754 1288 1931 1324 insciciae,
1959 1294 1994 1329 ut
2016 1295 2106 1320 recta
2127 1299 2269 1320 conser-

1285 1344 1428 1375 ventur,
1457 1345 1488 1370 et
1515 1350 1585 1370 non
1612 1345 1701 1371 recta
1727 1339 1971 1377 destruantur,
1999 1338 2092 1371 iuxta
2116 1338 2267 1371 dictum:

1284 1386 1378 1420 Deus
1402 1394 1451 1421 est
1472 1387 1561 1432 ignis
1581 1400 1810 1429 consumens,
1837 1397 1869 1423 et
1886 1389 1962 1422 vnlt
1978 1388 2071 1422 Deus
2090 1388 2270 1421 mentione

1285 1450 1477 1482 poenarum
1504 1446 1535 1473 et
1561 1441 1797 1484 praemiorum
1817 1440 1888 1473 fieri
1906 1439 2125 1483 conspectius
2143 1439 2269 1472 discri-

1285 1501 1364 1521 men
1387 1497 1564 1523 rectorum
1587 1498 1620 1524 et
1640 1503 1712 1523 non
1732 1498 1918 1526 rectorum.
1971 1490 2063 1524 Sunt
2080 1497 2196 1524 autem
2213 1501 2270 1523 re-

1285 1547 1336 1573 cta
1360 1540 1553 1573 conformia
1572 1542 1650 1575 Deo
1674 1553 1733 1575 sen
1755 1541 1820 1585 legi
1841 1542 1927 1575 eius.
1982 1540 2060 1574 Non
2079 1549 2171 1575 recta
2188 1547 2271 1575 sunt

1286 1591 1477 1635 pugnantia
1497 1604 1574 1624 cum
1593 1592 1667 1625 Deo
1685 1604 1744 1626 seu
1764 1605 1841 1626 cum
1859 1593 1943 1636 lege.

1387 1649 1649 1683 Discernendae
1673 1658 1787 1684 autem
1813 1658 1892 1684 sunt
1912 1663 2044 1694 poenae
2061 1651 2270 1694 temporales

1286 1707 1319 1734 et
1336 1707 1508 1736 aeternae.
1564 1701 1700 1734 Poenae
1720 1702 1926 1744 temporales
1947 1702 2180 1744 imponuntur
2196 1701 2271 1745 pri-

1286 1763 1382 1784 mum
1408 1759 1445 1784 ut
1473 1759 1634 1784 revocent
1659 1749 1818 1784 homines
1841 1753 1883 1783 ad
1910 1753 2182 1794 poenitentiam,
2209 1752 2272 1784 de-

1288 1802 1369 1834 inde
1394 1801 1427 1833 in
1455 1814 1526 1833 nou
1553 1802 1737 1844 agentibus
1762 1801 2030 1844 poenitentiam,
2063 1809 2145 1835 sunt
2169 1801 2270 1834 initia

1286 1852 1534 1883 destructionis
1553 1859 1585 1885 et
1603 1864 1794 1895 poenarum
1813 1860 2053 1891 aeternarum,
2080 1860 2118 1886 ut
2135 1851 2271 1895 suppli-

1287 1902 1336 1934 cia
1361 1902 1464 1940 Saul,
1501 1901 1623 1941 ludae,
1660 1901 1828 1938 Neronis.
1866 1911 1897 1937 et
1930 1903 2079 1937 aliorum
2110 1902 2271 1936 omnium

1288 1953 1463 1985 ruentium
1486 1953 1519 1985 iu
1537 1961 1693 1986 aeternas
1714 1966 1852 1997 poenas.

1390 2013 1648 2046 I)isc·›rn.·ntur
1671 2020 1700 2046 et
1729 2013 1818 2046 bona
1844 2014 2039 2058 corporalia
2063 2021 2093 2047 et
2121 2020 2273 2051 aeterna.

1288 2060 1441 2095 Ecclesia
1466 2071 1559 2096 certo
1584 2061 1727 2097 ltabebit
1752 2072 1889 2097 aeterna
1915 2066 2017 2100 bona.
2073 2063 2156 2098 ldeo
2177 2066 2272 2099 enim

1289 2115 1450 2147 conditae
1474 2123 1552 2147 snut
1579 2115 1764 2147 rationales
1789 2124 1984 2154 creaturae,
2013 2122 2050 2149 ut
2067 2117 2136 2150 sint
2154 2117 2273 2161 aliqua

1288 2177 1435 2207 organa,
1463 2165 1592 2210 quibus
1608 2164 1700 2198 Deus
1723 2167 1956 2200 counnunicet
1983 2179 2074 2206 sese,
2101 2179 2198 2200 suam
2218 2167 2274 2201 lu-

1288 2229 1381 2255 cem,
1414 2216 1637 2259 sapientiam,
1673 2217 1866 2257 iusticiam,
1903 2219 2008 2250 vitain
2039 2225 2071 2251 et
2099 2218 2272 2252 laeticiam

1289 2274 1476 2300 aeternam.
1527 2268 1594 2301 Sed
1615 2268 1650 2300 in
1668 2266 1731 2300 liae
1751 2269 1818 2302 vita
1838 2268 2139 2303 num-talilicctesia
2156 2265 2272 2302 adbuc

1288 2325 1380 2351 certo
1404 2318 1551 2351 consilio
1577 2317 1640 2351 Dei
1663 2320 1819 2353 subiecta
1843 2328 1891 2354 est
1916 2319 2029 2358 cruci,
2058 2320 2137 2353 ideo
2161 2319 2272 2353 multa

1288 2370 1443 2402 membra
1468 2370 1602 2402 duriter
1626 2378 1849 2410 exercentur,
1876 2371 1942 2403 alia
1967 2371 2093 2412 magis,
2121 2371 2188 2404 alia
2207 2370 2275 2404 mi-

1290 2433 1373 2455 nus.
1403 2427 1434 2453 et
1461 2427 1574 2454 tamen
1600 2421 1681 2465 quia
1709 2422 1781 2454 volt
1810 2420 1902 2455 Deus
1927 2419 2118 2454 Ecclesiam
2146 2422 2182 2455 iu
2209 2419 2273 2455 hac

1290 2471 1357 2503 vita
1376 2484 1458 2505 voce
1475 2471 1662 2505 ministerii
1677 2499 1685 2510 ,
1711 2479 1743 2506 et
1764 2485 1835 2505 non
1855 2473 1956 2507 aliter
1972 2473 2108 2515 colligi,
2135 2485 2273 2517 semper
2296 2469 2300 2476 ⁸

1289 2522 1440 2566 aliquem
1468 2530 1603 2555 coetum
1631 2531 1760 2560 servat.
1796 2524 1854 2568 qui
1880 2525 1955 2557 sine
1981 2524 2080 2562 cibo,
2109 2531 2212 2569 potu.
2238 2529 2273 2559 ek

1289 2571 1450 2617 bospitiis
1481 2573 1596 2605 vix-ere
1627 2585 1697 2607 non
1730 2582 1851 2618 potest.
1906 2575 1964 2609 Sic
1998 2575 2105 2617 igitur
2135 2573 2272 2617 mitigat

1287 2636 1442 2664 crucem,
1471 2631 1507 2657 ut
1533 2621 1613 2657 buic
1636 2625 1749 2659 coetui
1774 2638 1915 2671 (pioque
1939 2627 1995 2659 det
2016 2624 2207 2659 necessaria
2226 2626 2270 2658 ad

1289 2676 1376 2708 vitae
1408 2675 1598 2720 corporalis
1629 2677 1951 2717 conservationem.
1981 2684 2013 2711 et
2036 2683 2150 2711 servat
2179 2676 2272 2710 inter
