2409 2915
299 107 345 140 85

891 92 1016 128 PHlL.
1043 91 1160 130 MEL.
1185 87 1393 129 SCRIPTA
1421 85 1718 124 EXEGETICA.

2270 87 2318 122 84

306 190 423 236 inquit
449 187 560 232 capite
576 186 628 220 3.:
657 181 866 217 Difficiliora
886 186 919 214 te
943 191 987 213 ne
1005 179 1195 225 quaesieris
1211 185 1283 214 sto-
1338 182 1388 209 est
1403 175 1572 209 monitrix
1585 175 1628 209 de
1646 174 1767 208 labore
1783 179 1816 208 et
1832 173 2028 208 sedulitate.
2061 169 2187 220 Lepus
2212 184 2319 219 quae-

307 243 393 275 lide:
423 239 523 282 Quae
541 236 704 270 mandata
721 240 803 267 sunt
821 231 888 266 tibi
906 237 1023 264 sancte
1041 230 1202 274 cogitato.

408 288 554 334 Experti
571 291 652 319 sunt
669 284 781 318 etiam*
796 280 960 323 Ethnici‚
988 281 1199 315 mediocrem
1217 287 1287 314 sta-

308 351 381 377 tum
407 341 572 374 tutiorem
598 347 690 377 esse,
716 335 812 368 iuxta
837 344 993 366 versum:
1023 330 1139 366 πολλοὶ
1163 329 1286 375 μέσοι-

310 405 368 427 σιν
384 391 538 437 ἄριστα,
565 385 674 432 μέσος
692 383 791 420 θέλω
808 384 846 419 ἐν
862 380 961 418 πόλει
983 380 1085 418 εἶναι,
1138 381 1184 416 Et
1206 382 1287 426 plu-

309 444 417 476 rimos
445 440 543 474 abuti
570 437 724 482 potentia
757 442 790 469 et
813 434 994 479 opulentia
1027 434 1070 466 ad
1098 433 1289 477 explendas

308 493 451 526 vitiosas
468 490 675 534 cupiditates
691 486 916 520 manifestum
933 490 999 524 est,
1026 484 1121 517 iuxta
1140 484 1288 517 dictum:

394 550 556 579 Luxuriant
579 547 666 575 animi
690 546 776 573 rebus
799 544 964 582 plerunque
986 542 1135 579 secundis,

437 601 500 629 Nec
522 598 607 626 t'acile
631 602 674 624 est
697 603 791 632 aequa
813 593 961 622 commoda
983 598 1083 621 mente
1106 593 1177 630 pati.

362 681 440 716 Hoc
454 691 569 727 genus
583 677 686 727 patri
702 675 899 711 convicium
909 674 1023 724 facil.

411 756 604 801 Sequentes
632 754 769 799 aliquot
801 751 998 787 sententiae
1021 757 1103 784 sunt
1127 750 1290 796 querelae

310 810 352 842 de
383 807 490 840 variis
514 806 627 845 vitiis,
662 805 699 838 id
724 812 791 843 est,
819 810 902 837 sunt
926 801 1166 840 narrationes,
1201 813 1290 846 quae

311 860 522 897 ostendunt,
555 856 641 901 quid
664 856 743 896 fiat,
772 862 804 889 et
830 859 977 888 monent
1000 859 1039 886 ut
1063 852 1174 885 simus
1199 852 1290 895 vigi-

311 910 478 944 lantiores
494 915 527 941 et
545 907 716 940 firmiores
735 907 770 939 in
789 905 943 939 vitandis
970 904 1100 938 talibus
1117 903 1230 944 vitiis,
1259 909 1291 936 et

308 962 347 994 in
372 959 537 1003 fugienda
560 958 724 991 societate
747 957 942 999 malorum,
967 961 1000 988 et
1021 954 1214 998 contagiis,
1242 954 1289 987 si-

308 1019 365 1046 cut
382 1010 553 1044 Horatius
569 1008 706 1054 inquit:

471 1070 629 1099 Absentem
652 1068 701 1105 qui
723 1066 799 1095 rodit
821 1066 958 1101 amicum,

392 1121 517 1159 Fingere
541 1120 589 1157 qui
612 1128 670 1146 non
694 1119 754 1146 visa
779 1122 893 1155 potest,
915 1114 1065 1144 commissa
1087 1119 1184 1142 tacere

390 1172 447 1205 Qui
470 1171 588 1209 nequit,
610 1170 655 1197 hic
679 1170 761 1207 niger
784 1174 844 1205 est,
874 1167 952 1194 hunc
974 1172 1005 1194 tu
1024 1167 1156 1194 Romane
1178 1170 1289 1194 caveto.

411 1230 469 1264 Sic
484 1235 676 1263 narrantur
688 1229 771 1262 vitia
783 1233 815 1260 et
827 1226 995 1260 vitiorum
1010 1237 1144 1267 causae,
1166 1231 1205 1259 ut
1216 1236 1289 1257 me-

305 1282 375 1315 dici
407 1293 542 1314 venena
572 1280 796 1319 describunt,
840 1284 879 1311 ut
910 1277 1090 1310 videntur.
1153 1274 1289 1310 Similis

306 1332 490 1378 quaerelae
506 1343 566 1365 seu
582 1331 738 1364 narratio
755 1327 840 1362 haec
857 1334 924 1361 est:
951 1326 1038 1360 Tria
1056 1327 1202 1360 turbant
1220 1333 1289 1359 ter-

306 1396 392 1417 ram.
445 1382 576 1417 Servus
592 1381 724 1425 potitus
740 1379 901 1423 imperio.
955 1376 1057 1411 Item:
1083 1376 1221 1412 Stultus
1239 1377 1291 1409 fa—

306 1441 381 1468 ctus
398 1433 496 1467 dives
512 1439 546 1466 et
562 1439 698 1477 potens,
740 1431 792 1465 De
809 1430 926 1474 priore
945 1429 1089 1463 dicitur:
1118 1427 1289 1472 Asperius

304 1483 396 1518 nihil
418 1491 468 1518 est
491 1481 619 1517 humili
643 1495 722 1516 cum
739 1481 850 1525 surgit
868 1481 905 1513 in
929 1481 1050 1514 altum.
1102 1478 1155 1513 De
1171 1486 1289 1523 poste-

305 1537 414 1570 riore:
445 1534 637 1579 [nsipiente
665 1535 844 1568 fortunato
875 1529 968 1565 nihil
992 1538 1041 1565 est
1064 1530 1288 1564 insolentius.

305 1585 350 1621 Et
369 1584 572 1629 Theognis:
599 1582 711 1620 τίκτει
733 1597 788 1619 τοι
813 1579 921 1629 κόρος
943 1580 1077 1628 ὕβριν,
1106 1579 1196 1616 ὅταν
1222 1593 1289 1615 κα-

303 1639 358 1683 κῷ
377 1636 486 1681 ὄλβος
503 1635 640 1680 ἕπηται.

353 1724 525 1773 Qualuor
540 1729 626 1759 sant
644 1724 788 1759 minuta
806 1722 1034 1771 sapientiora
1060 1721 1289 1770 sapientibus

403 1774 629 1812 hominibus.

406 1844 563 1878 venusta
594 1843 737 1878 collatio
764 1848 814 1875 est
837 1853 916 1875 cnm
942 1841 1090 1875 minutis
1119 1841 1289 1881 bestiolis,

305 1907 390 1941 quas
407 1896 492 1929 dicit
516 1895 725 1929 antecellere
742 1893 974 1937 sapientibus.
1017 1891 1141 1926 Monet
1159 1899 1288 1930 autem,

304 1947 563 1991 agnoscendam
582 1957 653 1979 esse
670 1946 847 1988 ingentem
863 1950 1009 1977 naturae
1025 1940 1202 1976 humanae
1220 1943 1287 1975 mi-

305 1999 450 2035 seriam,
485 2009 574 2043 quae
599 1997 671 2040 ipsa
695 2007 812 2028 secum
840 2001 983 2037 pugnat.
1038 1993 1146 2027 Novit
1172 1993 1285 2028 Deum

304 2056 337 2082 et
364 2049 491 2092 legem,
529 2055 561 2081 et
597 2059 669 2079 non
703 2047 940 2088 obtemperat,
977 2045 1048 2076 imo
1080 2045 1192 2077 sciens
1217 2045 1287 2078 ruit

305 2106 426 2134 eontra
447 2098 558 2133 Deum
577 2105 610 2132 et
633 2104 753 2131 contra
779 2095 938 2130 naturale
964 2094 1154 2135 iudicium,
1181 2102 1215 2129 et
1230 2107 1286 2128 ac-

304 2151 407 2185 cersit
432 2150 499 2183 sibi
525 2149 739 2183 calamitates
761 2146 1055 2186 innumerabiles,
1082 2146 1173 2179 sicut
1197 2147 1287 2179 dici-

305 2209 361 2235 tnr
380 2202 413 2234 in
432 2200 624 2234 Menandri
643 2200 802 2233 versibus
815 2226 823 2239 ‚
851 2197 958 2231 Plura
976 2209 1047 2230 esse
1066 2198 1157 2230 mala
1183 2193 1286 2232 ἐκού-

306 2263 386 2295 σια,
416 2264 519 2297 qnam
539 2248 742 2295 αὐτόματα.

409 2303 450 2337 Iit
470 2316 512 2335 ne
529 2304 671 2348 quidem
689 2303 722 2335 in
745 2301 1004 2347 praestantibus
1022 2299 1156 2333 naturis
1175 2300 1286 2332 virtus

305 2362 354 2388 est
373 2354 565 2391 ‹lm-abilis,
592 2354 677 2386 sicut
704 2354 739 2385 in
763 2352 918 2392 Davide,
946 2348 1286 2390 Nabuchodonosor,

305 2405 476 2444 Hercule.
505 2402 765 2443 Themistocle,
796 2402 998 2437 Alexandro
1025 2409 1089 2438 etc.
1151 2401 1196 2435 At
1225 2403 1285 2435 lw-

305 2458 388 2489 stiae
406 2457 651 2500 obtemperant
670 2467 752 2488 snae
771 2463 936 2495 naturae,
965 2467 1025 2487 nec
1042 2466 1059 2487 a
1075 2453 1196 2498 seipsis
1214 2454 1283 2486 dis-

303 2508 426 2540 sident.

402 2566 668 2598 Consideranda
693 2572 743 2598 est
771 2565 876 2606 igitur
903 2571 1046 2596 naturae
1074 2571 1211 2597 nostrae
1231 2565 1284 2596 in-

303 2617 467 2654 firmit-ss,
497 2624 527 2649 nt
549 2618 748 2661 quaerenda
776 2624 856 2649 sunt
875 2615 1026 2648 remedia
1053 2616 1094 2647 du·
1115 2615 1204 2648 Filio
1220 2613 1282 2648 Dei

298 2668 487 2712 proposita.
542 2667 754 2701 Nominatnr
773 2675 886 2701 autem
908 2664 962 2699 liic
979 2663 1172 2706 b'ormica,
1201 2666 1282 2711 qnia

1312 282 1313 286 ’
1339 277 1473 311 maiora
1491 277 1639 311 viribus.

1312 223 1314 248 l
1339 237 1420 260 rens
1451 226 1602 261 latebras
1633 231 1757 259 monet
1790 224 1966 266 infirmos,
2000 235 2044 257 ne
2073 224 2322 268 aggrediantur

1693 272 1858 309 Locusta
1883 283 1922 309 ut
1939 286 2060 309 amans
2079 275 2322 319 congregatio-

1340 339 1413 368 neS,
1430 340 1504 361 non
1522 328 1700 371 seditiosa,
1716 339 1790 360 non
1806 327 1979 361 turbatrix
1991 326 2127 360 ordinis
2143 333 2204 360 aut
2221 333 2323 361 tran-

1341 379 1538 424 quillitatis.
1593 376 1742 411 Aranea
1759 384 1799 412 ut
1814 383 1886 411 arte
1904 378 2085 412 excellens.

1441 428 1614 463 Formicis
1630 435 1861 474 opponuntur
1885 428 2022 472 ignavi,
2049 426 2105 461 his
2130 428 2225 461 deest
2251 428 2323 461 vir-

1342 487 1397 514 tus
1408 507 1417 522 ,
1444 492 1532 526 quae
1548 480 1755 515 nominatur
1771 478 1959 514 Sedulitas.

1444 530 1642 576 Leporibus
1662 535 1893 575 opponuntur
1915 526 2178 576 θρασύδειλοι,
2208 526 2327 562 Thra-

1343 593 1446 615 sones
1471 583 1582 616 multa
1605 588 1806 622 moventes,
1833 593 1922 626 quae
1946 581 2121 615 sustinere
2149 592 2223 614 non
2243 591 2325 624 pos-

1343 640 1435 667 sunt.
1489 631 1555 666 His
1573 633 1668 667 deest
1682 631 1881 666 Fortitudo.

1444 682 1606 718 Locustis
1644 683 1822 722 seditiosi,
1866 683 2050 717 turbantes
2093 682 2255 716 ordinem
2297 687 2330 714 et

1344 734 1646 779 tranquillitatem.
1719 733 1784 767 His
1815 735 1912 768 deest
1935 733 2096 774 lusticia‚
2130 745 2220 778 quae
2247 743 2331 775 geo-

1343 785 1488 818 metrica
1511 785 1742 830 proportione
1764 785 1922 819 debitum
1946 786 2062 819 locum
2092 791 2229 824 tuetur,
2265 795 2329 816 nee

1345 837 1508 870 turbetur
1525 836 1721 870 communis
1735 837 1835 871 ordo.

1445 885 1596 920 Araneis
1621 887 1759 928 stolidi,
1792 888 1854 932 qui
1885 886 2071 920 confidunt
2101 886 2259 929 viribus,
2295 893 2327 919 et

1343 938 1526 982 negligunt
1544 938 1705 971 consilia.
1758 937 1824 971 His
1841 938 1936 971 deest
1956 936 2163 971 Prudentia.

1394 1017 1441 1053 Si
1454 1018 1566 1067 salue
1593 1017 1702 1064 egisti
1727 1016 1845 1053 elatus
1866 1017 2060 1067 superbia,
2087 1029 2239 1052 manum
2266 1030 2329 1066 op-

1443 1072 1571 1117 ponito
1589 1069 1646 1103 ori
1660 1073 1734 1105 tuo.

1444 1135 1621 1181 Praecipit
1636 1137 1678 1169 de
1698 1136 1916 1180 poenitentia
1941 1144 1974 1171 et
1997 1137 2245 1172 emendatione
2271 1148 2327 1170 er—

1343 1200 1477 1223 rorum.
1530 1186 1621 1221 Cum
1652 1187 1770 1231 lapsus
1805 1198 1858 1227 eS,
1895 1199 1938 1220 ne
1969 1187 2137 1222 defendas
2160 1194 2328 1229 erratum,

1343 1240 1400 1272 sed
1420 1238 1623 1272 admonitus
1649 1245 1682 1271 et
1701 1237 1902 1280 intelligens
1927 1249 2102 1279 errorem,
2129 1238 2270 1276 doleas,
2298 1245 2331 1271 et

1343 1289 1565 1334 amplectaris
1590 1289 1788 1329 veritatem,
1824 1295 1858 1322 et
1891 1289 2074 1333 perspicua
2109 1289 2330 1323 confessione

1343 1341 1523 1380 ostendas,
1548 1339 1634 1385 quid
1650 1339 1796 1380 sentias,
1813 1351 1857 1372 ne
1876 1339 1913 1372 in
1932 1340 2010 1373 aliis
2026 1352 2125 1374 error
2142 1339 2329 1374 confirme-

1343 1399 1419 1432 tur,
1447 1391 1538 1425 sicut
1562 1390 1694 1424 Paulus
1714 1391 1862 1431 fatetur,
1892 1401 1928 1423 se
1960 1403 2110 1431 errasse,
2145 1402 2225 1424 cum
2259 1390 2329 1424 suit

1342 1441 1452 1476 hostis
1470 1440 1669 1485 Evangelii.
1723 1440 1776 1474 De
1792 1441 1922 1475 talibus
1947 1454 2051 1487 supra
2078 1442 2182 1476 dixit:
2211 1442 2329 1475 Iustus

1343 1494 1379 1527 in
1406 1493 1581 1538 principio
1605 1499 1788 1526 accusatur
1815 1499 1865 1526 est
1889 1493 1956 1530 sui.
2016 1492 2064 1528 Et
2093 1493 2131 1526 in
2157 1489 2330 1526 Zacharia

1343 1545 1443 1578 dicit:
1462 1542 1666 1577 Emendans
1685 1555 1839 1578 errorem
1859 1541 1921 1577 has
1941 1545 2058 1591 plagas
2075 1543 2193 1588 accepi
2211 1543 2247 1576 in
2263 1544 2328 1577 do-

1342 1608 1401 1631 mo
1419 1595 1643 1637 diligentium
1661 1607 1728 1628 me.

1444 1645 1482 1680 Si
1497 1646 1576 1690 quis
1592 1645 1796 1679 admonitus
1812 1645 2038 1689 pertinaciter
2055 1645 2214 1680 defendit
2229 1657 2328 1680 erro-

1342 1709 1436 1737 rem,
1470 1694 1566 1730 hnnc
1597 1695 1730 1730 Paulus
1761 1697 1858 1730 iubet
1890 1696 2065 1742 relinqui,
2101 1703 2135 1730 et
2165 1697 2328 1731 nominat

1343 1743 1678 1793 αὐτοκατάκριτον,
1707 1747 1743 1780 id
1768 1753 1834 1784 est,
1859 1757 1924 1780 suo
1948 1747 2058 1791 ipsius
2083 1746 2215 1780 iudicio
2241 1759 2328 1781 con-

1341 1800 1546 1832 demnatum
1562 1825 1570 1838 ‚
1597 1798 1679 1842 quia
1705 1798 1886 1831 convictus
1913 1797 1978 1831 scit
2003 1809 2038 1830 se
2065 1808 2222 1841 pugnare
2239 1810 2326 1832 con-

1343 1857 1394 1884 tra
1412 1848 1673 1883 conscientiam.
1729 1847 1829 1881 Talis
1845 1858 1924 1881 cum
1941 1848 1984 1882 sit
2003 1848 2240 1892 blasphemus,
2256 1850 2329 1884 ruit

1340 1907 1460 1948 postea
1481 1900 1557 1933 sine
1581 1899 1649 1931 fine
1666 1899 1701 1931 in
1719 1907 1901 1933 aeternum
1925 1900 2083 1935 exitium.
2136 1897 2183 1934 Et
2206 1901 2249 1933 de
2273 1898 2330 1934 his

1341 1952 1486 1985 dicitur:
1514 1948 1645 1984 Errare
1665 1947 1860 1983 humanum
1879 1957 1948 1991 est,
1975 1963 2198 1995 perseverare
2214 1951 2250 1984 in
2268 1963 2326 1985 er-

1340 2015 1419 2036 rore
1435 2002 1663 2035 diabolicum.
1719 2001 1827 2035 Multi
1845 2008 1960 2035 autem
1977 2002 2169 2036 difficulter
2185 2003 2328 2041 cedunt,

1340 2055 1429 2088 sicut
1445 2053 1591 2087 dicitur:
2101 2056 2107 2060 ·

1381 2105 1489 2132 Aurum
1513 2109 1541 2131 ct
1565 2113 1636 2141 opes
1660 2109 1688 2131 et
1714 2113 1781 2131 vasa
1804 2103 1946 2141 frequens
1969 2103 2088 2132 donavit
2112 2104 2230 2140 amicus,

1466 2147 1521 2179 Qui
1547 2147 1616 2174 velit
1640 2147 1757 2181 ingenio
1781 2146 1889 2175 cedere
1913 2156 1994 2175 rarus
2017 2148 2083 2175 erit.

1443 2203 1489 2239 Et
1511 2203 1568 2238 hic
1590 2206 1624 2238 lit
1646 2205 1780 2237 mentio
1792 2204 1999 2249 Superbiae,
2026 2218 2115 2252 quat·
2132 2213 2182 2240 est
2200 2206 2325 2240 fiducia

1339 2257 1503 2301 propriae
1528 2256 1720 2300 sapientiae
1748 2264 1806 2289 ant
1838 2257 2013 2300 potentiae
2049 2264 2171 2290 contra
2202 2255 2326 2292 Deum.

1340 2307 1414 2341 Hac
1433 2308 1558 2341 fidncia
1575 2308 1655 2341 elati
1675 2305 1836 2340 homines
1854 2307 1956 2341 multi
1969 2307 2115 2351 gignunt
2135 2309 2325 2353 nox-adog-

1340 2366 1452 2398 mata.
1487 2366 1544 2392 ant
1572 2359 1763 2392 instituunt
1788 2359 1923 2401 cultus,
1959 2366 1990 2392 et
2025 2366 2143 2403 postea
2169 2360 2325 2394 admira-

1340 2411 1435 2445 tione
1467 2411 1520 2443 sni
1546 2411 1698 2455 superbe
1720 2410 1917 2442 defendunt
1945 2421 2024 2442 snas
2050 2411 2259 2454 opiniones,
2285 2418 2325 2445 nt

1339 2462 1484 2496 dicitnr:
1505 2459 1595 2501 δόξα
1610 2458 1775 2506 βιάζεται
1796 2458 1862 2504 τῂν
1878 2457 2077 2505 ἀλήθειαν,
2097 2461 2234 2506 Opinio
2252 2463 2323 2496 vim

1339 2513 1420 2547 sarit
1444 2513 1592 2547 veritati.
1656 2511 1701 2545 Et
1735 2511 1868 2544 tristius
1901 2510 1966 2545 hoc
1997 2521 2065 2555 cst,
2101 2515 2195 2558 qnod
2221 2514 2323 2547 multi

1339 2571 1563 2608 propugnant
1591 2575 1742 2599 errores„
1777 2570 1888 2596 astute
1920 2564 2088 2608 quaesitis
2113 2564 2324 2612 praestigiis,

1338 2623 1369 2648 et
1390 2618 1524 2650 addunt
1543 2615 1723 2648 mendacia
1754 2615 1958 2649 mendaciis.
2015 2614 2107 2648 llaec
2135 2612 2322 2650 horribilia

1337 2674 1474 2710 peccata
1492 2674 1524 2700 et
1543 2666 1798 2700 consideranda
1819 2674 1899 2701 sont
1919 2673 1948 2700 et
1969 2667 2149 2709 fugienda.
