2409 2915
87 116 178 153 1041
335 116 415 151 Xll.
476 113 870 151 ANNOTATIONES
895 114 962 150 ET
988 113 1266 151 CONCIONES
1296 115 1344 150 ΙΝ
1371 115 1548 152 EVANG.
1578 116 1861 153 ΜΑΤΤΗΑΕΙ.
2007 121 2103 158 1042

185 201 258 235 Has
282 202 532 247 promissiones
549 201 708 247 quotidie
727 201 936 245 cogitemus,
963 199 1067 236 ethis
1119 209 1185 242 est,
1219 203 1305 236 alias
1334 203 1474 246 purior,
1509 204 1593 237 alias
1623 204 1814 248 impurior,
1849 205 1938 241 sicut
1967 218 2102 253 semper

82 252 384 287 consolationibus
400 264 464 287 nos
480 258 731 293 sustentemus,
758 253 845 286 sicut
861 253 954 286 scitis
972 253 1064 297 quod
1117 264 1262 295 magnae
1298 253 1516 287 infirmitates
1555 261 1638 288 sunt
1670 255 1706 287 in
1734 254 1909 296 Ecclesia,
1953 265 1987 292 et
2017 266 2101 294 tunc

81 302 277 346 promissio
297 304 398 337 fidem
423 302 581 348 requirit.
633 301 810 337 Debemus
826 303 893 335 fide
911 303 1066 347 accipere
1117 310 1235 344 erant,
1270 315 1348 336 cum
1372 311 1529 348 tempore
1554 306 1743 348 passionis,
1777 305 1939 352 Apostoli
1965 309 2000 342 in
2028 322 2102 344 ma-

84 351 146 386 has
163 355 431 397 promissiones,
459 360 492 387 et
505 353 590 386 fides
605 354 788 388 exsuscitet
805 354 1064 388 invocationem
1115 365 1180 397 gna
1208 353 1442 397 trepidatione
1466 362 1582 393 erant,
1616 357 1674 388 sed
1701 363 1816 390 tamen
1838 365 1909 392 erat
1933 357 2101 397 Ecclesia.

83 410 116 436 et
132 415 247 448 spem,
275 411 308 438 et
325 411 419 438 certo
436 410 604 451 exspectet
621 404 804 439 auxilium.
1115 403 1228 437 Maria
1253 411 1294 447 λοι
1319 416 1435 448 soror,
1471 412 1503 438 et
1528 407 1628 449 pauci
1652 407 1710 439 alii
1736 408 1958 444 retinuerunt
1980 411 2100 445 fidem:

184 453 299 488 Simul
331 461 445 488 autem
479 457 579 488 docet
610 451 694 488 haec
717 454 906 494 sententia,
942 452 1064 488 Eccle-
1115 455 1160 488 ita
1184 466 1321 499 semper
1345 455 1454 500 aliqui
1481 463 1602 495 erunt,
1639 457 1740 490 fidem
1767 459 1966 496 retinentes.
2027 461 2100 496 Has

81 504 167 537 siam
193 516 330 549 semper
353 516 553 538 mansuram
580 516 669 546 esse,
699 512 731 539 et
755 505 1062 539 noninterituram
1113 505 1371 538 consolationes
1403 513 1634 547 mementote,
1675 515 1706 541 et
1739 520 1857 542 earum
1890 512 2100 553 cogitatione

81 554 155 588 ullo
185 562 358 600 tempore,
392 556 526 589 etiamsi
558 556 642 588 alias
671 556 802 596 maior,
836 556 921 588 alias
947 556 1063 588 minor
1113 556 1214 589 fidem
1232 556 1451 597 confirmate,
1477 565 1509 591 et
1529 557 1786 592 invocationem
1803 561 1959 595 excitate.

472 653 584 690 Finis
612 656 842 695 concionum,
869 655 1002 703 quibus
1024 656 1081 701 pie
1105 655 1329 703 explicatum
1355 660 1404 690 est
1434 655 1703 703 Ecangelium,

759 706 932 753 scriplum
957 720 980 740 α
1007 705 1208 741 Illauhaeo
1233 705 1416 754 Apostolo.

114 2737 289 2768 Μιωιτε.
319 2735 421 2767 Oua.
448 2733 528 2763 vor..
559 2731 650 2763 XIV.
1550 2727 1598 2762 66
