2409 2915
271 94 347 130 86³

472 173 608 206 futuras
622 168 771 202 incertas
785 176 862 211 spes
877 171 936 200 aut
951 171 1075 205 metus,
1096 176 1115 198 a
1131 165 1250 208 regula

473 221 711 258 discedamus,
735 223 775 250 ut
796 216 899 250 multi
920 216 1134 260 trepidantes
1156 227 1251 248 nunc

472 270 561 312 huc¹
586 280 682 303 nunc
704 267 789 314 illuc
810 266 992 307 feruntur,
1018 272 1051 299 et
1073 265 1252 299 interdum

475 322 513 355 in
531 332 569 354 ea
585 319 819 364 trepidatione
831 317 969 350 iniustis
980 316 1135 350 consiliis
1146 322 1253 349 utun-

469 379 549 412 tur,
582 377 725 414 propter
747 367 950 401 vanissimas
972 377 1061 409 speS.
1121 364 1253 400 Contra

474 420 567 455 hanc
581 419 852 463 trepidationem
869 417 958 451 dixit
973 416 1064 450 Psal.
1079 414 1154 452 45.:
1182 415 1254 448 Va-

475 478 548 506 cate
565 477 600 504 et
618 471 731 503 videte
747 475 810 503 etc.

422 521 502 557 Vll.
556 520 662 563 Quod
687 518 782 552 Deus
811 517 895 551 velit
917 516 1038 562 quaeri
1060 518 1152 551 bona
1177 527 1254 549 cor-

474 571 589 617 poris,
617 576 650 603 et
667 569 703 601 in
721 566 776 602 his
794 568 953 613 petendis
970 568 1121 601 exerceri
1140 567 1255 602 fidem.

660 667 708 692 De
740 666 860 698 primo.

371 724 512 759 Primus
535 722 633 755 locus
657 727 707 754 est
729 717 956 763 reprehensio
972 717 1147 753 humanae
1163 719 1256 753 disfi-

271 776 423 814 dentiae‚
445 775 524 807 ideo
542 772 673 816 inquit:
702 770 753 804 Ne
768 770 843 804 sitis
858 770 997 805 soliciti.
1032 768 1123 803 Cum
1140 777 1255 803 autem

271 825 489 871 impossibile
510 823 555 857 sit
579 820 740 855 homines
763 832 882 858 sanos,
910 820 947 852 in
970 820 1076 854 tantis
1093 820 1257 863 periculis

271 876 423 924 publicis
437 882 470 908 et
488 873 632 918 privatis
649 872 722 904 sine
740 870 964 904 solicitudine
980 881 1070 908 esse,
1098 871 1179 903 satis
1196 882 1257 914 ap-

271 934 370 973 paret
395 923 486 959 hanc
509 922 784 956 consolationem
811 931 953 964 prorsus
976 927 1071 953 extra
1095 926 1128 953 et
1153 931 1257 964 supra

272 977 469 1013 humanum
494 979 632 1016 captum
659 972 805 1015 positam
827 981 910 1003 esse.
970 968 1028 1003 An
1052 969 1180 1003 Daniel
1205 981 1258 1003 se-

273 1030 361 1063 dens
392 1027 484 1059 inter
510 1023 628 1056 leones
655 1027 768 1065 potest
790 1021 864 1053 sine
888 1026 985 1053 metu
1010 1020 1108 1053 esse?
1159 1019 1258 1054 Talis

272 1086 323 1114 est
339 1083 452 1111 autem
471 1073 584 1117 reipsa
601 1071 760 1105 omnium
779 1071 862 1104 vita.
890 1097 895 1103 .

375 1125 571 1168 Diligenter
587 1129 703 1155 autem
720 1121 1014 1155 considerandum
1032 1127 1100 1159 est,
1128 1119 1259 1154 similes

273 1176 461 1214 sententias
476 1173 695 1207 dissimilima
711 1171 847 1205 ratione
863 1171 944 1206 dici.
971 1169 1137 1214 Epicurei
1154 1171 1258 1204 etiam

273 1226 464 1273 prohibent
488 1223 768 1262 solicitudinem,
793 1227 913 1255 vetant
937 1221 1018 1264 angi
1043 1222 1193 1263 animis,
1221 1228 1261 1255 ut

272 1279 364 1324 apud
383 1274 588 1310 Horatium:

358 1326 438 1360 Quid
459 1326 495 1353 sit
518 1323 648 1352 futurum
671 1331 752 1358 cras,
780 1321 850 1358 suge
874 1329 1026 1359 quaerere.

274 1378 379 1414 Item:

358 1428 435 1456 Dum
459 1425 620 1463 loquimur,
646 1421 721 1459 sugit
744 1421 841 1449 invida
864 1427 954 1457 aetas,

359 1478 456 1514 Carpe
479 1476 574 1510 diem,
596 1473 687 1510 [quam
711 1472 858 1499 minimum
882 1471 1002 1499 credula
1024 1475 1150 1508 postero.

275 1529 344 1564 Sed
363 1526 419 1569 hi,
442 1527 524 1572 quia
542 1530 670 1567 negant
686 1522 944 1567 providentiam
961 1521 1048 1562 Dei,
1074 1528 1108 1555 et
1125 1522 1262 1562 fingunt

275 1579 394 1613 omnia
419 1588 499 1610 casu
518 1575 621 1612 serri,
649 1573 892 1620 desperatione
910 1573 1061 1615 quadarn
1081 1572 1202 1604 iubent
1222 1584 1261 1604 ex

275 1628 516 1675 praesentibus
533 1626 637 1658 rebus
656 1634 837 1665 excerpere
855 1622 1069 1664 voluptates,
1097 1623 1187 1673 etode
1205 1622 1262 1654 su-

276 1680 364 1714 turis
387 1690 461 1711 non
487 1675 586 1718 angi,
615 1685 659 1706 ne
682 1673 860 1706 molestias
878 1671 1078 1712 cumulent,
1106 1683 1262 1716 praeser-

275 1731 338 1765 tim
357 1741 435 1762 cum
453 1727 552 1760 nullo
572 1723 719 1757 consilio
737 1723 853 1756 futura
872 1729 1050 1764 regantur.

378 1779 445 1813 Sed
459 1775 686 1819 Evangelium
705 1774 808 1815 longa
825 1773 891 1805 alia
909 1773 1042 1805 ratione
1055 1772 1148 1813 idem
1162 1784 1262 1815 prae-

276 1838 414 1875 ceptum
445 1827 570 1865 tradit,
621 1824 672 1858 Ne
703 1824 778 1857 sitis
810 1823 956 1862 soliciti,
1005 1822 1137 1855 scilicet
1171 1821 1262 1856 hanc

276 1883 388 1926 ipsam
413 1879 459 1912 ob
483 1888 640 1911 causam,
668 1874 749 1918 quia
775 1880 824 1906 est
847 1873 1067 1916 providentia
1086 1871 1168 1913 Dei,
1197 1874 1262 1906 side

278 1936 451 1975 expectate
472 1928 584 1961 bonos
603 1925 732 1962 exitus,
758 1920 822 1956 hac
841 1924 908 1955 side.
929 1922 1090 1955 vincente
1107 1934 1263 1965 angores,

278 1989 311 2015 et
334 1980 472 2014 sortiter
489 1977 614 2010 servite
633 1973 821 2007 vocationi.
875 1972 945 2005 Nec
964 1979 1072 2016 potest
1091 1971 1262 2016 Epicurea

278 2032 368 2066 ratio
393 2027 524 2062 mederi
548 2026 694 2065 animis,
721 2025 803 2068 quia
820 2035 859 2055 eo
878 2024 986 2064 magis
1004 2024 1138 2067 ‹siner-it
1157 2021 1262 2057 homo

279 2082 416 2126 sapiens
441 2077 594 2112 humana
620 2075 814 2119 praesidia,
848 2073 875 2106 si
901 2073 1074 2106 existimat
1098 2085 1167 2107 non
1192 2086 1263 2107 esse

279 2129 537 2176 providentiam
555 2126 617 2160 Dei
631 2151 639 2162 .
667 2133 697 2158 et
718 2125 913 2157 satisfacere
932 2121 1084 2156 humana
1105 2125 1263 2168 consilia,

280 2184 358 2216 ideo
382 2193 416 2214 se
440 2179 606 2212 muniunt
627 2175 740 2209 timidi
761 2174 899 2213 amicis,
927 2174 1072 2217 opibus,
1101 2174 1263 2209 factioni-

280 2235 346 2266 bus
377 2239 409 2264 et
439 2230 544 2263 variis
569 2227 692 2261 modis.
747 2224 824 2258 Non
851 2224 922 2257 vult
953 2221 1068 2256 Actias
1093 2237 1164 2258 esse
1189 2227 1264 2259 sine

280 2281 479 2328 praesidiis,
506 2278 642 2323 quaerit
670 2277 798 2309 iniusta
822 2276 960 2308 foedera
987 2281 1017 2307 et
1043 2276 1264 2309 coniunctio-

282 2346 342 2367 nes
368 2343 486 2373 regum
515 2329 723 2372 impiorum,
758 2339 829 2358 nnn
857 2325 931 2358 vult
955 2326 1122 2358 Demades
1148 2327 1182 2359 in
1207 2339 1264 2359 eos

281 2395 379 2417 casus
410 2381 584 2417 incidere,
621 2379 655 2410 in
687 2388 775 2422 quos
806 2375 974 2408 inciderat
1001 2373 1264 2417 Dmnnsdwnos,

282 2436 360 2468 ideo
377 2433 515 2475 regibus
529 2430 709 2467 adulatur,
738 2435 767 2459 et
785 2434 898 2459 tamen
915 2425 1138 2459 aCassandro
1156 2428 1263 2461 inter-

280 2487 405 2519 ficitur.

384 2534 423 2567 lit
442 2533 478 2564 in
499 2530 700 2564 universum
721 2527 754 2559 in
776 2534 847 2559 totu
867 2538 991 2567 gruere
1010 2523 1164 2559 humano
1183 2534 1260 2560 sunt

281 2586 502 2621 timiditates,
536 2579 806 2623 trepidationes,
841 2589 1003 2618 angores,
1037 2585 1069 2611 et
1101 2579 1262 2621 despera-

280 2638 411 2674 tiones,
445 2633 524 2678 quia
558 2638 680 2664 natura
715 2626 866 2661 humana
899 2641 968 2661 non
1003 2628 1155 2671 agnoscit
1182 2641 1292 2673 pro-t

864 79 991 117 PHlL.
1016 77 1135 116 MEL.
1164 77 1374 116 SCRIPTA
1400 77 1701 116 EXEGETICA.

2209 82 2284 118 ³64

1304 164 1497 198 videntiam
1516 165 1607 206 Dei,
1633 171 1666 199 et
1685 170 1736 198 est
1754 163 1830 198 sine
1843 164 1923 200 fide.
1973 161 2076 199 Hanc
2090 164 2285 208 ignoratio-

1303 226 1383 248 nem
1405 214 1472 250 Dei
1497 212 1563 249 hoc
1587 216 1665 250 loco
1687 215 1799 250 taxari
1822 221 1857 249 et
1877 215 2032 248 accusari
2056 215 2223 257 sciamus,
2252 223 2286 252 et

1303 265 1478 310 corrigere
1501 265 1732 310 incipiamus,
1757 275 1980 310 opponamus
2005 265 2157 299 naturali
2183 266 2288 300 dubi-

1305 315 1431 349 tationi
1464 316 1663 350 doctrinam
1693 317 1737 350 de
1767 314 1992 361 providentia
2013 314 2102 358 Dei,
2135 313 2193 350 hic
2217 322 2289 350 tra-

1303 365 1427 403 ditam.

1675 465 1720 490 De
1754 465 1918 491 secundo.

1407 516 1511 552 Fides
1540 515 1627 552 haec
1657 518 1729 551 duo
1751 517 2015 561 complectitur,
2049 522 2082 550 et
2104 517 2292 551 sustentari

1305 574 1467 601 naturam
1486 580 1505 602 a
1523 568 1616 609 Deo,
1643 574 1677 602 et
1694 567 1880 612 praecipue
1895 565 2088 601 Ecclesiam
2099 566 2174 601 Deo
2190 579 2292 601 curae

1306 630 1396 659 esse,
1422 629 1487 652 nos
1513 618 1605 663 ipsos
1629 617 1808 658 exaudiri,
1833 617 1902 658 ali,
1926 617 2088 658 defendi,
2114 617 2247 651 muniri
2272 629 2293 652 a
2355 650 2358 654 .

1306 669 1401 709 Deo,
1427 669 1563 702 etiamsi
1587 669 1696 702 multa
1723 668 1829 711 longe
1851 668 1953 702 aliter
1975 667 2160 708 eveniunt,
2186 679 2294 712 quam
2335 670 2349 702 .’

1307 730 1372 752 nos
1402 719 1645 763 prospicimus.
1705 717 1803 753 Utile
1826 725 1878 752 est
1900 724 2018 752 autem
2042 718 2080 751 in
2105 724 2294 762 conspectu
2337 750 2349 758 ,

1307 766 1436 802 habere
1463 769 1663 803 testimonia
1693 769 1737 802 de
1758 775 1908 814 utraque
1935 775 2050 812 parte,
2081 769 2124 802 de
2148 774 2308 811 naturae,

1307 819 1561 854 sustentatione
1572 845 1581 860 ,
1608 826 1642 853 et
1655 818 1834 853 Ecclesiae
1852 818 2069 852 defensione.

1409 876 1462 912 De
1492 884 1640 922 utraque
1668 890 1705 912 re
1728 875 1786 911 bie
1809 878 1912 911 dicit:
1946 877 2022 912 Alit
2046 877 2207 911 volueres
2230 882 2295 912 etc.
2339 877 2348 917 f

1309 940 1429 961 nonne
1459 940 1520 961 vos
1549 928 1712 961 meliores
1739 928 1815 962 istis
1837 928 1942 962 estis?
1993 927 2122 961 Psalm.
2145 927 2227 961 103.
2250 927 2296 960 de
2335 961 2338 966 ,

1309 985 1454 1012 naturae
1481 979 1750 1012 sustentatione:
1786 976 1902 1012 Dante
1925 985 1958 1013 te
1982 990 2094 1012 escam
2119 978 2297 1022 colligent,
2347 983 2356 990 ’

1310 1036 1344 1062 et
1367 1030 1410 1062 de
1427 1027 1582 1062 Ecclesia
1601 1027 1730 1063 Psalm.
1744 1028 1821 1062 33.:
1848 1027 1929 1062 Non
1952 1035 2003 1062 est
2027 1028 2148 1073 inopia
2167 1029 2296 1062 timen-

1311 1079 1404 1114 tibus
1429 1090 1520 1113 eum.
1572 1076 1619 1112 Et
1645 1077 1774 1112 Psalm.
1794 1077 1871 1112 36.:
1900 1077 1942 1112 ln
1966 1079 2091 1112 diebus
2114 1079 2216 1112 famis
2240 1089 2296 1111 sa-

1311 1130 1536 1163 turabuntur.
1582 1128 1673 1162 'Item
1690 1127 1820 1162 Psalm.
1839 1127 1915 1164 90.:
1945 1126 2091 1171 Angelis
2105 1128 2178 1162 suis
2195 1139 2298 1162 man·
2339 1140 2345 1163 ,·

1311 1180 1407 1213 davit
1437 1180 1480 1212 de
1508 1185 1559 1219 te,
1591 1185 1631 1213 ut
1658 1178 1858 1213 custodiant
1882 1185 1915 1212 te
1937 1179 2104 1212 omnibus
2128 1179 2194 1212 viis
2217 1178 2298 1212 tuis.

1311 1229 1390 1263 Huc
1413 1230 1594 1263 adduntur
1615 1235 1646 1262 et
1672 1229 1847 1272 exempla,
1873 1228 2083 1262 mirabiliter
2105 1228 2249 1262 aluntur
2264 1233 2299 1262 et

1311 1281 1551 1313 defenduntur
1576 1278 1753 1312 Israelitae
1777 1279 1815 1312 in
1838 1279 1988 1312 deserto.
2038 1277 2202 1323 Denique
2225 1283 2299 1312 tota

1312 1328 1486 1363 Ecclesiae
1510 1329 1686 1368 defensio,
1713 1340 1848 1372 semper
1870 1329 1915 1363 ab
1932 1329 2033 1362 initio
2051 1329 2093 1362 ad
2110 1329 2213 1362 finem
2231 1327 2299 1362 fuit

1313 1387 1347 1413 et
1366 1380 1432 1413 erit
1451 1379 1553 1424 plena
1570 1379 1842 1419 miraculorum,
1869 1380 1932 1413 etsi
1950 1379 2092 1413 interim
2111 1379 2187 1413 vult
2203 1377 2300 1412 Deus

1312 1437 1450 1464 sanctos
1466 1430 1568 1463 etiam
1585 1429 1838 1463 afflictionibus
1856 1429 2026 1470 exerceri,
2052 1429 2113 1463 sed
2128 1429 2300 1463 accedunt

1312 1480 1490 1514 mirabiles
1510 1479 1751 1515 liberatione&

1415 1537 1517 1572 Ilanc
1550 1538 1769 1576 doctrinam,
1803 1537 1886 1583 quia
1916 1545 1966 1572 est
1995 1544 2091 1572 extra
2113 1537 2299 1579 rationem,

1313 1589 1414 1632 pauci
1440 1589 1720 1632 amplectuntur,
1756 1589 1814 1621 sed
1838 1589 1989 1622 maxima
2012 1600 2092 1632 pars
2111 1586 2299 1621 hominum

1314 1641 1433 1682 ignara
1463 1639 1706 1682 providentiae
1734 1645 1768 1672 et
1793 1638 1892 1676 fidei,
1926 1646 2043 1673 manet
2067 1639 2103 1671 in
2129 1645 2299 1683 perpetuo

1313 1696 1408 1722 metu
1431 1696 1463 1722 et
1489 1689 1571 1721 odio
1590 1687 1667 1723 Dei.
1721 1688 1789 1721 Sed
1812 1688 1873 1722 ubi
1892 1689 1971 1721 fidei
1989 1689 2107 1722 lumen
2126 1690 2162 1721 in
2182 1695 2300 1723 mente

1313 1740 1442 1782 fulget,
1469 1739 1563 1784 quod
1585 1737 1679 1772 Deus
1702 1745 1818 1778 curet,
1845 1739 2027 1776 exaudiat.
2054 1741 2211 1779 muniat,
2237 1740 2300 1773 de-

1313 1790 1452 1828 fendat,
1495 1790 1664 1831 gubernet
1693 1795 1744 1829 te,
1779 1788 1829 1821 ibi
1859 1796 1909 1823 est
1941 1789 2147 1831 magnitudo
2177 1789 2300 1829 animi,

1313 1840 1569 1884 tranquillitas,
1612 1845 1644 1872 et
1678 1839 1873 1872 constantia
1911 1839 2062 1874 consilii.
2122 1838 2222 1874 Sicut
2254 1841 2299 1873 ad

1312 1888 1492 1923 Abraham
1524 1889 1610 1922 dixit
1634 1887 1745 1922 Deus:
1781 1886 1855 1931 Ego
1885 1900 1962 1923 sum
1993 1896 2172 1933 protector
2201 1897 2299 1934 tuus,

1313 1952 1402 1984 quae
1427 1944 1493 1972 vot
1517 1940 1557 1972 ad
1583 1946 1690 1972 totam
1710 1937 1900 1972 Ecclesiam
1918 1940 2079 1983 pertinet.
2131 1939 2200 1974 Sed
2217 1941 2299 1986 quia

1315 1991 1479 2034 pleraque
1505 1989 1673 2022 eveniunt
1693 1989 1794 2032 longe
1811 1990 1930 2029 aliter,
1957 2002 2061 2035 quam
2078 2002 2142 2024 nos
2162 1991 2300 2035 prospi-

1313 2041 1436 2077 cimus,
1459 2041 1537 2073 ideo
1554 2039 1656 2073 multi
1672 2040 1837 2075 dissidunt
1854 2047 1887 2074 et
1901 2041 2077 2074 deficiunt.
2113 2041 2180 2075 Sed
2193 2039 2301 2075 Chri-

1314 2099 1385 2125 stus
1417 2088 1474 2123 liic
1505 2090 1652 2134 opponit
1682 2102 1722 2123 ex
1755 2091 1826 2134 ipsa
1852 2098 1976 2124 natura
2000 2091 2176 2136 exempla,
2211 2103 2300 2137 quae

1314 2142 1504 2175 ostendunt
1535 2141 1662 2174 usitate
1687 2141 1796 2174 multa
1824 2141 1895 2174 fieri
1920 2142 1954 2174 in
1983 2149 2106 2175 natura
2131 2143 2207 2176 sine
2230 2141 2300 2176 hu-

1314 2204 1418 2225 mano
1437 2191 1596 2226 consitio.
1650 2190 1744 2225 Deus
1761 2192 1819 2226 dat
1838 2192 1945 2226 vitam
1964 2193 2066 2226 nobis
2080 2193 2156 2226 sine
2172 2190 2298 2226 huma-

1315 2256 1360 2275 no
1380 2243 1548 2281 consilio,
1575 2248 1685 2285 potest
1707 2242 1812 2285 igitur
1828 2249 1860 2276 et
1878 2243 2039 2276 vestitum
2058 2243 2159 2283 dare,
2184 2251 2217 2277 et
2234 2244 2299 2276 do-

1314 2306 1422 2328 mum.
1484 2291 1578 2325 Deus
1600 2299 1690 2325 creat
1718 2293 1769 2325 lac
1796 2293 1831 2326 in
1858 2293 2025 2326 maternis
2051 2293 2220 2327 uberibus
2243 2294 2299 2326 in-

1314 2344 1400 2377 fanti
1427 2344 1502 2376 sine
1528 2341 1683 2375 humano
1707 2343 1874 2382 consilio,
1908 2343 2014 2385 igitur
2041 2349 2151 2387 potest
2177 2351 2208 2378 et
2235 2356 2299 2388 po-

1314 2401 1384 2427 stea
1410 2395 1539 2426 victum
1563 2405 1696 2426 curare.
1752 2392 1845 2426 llaec
1862 2399 1894 2426 et
1913 2393 2040 2426 similia
2057 2394 2166 2427 multa
2181 2406 2299 2427 exem-

1316 2445 1370 2488 pla
1396 2445 1469 2478 vult
1489 2455 1551 2477 nos
1569 2444 1808 2482 considerare,
1835 2450 1873 2477 ut
1890 2444 2143 2477 admoneamur
2156 2445 2200 2479 de
2215 2456 2299 2489 pro-

1316 2496 1481 2530 videntia.
1537 2493 1575 2527 ln
1596 2489 1745 2526 Ecclesia
1765 2500 1878 2526 autem
1896 2494 1999 2526 infixa
2015 2495 2115 2528 debet
2133 2506 2205 2529 esse
2221 2495 2298 2529 ani-

1315 2546 1378 2578 mis
1394 2545 1554 2578 omnium
1573 2541 1656 2576 tinec
1676 2556 1758 2576 vox:
1786 2543 1916 2577 Scitote
1927 2545 2020 2588 quod
2035 2545 2192 2578 mirificat
2205 2544 2299 2580 Deua

1314 2604 1450 2630 sanctos
1466 2606 1563 2634 suos,
1592 2594 1626 2627 id
1647 2601 1692 2627 est
1706 2621 1714 2634 ,
1741 2595 1964 2629 mirabilibus
1979 2595 2092 2629 modis
2109 2603 2233 2631 servat.
