2409 2915
218 103 296 139 795

221 187 426 226 horribilia,
455 184 578 218 ruinae
603 189 638 216 et
660 179 889 214 lacerationes
916 177 1155 212 Ecclesiarum
1180 185 1214 212 et

221 239 463 284 imperiorum.

531 233 617 268 ltem
641 243 749 265 onera
773 231 810 264 in
842 229 1018 274 imperiis,
1057 235 1090 263 et
1121 229 1215 263 disfi-
1242 244 1244 268 ι
1268 233 1373 277 plicet
1398 235 1488 267 tanti
1512 234 1673 268 beneficii
1697 234 1911 270 celebratio?

826 91 950 126 PHlL.
978 91 1092 128 MEL.
1121 90 1329 128 SCRlPTA
1359 93 1658 133 EXEGETlCA.

222 292 333 325 cultas
359 297 540 326 annonae,
575 283 692 317 morbi
716 282 843 321 vestri,
876 288 910 315 et
933 281 1127 314 liberorum
1156 292 1215 313 ve·
1242 284 1245 290 “

221 350 389 376 strorum.

325 397 393 431 His
409 395 516 431 tantis
533 394 637 428 malis
663 393 854 439 aliquando
878 391 1100 429 afficiamini,
1128 400 1217 435 quae

223 450 336 484 multo
354 454 438 482 sunt
454 446 628 486 tristiora,
654 457 761 490 quam
779 442 886 477 buius
913 443 1040 487 leprosi
1061 442 1218 480 morbus,

223 510 258 536 et
276 501 424 536 clamate
440 498 484 532 ad
502 497 615 530 filium
633 495 723 535 Dei,
748 495 851 528 sicuti
871 495 996 528 clamat
1013 489 1217 539 Syrophoe-

224 553 335 588 nissa:
375 549 530 584 Domine
557 547 635 581 Iesu
657 543 797 580 Christe
827 545 877 578 fili
903 543 1019 578 David
1054 543 1218 577 miserere

224 602 357 643 nostri,
381 600 520 635 remitte
538 599 642 631 nobis
659 604 816 641 peccata,
842 603 875 630 et
901 595 994 629 adsis
1017 595 1140 634 nobis,
1167 593 1219 626 ef-

223 655 334 688 funde
366 653 404 685 in
438 662 503 683 nos
526 648 700 694 Spiritum
731 655 831 682 tuum
861 653 1039 686 sanctum,
1081 656 1160 687 rege
1186 650 1219 677 et

224 716 322 739 serva
341 701 534 736 Ecclesiam
559 707 674 740 tuam,
711 705 853 742 protege
879 709 944 731 nos
966 704 999 730 et
1022 695 1220 729 infantulos

225 762 383 795 nostros,
412 765 457 786 ne
482 752 519 785 in
544 751 681 784 furores
704 747 895 788 Ethnicos‚
931 747 1127 792 Epicureos
1160 752 1220 779 aut

225 806 394 840 fanaticos
411 814 574 842 ruamuS,
599 813 697 835 serva
716 808 749 834 et
764 801 912 833 defende
930 796 1085 842 hospitia
1097 796 1221 831 Eccle-

225 858 317 900 siae,
345 868 389 889 ne
408 853 604 888 barbaricis
622 851 804 885 furoribus
822 857 1004 883 vastentur
1021 857 1053 882 et
1073 849 1222 881 turben-

226 916 285 942 tur
301 906 442 944 omnia,
470 912 508 939 tu
526 904 572 937 sis
592 910 768 947 protector
785 908 818 934 et
836 901 980 934 adiutor
999 907 1131 934 noster.

329 965 424 1000 Haec
441 971 522 998 vota
539 970 572 996 et
589 960 626 995 hi
642 962 793 1005 gemitus
811 960 917 994 vestri
944 971 1017 992 non
1045 965 1147 991 erunt
1175 958 1223 990 ir-

227 1018 286 1052 riti
300 1025 360 1051 aut
377 1017 510 1050 inanes.
553 1013 672 1056 Quare
697 1012 803 1045 simul
826 1011 948 1044 scitote
972 1010 1009 1042 in
1034 1009 1094 1043 tali
1120 1009 1223 1041 invo-

2182 99 2256 136 796

1267 189 1433 228 possunt,
1465 194 1510 216 an
1528 180 1738 227 prohibetur
1754 183 1926 218 confessio
1944 184 2056 218 fidei?
2105 185 2164 220 An
2187 185 2263 219 dis-

1963 236 2072 280 Apud
2088 235 2263 270 Sacerdo-

1269 291 1320 318 tes
1336 295 1475 317 necesse
1493 291 1544 318 est
1569 282 1654 319 huic
1677 293 1800 320 sanato
1823 286 1925 320 fateri
1950 298 1986 320 se
2014 287 2120 321 fuisse
2145 287 2263 331 lepro-

1244 373 1245 381 ἵ
1269 345 1366 373 sum,
1409 341 1444 368 et
1474 342 1589 378 petere
1617 343 1657 369 nt
1687 337 1924 380 pronuntient
1948 349 1983 371 se
2007 338 2076 371 iam
2101 345 2262 372 sanatum

1245 422 1247 426 Α
1270 397 1342 419 esse
1355 412 1365 425 ,
1392 397 1531 419 necesse
1547 393 1597 420 est
1613 386 1738 420 offerre
1755 388 1964 422 sacrificium
1982 389 2019 421 in
2038 389 2113 432 lege
2131 388 2264 422 consti-

1246 443 1407 481 ytutum,
1450 448 1580 479 agnum
1609 437 1816 472 anniculum
1845 446 1880 473 et
1909 439 2045 485 reliqua
2084 451 2173 484 quae
2208 439 2264 472 lex

1245 492 1248 530 ζ
1272 487 1435 532 postulat.

1489 486 1682 530 Quomodo
1702 488 1810 531 igitur
1827 490 1953 524 caelari
1977 491 2112 524 sanatio
2129 487 2262 524 Christi

1246 536 1249 547 '
1272 539 1481 572 miraculosa
1508 538 1645 582 potest?
1677 536 1902 582 Respondeo.
1948 541 2029 575 Non
2048 553 2174 574 moveo
2190 541 2265 574 dis-

1246 551 1250 640 i

1247 648 1251 721 Ι

227 1069 366 1103 catione
381 1065 607 1100 statuendum
624 1063 726 1097 vobis
744 1074 835 1103 esse,
863 1069 1007 1106 propter
1029 1060 1141 1094 filium
1157 1058 1224 1093 Dei
1253 1089 1254 1092 ,

226 1119 421 1155 Dominum
439 1124 598 1150 nostrum
618 1114 732 1148 lesum
747 1111 932 1148 Christutn
953 1110 1038 1144 haec
1055 1117 1134 1144 vota
1162 1122 1222 1142 ve-

229 1179 299 1206 stra
317 1181 398 1203 vere
416 1167 523 1212 recipi
540 1174 573 1201 et
590 1165 760 1199 exaudiri.
819 1163 863 1198 Et
888 1174 1091 1209 quanquam
1122 1161 1223 1194 initia

228 1222 310 1256 fidei
330 1219 496 1263 languida
519 1225 552 1252 et
576 1216 754 1250 imbecilla
779 1222 880 1254 sunt,
917 1221 1035 1248 tamen
1058 1210 1124 1246 hac
1150 1212 1225 1256 ipsa

229 1284 314 1307 voce
329 1272 434 1305 fidem
454 1268 675 1303 exsuscitate:
704 1266 821 1301 Credo
840 1265 1015 1307 Domine,
1043 1265 1102 1297 sed
1121 1275 1224 1308 opem

229 1324 282 1358 fer
299 1321 518 1357 diffidentiae
535 1331 643 1354 meae.
696 1317 810 1351 Filius
827 1317 893 1350 Dei
910 1315 1089 1349 Dominus
1107 1320 1227 1347 noster

229 1375 327 1408 Iesus
351 1372 514 1408 Christus
540 1371 711 1403 immensa
736 1368 895 1402 bonitate
923 1378 1022 1400 sumn
1056 1365 1094 1398 3¹¹
1123 1364 1227 1397 ”Obls
1254 1366 1258 1434 ἰ
1281 1389 1366 1410 aura
1381 1377 1641 1422 aliquantulum
1660 1377 1853 1411 foventur?
1906 1377 2002 1420 Quot
2027 1379 2138 1412 millia
2157 1376 2275 1412 homi-

230 1426 344 1459 lucem
362 1423 528 1457 accendat
543 1433 582 1454 ac
598 1419 799 1460 confirmet,
822 1425 862 1451 ut
876 1416 1076 1451 doctrinam
1094 1416 1226 1448 saluta-

230 1489 305 1510 rem
325 1482 416 1508 tecte
431 1473 626 1510 discamus,
656 1470 915 1513 intelligamus,
943 1475 975 1501 et
995 1468 1030 1500 in
1050 1465 1224 1500 exercitiis

232 1539 333 1561 verae
350 1525 489 1569 pietatis
507 1523 680 1561 colamus,
705 1521 830 1556 Amen.

288 1590 413 1632 Vade,
455 1587 601 1624 ostende
627 1592 658 1621 Ιε
679 1584 888 1623 Sacerdoti.
930 1589 960 1617 el
986 1580 1078 1634 offer
1103 1582 1136 1615 ei
1164 1580 1229 1616 do-

336 1655 440 1682 num,
483 1638 584 1688 quod
611 1637 798 1672 constituit
826 1635 968 1670 Mm'ses
1003 1635 1040 1681 iti
1069 1633 1229 1667 {estimo-

335 1693 436 1727 nium
456 1691 567 1739 ipsis,
595 1695 657 1726 elc.

1271 590 1492 634 putationes‚
1539 601 1604 623 nec
1627 589 1839 624 subtilitates
1864 601 2006 636 quaero.
2076 592 2157 626 Non
2181 603 2264 636 pro-

1272 639 1416 675 hibetur
1444 640 1618 675 consessio
1645 647 1706 675 aut
1729 647 1826 685 grata
1852 642 2054 676 celebratio.
2095 641 2264 689 (Necesse

1273 693 1366 726 enim
1392 699 1442 725 est
1468 700 1629 726 sanatum
1658 693 1760 726 fateri
1787 693 2028 727 sacerdotibus
2052 691 2266 740 veritatem.)

1274 743 1342 777 Sed
1360 744 1527 788 proponit
1546 743 1722 778 Dominus
1739 743 1958 788 exemplum,
1984 745 2022 777 in
2046 757 2116 791 quo
2143 741 2268 788 prohi-

1277 796 1332 828 bet
1353 794 1579 838 cupiditatem
1605 794 1738 838 gloriae
1763 795 1800 827 in
1823 795 2008 838 operibus,
2043 807 2133 841 quae
2156 809 2173 828 a
2192 793 2268 829 Deo

1277 857 1338 889 per
1355 857 1420 878 nos
1438 845 1538 880 fiunt.
1579 845 1631 878 Ac
1648 847 1747 880 docet
1762 846 1902 879 frenare
1917 847 2065 887 animos,
2089 859 2133 879 ne
2150 846 2269 880 efferri

1277 894 1319 929 ac'
1333 896 1517 940 superbire
1541 895 1730 940 incipiant,
1766 909 1846 930 cum
1870 898 2039 940 peculiari
2065 897 2186 943 aliquo
2207 897 2270 931 be-

1277 946 1405 980 neficio
1424 947 1598 980 divinitus
1622 954 1816 988 ornantur,
1850 955 1889 981 ut
1914 948 2140 992 superbiebat
2161 954 2195 982 et
2218 947 2268 981 ef-

1276 999 1457 1031 ferebatur
1473 997 1560 1032 Saul
1579 1005 1658 1042 post
1679 998 1864 1039 victorias,
1891 999 2044 1042 flagrans
2062 1000 2114 1033 ira
2137 1006 2170 1032 et
2185 999 2270 1032 odio

1278 1050 1446 1082 adversus
1477 1049 1616 1088 Deum,
1659 1055 1693 1082 et
1716 1049 1910 1094 cupiditate
1935 1051 2064 1085 iniusta
2095 1061 2271 1087 accensus,

1277 1098 1452 1133 Davidem
1478 1100 1705 1133 innocentem
1730 1112 1959 1146 persequens,
1999 1109 2032 1136 et
2052 1102 2200 1135 miseros
2217 1112 2274 1135 sa-

1253 1166 1255 1188 :
1279 1151 1436 1184 cerdotes
1455 1150 1640 1196 tyrannice
1658 1150 1886 1186 interficiens.

1253 1194 1255 1224 l

1254 1239 1256 1264 l

1254 1273 1256 1296 ι

1254 1297 1257 1363 l

335 1754 499 1789 Proxima
521 1751 691 1786 concione
709 1749 850 1783 recitata
870 1755 920 1782 est
942 1745 1142 1780 communis
1165 1746 1229 1778 do-
1258 1759 1259 1778 3

234 1808 345 1843 ctrina
363 1807 406 1839 de
427 1803 628 1841 miraculis,
661 1802 697 1834 in
721 1813 788 1846 qua
815 1799 1000 1833 audivistis
1022 1795 1107 1831 haec
1129 1797 1228 1830 testi-

234 1858 352 1893 monia
385 1868 509 1899 magna
539 1853 722 1896 diligentia
756 1851 927 1884 intuenda
961 1861 1052 1887 esse,
1104 1855 1143 1881 ut
1174 1844 1229 1881 bis

235 1907 502 1943 commonefacti
529 1913 561 1938 et
589 1905 625 1937 in
650 1902 752 1936 nobis
777 1902 880 1934 fidem
907 1908 939 1933 et
967 1899 1228 1931 invocationem

236 1961 438 1994 vxcitemus.
504 1956 594 1989 Nam
617 1955 676 1999 qui
703 1952 830 1985 horum
859 1950 1099 1995 exemplorum
1126 1961 1229 1982 usum

238 2014 272 2045 in
307 2023 386 2043 vera
423 2007 646 2041 invocatione
672 2004 737 2048 ipsi
764 2003 925 2042 discunt,
965 1999 1001 2034 hi
1034 2000 1230 2043 intelligere

237 2062 436 2096 doctrinam
459 2057 627 2102 paulatim
647 2055 842 2098 incipiunt,
871 2066 942 2085 non
963 2059 1072 2096 potest
1093 2051 1229 2093 magni-

1383 1225 1434 1258 Ac
1461 1224 1685 1258 manifestum
1710 1231 1778 1263 est,
1813 1225 2090 1259 innumerabiles
2112 1222 2274 1260 homines

1280 1276 1376 1310 abuti
1396 1275 1500 1309 donis
1515 1276 1688 1309 divinitus
1704 1276 1894 1311 attributis.
1931 1276 2047 1319 Quam
2065 1277 2167 1320 pauci
2183 1285 2277 1317 sunt,

1281 1326 1343 1372 qui
1360 1338 1432 1359 non
1455 1326 1671 1370 efferuntur,
1698 1339 1777 1360 cum
1794 1327 1956 1360 fortunae
1975 1328 2276 1362 benevolentioris

1282 1440 1368 1461 num
1396 1429 1471 1461 luce
1495 1427 1678 1461 doctrinae
1701 1428 1860 1462 coelestis
1882 1430 1926 1462 ad
1957 1440 2037 1462 suas
2066 1429 2276 1473 cupiditates

1282 1480 1500 1520 abutuntur,
1528 1479 1573 1512 ad
1590 1479 1812 1523 superbiam,
1839 1479 2036 1523 ignaviam,
2061 1479 2205 1514 stultam
2221 1492 2275 1514 se-

1283 1529 1488 1570 curitatem,
1514 1536 1575 1564 aut
1592 1530 1725 1573 gloriae
1742 1530 1991 1573 cupiditatem,
2018 1542 2086 1575 qna
2111 1538 2276 1565 constan-

1283 1583 1388 1619 tiam,
1418 1581 1574 1621 labores,
1602 1587 1636 1614 et
1652 1581 1806 1624 pericula
1824 1593 1885 1614 sua
1902 1581 2124 1624 praedicant,
2152 1588 2186 1616 et
2200 1594 2277 1616 cae-

1284 1639 1378 1665 teros
1404 1633 1575 1665 damnant
1596 1644 1634 1665 ac
1659 1638 1937 1677 persequuntur,
1979 1645 2058 1666 cum
2086 1632 2182 1675 pleni
2206 1633 2278 1668 sint

1285 1681 1514 1715 horribilium
1547 1690 1787 1725 peccatorum„
1840 1695 2019 1727 errorum,
2073 1683 2276 1724 libidinum.

1284 1731 1447 1772 ἀσωτίας
1472 1740 1504 1766 et
1527 1733 1715 1767 similium.
1789 1733 1851 1766 llla
1887 1734 2023 1767 vanitas
2050 1742 2081 1766 et
2113 1735 2277 1779 superbia

1286 1792 1430 1829 propter
1448 1785 1541 1817 dona
1560 1784 1681 1817 divina
1700 1796 1952 1829 quaecunque,
1989 1782 2202 1828 prohibetur
2218 1783 2276 1820 bic

1258 1842 1260 1847 ’
1284 1849 1301 1868 a
1320 1833 1484 1875 Christo,
1512 1847 1591 1868 cum
1612 1835 1746 1880 inquit:
1775 1834 1869 1868 Cave
1885 1847 1929 1867 ne
1947 1835 2003 1868 cni
2020 1835 2161 1872 dixeris.
2205 1835 2277 1870 Nec

1258 2080 1262 2088 .

1258 2095 1261 2103 .

237 2115 322 2147 tudo
355 2112 404 2145 rei
439 2111 511 2143 ulla
540 2106 766 2153 quantumvis
798 2104 951 2137 evidenti
985 2103 1146 2136 oratione
1171 2114 1229 2135 ex-
1259 2117 1261 2125 v

239 2165 364 2209 primi,
393 2162 459 2194 nisi
478 2161 615 2193 accedat
635 2156 832 2195 invocatio,
861 2156 897 2187 in
919 2167 986 2198 qua
1005 2155 1111 2187 corda
1133 2165 1230 2186 exer-

239 2228 316 2249 cere
342 2222 372 2247 et
400 2212 595 2253 intelligere
622 2209 820 2242 doctrinam
849 2206 1036 2248 incipiunt.
1100 2204 1231 2249 Estque

241 2266 467 2301 utilissimum
487 2263 604 2306 aliqua
623 2259 773 2303 insignia
799 2257 956 2300 exempla
984 2257 1019 2288 in
1043 2263 1231 2298 conspectu

243 2317 390 2354 habere.
420 2315 536 2360 qualia
555 2320 634 2346 sunt
655 2307 975 2356 syrophoenissae,
1003 2307 1232 2343 centurionis,

241 2378 302 2403 aut
326 2366 433 2400 huius
458 2364 605 2409 leprosi,
643 2371 679 2397 ut
704 2369 773 2395 tam
801 2359 998 2393 illustribus
1022 2358 1234 2391 testimoniis

242 2421 385 2453 excitata
421 2429 459 2450 ac
492 2416 696 2448 confirmata
727 2423 826 2445 mens
853 2417 946 2454 petat
970 2409 1159 2451 auxilium,
1201 2417 1233 2443 et

244 2474 309 2505 fide
329 2484 365 2503 ac
384 2482 441 2513 spe
461 2468 660 2500 indubitata
679 2469 861 2507 exspectet.

345 2530 437 2563 Sunt
455 2535 570 2560 autem
592 2525 626 2558 in
645 2522 711 2557 hoc
727 2523 886 2563 exeuiplo
906 2521 1032 2565 reliqui
1049 2522 1136 2553 duo:
1171 2521 1233 2553 Sa-

246 2589 305 2615 uat
324 2580 500 2614 Dominus
524 2579 719 2621 leprosum.
748 2574 849 2606 sicuti
874 2572 1017 2616 petivit,
1042 2578 1074 2604 et
1093 2579 1236 2604 testatur

246 2632 504 2665 invocationem
523 2641 594 2662 non
613 2639 685 2661 esse
702 2626 840 2660 inanem
857 2631 914 2657 aut
934 2623 1080 2657 irritam.
1115 2621 1236 2655 Postea

247 2683 422 2717 interdicit
442 2682 491 2718 ci.
519 2692 562 2713 ne
578 2679 742 2724 cuiquam
761 2677 865 2710 dicat.
908 2673 974 2708 Hic
992 2674 1102 2708 multa
1117 2675 1236 2719 quaeri

1285 1899 1345 1920 ero
1361 1886 1397 1920 in
1415 1883 1480 1919 hac
1498 1886 1703 1930 quaestione
1722 1885 1907 1930 prolixior.
1942 1884 2169 1920 Celebremus
2182 1888 2278 1921 dona

1284 1937 1351 1971 Dei
1378 1950 1458 1970 vera
1483 1936 1571 1975 fide,
1613 1936 1758 1980 pietate,
1798 1949 1836 1969 ac
1863 1937 1988 1970 timore
2013 1936 2098 1978 Dei,
2131 1950 2195 1972 nec
2222 1935 2278 1972 his

1286 1988 1526 2032 praetextibus
1551 1987 1734 2032 cupiditati
1760 1995 1900 2021 nostrae
1924 1995 1956 2021 et
1983 1988 2198 2032 petulantiae
2220 1989 2277 2023 in·

1285 2040 1502 2083 dulgeatnus.

1387 2115 1552 2149 Secunda
1587 2117 1744 2162 quaestio
1778 2122 1855 2150 est:
1897 2116 1970 2150 Cur
1996 2114 2091 2151 bunc
2115 2126 2276 2154 sanatum

1283 2164 1447 2201 Christus
1479 2168 1523 2201 ad
1546 2166 1753 2202 Sacerdotes
1775 2168 1930 2211 ablegat,
1971 2176 2003 2202 et
2030 2169 2125 2203 iubet
2150 2170 2278 2204 offerre

1286 2230 1436 2257 mimus.
1478 2219 1574 2264 quod
1605 2218 1789 2252 constituit
1815 2218 1934 2252 Moses
1965 2220 2001 2252 in
2034 2220 2276 2255 testimonium

1287 2269 1389 2314 ipsis,
1416 2276 1453 2303 nt
1472 2269 1587 2303 Lucae
1607 2269 1664 2304 17.
1684 2270 1829 2304 dicitur:
1860 2268 1928 2307 lte.
1954 2271 2129 2305 ostendite
2146 2283 2207 2305 vos
2223 2284 2278 2307 u-

1287 2321 1500 2356 ccrtlotibus.
1530 2320 1580 2354 Ac
1599 2329 1723 2355 notum
1741 2328 1808 2359 est¹
1832 2319 2034 2354 Pontificius
2052 2319 2145 2356 hunc
2164 2323 2278 2367 ipsum

1289 2372 1404 2404 locun·
1423 2374 1465 2405 ad
1484 2372 1740 2405 confessioni-m
1758 2372 1954 2406 detorsisse.
2010 2371 2061 2405 De
2085 2371 2148 2407 hac
2171 2386 2279 2420 quae-

1289 2422 1402 2456 stione
1419 2423 1575 2457 breviter
1596 2424 1762 2457 dicemus.
1827 2422 2042 2468 Quanquam
2067 2436 2140 2458 non
2166 2432 2279 2470 potest

1290 2474 1398 2507 ullius
1433 2482 1612 2508 creaturae
1643 2473 1814 2517 sapientia
1847 2471 2032 2508 exhaurire
2063 2476 2278 2520 magnitudi-

1291 2538 1370 2558 nem
1389 2525 1655 2571 mysteriorum,
1683 2537 1772 2569 quae
1797 2524 1831 2557 in
1856 2526 2090 2560 concionibus
2112 2535 2145 2561 et
2170 2528 2279 2562 mira-

1290 2577 1378 2610 culis
1407 2574 1539 2610 Christi
1574 2576 1784 2614 retitantur,
1836 2584 1951 2609 tamen
1984 2577 2085 2611 initia
2114 2577 2280 2614 discenda

1291 2635 1390 2665 sunt.
1418 2635 1590 2671 quantum
1614 2634 1646 2661 et
1675 2627 1835 2669 patefecit
1862 2628 1953 2672 ipso.
1981 2636 2011 2662 ot
2030 2629 2199 2663 immensa
2217 2631 2281 2665 bo-

1293 2680 1400 2712 nitate
1420 2680 1454 2712 in
1474 2678 1690 2712 discentibus
1707 2680 1859 2711 adimat.
1922 2679 2040 2721 Quare
2057 2681 2144 2714 duas
2161 2693 2281 2715 causas

2398 2002 2409 2023 n
2399 1951 2409 1970 n
2399 1848 2409 1920 zrun-
2403 1797 2409 1817 .-
2405 1747 2409 1765 Ᾱ
2402 1593 2409 1716 *rs—22
2404 1542 2409 1561 ..-

2397 2053 2409 2083 '⁷1'

2397 2156 2409 2433 ...suns-rur,
