2409 2915
316 137 398 174 XII.

182 222 235 257 lta
260 223 443 258 intuentes
465 222 628 262 titulum,
662 222 705 254 de
729 233 863 255 summa
889 223 1069 257 doctrinae
1092 221 1097 265 Ῑ

88 274 239 318 cogitare
255 274 407 314 debetis,
434 280 466 307 et
481 273 523 306 de
539 284 622 305 vero
636 283 743 315 regno
759 270 904 307 Christi.

184 331 257 365 Iam
285 332 388 365 etiam
414 331 638 365 collationem
662 331 764 364 facite
789 331 863 364 veri
887 332 1008 375 regni,
1035 339 1068 366 et

81 389 242 416 externae
265 382 403 425 speciei.
455 380 523 414 Hic
546 392 649 414 verus
676 393 753 421 rex,
788 393 890 415 verus
917 383 1068 416 salvator

81 439 113 465 et
129 433 318 472 liberator,
346 432 475 476 pendet
500 431 535 463 in
561 443 681 473 cruce,
709 432 931 474 vulneratur,
965 445 1065 467 coro-

79 489 182 516 natus
202 489 251 516 est
267 483 394 527 spinis,
420 482 581 515 moritur.

181 541 280 574 Talis
299 547 331 574 et
349 538 504 573 Ecclesia
521 547 571 573 est
587 540 623 572 in
642 537 706 573 hac
726 540 808 576 vita.
853 539 1064 586 Quanquam
1089 548 1092 586 4

79 597 130 625 est
146 588 267 625 haeres
284 590 382 633 regni
406 590 556 630 aeterni,
583 597 700 624 tamen
717 591 754 624 in
779 589 842 623 liae
864 591 954 632 vita,
981 593 1065 625 snb-
1089 620 1091 645 A

77 641 165 675 iecta
190 648 241 675 est
266 641 471 684 ingentibus
497 641 697 683 aerumnis,
726 641 957 683 crucifigitur,
983 643 1063 676 vul—
1089 647 1092 678 l

75 698 235 732 nei-atur,
269 698 302 725 et
327 692 365 725 fit
387 691 512 724 similis
542 691 705 735 imaginis
731 691 894 732 Domini,
927 693 988 737 qui
1015 694 1064 726 ibi

81 743 222 785 pendet.

82 139 179 175 1035

1085 747 1091 778 ἐ

403 827 470 860 De
497 825 722 861 vestibus.

175 899 312 934 Milites
336 901 406 934 duo
430 901 581 935 faciunt:
618 902 805 935 exteriores
829 909 941 936 vestes
969 903 1061 937 scin-

72 951 163 984 dunt
181 957 214 984 et
235 951 328 985 inter
350 963 385 984 se
410 952 624 995 partiuntur.
678 951 746 986 Sed
774 953 976 987 interiorem
1003 961 1061 988 tu·
1086 955 1089 987 Ι

72 1001 188 1035 nicam
206 1013 280 1035 non
296 1001 481 1042 scindunt,
510 1003 571 1036 sed
590 1003 719 1036 ludunt
742 1004 784 1036 de
802 1015 852 1039 ea.

179 1059 298 1094 Vestis
321 1058 456 1094 Christi
482 1060 652 1105 significat
677 1061 897 1105 scripturam.
959 1061 1060 1096 Hanc
1085 1092 1087 1113 1

74 1110 202 1154 partim
221 1111 388 1145 scindunt
409 1118 441 1144 et
459 1111 613 1144 lacerant
635 1109 814 1153 homines,
839 1111 1008 1146 Doctores
1028 1120 1060 1147 et

71 1160 271 1206 Principes,
304 1161 393 1195 sicut
418 1161 531 1205 Papa,
570 1159 734 1194 haeretici
765 1162 941 1206 recipiunt
972 1176 1060 1209 quae

69 1211 214 1252 volunt,
242 1219 274 1245 et
293 1224 384 1257 quae
401 1223 473 1245 non
492 1212 636 1252 volunt,
662 1213 882 1256 praecidunt.

173 1269 215 1303 In
238 1271 316 1304 aliis
333 1282 419 1315 quae
438 1271 608 1309 retinent,
634 1271 768 1313 fingunt
787 1272 889 1304 ludos
906 1278 938 1304 et
955 1283 1057 1315 prae-

71 1320 207 1363 stigias,
238 1321 346 1354 malas
372 1321 514 1363 glossas.
584 1320 632 1354 Ut
656 1320 750 1365 Papa
778 1322 904 1365 accipit
930 1334 994 1363 pro
1023 1334 1058 1354 se

71 1368 139 1404 hoc
171 1371 323 1404 dictum:
367 1370 451 1403 Tibi
483 1371 574 1404 dabo
605 1371 718 1403 claves
742 1372 839 1413 regni
865 1372 1057 1406 coelorum.

71 1420 138 1454 Sed
157 1418 224 1453 hoc
246 1421 397 1454 dictum:
427 1419 628 1454 Praedicate
647 1419 898 1463 Evangelium‚
925 1421 1056 1456 abiicit.

172 1485 258 1520 Item
284 1486 321 1519 in
347 1483 402 1518 his
426 1497 515 1531 quae
538 1486 682 1525 retinet,
710 1487 847 1533 quaerit
871 1487 974 1520 falsas
998 1500 1056 1521 ex·

66 1537 277 1582 positiones:
320 1535 427 1569 Pasce
444 1547 526 1569 oves
550 1549 664 1577 meas,
699 1537 733 1569 id
757 1544 824 1570 est:
859 1536 916 1571 Sis
940 1538 1055 1571 domi-

71 1599 158 1628 nus,
186 1587 317 1620 condas
334 1597 444 1620 novas
461 1586 551 1629 leges
575 1594 607 1620 et
624 1588 754 1628 cultus,
782 1594 815 1621 et
837 1599 948 1621 novos
970 1589 1055 1622 arti-

66 1638 163 1672 culos
179 1637 260 1670 fidei
277 1637 530 1670 idololatricos.

165 1695 225 1730 Sic
249 1696 360 1729 multa
386 1695 542 1739 exempla
576 1695 713 1728 recitari
737 1704 890 1739 possent.
953 1696 1054 1731 Reti-

66 1752 155 1781 nent
176 1745 243 1780 hoc
266 1747 416 1780 dictum:
451 1745 565 1790 Super
590 1744 789 1779 cathedram
807 1746 914 1780 Moisi
933 1749 1054 1781 sedent

66 1797 211 1831 Scribae
235 1804 269 1831 et
289 1794 480 1830 Pharisaei.
534 1795 600 1829 Sed
629 1796 688 1828 illa
714 1797 805 1830 dicta
831 1809 904 1831 non
929 1799 1053 1831 volunt

66 1849 206 1881 audire:
241 1846 278 1882 Si
296 1847 373 1893 quis
389 1847 485 1880 aliud
503 1844 736 1890 Evangelium
760 1849 879 1887 docet,
908 1847 1053 1882 anathe-

66 1910 123 1932 ma
145 1899 201 1934 sit.

166 1957 348 1990 Praeterea
372 1955 475 1989 vestis
498 1956 600 1990 etiam
625 1956 794 2000 significat
817 1958 907 1990 bona
932 1956 1050 1990 Eccle-

65 2008 146 2042 siae.
198 2006 294 2041 Haec
318 2007 410 2040 inter
424 2017 458 2039 se
476 2007 678 2050 partiuntur
693 2007 872 2052 Principes
890 2014 921 2040 et
940 2006 1051 2040 Nobi-

64 2059 128 2095 les.
180 2057 296 2092 Antea
311 2056 494 2101 Principes
521 2065 552 2090 et
579 2056 726 2091 Nobiles
749 2064 944 2091 tenuerunt
961 2055 1050 2105 Epi-

66 2116 240 2154 scopatus,
263 2116 294 2143 et
311 2106 424 2141 adhuc
440 2114 573 2148 tenent,
601 2115 633 2142 et
650 2121 721 2142 non
740 2109 851 2142 solum
868 2108 1050 2152 negligunt

63 2159 301 2193 ministerium
325 2158 582 2200 evangelicum,
624 2161 682 2192 sed
715 2160 818 2193 etiam
845 2161 960 2193 delere
991 2172 1049 2192 co-

63 2217 215 2250 nantur,
251 2217 285 2244 et
314 2209 377 2243 ubi
406 2215 567 2252 possunt,
602 2210 713 2244 bonos
749 2211 907 2243 doctores
939 2209 1049 2242 inter-

63 2261 196 2294 ficiunt.

164 2319 228 2352 llla
246 2318 338 2351 hona
354 2315 529 2351 Ecclesiae
545 2317 614 2350 iam
639 2329 750 2351 annos
776 2318 926 2360 amplius
950 2318 1047 2351 mille

65 2377 145 2405 sunt
161 2370 310 2414 praedae
325 2366 526 2413 Episcopis‚
555 2367 753 2407 canonicis,
781 2366 989 2409 Abbatibus‚
1015 2376 1047 2403 et

65 2421 239 2455 similibus
258 2419 436 2453 omnibus.
485 2416 620 2452 Omnes
636 2419 721 2453 tales
739 2425 818 2452 sunt
836 2419 894 2453 isti
910 2420 1046 2460 milites,

65 2472 125 2518 qui
140 2471 306 2505 dividunt
326 2476 436 2503 vestes
454 2467 605 2507 Christi,
632 2476 666 2503 et
690 2471 732 2502 de
749 2470 865 2503 tunica
883 2470 1022 2503 ludunt.

165 2537 223 2573 Sic
241 2549 336 2571 nunc
352 2548 490 2581 quoque
504 2534 542 2570 hi
557 2536 739 2580 Principes
756 2543 788 2570 et
801 2534 957 2575 Nobiles,
985 2538 1045 2583 qui

62 2596 234 2624 vocantur
249 2587 472 2629 Evangelici,
499 2587 672 2631 diripiunt
690 2588 780 2620 bona
798 2585 1045 2630 Ecclesiarum,

65 2647 98 2675 et
126 2639 309 2683 negligunt
334 2637 566 2671 ministerium
589 2636 793 2681 Evangelii,
826 2645 858 2671 et
885 2650 958 2672 non
984 2651 1045 2674 cu-

64 2696 143 2724 rant
158 2689 292 2724 miseris
308 2687 477 2722 ministris
492 2686 676 2732 Evangelii
692 2689 821 2722 victum
838 2694 902 2722 etc.

452 134 846 173 ANNOTATIONES
877 135 944 173 ET
977 134 1258 173 CONCIONES
1291 136 1343 171 IN
1377 135 1560 174 EVANG.
1594 137 1873 176 MATTHAEI.

2007 142 2103 179 1034

1222 220 1319 255 Haec
1337 222 1426 255 mala
1444 222 1479 255 in
1497 220 1552 256 his
1568 223 1780 267 imaginibus
1792 225 1894 258 etiam
1907 225 1998 270 picta
2013 220 2111 267 sunt:

1121 278 1159 305 ut
1182 271 1297 305 'simus
1324 272 1512 313 cautiores,
1544 280 1578 307 et
1601 285 1757 308 amemus
1782 276 2040 316 ministerium,
2073 285 2106 310 et

1121 334 1193 356 non
1209 323 1400 367 spoliemus
1417 321 1601 358 EcclesiaS.

1426 418 1492 451 De
1528 419 1793 462 sepultura.

1219 490 1401 525 Articulus
1424 492 1460 524 in
1479 491 1664 537 Symbolo:
1693 492 1813 527 Tertia
1836 494 1892 527 die
1910 498 2099 530 resurrexit

1118 554 1137 575 a
1167 542 1323 575 mortuis.
1376 541 1569 584 Quaeritur
1600 543 1725 586 igitur,
1765 555 1811 577 an
1842 545 1962 579 triduo
1993 547 2099 581 suerit

1116 590 1277 627 Christus
1293 592 1329 624 in
1347 592 1531 636 sepulcro?

1219 641 1382 675 Breviter
1404 644 1689 685 respondendum
1712 651 1781 678 est:
1810 642 1969 679 Christus
1987 647 2099 681 tribus

1117 693 1242 726 diebus
1264 693 1329 726 suit
1354 693 1390 725 in
1414 694 1593 736 sepulcro,
1620 694 1686 734 sic,
1715 702 1754 729 ut
1776 707 1868 729 unus
1885 696 1928 729 sit
1948 697 2022 730 dies
2040 698 2098 730 in-

1116 751 1227 786 teger,
1253 743 1384 776 scilicet
1401 743 1615 788 Sabbatum,
1642 751 1676 778 et
1698 757 1777 789 pars
1799 746 1868 779 diei
1892 746 2038 790 prioris,
2065 756 2098 782 et

1117 806 1196 838 pars
1212 794 1282 827 diei
1298 794 1432 828 tertiae.

1218 843 1310 887 Quia
1323 844 1441 878 Iudaei
1457 844 1504 878 sic
1518 852 1707 880 numerant
1721 846 1795 879 dies
1810 857 1828 879 a
1842 858 1984 890 vespera
1995 874 2004 889 ‚
2030 848 2098 882 fuit

1114 902 1230 929 autem
1248 889 1409 933 Christus
1432 895 1566 938 positus
1590 896 1627 928 in
1645 896 1844 940 sepulcrum
1861 898 1917 930 die
1933 910 2002 943 quo
2019 910 2098 932 cru-

1115 946 1234 979 cifixus
1250 952 1321 985 est,
1347 951 1428 978 ante
1443 957 1636 990 vesperam.

1215 994 1250 1029 A
1280 1007 1421 1039 vespera
1452 996 1495 1029 ad
1529 1008 1707 1044 vesperam
1732 998 1911 1042 sequentis
1937 998 2006 1031 diei
2029 999 2096 1033 suit

1114 1045 1325 1087 Sabbatum,
1353 1046 1480 1079 deinde
1504 1058 1521 1079 a
1548 1058 1688 1090 vespera
1713 1049 1754 1080 ad
1779 1048 1993 1083 matutinum
2008 1056 2095 1083 tem-

1114 1109 1178 1141 pus
1194 1104 1271 1141 post
1288 1096 1479 1131 Sabbatum
1491 1121 1500 1135 ,
1528 1109 1608 1140 pars
1625 1105 1675 1131 est
1693 1098 1785 1131 tertii
1803 1099 1885 1134 diei.

1214 1155 1277 1189 Est
1314 1163 1428 1189 autem
1469 1155 1639 1198 singulari
1676 1156 1823 1190 consilio
1857 1155 1922 1190 Dei
1954 1157 2096 1198 factum,

1113 1207 1206 1250 quod
1232 1213 1305 1239 toto
1331 1205 1485 1239 Sabbato
1508 1206 1621 1240 voluit
1644 1217 1716 1240 esse
1739 1206 1776 1239 in
1799 1207 1969 1251 sepulcro.
2038 1209 2093 1241 Ibi

1111 1257 1284 1301 requievit
1302 1255 1403 1289 Deus.

1213 1305 1308 1339 Haec
1332 1306 1430 1351 quies
1453 1313 1503 1340 est
1527 1307 1794 1348 inenarrabilis,
1824 1314 1855 1341 et
1873 1305 1935 1340 has
1952 1319 2095 1350 magnas

1111 1367 1165 1388 res
1188 1357 1360 1389 discemus
1384 1358 1420 1388 in
1446 1357 1515 1390 vita
1543 1364 1694 1392 aeterna.
1746 1357 1849 1391 Nunc
1875 1358 1909 1390 in
1935 1355 1998 1390 hac
2024 1359 2094 1391 vita

1111 1413 1248 1448 oportet
1279 1418 1342 1439 nos
1374 1406 1473 1439 initia
1507 1407 1651 1441 discere.
1710 1406 1757 1440 Et
1789 1408 1896 1440 simus
1927 1408 2094 1447 contenti,

1111 1458 1206 1500 quod
1231 1456 1358 1489 scimus
1376 1454 1468 1489 hunc
1485 1457 1686 1489 crucifixum
1707 1463 1739 1490 et
1759 1459 1998 1490 resuscitatum
2015 1470 2094 1490 vere

1109 1518 1180 1539 esse
1198 1506 1310 1539 filium
1328 1506 1416 1547 Dei,
1445 1513 1476 1539 et
1494 1514 1652 1540 nostrum
1671 1508 1921 1547 redemtorem,
1947 1513 1977 1539 et
1998 1509 2092 1552 quod

1108 1557 1176 1589 fide
1195 1565 1337 1601 propter
1354 1569 1431 1590 eum
1449 1557 1641 1596 salvemur,
1670 1565 1702 1591 et
1719 1557 1756 1590 in
1773 1570 1852 1591 vera
1870 1558 2092 1592 invocatione

1109 1614 1242 1640 mentes
1259 1614 1398 1640 nostrae
1414 1608 1617 1640 intueantur
1635 1620 1724 1640 eum.

1209 1656 1275 1690 Sed
1301 1657 1367 1689 alia
1392 1657 1500 1690 multa
1525 1669 1667 1695 arcana,
1695 1669 1783 1702 quae
1807 1669 1880 1690 non
1909 1668 2092 1700 possumus

1108 1718 1203 1739 nunc
1221 1707 1434 1750 intelligere,
1460 1707 1632 1740 discemus
1651 1708 1687 1740 in
1705 1708 1776 1741 vita
1795 1714 1948 1741 aeterna.

1208 1763 1270 1798 Est
1293 1765 1439 1797 omnino
1461 1764 1619 1797 miranda
1644 1776 1715 1805 res,
1742 1765 1802 1797 illa
1818 1776 1912 1798 mors
1929 1772 1961 1799 et
1977 1765 2088 1811 quies,

1106 1813 1153 1847 Et
1169 1815 1270 1848 toties
1287 1822 1463 1848 creaturae
1480 1815 1648 1858 sapientia
1668 1813 1782 1848 nihilo
1798 1816 1907 1858 magis
1923 1816 2088 1858 intelligit

1106 1863 1196 1898 hanc
1217 1877 1290 1897 rem
1307 1877 1488 1905 arcanam,
1515 1878 1619 1909 quam
1637 1865 1848 1899 Nicodemus
1866 1873 1897 1899 et
1914 1867 2089 1905 mulieres,

1105 1927 1182 1948 cum
1209 1927 1286 1948 eum
1311 1922 1468 1957 ungunt,
1493 1922 1553 1949 aut
1578 1916 1703 1950 volunt
1725 1927 1867 1959 ungere.
1927 1915 1995 1950 Ista
2017 1928 2087 1949 un-

1104 1972 1231 2009 guenta
1257 1963 1346 1998 nihil
1372 1966 1545 1999 faciebant
1569 1967 1610 1998 ad
1636 1966 1936 2000 conservationem
1954 1966 2008 2000 vel
2025 1968 2086 1999 de-

1103 2016 1333 2049 structionem
1361 2013 1467 2049 huius
1490 2016 1648 2060 corporis
1670 2017 1706 2050 in
1729 2015 1795 2050 hoc
1819 2015 1993 2058 Domino,
2024 2019 2083 2049 sed

1103 2074 1153 2099 est
1176 2078 1264 2110 opus
1289 2067 1433 2107 inutile,
1464 2073 1496 2100 et
1520 2067 1688 2109 significat
1711 2068 1815 2101 stulta
1842 2079 1962 2111 opera,
1997 2079 2085 2111 quae

1103 2117 1190 2149 fiunt
1208 2118 1299 2150 bona
1317 2117 1505 2162 opinione,
1533 2118 1606 2150 sine
1624 2118 1699 2151 luce
1715 2118 1807 2152 fidei.

1103 2207 1223 2252 Quid
1262 2217 1404 2244 autem
1438 2210 1621 2254 prodest
1656 2210 1786 2243 nobis
1816 2209 1904 2242 ista
1934 2209 2083 2253 quies?

1203 2283 1434 2329 Respondeo,
1467 2285 1555 2317 sicut
1579 2284 1622 2316 de
1646 2291 1755 2317 morte
1780 2283 1947 2324 dicimus,
1975 2284 2021 2317 ita
2048 2292 2081 2317 et

1102 2336 1144 2369 de
1162 2333 1228 2368 hoc
1246 2343 1399 2379 tempore
1416 2335 1542 2379 quietis
1558 2334 1594 2366 in
1613 2334 1770 2377 sepulcro
1787 2334 1975 2366 dicendum
1994 2341 2054 2368 est.

1200 2385 1291 2419 Tota
1317 2385 1446 2429 passio,
1478 2395 1590 2423 mors,
1624 2391 1655 2417 et
1682 2384 1744 2418 ista
1771 2385 1887 2429 quies,
1917 2390 1966 2417 est
1990 2385 2078 2417 facta

1099 2443 1241 2480 propter
1257 2448 1320 2469 nos
1332 2461 1340 2474 ,
1368 2442 1406 2469 ut
1425 2432 1585 2468 Christus
1602 2434 1735 2477 patiens
1750 2441 1781 2467 et
1801 2435 1973 2474 moriens,
2000 2447 2079 2467 vere

1098 2495 1183 2520 esset
1202 2487 1340 2520 victima
1357 2498 1418 2530 pro
1438 2485 1550 2519 nobis,
1606 2483 1682 2528 lpse
1699 2485 1780 2517 tulit
1798 2491 1880 2517 tunc
1896 2484 1982 2516 iram
1999 2483 2076 2521 Dei,

1097 2550 1140 2570 ne
1158 2538 1208 2570 ira
1228 2549 1291 2570 nos
1307 2537 1517 2569 absorberet.
1572 2533 1621 2567 lta
1636 2535 1717 2568 tulit
1733 2542 1897 2575 mortem,
1923 2546 1968 2567 ne
1983 2546 2077 2567 mors

1096 2600 1160 2622 nos
1183 2588 1394 2621 absorberet.
1446 2585 1528 2619 Ideo
1553 2585 1666 2618 statim
1692 2592 1809 2628 postea
1833 2585 2018 2618 resurrexit
2035 2597 2075 2618 ex

1097 2645 1228 2679 morte,
1263 2645 1296 2671 et
1325 2636 1479 2670 ostendit
1507 2647 1542 2668 se
1572 2636 1739 2669 victorem
1769 2647 1841 2669 esse
1864 2635 2007 2676 mortis,
2043 2643 2074 2668 et

1096 2689 1239 2722 reddere
1258 2688 1361 2721 nobis
1379 2687 1544 2721 iustitiam
1564 2693 1596 2720 et
1615 2686 1720 2720 vitam
1738 2693 1925 2721 aeternam.
