2409 2915
65 114 140 152 285
609 113 690 150 XII.

67 200 106 233 in
122 211 183 234 sua
199 201 452 245 promissione,
480 206 512 234 et
530 212 602 233 non
618 200 693 233 sine
709 201 916 241 certamine,
942 213 980 234 ac
999 202 1048 235 la-

66 251 169 292 bore,
197 264 257 285 cor
275 250 329 286 his
343 251 553 286 testimoniis
569 251 739 290 vincitur,
766 258 803 283 ut
821 252 1022 295 acquiessat.

169 301 210 334 In
229 300 295 336 hoc
310 301 497 335 certamine
514 312 594 334 vere
611 308 660 334 est
671 301 789 334 efficax
801 301 954 347 Spiritus
967 314 1047 335 san-

66 359 162 393 ctus,
190 360 223 387 et
238 353 342 386 corda
359 351 466 385 flectit
486 358 524 385 ut
540 351 771 396 acquiescant.
826 351 875 385 Ita
894 352 1044 386 sciamus

65 413 131 435 nos
149 403 260 437 iuvari
276 414 294 435 a
311 401 446 445 Spiritu
465 408 603 440 sancto,
629 401 666 434 in
689 402 930 443 invocatione,
958 403 1046 436 sicut

65 453 151 487 dicit
177 454 213 486 in
236 449 422 485 Zacharia:
456 450 648 485 Effundam
670 464 775 496 super
801 464 859 485 eos
884 454 1044 497 spiritum

64 504 195 546 gratiae
209 509 241 536 et
265 514 419 545 precum.
469 500 515 536 Et
540 509 579 536 ut
602 503 640 535 in
664 502 907 543 invocatione,
935 504 982 537 sic
1007 504 1045 537 in

64 553 230 586 omnibus
246 553 375 585 nostris
398 552 564 597 periculis
591 560 624 586 et
650 553 866 594 actionibus,
892 551 959 587 hoc
982 565 1044 587 au-

61 602 186 636 xilium
211 610 368 647 petamus
401 609 434 636 et
465 609 694 646 expectemus.
753 603 853 637 Sicut
880 602 1040 637 Christus

61 652 194 698 inquit:
224 652 325 686 Dabo
351 653 452 686 vobis
473 653 634 697 spiritum
659 654 890 697 paracletum,
917 666 1044 698 suppe-

61 703 231 737 ditantem
246 704 430 737 consilium
448 711 480 737 et
497 704 666 737 auxilium
679 731 687 744 ,
714 712 752 738 ut
772 703 942 737 Davidem
959 717 1044 738 exu-

58 753 190 787 lantem
212 761 401 796 sustentat,
437 766 480 787 ue
496 755 677 797 desperet,
710 762 743 788 et
764 755 870 788 flectit
893 756 936 788 ad
959 767 1042 788 con-

61 803 138 837 silia
156 805 300 837 meliora
312 831 320 845 ,
349 811 382 838 et
399 804 542 837 adiuvat
559 805 595 836 in
613 805 697 848 ipsis
714 805 877 847 negociis.

163 869 257 904 Haec
274 872 399 904 melius
421 871 686 914 intelliguntur,
714 883 791 904 cum
817 872 853 904 in
879 872 1043 915 periculis

62 918 156 954 hunc
173 922 462 964 gubernatorem,
484 933 565 954 vera
584 922 807 955 invocatione
825 922 1041 966 quaerimus:

59 971 250 1014 cogitemus
277 979 390 1005 autem
416 971 529 1005 Deum
560 984 632 1005 non
662 973 789 1006 frustra
817 978 931 1006 tantas
959 984 1042 1016 pro-

58 1021 243 1055 missiones
261 1020 476 1062 exhibuisse,
506 1023 582 1056 vult
598 1034 653 1055 eas
673 1025 754 1066 peti.
807 1021 888 1056 Non
912 1023 1041 1056 frustra

58 1072 153 1105 misit
170 1071 300 1106 Filium
315 1100 323 1113 ‚
350 1074 410 1107 sed
425 1073 501 1105 vult
518 1085 597 1105 eum
623 1074 780 1116 agnosci,
814 1084 887 1106 non
912 1073 1040 1106 frustra

57 1122 232 1166 promittit
250 1124 353 1156 nohis
374 1123 539 1156 omnibus
561 1120 628 1156 hoc
653 1125 775 1165 ingens
800 1135 947 1163 munuS,
974 1123 1040 1156 sci-

57 1172 156 1211 licet,
184 1174 384 1207 societatem
394 1185 480 1206 suae
495 1181 656 1214 naturae,
672 1174 782 1206 effuso
800 1173 835 1206 in
855 1174 957 1206 corda
975 1186 1040 1206 no-

58 1229 147 1263 stra,
174 1235 236 1257 suo
255 1224 376 1257 divino
396 1224 541 1268 spiritu,
569 1224 658 1257 sicut
674 1224 820 1257 dicitur:
848 1221 1039 1257 Effundam

56 1274 101 1307 de
115 1286 193 1307 meo
209 1274 334 1318 spiritu
351 1282 413 1308 etc.
468 1274 553 1307 Vult
570 1271 637 1307 hoc
652 1281 789 1307 tantum
807 1275 940 1308 donum
956 1275 1040 1318 peti,

56 1330 89 1357 et
120 1325 180 1358 dat
211 1326 430 1368 petentibus,
471 1331 509 1357 ut
534 1321 696 1358 Christus
725 1325 858 1368 inquit:
895 1324 1038 1367 Quanto

55 1375 165 1417 magis
193 1381 292 1418 pater
322 1383 435 1409 vester
457 1375 614 1408 coelestis
637 1376 735 1408 dabit
762 1374 934 1419 Spiritum
959 1387 1039 1408 san-

4 1463 5 1467 *
56 1431 150 1457 ctum
168 1426 378 1469 petentibus.
421 1424 468 1459 Et
486 1425 615 1469 quibus
631 1426 706 1465 det,
727 1426 794 1457 iam
814 1425 905 1466 dixi,
922 1426 1038 1457 omni-

54 1475 122 1508 bus
139 1475 199 1520 qui
220 1482 474 1509 convertuntur
490 1475 533 1508 ad
550 1475 688 1513 Deum,
715 1482 744 1508 et
767 1483 904 1519 petunt.
955 1474 1037 1508 Nou

53 1525 115 1559 dat
131 1526 333 1559 nolentibus
350 1533 486 1570 petere,
520 1526 789 1570 aspernantibus
813 1533 948 1559 tantum
973 1527 1037 1559 do-

53 1587 159 1617 num,
184 1577 387 1610 nolentibus
410 1576 568 1609 converti
592 1578 635 1609 ad
657 1575 782 1610 Deum.
837 1574 1037 1610 Excitemus

53 1626 161 1668 igitur
182 1638 246 1659 nos
268 1628 311 1660 ad
337 1627 611 1671 poenitentiam,
653 1634 685 1660 et
710 1628 899 1671 petendum
923 1627 1037 1671 Spiri-

54 1683 129 1709 tum
148 1685 317 1712 sanctum.

400 1758 457 1782 De
494 1760 682 1789 quarto.

155 1811 335 1845 Postrema
356 1823 435 1855 pars
455 1809 559 1844 huius
578 1811 738 1844 lectionis
761 1811 804 1844 de
827 1824 928 1845 cruce
951 1824 1036 1845 con-

52 1865 224 1898 cionatur.
281 1861 488 1906 Opponitur
519 1862 612 1894 enim
639 1862 873 1905 praemonitio
898 1863 1033 1905 vulgari

52 1913 266 1948 Iudaeorum
282 1912 546 1955 imaginationi,
570 1912 630 1956 qui
646 1912 858 1946 simulabant
877 1913 913 1945 in
928 1925 1035 1956 regno

53 1964 225 2006 Messiae,
252 1975 286 1996 se
302 1963 447 2007 imperia
468 1970 700 2006 occupaturus
719 1974 810 2003 esse,
838 1971 871 1997 et
892 1960 1035 1996 habitu—

53 2027 112 2049 ros
144 2014 378 2047 dulcissimam
411 2013 723 2058 tranquillitatem:
759 2011 854 2047 hunc
879 2025 1034 2046 errorem

53 2072 164 2105 taxat,
210 2071 242 2097 et
266 2071 486 2107 praemonet,
523 2064 626 2109 quale
649 2064 693 2096 sit
716 2075 862 2107 regnum
885 2063 1035 2097 Messiae

51 2118 211 2150 futurum
232 2121 310 2148 ante
335 2115 637 2149 resurrectionem.
692 2113 860 2157 Spargam
887 2127 949 2158 per
973 2126 1035 2147 vos
1058 2122 1062 2185 i

52 2165 287 2209 Evangelium
305 2177 439 2205 meum,
474 2166 509 2197 in
527 2172 639 2199 totum
665 2166 860 2205 mundum,
896 2174 933 2198 ut
962 2165 1034 2197 col-
1059 2187 1061 2218 ξ

52 2218 158 2260 ligam
174 2214 365 2249 Ecclesiam
386 2216 582 2248 credentem
608 2213 716 2254 mihi,
751 2222 785 2248 et
810 2215 1032 2248 confitentem

53 2280 129 2304 me,
166 2278 270 2312 quam
299 2266 434 2308 Spiritu
460 2273 577 2299 sancto
601 2277 736 2308 regam,
774 2272 812 2298 ut
839 2266 875 2298 in
902 2266 949 2297 eis
978 2266 1034 2299 iu-,
1058 2223 1061 2334 ἦ

55 2318 204 2352 coe‘ntur
219 2329 308 2349 nova
327 2317 482 2356 iusticia,
499 2322 531 2348 et
553 2316 622 2349 vita
641 2322 793 2350 aeterna.
834 2315 913 2348 Non
932 2316 1033 2348 mitto
1058 2338 1061 2359 ς

53 2379 116 2402 vos
135 2369 176 2400 ad
195 2367 340 2410 imperia
366 2367 586 2410 occupanda,
620 2367 679 2398 sed
706 2366 900 2410 plerunque
924 2366 1033 2409 impe-
1058 2361 1062 2447 Ι

53 2419 106 2452 ria
139 2418 176 2450 in
207 2429 286 2457 vos,
321 2424 354 2451 et
383 2416 574 2450 Ecclesiam
611 2416 819 2449 exercebunt
844 2416 1060 2459 saevitiam,¹

54 2470 125 2502 imo
142 2466 199 2500 bic
217 2468 288 2510 ipse
306 2468 457 2511 populus
482 2468 607 2505 Israel,
646 2467 704 2511 qui
733 2467 903 2507 gloriatur
927 2467 1031 2499 titulo
1058 2463 1061 2499 l

54 2519 177 2564 populi
195 2518 283 2557 Dei,
311 2519 410 2551 vobis
425 2519 681 2552 adversabitur:
710 2515 836 2550 Eiiciet
856 2529 917 2549 vos
940 2524 1032 2550 extra
1057 2502 1060 2560 l

54 2567 246 2603 Ecclesiam
266 2580 382 2609 suam,
409 2576 574 2613 tanquam
591 2566 706 2601 hostes
719 2568 799 2601 Dei.
855 2567 922 2600 Sed
940 2580 1034 2600 nunc

55 2631 266 2664 praemoneo
299 2629 378 2659 vos»,
417 2626 455 2652 ut
485 2620 600 2652 sciatis
628 2630 746 2651 veram
770 2616 960 2651 Ecclesiam
984 2618 1033 2651 ibi

58 2681 151 2711 esse,
184 2669 246 2705 ubi
270 2668 503 2712 Evangelium
527 2681 644 2704 meum
669 2670 750 2711 erit,
793 2676 824 2703 et
858 2669 1032 2702 invocatio

743 112 1135 152 ANNOTATIONES
1163 114 1213 150 IN
1239 113 1538 153 EVANGELIA.

2010 121 2083 156 286

1099 199 1186 240 Dei,
1213 213 1277 248 per
1295 213 1424 235 nomen
1441 215 1578 244 meum,
1606 203 1695 238 sicut
1718 205 1897 250 aliquanto
1924 211 2003 238 ante
2026 206 2082 238 di-

1099 258 1210 284 xerat:
1240 251 1279 285 Si
1295 253 1491 285 manseritis
1509 254 1545 286 in
1564 266 1640 294 me,
1665 262 1696 288 et
1721 257 1827 289 verba
1853 268 1929 288 mea
1958 256 1995 288 in
2017 268 2080 289 vo-

1099 301 1153 334 bis
1184 303 1396 340 manserint,
1430 303 1598 347 quicquid
1632 305 1833 347 volueritis,
1866 306 2011 350 petetis,
2046 313 2078 339 et

1099 351 1154 385 fiet
1171 352 1280 386 vohis.
1334 351 1438 386 Item:
1467 352 1508 386 In
1531 352 1596 387 hoc
1620 354 1832 395 glorificatur
1859 363 1957 402 pater
1982 368 2078 389 meus

1099 402 1273 441 coelestis,
1301 409 1340 436 ut
1355 403 1507 436 fructum
1525 405 1676 438 multum
1693 405 1829 444 feratis,
1856 413 1888 439 et
1905 407 1992 440 fiatis
2008 407 2077 439 mei

1098 452 1272 497 discipuli.

1198 517 1297 552 Nihil
1315 520 1448 554 tristius
1466 527 1526 562 est,
1541 533 1644 566 quam
1665 522 1742 555 eiici
1759 534 1798 555 ex
1807 519 1974 564 Ecclesia,
1991 536 2078 568 quae

1097 581 1178 602 vere
1194 570 1243 603 sic
1259 569 1398 603 dicitur.
1453 571 1536 605 Ideo
1553 573 1725 606 discamus
1744 585 1832 618 quae
1849 573 1893 607 sit
1911 585 1990 606 vera
2008 572 2076 607 Ec-

1097 621 1221 653 clesia:
1247 620 1386 658 {deinde
1410 622 1513 655 etiam
1536 629 1733 666 repetamus
1756 624 1950 657 doctrinam
1974 636 2077 667 gene-

1097 671 1204 703 ralem
1222 671 1264 703 de
1281 683 1401 712 cruce,
1437 684 1542 717 quare
1562 672 1656 706 Deus
1682 681 1761 707 aute
1786 675 2076 708 resurrectionem

1097 721 1182 754 velit
1204 720 1396 754 Ecclesiam
1432 723 1622 755 subiectam
1659 735 1730 756 esse
1758 725 1871 764 cruci,
1905 725 2078 765 videlicet,

1096 772 1177 816 quia
1196 778 1311 804 manet
1329 779 1506 814 peccatum
1525 773 1561 806 in
1571 771 1963 815 hacimbecillinatura,
1982 776 2076 820 quod

1097 822 1172 855 vult
1196 822 1356 864 agnosci,
1397 824 1548 856 coerceri
1574 824 1847 865 calamitatibus,
1883 832 1915 858 et
1942 825 2076 858 aboleri

1096 878 1226 912 morte,
1252 877 1291 905 ut
1308 871 1439 905 Paulus
1462 874 1594 918 inquit:
1630 873 1764 918 Corpus
1790 875 2001 908 destinatum
2027 883 2077 909 est

1096 923 1220 962 morti,
1262 930 1406 966 propter
1433 931 1633 967 peccatum,
1678 925 1826 966 scilicet,
1867 922 2015 958 haerens
2038 925 2075 958 in

1095 984 1209 1007 carne.

1196 1039 1282 1072 Vult
1299 1039 1507 1074 afflictiones
1525 1041 1662 1074 assidua
1679 1042 1838 1076 exercitia
1856 1054 1928 1076 esse
1951 1043 2075 1086 poeni-

1093 1089 1221 1123 tentiae
1238 1096 1270 1123 et
1284 1089 1536 1131 invocationis,
1563 1093 1638 1126 vult
1657 1093 1737 1126 item
1754 1105 1810 1125 eas
1828 1104 1899 1126 esse
1917 1094 2074 1128 testimo-

1095 1141 1152 1173 nia
1169 1139 1369 1179 doctrinae,
1397 1153 1475 1173 cum
1492 1140 1689 1185 Prophetae
1707 1150 1738 1177 et
1755 1143 1915 1188 Apostoli
1937 1144 2073 1178 malunt

1095 1191 1204 1231 mori,
1244 1202 1349 1235 quam
1377 1191 1527 1225 abiicere
1555 1194 1748 1226 doctrinam
1760 1221 1769 1234 ,
1812 1195 2003 1228 ostendunt
2039 1206 2073 1226 se

1094 1254 1174 1274 vere
1191 1242 1336 1281 sentire,
1364 1243 1458 1285 quod
1476 1244 1614 1278 docent.
1667 1243 1754 1277 Vult
1773 1244 1853 1278 item
1875 1245 2074 1278 testimonia

1093 1303 1182 1332 esse,
1219 1292 1313 1337 quod
1337 1291 1432 1325 aliud
1458 1292 1627 1326 iudicium
1652 1301 1766 1329 restet.
1825 1294 1917 1337 Quia
1940 1293 1998 1328 hic
2019 1295 2074 1327 vi-

1092 1344 1221 1376 dentur
1238 1343 1275 1375 in
1296 1349 1408 1375 morte
1425 1344 1588 1386 neglecti,
1615 1343 1757 1387 Esaias,
1783 1345 1965 1385 Ieremias,
1980 1344 2073 1378 Pau-

1093 1394 1163 1434 lus,
1180 1404 1266 1438 quos
1284 1390 1380 1425 Deus
1396 1395 1548 1427 ostendit
1564 1401 1664 1427 antea
1684 1395 1749 1427 sibi
1766 1407 1868 1428 curae
1886 1407 1969 1430 esse.
2001 1394 2072 1428 Ne-

1093 1455 1184 1476 cesse
1202 1450 1252 1476 est
1267 1442 1374 1485 igitur
1390 1443 1486 1477 aliud
1503 1444 1673 1477 iudicium
1688 1452 1837 1486 restare,
1864 1445 1901 1478 in
1919 1457 1988 1490 quo
2006 1458 2072 1489 pu-

1092 1494 1235 1527 nientur
1251 1493 1411 1539 tyranni,
1448 1495 1509 1539 qui
1527 1495 1563 1527 in
1582 1507 1639 1529 eos
1656 1496 1871 1534 saevierunt,
1899 1496 1960 1529 ubi
1976 1495 2072 1530 Deus

1091 1545 1282 1578 discrimen
1298 1545 1456 1579 ostendet
1471 1557 1551 1579 suae
1567 1544 1744 1580 Ecclesiae
1765 1553 1798 1580 et
1819 1546 2021 1592 impiorum.

1323 1653 1373 1692 In
1418 1653 1500 1692 Die
1545 1654 1836 1696 Penta-ostes,

1330 1723 1564 1769 Evangelium
1581 1725 1753 1761 Iohannis
1772 1728 1829 1762 14.

1142 1790 1283 1838 Siquis
1304 1789 1430 1837 diligit
1449 1805 1521 1833 me,
1545 1805 1742 1827 sermonem
1763 1806 1878 1827 meum
1900 1794 2071 1839 servabit,

1190 1847 1220 1875 et
1238 1847 1342 1888 pater
1356 1855 1455 1876 meas
1471 1841 1600 1888 diliget
1617 1856 1713 1883 eum,
1744 1849 1774 1877 et
1794 1840 1848 1877 ’(ιᾱ
1862 1857 1939 1878 eum
1957 1844 2071 1878 venie-

1190 1905 1291 1936 mus,
1327 1897 1357 1926 et
1389 1893 1615 1927 mansionem
1649 1893 1752 1941 apud
1778 1906 1854 1928 eum
1874 1895 2069 1943 faciemus.

1191 1941 1271 1988 Qui
1301 1955 1374 1976 non
1408 1942 1533 1988 diligit
1563 1957 1634 1984 me,
1674 1957 1855 1979 sermones
1877 1958 1972 1979 meos
1997 1958 2069 1978 non

1191 1997 1328 2034 servat,
1356 1992 1409 2027 Et
1427 2007 1625 2028 sermonem
1652 2008 1754 2043 quem
1778 1994 1960 2038 audistis,
1998 2008 2069 2030 non

1190 2048 1240 2077 est
1256 2055 1353 2077 meus
1364 2071 1373 2085 ,
1399 2043 1465 2077 sed
1481 2045 1555 2078 eius
1570 2046 1636 2093 qui
1649 2046 1748 2080 misit
1764 2059 1816 2080 me
1830 2046 1962 2094 patris,

1138 2102 1240 2136 Haec
1262 2105 1400 2136 locutus
1424 2116 1505 2137 sum
1534 2104 1651 2144 vobis,
1696 2104 1800 2152 apud
1822 2118 1880 2139 ros
1905 2117 2067 2138 manens.

1189 2151 1407 2187 Paracletus
1430 2160 1548 2188 aulem
1575 2154 1737 2202 Spiritus
1761 2161 1927 2195 sanctus,
1963 2168 2065 2203 quem

1188 2204 1299 2237 mittit
1322 2209 1427 2250 pater
1445 2205 1483 2238 in
1502 2206 1644 2240 nomine
1669 2219 1763 2247 meo,
1797 2205 1860 2239 ille
1883 2219 1942 2239 cos
1967 2206 2067 2240 doce-

1189 2254 1240 2287 bit
1260 2254 1414 2295 onm1'a,'
1429 2260 1460 2288 et
1473 2262 1638 2301 suggeret
1657 2256 1756 2290 robis
1777 2257 1921 2297 omnia,
1955 2268 2065 2304 quae-

1189 2317 1325 2352 cunque
1343 2304 1428 2339 dimi
1444 2306 1553 2342 vohis.

1137 2361 1265 2398 Pacem
1285 2363 1450 2411 relinquo
1469 2365 1584 2405 cobis,
1616 2378 1738 2411 pacem
1755 2378 1869 2400 meam
1888 2365 1933 2399 (Io
1958 2365 2067 2407 tobis,

1187 2413 1274 2449 lVon
1292 2413 1472 2462 quomodo
1496 2415 1654 2450 mundus
1677 2415 1760 2457 dal,
1799 2430 1861 2461 ego
1886 2415 1930 2448 (ln
1956 2416 2063 2450 «obis.

1186 2465 1274 2500 Non
1293 2465 1455 2498 turbetur
1473 2478 1531 2499 cor
1546 2473 1716 2507 cestrum,
1745 2479 1854 2513 neque
1873 2465 2063 2513 formidet.

1188 2515 1357 2550 Audistis
1367 2515 1466 2564 quod
1477 2529 1539 2561 ego
1558 2517 1643 2551 dixi
1657 2535 1665 2550 ι
1677 2517 1766 2558 obis,
1792 2516 1902 2550 Vado
1919 2521 1948 2549 et
1967 2518 2066 2550 renio

1185 2565 1240 2601 ad
1253 2579 1323 2602 sos,
1378 2566 1423 2599 Si
1437 2565 1637 2611 diligeretis
1661 2580 1732 2608 me,
1756 2565 1965 2611 gauderetis
1994 2567 2064 2600 uti-

1188 2631 1253 2665 que
1264 2643 1272 2656 ‚
1299 2618 1386 2664 quia
1402 2615 1502 2655 dixi,
1528 2617 1638 2652 Vado
1654 2617 1707 2651 ad
1716 2622 1855 2665 patrem
1868 2646 1876 2659 ,
1893 2618 1979 2665 quia
1995 2630 2064 2664 pa-

1187 2673 1238 2701 ter
1255 2668 1374 2700 maior
1389 2679 1443 2701 me
1458 2672 1515 2701 est.
