2409 2915
128 114 202 152 657

124 212 206 235 nam
230 201 398 243 salutem,
425 207 679 247 proponeretur
698 201 801 234 nobis
825 203 1018 237 consolatio
1043 215 1106 237 nec

124 251 243 292 firma,
268 264 332 286 nec
348 253 484 293 efficax,
508 253 566 285 sed
593 251 707 284 inanis
722 258 754 284 et
770 263 988 286 evanescens.
1041 252 1106 288 At-

125 302 185 346 qui
202 302 300 336 Deus
318 303 392 336 vult
407 301 663 335 communicare
680 301 783 334 nobis
808 302 844 334 in
869 304 967 335 omni
992 310 1105 337 aeter-

124 352 234 386 nitate
256 352 460 399 sapientiam
482 357 515 384 et
537 351 730 384 bonitatem
751 363 870 391 suam,
897 359 1000 398 atque
1020 366 1106 387 con-

123 403 390 436 summationem
406 401 593 435 immensae
608 401 867 435 misericordiae
879 403 1103 437 et'admiran-

124 453 189 486 dae
214 450 430 486 liberationis
448 448 554 484 huius
577 449 643 484 hoc
666 453 772 485 modo
797 453 970 494 decrevit,
1006 461 1044 487 ut
1066 454 1102 487 in

124 509 264 537 aeterna
289 501 524 542 beatitudine,
558 501 747 545 sapientia,
782 503 934 543 iustitia,
971 504 1102 538 laetitia

125 552 198 585 vivi
214 552 372 585 fruamur
387 551 495 595 ipsius
510 551 603 584 claro
621 552 823 597 visibilique
838 561 1023 597 conspectu
1035 581 1044 593 ‚
1071 561 1103 588 et

123 602 199 635 sine
216 607 372 645 peccato,
400 601 474 634 sine
491 608 621 640 morte,
649 602 725 635 sine
741 603 823 637 ullis
846 604 1102 638 calamitatibus

120 650 234 694 ipsum
250 658 418 695 perpetuo
435 652 658 686 celebremus.
712 651 807 686 Haec
824 654 1009 696 promissio
1025 666 1102 697 gra-

119 700 186 735 tiae
209 707 243 735 et
265 708 487 735 aeternorum
512 702 705 743 bonorum,
732 703 855 746 procul
872 703 1023 737 discerni
1041 706 1103 738 de-

121 754 179 789 bet
195 765 214 786 a
231 752 526 797 promissionibus
543 753 718 785 bonorum
736 753 986 797 corporalium.

221 803 405 843 Secundo,
454 814 590 846 semper
619 804 769 836 tenenda
801 809 851 837 est
880 804 1016 847 regula,
1063 803 1101 836 in

120 853 217 888 omni
234 853 402 898 petitione
417 859 579 896 oportere
605 853 753 896 primam
777 860 809 887 et
829 865 999 887 summam
1020 865 1101 897 pro-

119 904 320 938 missionem
344 903 473 946 gratiae
491 909 523 936 et
540 903 756 936 remissionis
779 911 999 947 peccatorum
1019 916 1100 948 pro-

116 961 195 999 pter
215 952 393 989 Christum
420 953 618 997 praelucere
645 954 787 986 caeteris
810 954 1101 998 promissionibus

117 1005 369 1039 beneficiorum
385 1003 632 1047 corporalium.
686 1002 806 1048 ltaque
827 1015 962 1038 necesse
985 1010 1034 1037 est
1058 1010 1101 1044 te,

376 115 458 154 XII.

512 114 903 152 ANNOTATIONES
929 116 995 153 ET
1022 117 1301 155 CONCIONES
1329 120 1381 156 IN
1408 121 1588 158 EVANG.
1617 123 1894 167 ΜΑΤΤΗΑΕῙ.

2066 131 2138 169 658

1160 203 1271 237 vobis.
1323 204 1471 240 Mandat
1488 207 1602 249 etiam,
1628 216 1664 243 ut
1680 211 1762 245 fides
1780 220 1812 247 et
1830 214 2004 250 invocatio
2021 219 2138 262 quoti-

1158 254 1214 287 die
1241 262 1465 288 exerceantur
1488 260 1634 299 petenda
1659 267 1689 293 et
1714 266 1939 306 exspectanda
1964 275 2136 302 sustenta-

1157 304 1252 337 tione
1273 316 1311 337 ac
1333 306 1535 339 defensione
1558 319 1763 352 corporum,
1785 314 1930 359 aliisque
1953 318 2056 352 rebus
2073 331 2135 351 ne-

1157 355 1329 393 cessariis,
1369 356 1412 388 ab
1444 356 1553 399 ipsius
1585 358 1740 394 bonitate
1769 370 1872 408 atque
1897 367 2134 402 misericordia

1155 411 1299 452 propter
1317 402 1507 441 Christum.

1255 454 1357 488 Hanc
1387 456 1581 489 doctrinam
1611 458 1654 490 de
1683 458 1907 496 distinctione
1932 467 2134 508 promissio-

1155 517 1239 537 num
1270 505 1454 539 audivistis
1485 507 1520 539 in
1551 508 1708 550 proxima
1740 512 1918 548 concione.
1977 515 2021 550 Et
2051 520 2132 562 quia

1156 556 1363 598 praecedens
1385 557 1523 599 petitio:
1552 557 1681 591 Panem
1701 566 1858 593 nostrum
1877 566 2133 609 quotidianum,

1155 612 1216 638 etc.
1232 605 1390 649 loquitur
1407 607 1449 638 de
1466 607 1640 640 beneficiis
1665 611 1922 654 corporalibus,
1950 615 2028 649 ideo
2053 630 2132 652 mox

1154 654 1328 688 Dominus
1352 657 1510 699 adiungit
1536 664 1567 690 et
1593 659 1715 702 repetit
1734 661 1937 703 petitionem
1957 667 2134 700 remissio-

1153 705 1208 738 nis
1233 713 1472 749 peccatorum,
1514 719 1616 751 quam
1647 710 1788 752 quidem
1819 713 2064 750 universaliter
2094 719 2130 751 in

1155 756 1250 788 omni
1275 757 1494 799 precatione,
1536 769 1764 803 quaecunque
1790 773 1843 794 res
1866 765 2015 809 petitur,
2052 776 2131 802 ante

1154 805 1273 838 omnia
1297 803 1481 847 adhiberi,
1516 807 1620 840 simul
1646 808 1914 853 comprehendi,
1941 822 1973 848 et
1996 828 2132 861 semper

1154 856 1352 899 praelucere
1385 857 1528 889 caeteris
1561 858 1790 900 petitionibus
1822 870 1972 905 oportet.
2038 867 2131 909 Quia

1154 917 1231 938 cum
1251 905 1364 938 statim
1392 906 1428 938 in
1451 907 1673 941 invocatione
1692 910 1870 958 obstrepat
1895 913 2078 950 infirmitas
2099 926 2132 952 et

1153 955 1345 999 indignitas
1362 963 1498 997 nostra,
1525 968 1660 1002 semper
1675 960 1830 1003 trepidae
1845 971 1977 998 mentes
1993 966 2132 1009 fugiunt

1152 1004 1283 1046 Deum,
1318 1017 1357 1039 ac
1379 1007 1426 1040 ita
1451 1007 1620 1050 cogitant:
1664 1007 1778 1051 Quam
1802 1010 1954 1047 libenter
1979 1023 2131 1059 peterem

118 1056 146 1089 si
165 1056 217 1088 vis
232 1055 393 1087 accedere
411 1055 453 1086 ad
470 1053 600 1093 Deum,
627 1060 659 1087 et
677 1054 768 1086 bona
787 1055 924 1097 corpori
943 1065 1100 1087 necessa·
1124 1051 1127 1059 '
1152 1056 1340 1096 auxilium,
1365 1056 1433 1089 nisi
1450 1068 1505 1090 me
1528 1058 1743 1092 deterrerent
1764 1072 1838 1094 mea
1863 1073 2018 1106 peccata,
2043 1080 2132 1103 (mae

117 1106 170 1139 ria
188 1112 315 1150 petere,
333 1104 486 1147 primum
504 1115 541 1136 ac
559 1111 725 1146 perpetuo
740 1104 864 1137 afferre
880 1102 969 1137 hanc
986 1104 1100 1144 fidem,

117 1158 162 1190 de
177 1155 382 1189 remissione
400 1159 618 1197 peccatorum
637 1160 671 1187 et
687 1154 922 1198 acceptatione
938 1154 1100 1196 gratuita,

117 1218 186 1253 qua
215 1204 425 1238 nominatim
451 1204 538 1247 petis
564 1210 596 1236 et
621 1203 748 1247 accipis
768 1204 1099 1244 reconciliationem,
1123 1218 1125 1227 ι

1122 1283 1124 1291 ,
1151 1267 1288 1299 poenas.

118 1267 255 1302 quaque
271 1261 364 1288 certo
379 1253 501 1287 statuis
517 1251 586 1286 tibi
600 1253 731 1286 remitti
749 1261 884 1297 peccata
895 1280 904 1292 ,
931 1258 962 1286 le
979 1254 1098 1297 recipi,

1155 1112 1205 1139 tot
1225 1113 1256 1140 et
1273 1113 1368 1139 tanta
1384 1113 1485 1147 sunt,
1511 1113 1550 1140 ut
1575 1119 1648 1140 non
1670 1109 1781 1142 ausim
1807 1114 1992 1156 confugere
2016 1128 2131 1162 neque

1152 1157 1314 1189 accedere
1331 1157 1371 1188 ad
1392 1156 1518 1190 Deum.
1573 1155 1675 1190 Item:
1710 1158 1748 1192 Si
1772 1171 1844 1193 non
1872 1159 2034 1199 haberem
2060 1175 2130 1202 tam

1153 1206 1266 1239 tristes
1291 1206 1426 1253 lapsus,
1470 1206 1569 1239 Deus
1601 1205 1694 1240 haud
1719 1209 1824 1242 dubie
1845 1210 1934 1246 mihi
1957 1216 2131 1259 mitigaret

1347 1255 1420 1289 Has
1442 1256 1679 1289 dubitationes
1701 1265 1733 1292 et
1756 1261 2004 1304 trepidationes
2028 1280 2131 1312 expe-

118 1311 183 1340 lua
206 1312 285 1339 vota
316 1303 461 1347 respici,
503 1307 587 1336 tuas
620 1314 736 1345 preces
769 1303 927 1336 exaudiri
956 1310 1099 1347 propter
1150 1306 1292 1338 riuntur
1323 1312 1427 1348 atque
1458 1306 1615 1339 sentiunt
1646 1309 1806 1342 omniurn
1841 1312 1979 1355 piorum
2014 1319 2130 1360 corda,

114 1357 228 1390 filium
252 1354 335 1394 Dei,
381 1352 575 1385 Dominum
610 1351 724 1385 Iesum
749 1350 940 1386 Christum.
1015 1351 1095 1385 Non

114 1406 209 1441 enim
228 1410 338 1449 potest
355 1402 488 1441 accedi,
513 1414 576 1435 nec
592 1409 642 1435 est
662 1402 755 1435 ullus
779 1402 896 1435 aditus
919 1402 960 1435 ad
979 1402 1096 1436 Deum

115 1457 191 1491 sine
207 1454 399 1489 mediatore
416 1459 449 1486 et
466 1452 696 1496 propitiatore
710 1452 783 1485 filio
801 1451 880 1485 Dei.

216 1504 360 1542 Tertio,
387 1503 568 1536 sciendum
590 1509 640 1536 est
660 1501 750 1536 hanc
772 1510 948 1537 aeternam
973 1510 1005 1537 et
1029 1503 1095 1536 im-

111 1564 242 1592 motam
269 1565 340 1588 esse
365 1553 581 1586 voluntatem
605 1551 690 1593 Dei,
714 1560 817 1598 atque
839 1554 1096 1587 severissimum

112 1615 146 1643 et
171 1603 391 1640 immutabile
415 1603 638 1643 mandatum,
674 1609 713 1636 ut
737 1603 833 1636 omni
857 1609 1014 1647 tempore
1037 1605 1096 1636 fir-

114 1657 270 1692 missime
285 1653 426 1693 credas,
454 1653 520 1686 tibi
542 1652 663 1698 gratis
688 1665 750 1697 per
777 1660 810 1686 et
832 1660 974 1697 propter
990 1652 1095 1687 Chri-

113 1715 206 1743 stum
237 1704 362 1739 donari
388 1703 628 1736 remissionem
652 1710 889 1747 peccatorum,
932 1703 1095 1736 iustifica-

113 1759 266 1795 tionem,
292 1753 465 1797 Spiritum
489 1759 646 1786 sanctum
670 1760 703 1786 et
727 1750 976 1786 haereditatem
1001 1754 1095 1786 salu-

113 1810 158 1843 tis
178 1813 351 1840 aeternae.
404 1802 462 1837 Sic
480 1809 598 1836 manet
623 1803 786 1842 immota,
819 1810 931 1843 certa,
966 1810 997 1836 et
1022 1810 1094 1836 rata

113 1855 268 1893 credenti
290 1853 476 1898 promissio
501 1859 639 1885 aeterna
671 1853 713 1885 de
741 1853 1027 1886 reconciliatione
1060 1860 1093 1886 et

111 1907 323 1945 mediatore,
361 1903 434 1936 sive
458 1903 621 1946 impetres
644 1903 751 1935 vitam
774 1909 807 1935 et
828 1903 993 1936 beneficia
1017 1915 1092 1936 cor—

111 1958 226 2004 poris,
250 1955 323 1989 sive
339 1965 412 1987 non
429 1953 607 1996 contingat
623 1952 784 1986 liberatio
801 1953 1006 1997 corporalis.

213 2005 453 2038 Veruntamen
474 2003 555 2049 quia
572 2002 686 2043 Deus,
712 2002 749 2035 in
767 2000 832 2036 hac
848 2003 974 2036 misera
996 2014 1091 2036 mor-

112 2057 175 2094 tali
191 2056 280 2095 vita‚
306 2054 406 2087 initia
424 2066 504 2088 suae
521 2054 628 2093 lucis,
650 2053 804 2086 iustitiae
819 2059 851 2086 et
868 2053 960 2087 vitae
978 2059 1090 2086 aeter-

109 2119 176 2142 nae
196 2106 234 2138 in
257 2104 360 2137 nobis
380 2103 556 2142 accendit,
582 2110 615 2138 et
634 2103 710 2136 vult
725 2102 915 2136 Ecclesiam
940 2115 1002 2147 per
1024 2103 1091 2135 mi-

112 2155 297 2192 nisterium
316 2151 520 2196 Evangelii,
547 2160 581 2187 et
598 2153 865 2186 conversionem
889 2165 948 2187 seu
966 2153 1090 2200 poeni-

110 2207 256 2243 tentiam
273 2201 434 2237 inchoari
450 2203 486 2235 in
497 2200 564 2236 boc
575 2209 720 2245 angusto
737 2203 994 2246 mortalisvitae
1010 2215 1090 2236 cur-

107 2257 240 2295 riculo,
265 2253 413 2297 largitur
429 2260 461 2287 et
477 2253 674 2296 suppeditat
690 2252 793 2286 etiam
810 2253 902 2286 bona
925 2264 1089 2297 corpora·

107 2309 177 2348 lia,
201 2306 329 2345 vitam,
355 2303 631 2338 incolumitatem
647 2303 820 2346 corporis,
847 2303 975 2336 bonam
995 2302 1088 2335 vale-

108 2358 289 2396 tudinem,
329 2354 531 2393 domicilia,
570 2352 727 2396 politias,
768 2364 906 2395 pacem,
945 2353 1087 2392 victum,

106 2408 308 2450 coniugem,
333 2405 481 2446 liberos,
506 2402 744 2443 oeconomias,
776 2402 888 2435 bonos
913 2413 1087 2436 successus

107 2459 147 2493 in
166 2456 365 2494 laboribus,
392 2461 459 2489 etc.
523 2453 642 2498 ltaque
664 2452 880 2487 voluntatem
905 2464 1002 2486 suam
1028 2464 1085 2486 ex-

106 2507 251 2555 pressit,
276 2506 371 2551 quod
388 2505 490 2538 etiam
508 2501 593 2537 haec
609 2503 802 2547 corporalia
819 2503 911 2536 bona
927 2515 1006 2536 vere
1023 2503 1085 2536 da-

107 2567 208 2595 turus
223 2557 287 2597 sit,
312 2562 346 2590 et
367 2555 466 2589 addit
481 2551 675 2596 Evangelio
699 2554 909 2587 nominatim
935 2553 1085 2597 prornis-

108 2610 224 2644 siones
238 2608 282 2641 de
295 2606 400 2640 rebus
415 2604 676 2648 corporalibus,
700 2611 751 2645 ut,
778 2616 856 2637 cum
876 2604 976 2637 dicit:
1004 2601 1083 2637 Pri-

106 2670 203 2693 mum
220 2657 374 2703 quaerite
391 2666 536 2700 regnum
555 2653 638 2694 Dei,
663 2660 697 2688 et
719 2661 850 2689 caetera
873 2655 1084 2689 adiicientur

151 2710 325 2743 muni-n.
353 2709 456 2740 Orza.
480 2707 562 2738 Vol..
591 2705 683 2737 XIV.

1150 1354 1285 1388 etiamsi
1310 1352 1472 1387 homines
1495 1355 1612 1399 efferi,
1652 1358 1846 1404 barbarici,
1885 1371 1918 1398 et
1940 1364 2117 1411 Cyclopici

1149 1412 1209 1439 aut
1225 1402 1428 1449 hypocritae
1447 1405 1559 1439 securi
1576 1406 1740 1449 ignorant
1756 1421 1824 1443 eas.
2121 1396 2131 1411 ⁵

1251 1454 1493 1497 Quamobrem
1516 1454 1692 1490 Dominus
1714 1466 1833 1493 noster
1856 1459 1952 1496 Iesus
1967 1462 2130 1501 Christus

1149 1505 1222 1548 ipse
1240 1505 1343 1538 nobis
1359 1502 1416 1538 hic
1435 1505 1685 1549 amplissimam
1711 1515 1744 1542 et
1767 1511 1980 1546 uberrimam
2005 1528 2130 1551 conso-

1148 1555 1315 1588 lationem
1340 1556 1535 1598 proposuit:
1564 1557 1757 1600 adiungens
1781 1572 1861 1593 mox
1886 1559 1976 1597 hanc
2000 1567 2131 1601 dulcis-

1148 1605 1270 1638 simam
1293 1605 1516 1648 petitionem:
1551 1605 1706 1640 Remitte
1729 1610 1831 1642 nobis
1857 1612 1972 1646 debita
2000 1625 2129 1658 nostra,

1148 1662 1210 1688 etc.
1264 1654 1373 1697 Quasi
1394 1655 1536 1688 diceret:
1565 1655 1645 1688 Non
1669 1669 1745 1690 sum
1771 1660 1924 1702 nescius,
1952 1667 2044 1707 quod
2065 1679 2130 1701 an-

1148 1705 1236 1747 geris
1250 1712 1282 1739 et
1295 1705 1436 1738 terreris
1452 1705 1671 1748 indignitatis
1687 1713 1765 1741 tuae
1780 1709 2128 1761 tristissimorumque

1148 1756 1310 1798 lapsuum
1328 1761 1526 1798 conspectu,
1553 1757 1646 1800 quod
1665 1758 1792 1800 cogitas
1806 1766 1838 1792 te
1854 1761 2025 1797 abiectum
2044 1779 2127 1808 esse,

1149 1812 1227 1838 tuos
1244 1805 1412 1838 clamores
1430 1805 1547 1838 irritos
1565 1817 1652 1846 esse,
1679 1805 1792 1841 Deum
1811 1821 1972 1854 respuere
1987 1827 2049 1849 nec
2066 1830 2127 1851 cu-

1145 1866 1222 1888 rare
1239 1861 1337 1888 tuum
1355 1867 1534 1895 murmur,
1570 1862 1627 1888 tua
1653 1865 1788 1899 peccata
1807 1871 1878 1892 esse
1897 1862 2002 1897 nimis
2018 1868 2126 1902 multa

1144 1911 1177 1938 et
1199 1916 1343 1948 magna,
1365 1905 1430 1938 tibi
1447 1916 1577 1948 poenas
1593 1910 1838 1949 exspectandas
1857 1923 1946 1950 esse,
1974 1926 2045 1948 non
2063 1929 2126 1951 au-

1142 1954 1265 1988 xilium
1286 1965 1349 1987 nec
1368 1955 1622 1990 liberationem.
1676 1955 1807 1991 Contra
1833 1960 1914 1994 istas
1938 1965 2125 2001 ratiocina-

1143 2005 1257 2038 tiones
1288 2004 1379 2037 filius
1402 2004 1467 2038 Dei
1492 2005 1539 2037 sic
1564 2012 1597 2038 te
1622 2008 1839 2042 consolatur:
1879 2010 2028 2047 Rectum
2064 2026 2112 2051 est

1143 2055 1287 2099 Deoque
1316 2061 1471 2097 gratum,
1514 2056 1606 2099 quod
1633 2058 1789 2098 agnoscis
1811 2067 1842 2093 et
1867 2064 2041 2098 confiteris
2065 2047 2124 2101 tua

1143 2111 1291 2148 peccata.
1350 2103 1417 2137 Sed
1438 2117 1509 2137 non
1529 2113 1666 2149 oportet
1684 2114 1715 2140 te
1733 2109 1876 2143 deficere
1895 2123 1912 2144 a
1930 2111 2022 2154 Deo,
2058 2130 2120 2151 nec

1142 2154 1294 2198 opprimi
1317 2154 1578 2198 desperatione,
1613 2155 1683 2189 imo
1708 2159 1794 2191 scias
1811 2158 1922 2194 Deum
1945 2166 2032 2198 velle
2056 2168 2119 2201 tibi

1143 2205 1338 2247 ignoscere,
1366 2211 1399 2238 et
1414 2206 1589 2239 remittere
1608 2215 1746 2253 peccata
1771 2217 1913 2253 propter
1928 2211 2118 2259 Christum,

1141 2255 1300 2299 serioque
1323 2255 1541 2299 praecipere,
1580 2263 1618 2289 ut
1641 2264 1734 2300 petas
1759 2261 2021 2306 remissionem,
2055 2280 2118 2302 nec

1139 2305 1253 2338 solum
1270 2311 1380 2348 petas,
1411 2306 1470 2339 sed
1497 2312 1536 2339 ut
1556 2306 1659 2339 etiam
1684 2315 1776 2341 certo
1803 2309 2018 2358 firmiterque
2042 2329 2116 2350 cre-

1139 2356 1217 2395 das,
1243 2355 1360 2388 omnia
1378 2361 1436 2389 tua
1454 2362 1611 2403 peccata,
1639 2357 1710 2389 sive
1731 2369 1874 2402 magna,
1901 2363 1973 2396 sive
1997 2378 2114 2409 parva,

1139 2416 1260 2438 omnes
1283 2405 1397 2446 labes,
1421 2413 1453 2439 et
1479 2406 1716 2448 infirmitates,
1745 2410 1852 2451 gratis
1876 2421 2016 2456 propter
2040 2429 2114 2451 me-

1137 2455 1307 2489 diatorem
1325 2453 1524 2494 Christum,
1552 2468 1624 2489 non
1647 2465 1789 2503 propter
1811 2461 1882 2495 ulla
1907 2469 1963 2496 tua
1990 2468 2112 2502 merita

1136 2506 1200 2540 tibi
1223 2506 1365 2541 remitti.

1237 2556 1308 2590 Hic
1330 2556 1437 2603 igitur
1457 2562 1587 2590 attente
1606 2563 1710 2601 atque
1723 2559 1813 2591 serio
1828 2571 1925 2593 mens
1944 2569 2000 2596 tua
2020 2565 2110 2600 inter

1134 2607 1366 2650 precandum,
1394 2606 1577 2650 praecipua
1594 2607 1704 2649 capita
1724 2609 1901 2643 doctrinae
1916 2611 2109 2659 Evangelii,

1134 2669 1222 2702 qnae
1238 2655 1304 2690 Dei
1325 2656 1493 2690 beneficio
1509 2657 1665 2701 quotidie
1683 2659 1810 2693 auditis
1836 2660 2023 2706 illustrari,
2064 2669 2107 2701 de

1575 2707 1624 2741 42
