2409 2915
12 464 19 486 μ
71 444 109 479 hi
125 451 216 479 stant
235 444 270 476 iu
285 443 422 485 fastigio
440 443 572 487 templi.

66 758 138 781 esse
155 754 278 780 natura
297 746 421 780 Deum.

20 88 22 154 j
72 104 144 142 561
323 104 405 141 ΧΠ.

449 188 670 220 Applicatio.

172 241 267 275 Haec
297 242 442 276 tentatio
473 248 522 275 est
552 241 735 274 curiositas
759 241 795 273 in
819 242 939 275 multis
967 242 1055 276 vitae

18 333 19 337 Ἰ
72 293 251 338 partibus,
286 293 322 325 in
345 293 524 329 docendo,
558 292 594 323 in
621 292 792 332 cultibus,
820 292 855 324 in
880 293 1054 335 guberna·
1078 315 1081 361 Ι

18 360 19 363 ’
72 345 185 383 tione,
214 344 250 376 in
269 343 409 386 politia,
438 349 470 375 et
488 343 524 374 in
541 343 755 376 oeconomia.

173 394 241 429 Sed
262 391 318 426 hic
334 392 519 436 praecipue.
536 393 666 426 dicitur
677 395 719 426 de
731 394 944 435 doctoribus,
972 395 1052 440 quia

170 493 277 528 Arius
293 500 359 527 stat
380 494 416 526 in
435 505 574 527 summo
593 494 668 528 loco
686 495 829 539 templi,
856 496 891 528 id
909 504 976 537 est,
1004 504 1053 530 est

69 544 384 591 praestantissimus
402 545 534 578 doctor.

168 593 224 628 Ad
249 592 343 628 hunc
367 595 465 628 venit
490 594 670 633 diabotus,
705 604 807 630 autor
832 598 1053 640 curiositatis,

67 653 102 680 et
131 646 274 688 instigat
305 657 401 678 eum:
436 644 526 679 Ecce
557 646 716 688 pulcrum
743 655 848 685 esset,
881 649 909 680 si
936 650 1052 682 unitas

11 710 13 716 ¹
65 695 132 730 Dei
147 697 194 730 sic
214 696 485 739 intelligeretur,
514 692 607 742 quod
625 697 814 731 dicerimus
832 698 961 733 Filium
980 712 1051 733 non

166 797 241 831 Hac
263 797 472 840 cogitatione
495 798 597 830 valde
615 801 790 832 excruciat
809 812 907 840 eum,
936 807 967 834 et
984 801 1050 833 im·

10 846 11 851 ¹
65 849 180 893 pellit,
208 855 245 882 ut
262 849 403 891 colligat
418 848 608 892 scripturas
625 861 689 893 pro
709 848 771 883 hac
789 851 1052 894 imaginatione.

63 899 225 945 Denique
250 899 350 932 valde
374 905 473 942 urget
492 911 589 940 eum,
618 900 705 933 sicut
725 901 907 935 curiositas
926 910 974 936 est
992 914 1051 934 ve-
1075 918 1076 921 ¹

63 947 207 983 hemens
227 949 389 993 impetus.

166 1000 233 1033 Hic
264 999 372 1034 Arius
403 1001 574 1041 vincitur,
615 1007 647 1033 et
682 1001 802 1034 volitat
835 1003 876 1035 de
908 1002 1050 1046 templo,

63 1051 193 1096 spargit
214 1051 335 1084 salsam
358 1051 561 1094 opinionem
580 1051 700 1084 relicto
721 1052 826 1085 verbo
843 1052 927 1093 Dei,
954 1054 1049 1098 quod
1073 1094 1076 1107 ›

62 1104 248 1146 depravat,
276 1102 363 1135 sicut
380 1102 543 1135 diabolus
559 1103 740 1145 depravat,
769 1103 952 1148 inquiens,
979 1103 1049 1137 Cu-
1074 1109 1075 1121 ³

61 1153 190 1187 stodiet
219 1159 270 1193 te,
306 1153 365 1184 sed
398 1165 469 1186 non
500 1152 614 1192 addit,
653 1151 691 1185 In
719 1153 784 1186 viis
808 1155 892 1195 tuis,
928 1154 962 1187 id
990 1161 1075 1195 est‚1

61 1203 215 1248 legitima
233 1203 427 1235 vocatione.
1072 1214 1075 1243 ῃ

164 1252 222 1287 Sic
246 1253 340 1297 Papa
370 1254 435 1286 sert
468 1252 575 1294 legem
602 1254 644 1286 de
670 1255 854 1287 coelibatu.
897 1254 1046 1297 Cogitat,

62 1305 223 1337 videmus
249 1304 412 1337 mulieres
436 1310 466 1336 et
491 1303 582 1335 filios
599 1303 827 1337 Sacerdotum
851 1311 883 1337 et
901 1303 1048 1348 Episco-
1072 1331 1073 1342 ,

60 1367 186 1400 porum
205 1354 314 1387 multa
332 1355 492 1393 turbare,
520 1353 681 1395 pulcrum
701 1362 805 1393 esset,
832 1355 860 1387 si
876 1354 1047 1389 Sacerdo-
1071 1346 1074 1394 Ῐ

59 1413 110 1440 tes
141 1411 255 1438 essent
279 1404 441 1439 coelibes,
500 1402 550 1436 lta
575 1405 733 1449 sequitur
756 1404 851 1452 Papa
879 1418 918 1438 ex
942 1406 1046 1439 stulta
1071 1402 1073 1446 s

59 1455 229 1500 sapientia
262 1463 293 1488 et
325 1453 525 1488 curiositate
549 1466 647 1488 suam
672 1455 978 1499 imaginationem,
1014 1463 1048 1490 et
1071 1452 1072 1478 ἶ

58 1507 127 1541 sert
143 1517 270 1539 novam
290 1506 418 1549 legem,
443 1511 564 1538 contra
583 1507 786 1540 mandatum
806 1505 882 1542 Dei.
1070 1541 1072 1556 γ

161 1556 219 1591 Sic
248 1557 404 1590 fecerunt
429 1556 489 1589 alii
516 1556 739 1591 instituentes
763 1565 842 1592 vota
868 1564 899 1592 et
921 1569 1045 1591 mona-
1070 1575 1071 1579 ¹

58 1605 192 1643 chatus.
1070 1626 1072 1641 ›

459 101 851 140 ANNOTATIONES
878 103 943 138 ET
971 101 1250 140 CONCIONES
1278 103 1330 139 IN
1357 104 1538 141 EVANG.
1568 105 1847 148 MATTHAEL

1070 1507 1072 1538 1
1097 1506 1128 1538 ei
1149 1506 1317 1549 gladium.

2017 116 2092 152 562

1208 188 1300 223 Huic
1319 191 1512 235 opponitur
1534 193 1718 237 promissio
1733 193 1799 229 Dei
1824 198 2020 240 pollicentis
2037 203 2090 235 vi-

1105 246 1198 272 ctum
1217 247 1249 273 et
1263 242 1512 284 defensionem,
1536 245 1581 277 ita
1599 257 1663 278 nos
1677 258 1771 280 nunc
1787 250 2012 285 consolemur
2026 249 2089 286 hac

1105 301 1177 334 ipsa
1196 292 1441 333 promissione.

1206 340 1365 374 Secunda
1397 343 1565 384 tentatio,
1596 352 1645 378 est
1670 347 1836 382 solicitari
1860 351 1902 383 ad
1930 364 2089 386 corrum-

1104 392 1254 435 pendam
1273 392 1488 434 doctrinam,
1512 395 1676 438 propriae
1698 399 1889 442 sapientiae
1905 409 1963 436 aut
1988 404 2089 437 iusti-

1103 442 1175 475 ciae
1190 442 1371 489 opinione.

1204 492 1298 526 Huic
1330 494 1522 538 opponitur
1553 497 1690 538 regula:
1727 497 1808 532 Non
1840 504 1989 537 tentabis
2015 503 2087 538 Do-

1103 543 1238 576 minum
1262 542 1377 577 Deum
1405 552 1515 580 tuum.
1569 545 1632 581 Est
1656 555 1772 582 autem
1799 557 1932 585 tentare
1957 554 2087 596 Deum,

1103 606 1175 627 non
1192 595 1393 628 infirmitate
1412 596 1492 635 labi,
1520 598 1578 630 sed
1599 599 1811 642 curiositate,
1839 599 1905 636 hoc
1923 610 1982 644 est,
2011 607 2087 648 opi-

1102 644 1209 678 nione
1234 646 1395 690 propriae
1418 647 1608 690 sapientiae
1632 649 1810 684 discedere
1833 664 1850 684 a
1871 655 2036 689 mandato
2055 663 2088 689 et

1102 696 1323 729 ordinatione
1341 695 1427 737 Dei,
1456 699 1552 742 quasi
1578 700 1663 733 velis
1683 701 1817 746 aliquid
1835 703 1960 738 melius
1976 706 2088 740 facere

1101 753 1160 780 aut
1177 746 1353 782 ordinare.

1204 796 1244 830 ln
1261 799 1372 842 prima
1392 799 1584 833 tentatione
1602 808 1718 844 peccat
1735 802 1929 839 infirmitas.

1205 847 1245 880 In
1270 850 1420 882 secunda
1455 857 1573 893 peccat
1598 852 1757 895 proprie,
1790 865 1862 886 non
1888 855 2086 897 infirmitas,

1102 899 1160 931 sed
1178 899 1300 946 opinio
1318 900 1479 943 propriae
1503 901 1712 946 sapientiae,
1741 909 1772 936 et
1795 906 1958 951 propriae
1985 907 2087 942 iusti-

1102 950 1191 987 ciae,
1221 951 1344 983 melius
1361 951 1496 996 aliquid
1513 952 1676 988 facturae.

1202 999 1305 1033 Nunc
1332 1002 1433 1035 tertia
1459 1003 1603 1036 tentatio
1627 1004 1802 1048 sequitur,
1829 1006 2002 1046 videlicet,
2031 1021 2087 1042 so-

1074 1050 1227 1084 'licitari
1263 1052 1306 1083 ad
1342 1052 1561 1086 manifestam
1597 1054 1797 1088 idolatriam
1833 1057 1888 1090 vel
1923 1057 2087 1103 blasphe-

1100 1101 1216 1134 miam.
1260 1101 1330 1136 Ubi
1349 1115 1421 1135 non
1438 1111 1555 1146 peccat
1572 1103 1769 1144 infirmitas,
1793 1118 1856 1140 nec
1872 1115 1990 1151 peccat
2011 1111 2086 1153 opi-

1100 1152 1158 1184 nio
1184 1152 1375 1196 sapientiae
1390 1153 1443 1186 vel
1462 1154 1619 1187 iusticiae
1632 1182 1641 1196 ‚
1669 1157 1728 1189 sed
1746 1157 1858 1190 sciens
1883 1165 1916 1191 et
1933 1159 2085 1203 seipsum

1099 1203 1270 1235 damnans
1287 1203 1465 1244 diabolus,
1489 1205 1571 1237 odio
1590 1204 1655 1239 Dei
1673 1207 1811 1251 quaerit
1834 1208 2033 1243 idolatriam
2054 1219 2086 1245 et

1098 1251 1371 1295 blasphemiam,
1405 1261 1443 1287 ut
1473 1254 1631 1289 Iulianus
1660 1258 1906 1301 obtemperans
1932 1261 2085 1303 diabolo,

1098 1303 1209 1335 sciens
1227 1311 1259 1336 et
1278 1304 1429 1347 seipsum
1447 1306 1619 1339 damnans
1643 1307 1865 1351 amplectitur
1892 1310 1986 1344 idola
2003 1313 2086 1346 odio

1099 1361 1130 1386 et
1148 1353 1332 1387 manifesto
1350 1362 1529 1389 contemtu
1546 1354 1624 1397 Dei,
1650 1358 1765 1401 pingit
1783 1357 1901 1393 Iovem
1918 1361 1985 1394 sibi
2003 1375 2085 1405 por-

1098 1404 1269 1447 rigentem
1303 1413 1498 1448 sceptrum,
1542 1413 1574 1440 et
1606 1406 1807 1446 Palladem,
1849 1421 1938 1454 quae
1970 1411 2086 1447 induit

1098 1466 1175 1488 eum
1194 1467 1347 1499 purpura
1374 1457 1619 1500 imperatoria,
1646 1465 1678 1492 et
1695 1457 1867 1500 Martem,
1895 1461 1955 1505 qui
1980 1464 2087 1498 tradit

1376 1506 1472 1541 Ilaec
1496 1507 1559 1541 scit
1585 1509 1826 1544 commentitia
1850 1517 1883 1544 et
1906 1511 1991 1546 salsa
2016 1526 2084 1548 nu-

1097 1556 1193 1590 mina
1211 1569 1294 1592 esse.

1201 1606 1241 1640 ln
1260 1605 1323 1640 hac
1348 1607 1540 1641 tentatione
1560 1606 1722 1642 Christus
1738 1622 1811 1643 non
1828 1612 1998 1656 disputat,
2025 1616 2085 1648 sed

1070 1685 1071 1691 ,
1097 1658 1205 1691 iratus
1229 1658 1369 1702 repellit
1394 1659 1595 1697 diabolum,
1623 1659 1704 1703 quia
1733 1672 1787 1693 res
1813 1663 1995 1697 manifesta
2022 1672 2083 1700 est.

449 1691 654 1715 Conclusio.
1069 1699 1071 1720 1

159 1743 344 1777 Discamus
368 1755 448 1784 ergo
474 1755 513 1776 ex
541 1741 604 1775 hac
631 1744 778 1776 victoria
804 1742 955 1781 Christi,
990 1755 1044 1776 re-

58 1805 217 1843 pugnare
248 1792 504 1826 tentationibus
536 1799 656 1824 contra
688 1805 804 1825 veram
838 1793 1072 1847 doctrinamf

4 1871 7 1875 .
59 1845 144 1879 ltem
170 1844 344 1876 discamus
361 1854 555 1886 repugnare
575 1843 828 1877 tentationibus
846 1850 965 1876 contra
983 1855 1043 1874 vo-
1069 1863 1070 1866 =

58 1896 243 1930 cationem.
305 1893 361 1926 Tu
387 1905 419 1926 es
441 1892 715 1935 Ludimagister,
750 1901 781 1927 et
807 1894 958 1927 libenter
980 1894 1043 1927 tibi
1069 1916 1070 1919 =

59 1957 211 1981 sumeres
227 1944 512 1978 reformationem
530 1942 712 1976 Ecclesiae.
1068 1979 1069 1983 Ἰ

159 1995 217 2030 Sic
242 1996 278 2027 in
301 2001 371 2028 tota
397 1994 467 2027 vita
492 1995 758 2028 assuefaciamus
777 2006 858 2033 nos,
886 2003 924 2029 ut
940 2006 1041 2037 regu-
1067 1985 1069 2013 l

58 2046 146 2080 laria
175 2046 354 2080 faciamus.
407 2045 485 2080 Ξ>α6
516 2046 578 2080 mit
610 2046 665 2088 bet)
696 2048 749 2081 bct
776 2045 878 2090 §neget
909 2046 1042 2086 bleiben'
1067 2053 1069 2060 ⁴

60 2098 125 2132 bnb
150 2095 232 2139 nicht
257 2095 359 2138 auffet
385 2097 437 2130 bet·
456 2096 560 2141 §Roget
580 2100 643 2131 auss
660 2096 782 2141 stirmis}
796 2097 949 2143 υηιιὸῐίρο
967 2097 1042 2142 bing

60 2148 226 2191 ffirnemen
244 2147 317 2181 obet
333 2156 469 2191 ettessen.
1066 2185 1068 2203 ‹

161 2197 352 2232 Curiositas
382 2204 430 2231 est
462 2197 630 2240 opinione
660 2198 849 2242 sapientiae
882 2198 1041 2242 propriae
1067 2219 1068 2239 t

59 2249 232 2294 suscipere
256 2247 481 2290 irregularia,
506 2248 540 2279 id
567 2255 634 2288 est,
657 2261 761 2292 opera
787 2250 862 2281 sine
888 2248 1041 2282 vocatio·
1066 2250 1068 2267 ⁴

59 2312 122 2339 ne,
150 2312 210 2333 seu
229 2299 304 2332 sine
323 2299 488 2331 mandato
504 2297 581 2343 Dei.

160 2350 224 2385 mie
242 2349 376 2385 Raaben
401 2349 496 2391 fossen
521 2347 603 2393 nidpt
627 2349 660 2383 in
682 2348 729 2383 bie
746 2349 809 2384 &b
824 2349 940 2394 geben,
969 2351 1042 2385 2611:
1066 2367 1067 2380 2

51 2412 119 2437 -nen
138 2403 203 2437 mol
220 2399 301 2445 {onst
317 2401 371 2436 ἰηῧ
387 2401 464 2437 ffiab
481 2400 587 2444 geben.

319 2505 376 2538 De
400 2506 517 2538 tertia
544 2499 784 2537 Tentatione.

159 2570 277 2605 Prima
296 2578 345 2604 est
364 2571 473 2613 magis
490 2569 670 2614 perspicua
684 2596 692 2608 ,
721 2568 898 2608 videlicet,
925 2569 1040 2602 solici-

61 2620 127 2654 tari
151 2623 193 2655 ad
217 2622 446 2655 defectionem
470 2621 514 2654 ab
530 2618 724 2663 Evangelio
749 2627 892 2664 propter
916 2619 1041 2653 famem

60 2676 92 2704 et
109 2672 270 2714 pericula.
1065 2693 1068 2707 2

110 2723 283 2755 ΜιιΑπτι-ι.
313 2725 414 2757 Orsa.
440 2725 521 2754 Vos.
551 2722 643 2754 XIV.

1065 2412 1068 2438 ³
1094 2417 1316 2460 cumgestati,
1342 2418 1456 2451 cultus
1475 2424 1686 2450 sanctorum.

1096 1706 1141 1740 Et
1175 1715 1310 1740 tantum
1341 1709 1414 1741 zelo
1448 1709 1529 1741 fidei
1563 1721 1651 1752 opus
1683 1717 1733 1743 est
1765 1712 1808 1744 ad
1840 1713 2083 1760 repellendum

1097 1758 1290 1790 diabolum.

1198 1807 1269 1841 'Nec
1300 1809 1433 1851 indiget
1456 1809 1558 1852 longa
1592 1810 1828 1845 declaratione
1851 1811 1936 1848 haec
1958 1816 2084 1860 imago,

1097 1858 1264 1901 significat
1284 1866 1495 1903 postremam
1515 1867 1547 1893 et
1567 1861 1717 1894 maxime
1739 1859 1952 1897 horrendam
1970 1866 2083 1901 idola-

1097 1910 1198 1942 triam
1224 1910 1261 1942 in
1286 1908 1450 1944 Ecclesia.
1504 1909 1604 1943 Sicut
1628 1917 1782 1945 tentatur
1812 1911 1896 1948 haec
1924 1928 2083 1960 persona,

1095 1960 1225 1992 scilicet
1242 1958 1418 2000 Christus,
1447 1961 1492 1994 ita
1510 1961 1744 2004 significatur,
1770 1966 1863 2008 quod
1883 1965 1919 1998 in
1938 1979 2083 2013 corpore

1095 2009 1226 2044 Christi
1253 2018 1369 2044 sancta
1392 2009 1546 2045 Ecclesia
1571 2012 1614 2046 sit
1630 2010 1748 2046 futura
1767 2014 1950 2059 idolatria,
1977 2031 2081 2064 quam

1095 2062 1285 2094 defendent
1314 2061 1413 2105 impii
1451 2060 1614 2095 homines
1651 2064 1836 2098 manifesto
1875 2075 2080 2118 contemptu

1095 2112 1181 2152 Dei,
1209 2112 1355 2145 scientes
1372 2124 1443 2146 esse
1460 2113 1672 2149 idolatriam.
1726 2112 1772 2149 Et
1789 2117 1978 2153 defendent
1997 2133 2079 2164 pro-

1095 2171 1171 2206 pter
1189 2163 1379 2205 potentiam
1399 2170 1431 2197 et
1449 2175 1543 2207 opes.

1196 2212 1263 2246 Hic
1282 2221 1397 2248 coetus
1413 2215 1605 2248 defendens
1622 2215 1775 2256 idolum,
1797 2223 1827 2250 et
1847 2229 2006 2260 regnam,
2029 2228 2079 2255 est

1094 2275 1241 2307 regnum
1264 2265 1483 2308 pontificium
1505 2278 1581 2299 cum
1606 2266 1771 2299 omnibus
1795 2264 2078 2313 adhaerentibus,

1066 2335 1068 2357 =,
1094 2322 1127 2348 et
1145 2315 1301 2349 defendit
1316 2317 1498 2350 manifesta
1519 2316 1632 2355 idola,
1658 2316 1746 2349 sicut
1765 2315 1926 2359 Ethnici,
1952 2319 2078 2355 Missas

1093 2378 1157 2409 pro
1175 2367 1339 2406 mortuis,
1367 2366 1608 2400 adorationem
1626 2366 1726 2410 panis
1743 2367 1779 2400 in
1796 2371 1991 2412 spectaculo
2009 2372 2076 2405 cir—

1740 2417 1834 2452 Ilaec
1858 2427 1938 2453 sunt
1959 2422 2074 2465 palam

1094 2467 1209 2509 idola,
1238 2475 1278 2501 ut
1303 2468 1369 2511 ipsi
1393 2468 1525 2508 sciunt,
1560 2474 1593 2500 et
1619 2468 1812 2502 defendunt
1836 2482 1908 2502 non
1934 2480 2077 2516 propter

1092 2519 1201 2552 ullam
1232 2519 1400 2563 speciem,
1437 2519 1494 2552 sed
1526 2525 1669 2562 propter
1707 2531 1870 2562 regnum,
1906 2533 2005 2565 opes,
2043 2532 2076 2558 et

1091 2576 1232 2605 statum.

1194 2620 1324 2654 Contra
1343 2617 1427 2652 haec
1441 2632 1512 2654 non
1530 2631 1618 2664 opus
1634 2626 1683 2653 est
1700 2621 1947 2664 disputatione,
1973 2622 2075 2658 Post-

1092 2684 1195 2717 quam
1213 2671 1340 2705 scimus
1357 2682 1429 2704 esse
1444 2671 1550 2712 idola,
1572 2671 1630 2704 sed
1647 2671 1719 2705 zelo
1736 2672 1815 2705 fidei
1831 2685 1919 2718 opus
1935 2680 1994 2715 est,
2016 2687 2074 2709 ve-

1541 2721 1588 2755 36
