2409 2915
285 93 358 127 343

291 277 444 309 xindicta
480 276 613 312 divina.
674 276 732 311 Sic
763 278 931 322 scriptum
954 287 1019 314 est:
1051 279 1151 323 Quos
1177 280 1277 314 Deus

291 327 496 367 coniunxit,
531 325 636 360 homo
660 340 734 361 non
757 336 904 372 separet.
957 328 1003 364 Et
1033 338 1149 364 tamen
1171 329 1277 365 Chri-

292 385 364 411 stus
382 377 416 410 iu
436 378 506 410 alio
525 378 601 411 loco
621 379 746 423 excipit
765 391 883 413 casum
903 381 1161 416 fornicationis.

393 435 594 474 Postremo,
620 450 697 470 cum
715 438 811 471 iubet
820 436 982 472 Christus
999 452 1120 473 cavere
1137 451 1155 474 a
1175 452 1279 484 pseu-

292 485 540 531 doprophetis,
576 485 643 521 hoc
670 488 744 532 ipso
771 489 875 521 etiam
904 487 1065 523 adhiberi
1094 492 1169 525 vult
1193 491 1279 523 dili·
1302 502 1308 508 ’

292 544 430 579 gentem
447 538 712 583 inquisitionem
727 565 735 578 ,
765 545 797 571 et
814 537 977 582 prohibet
993 543 1223 576 temeritatem
1241 542 1278 574 in

293 589 492 621 iudicando.
517 589 629 622 Debet
647 589 754 630 igitur
770 590 843 622 fieri
865 593 1137 626 communicatio
1154 594 1196 625 de
1215 593 1279 625 do—

293 639 404 671 ctrina
423 651 500 671 cum
527 638 604 671 aliis
628 639 715 683 piis,
743 648 775 674 ct
800 641 983 687 inquisitio
1009 644 1182 685 veritatis,
1211 655 1279 688 qua

294 690 452 727 inventa,
481 689 540 721 ille
557 691 698 723 credere
715 692 835 732 debet,
861 693 920 737 effi
938 694 1036 727 audit
1060 694 1170 737 magis
1194 706 1279 727 con-

292 746 458 772 sentanea
486 741 679 784 scripturae
715 742 758 774 ab
793 743 861 775 alio
890 743 1030 784 offerri,
1070 745 1163 778 iuxta
1188 745 1277 777 illud

292 789 411 822 Pauli:
447 789 483 824 Si
501 791 604 824 fuerit
626 792 819 826 revelatum
846 795 998 835 sedenti,
1033 802 1141 828 taceat
1166 796 1275 839 prior.

294 839 357 873 Illa
376 853 458 874 vero
482 842 712 883 concertatio,
746 856 812 888 qua
840 856 937 877 suam
964 845 1113 889 quisque
1137 853 1278 879 senten-
1303 862 1304 870 ¹

293 892 376 924 tiam
393 904 432 925 ex
449 892 603 933 invidia,
636 901 695 926 aut
721 895 914 928 ambitione
939 896 1097 930 defendit
1122 899 1278 944 pertina-
1302 903 1303 908 ¹

293 942 389 983 citer,
404 955 477 976 non
492 944 528 976 fit
544 950 690 991 propter
706 944 975 986 inquisitionem
986 947 1154 983 veritatis.
1184 946 1278 991 Ergo

292 1004 363 1026 non
383 1001 432 1027 est
449 994 589 1037 propria
607 995 758 1038 piorum.

624 1075 681 1099 De
718 1077 946 1102 secundo.

395 1126 558 1161 Christus
589 1127 683 1161 iubet
710 1129 814 1162 falsos
838 1128 1033 1174 Prophetas
1056 1144 1096 1165 ex
1121 1132 1276 1177 ipsorum

293 1179 467 1212 fructibus
497 1179 656 1221 agnosci:
692 1187 773 1213 sunt
807 1188 923 1214 autem
952 1183 1088 1216 fructus
1111 1183 1278 1227 duplices,

292 1231 422 1262 malum
441 1230 585 1272 dogma,
613 1237 644 1262 et
663 1231 744 1263 mali
764 1243 888 1265 mores.
939 1232 1086 1278 Semper
1103 1235 1196 1267 enim
1215 1233 1278 1268 ha-

293 1281 376 1314 bent
393 1278 558 1313 haeretici
576 1281 789 1315 manifestim
808 1283 952 1328 aliquod
971 1284 1118 1328 impium
1142 1287 1279 1329 dogma,

293 1332 386 1376 quod
412 1331 628 1374 impossibile
653 1339 703 1365 est
727 1334 850 1366 cadere
872 1334 909 1366 in
934 1332 1140 1370 Ecclesiam.
1202 1334 1279 1370 Etsi

293 1383 386 1414 euim
403 1382 533 1424 singuli
557 1394 672 1415 errare
698 1390 732 1416 et
756 1384 825 1416 labi
851 1391 1014 1428 possunt,
1050 1387 1110 1431 qui
1135 1394 1216 1420 sunt
1243 1388 1278 1419 in

292 1431 470 1472 Ecclesia,
497 1439 613 1466 tamen
632 1434 676 1466 ab
701 1434 867 1468 universo
893 1443 993 1469 coetu
1012 1435 1188 1470 Ecclesiae
1214 1439 1280 1470 im-

294 1483 460 1526 possibile
490 1490 542 1517 est
570 1484 752 1518 manifeste
784 1485 933 1530 impium
967 1488 1092 1531 dogma
1127 1489 1281 1523 defendi.

295 1533 375 1567 Tali
403 1534 508 1577 igitur
531 1535 717 1568 manifesto
745 1536 864 1581 aliquo
889 1537 999 1581 impio
1034 1539 1196 1583 dogmate
1220 1540 1280 1572 de-

295 1583 487 1629 prehenso,
515 1583 597 1618 hinc
615 1586 814 1618 faciendum
831 1595 881 1621 est
902 1588 1074 1621 iudicium
1101 1591 1144 1622 de
1169 1596 1280 1623 caete-

295 1636 360 1676 ris,
388 1643 424 1670 ut
444 1637 535 1680 apud
556 1635 715 1679 Papistas
733 1637 918 1671 manifeste
939 1639 1041 1682 impii
1065 1652 1200 1673 errores
1225 1641 1281 1673 in-

295 1685 507 1730 veniuntur,
535 1687 577 1719 de
601 1687 825 1720 invocatione
850 1688 1083 1731 Sanctorum,
1111 1692 1154 1724 de
1172 1691 1281 1725 Missa

294 1737 504 1782 applicanda
539 1750 602 1782 pro
640 1738 728 1771 vivis
756 1737 982 1781 et‘mortuis,
1017 1748 1048 1774 et
1071 1742 1213 1787 quidem
1241 1754 1282 1776 ex

295 1801 399 1833 opere
418 1795 583 1832 operato,
606 1796 638 1822 et
656 1789 714 1822 alii
732 1802 836 1834 quam
859 1791 1016 1834 plurimi.
1059 1793 1165 1836 Apud
1184 1792 1281 1826 Ana-

294 1840 462 1882 baptistas
479 1839 660 1872 manifeste
684 1841 790 1884 impia
819 1848 849 1874 et
873 1842 1022 1875 fanatica
1047 1851 1150 1883 sunt,
1186 1846 1278 1889 quod

297 1890 427 1923 tollunt
445 1891 563 1923 onmia
583 1891 699 1923 civilia
717 1898 749 1924 et
768 1892 909 1934 politica
926 1893 1054 1926 officia.

400 1948 502 1981 Talia
539 1961 618 1981 cum
655 1949 871 1992 impossibile
895 1951 937 1983 sit
965 1951 999 1983 in
1026 1963 1106 1984 vera
1129 1951 1282 1985 Ecclesia

297 2000 459 2039 defendi,
494 1999 594 2032 facile
632 1997 714 2032 hinc
743 2001 861 2043 colligi
895 2008 1005 2044 potest
1034 2001 1283 2046 Auabaptistas

298 2063 369 2085 esse
387 2048 728 2095 pseudoprophetas,
757 2059 787 2084 ct
807 2064 878 2085 non
903 2053 1079 2097 pertinere
1103 2055 1144 2086 ad
1163 2054 1282 2087 Eccle-

298 2103 406 2141 siam,
439 2109 471 2136 et
496 2099 563 2134 hoc
591 2102 666 2145 ipso
690 2103 870 2135 manin-sie
896 2115 930 2136 se
956 2105 1131 2148 produnt,
1166 2112 1197 2139 et
1223 2118 1284 2150 pa-

299 2154 364 2187 lam
391 2152 552 2185 convinci
577 2160 737 2199 possunt.
790 2152 847 2186 Sic
874 2166 952 2187 cum
981 2163 1108 2197 negant
1135 2157 1285 2191 infantes

299 2204 527 2247 baptizandos
562 2215 654 2243 csse,
687 2215 825 2236 uccesse
857 2212 904 2237 est
942 2218 999 2238 cos
1036 2219 1165 2250 ponere
1194 2205 1284 2241 hanc

301 2253 532 2300 hypothesin,
550 2256 643 2299 quod
666 2255 816 2288 infantes
834 2269 904 2288 nou
925 2254 1074 2290 balneant
1095 2266 1284 2300 peccatum,

300 2318 377 2338 cum
397 2312 512 2337 tamen
532 2317 668 2338 necesse
683 2306 725 2339 sit
744 2306 843 2339 fateri
856 2335 863 2345 ,
890 2309 983 2352 quod
1001 2307 1162 2342 Christus
1179 2310 1281 2343 ctiam

301 2369 362 2400 pro
383 2356 576 2388 infantibus
596 2357 637 2389 sit
656 2368 784 2400 passus.
835 2357 882 2390 lta
903 2372 973 2391 uno
993 2359 1100 2403 impio
1121 2362 1282 2401 dogmate

299 2405 536 2451 deprehenso,
567 2419 704 2441 neccsse
721 2416 768 2441 est
786 2417 903 2452 postea
928 2411 1044 2454 plures
1071 2423 1205 2444 errori-s
1230 2425 1281 2444 se-

299 2460 369 2503 qui.
404 2459 500 2490 Sicut
519 2457 612 2490 enim
634 2459 667 2490 in
689 2459 823 2492 Musica
842 2473 909 2494 uua
929 2462 1044 2507 aliqua
1063 2459 1192 2495 chorda
1210 2463 1280 2495 dis-

300 2517 461 2545 ειιιιηιιῐσ·ἱ
491 2516 559 2542 tota
579 2506 763 2542 harmonia
784 2513 964 2550 turbatur,
1000 2513 1045 2546 ita
1065 2513 1099 2545 iu
1119 2514 1278 2547 ‹tm-uina

299 2573 386 2592 uuus
404 2560 530 2604 aliquis
547 2572 646 2593 error
666 2561 868 2605 discrepans
887 2577 902 2595 a
921 2565 1171 2600 fundamento.
1202 2578 1278 2609 pcr-

298 2613 411 2644 turhat
430 2611 560 2645 omnia.
617 2611 703 2644 Nam
725 2619 758 2645 ut
781 2626 914 2657 svrupct·
937 2629 1056 2649 verum
1086 2628 1167 2648 vern
1195 2629 1278 2649 cuii-

294 2669 435 2696 sonant.
477 2662 521 2694 ita
550 2663 672 2695 falsum
699 2664 849 2707 plurima
879 2674 988 2699 errata
1013 2679 1128 2699 secum
1160 2666 1278 2703 trahit.

886 90 1012 126 PHIL.
1039 91 1154 128 MEL.
1184 91 1394 129 SCRIPTA
1421 92 1719 130 EXEGETICA.

290 176 368 210 Non
390 175 594 209 vindicabis.
637 173 690 209 Ex
717 175 796 208 aliis
813 175 899 210 locis
916 177 1111 213 manifestis
1124 179 1274 223 scriptu·
1299 173 1303 231 Ι
1326 185 1364 213 ut
1382 179 1443 225 qui
1462 180 1568 214 semel
1586 191 1605 214 a
1620 187 1713 215 recta
1731 181 1786 215 via
1803 181 1966 226 deflexit,
1994 181 2318 226 eum'neeessetest,

290 240 348 259 rae
366 226 568 270 excipienda
587 233 636 260 est
652 226 807 260 vindicta
827 227 985 270 publica,
1013 241 1103 274 quae
1127 237 1178 264 est
1201 230 1275 274 ipsa
1300 236 1303 263 ἵ

1300 305 1304 364 ι
1325 291 1453 314 errare.

2227 99 2312 135 644
2346 107 2370 140 ·.

2351 155 2379 179 α

1329 242 1400 274 quo
1420 231 1560 274 longius
1584 233 1827 275 progreditur,
1861 244 1902 266 eo
1922 232 2034 276 magis
2061 231 2317 278 ac1magisjde-

1429 348 1525 383 Haec
1557 350 1712 384 breviter
1743 350 1836 384 dicta
1861 357 1944 384 sunt
1967 351 2011 384 de
2033 350 2224 392 fructibus,
2257 352 2318 396 qui

1302 420 1304 442 1
1328 407 1412 434 sunt
1433 399 1469 433 iu
1495 401 1568 445 ipsa
1591 400 1752 434 doctrina
1782 398 2192 445 pseudoprophetarum,
2220 402 2317 436 vide-

1302 466 1303 471 =
1328 449 1428 489 licet,
1457 463 1536 484 cum
1563 451 1765 485 defenditur
1789 451 1934 497 aliquod
1960 452 2145 485 manifeste
2168 452 2316 496 impium

1326 502 1468 544 dogma.
1521 501 1643 536 Postea
1661 508 1742 535 sunt
1760 509 1794 535 et
1810 502 1870 535 alii
1888 502 2023 536 fructus
2042 503 2079 535 in
2100 502 2170 536 vita
2187 509 2219 536 et
2243 515 2318 537 mo-

1328 553 1444 593 ribus,
1484 565 1562 586 cum
1600 553 1782 586 adduntur
1818 553 1998 586 erroribus
2027 553 2214 587 manifesta
2241 565 2319 597 pec-

1329 609 1422 642 cata,
1462 610 1502 637 ut
1523 615 1600 638 cum
1624 603 1878 647 Anabaptistae
1903 604 2076 638 invadunt
2105 604 2141 637 in
2167 603 2318 638 aliorum

1303 687 1304 691 ,
1330 665 1382 686 res
1399 660 1431 687 et
1455 654 1568 696 bona,
1593 661 1772 700 praetextu
1794 654 1993 695 doctrinae,
2020 655 2110 688 sicut
2133 653 2318 689 Monaste-
2338 642 2372 698 Ᾰ

1328 704 1462 737 rieuses
1482 711 1513 738 et
1535 705 1595 737 alii
1614 705 1779 738 dicebant
1805 717 1839 738 se
1863 702 1994 738 habere
2021 706 2246 745 mandatum,
2280 712 2319 740 ut

1330 755 1487 788 delerent
1509 767 1632 789 omues
1653 756 1781 800 impios
1804 756 2039 799 magistratus,
2093 755 2200 797 ltem,
2225 756 2318 801 quod

1330 811 1450 838 contra
1477 805 1530 839 ius
1553 813 1585 840 et
1612 806 1715 839 fidem
1744 807 2013 850 coniugiorum,
2047 807 2240 847 abiiciunt,
2266 818 2321 840 re-

1302 878 1304 883 ·
1330 857 1463 889 ducunt
1489 868 1616 889 uxores
1638 869 1723 902 quas
1750 858 1888 891 volunt.
1943 856 2002 891 Sic
2018 856 2113 902 Papa
2139 864 2320 902 praetextu

2347 600 2369 623 0

1302 930 1305 965 Β
1330 907 1511 940 doctrinae
1526 908 1568 940 ad
1587 919 1621 940 se
1637 908 1754 952 rapuit
1774 909 1936 952 imperia.

1302 971 1304 1039 ,
1432 972 1534 1006 Talia
1551 980 1688 1017 peccata
1707 986 1795 1018 quae
1818 975 1907 1008 fiunt
1932 980 2113 1018 praetextu
2139 973 2321 1008 doctrinae
2367 991 2372 996 ·

1302 1044 1303 1080 {
1329 1023 1434 1057 etiam
1453 1030 1534 1057 sunt
1552 1024 1745 1068 peculiares
1763 1031 1866 1058 notae
1887 1024 1970 1058 mali
1988 1025 2146 1069 spiritus,

1491 1124 1712 1164 Dominica
1727 1124 1799 1165 IX.
1818 1128 1911 1176 post
1931 1124 2167 1166 Trinitatis.

1599 1204 1836 1248 Evangelium
1856 1205 1971 1239 Lucae
1992 1206 2050 1241 16.

1379 1271 1539 1306 Dicebat
1558 1276 1677 1304 autem
1707 1276 1737 1304 et
1763 1268 1818 1304 ad
1840 1268 2043 1315 discipulos
2064 1283 2170 1306 suos:
2199 1271 2321 1308 Homo

1432 1320 1585 1370 quidam
1605 1326 1681 1355 erat
1707 1320 1826 1362 dives,
1853 1321 1920 1369 qui
1943 1319 2104 1356 habebat
2129 1320 2321 1370 dispensa-

1433 1378 1566 1414 torem,
1601 1377 1631 1405 et
1655 1370 1714 1406 hic
1740 1369 1962 1420 diffamatus
1991 1377 2041 1406 est
2069 1371 2176 1420 apud
2199 1372 2321 1417 illum,

1434 1423 1547 1471 quasi
1563 1416 1779 1470 dissipasset
1807 1422 1903 1456 bona
1931 1422 2049 1460 illius.
2102 1423 2156 1457 Et
2182 1428 2321 1459 vocavit

1433 1473 1541 1508 illam
1575 1479 1604 1507 et
1633 1474 1685 1507 ait
1718 1472 1795 1507 illi:
1837 1472 1943 1520 Quid
1967 1471 2034 1508 hoc
2057 1473 2172 1509 audio
2199 1473 2323 1510 dete?
2370 1521 2374 1524 Δ

1433 1523 1562 1559 Redde
1581 1526 1759 1558 rationem
1779 1521 2067 1571 dispensationis
2086 1530 2189 1567 tuae,
2218 1525 2320 1560 ultra

1434 1576 1528 1610 enim
1540 1588 1611 1609 non
1620 1575 1754 1622 poteris
1770 1573 1995 1622 dispensare.
2026 1575 2088 1609 Ait
2104 1581 2224 1610 autem
2243 1575 2321 1611 dis-

1432 1631 1606 1674 pensator
1622 1626 1722 1659 intra
1740 1637 1795 1666 se,
1830 1624 2111 1674 Quidsaciam‚
2147 1627 2236 1675 quia
2255 1626 2321 1662 do—

1432 1679 1555 1711 minus
1583 1689 1681 1711 meus
1705 1676 1829 1725 aufert
1855 1690 1878 1710 a
1904 1689 1958 1711 me
1985 1676 2323 1725 dispensationem?

1435 1726 1577 1762 Fodcrae
1616 1741 1688 1762 non
1733 1726 1852 1766 caleo,
1895 1727 2102 1762 mendicare
2143 1728 2320 1766 erubesco,

1435 1778 1520 1813 Scio
1537 1777 1630 1826 quid
1643 1778 1802 1823 faciam,
1832 1783 1869 1811 nt
1890 1791 1967 1812 cum
1996 1784 2140 1813 amotus
2157 1780 2272 1828 suero
2296 1794 2319 1814 a

1436 1829 1728 1877 dispensatione,
1784 1829 1960 1875 recipiant
2011 1843 2064 1864 me
2114 1830 2151 1863 in
2195 1828 2319 1866 domos

1434 1894 1537 1915 suas.

1386 1948 1437 1982 Et
1473 1947 1677 1981 com-acatis
1712 1946 1875 1993 singulis
1918 1945 2142 1982 debitoribus
2179 1947 2321 1984 domini

1435 2000 1513 2036 sui,
1554 1997 1693 2032 dim-lm!
1715 1999 1850 2045 primo:
1891 1996 2083 2045 Quantum
2108 1998 2210 2034 debes
2236 2000 2318 2035 Do-

1435 2050 1535 2084 mino
1565 2049 1668 2083 meo?
1711 2048 1757 2083 At
1789 2048 1852 2083 illc
1880 2047 1998 2094 dia-it,
2034 2048 2188 2085 Centum
2214 2051 2320 2087 batos

1436 2101 1516 2135 olei.
1550 2099 1736 2148 Diritque
1753 2100 1833 2134 illi:
1853 2099 1978 2147 Accipe
1992 2102 2195 2136 (arationem
2206 2107 2319 2143 tuam,

1439 2158 1467 2185 et
1487 2150 1614 2186 sedens
1630 2152 1699 2186 cito
1714 2151 1828 2185 scribe
1846 2152 2130 2199 quinquaginta.
2173 2153 2321 2189 Deinde

1440 2203 1553 2237 alteri
1568 2202 1684 2237 dia-it:
1714 2201 1772 2237 Tu
1790 2215 1870 2236 vcro
1886 2209 2064 2251 quantum
2082 2203 2212 2239 debes?
2246 2205 2320 2240 Ille

1438 2261 1557 2289 autem
1580 2256 1654 2292 ait.
1697 2249 1850 2288 Centum
1877 2267 1976 2288 coros
2001 2255 2123 2291 tritici.
2187 2255 2240 2290 Et
2263 2256 2319 2290 ait

1436 2306 1513 2340 illi:
1543 2305 1667 2353 dissipe
1685 2307 1886 2339 mulionem
1904 2310 2024 2343 tuam.
2046 2311 2076 2339 et
2093 2306 2208 2341 scribe
2223 2313 2318 2341 ‹vc-to-

1434 2358 1556 2403 ginta.
1615 2357 1667 2390 lz't
1697 2355 1867 2390 laudarit
1891 2355 2061 2390 deminus
2087 2355 2317 2405 dispensato-

1438 2422 1509 2442 rem
1547 2408 1772 2444 iniusticiae,
1815 2405 1916 2454 φησι]
1939 2405 2135 2453 prudenter
2156 2409 2319 2458 fecisset,

1435 2460 1524 2508 quia
1537 2458 1615 2504 filii
1630 2457 1740 2493 huius
1755 2457 2241 2505 seculiprmientioresfiliis
2260 2459 2319 2494 lu-

1436 2513 1505 2552 cis,
1533 2513 1569 2545 in
1587 2510 1821 2556 generatione
1837 2522 1905 2542 sua
1924 2516 2020 2544 sunt.
2076 2509 2128 2545 Et
2151 2523 2214 2557 ego
2237 2510 2317 2546 dico
2364 2508 2366 2516 ’

1436 2563 1552 2596 iobis:
1587 2559 1716 2596 Facta·
1746 2560 1844 2594 vohis
1867 2562 2005 2595 amu-os
2027 2560 2068 2595 de
2088 2560 2315 2597 illamnnma
2361 2561 2364 2581 ''

1433 2614 1660 2651 Iniustitiae,
1706 2618 1742 2646 ut
1769 2625 1845 2645 cum
1873 2610 2095 2659 ‹letes-eritis,
2137 2614 2315 2660 recipiant
2360 2608 2363 2651 j

1435 2680 1493 2698 «ts
1513 2668 1548 2699 in
1569 2670 1716 2698 aeterna
1738 2663 1990 2699 tahrrnacula.
2359 2660 2363 2689 l
2398 2699 2401 2708 Ι
