2409 2915
76 123 148 160 721
331 119 417 157 XII.

72 207 341 243 succumberent
359 207 542 241 doloribus
560 206 597 239 in
617 212 713 239 tanta
730 206 823 239 mole
845 206 1062 240 tristissima-

73 270 153 294 rum
180 259 422 299 miseriarum,
449 256 608 302 patefecit
625 255 719 290 Deus
741 257 973 291 inenarrabili
996 258 1062 291 bo-

73 310 184 345 nitate
201 309 406 343 immensam
423 307 700 341 misericordiam
724 319 821 341 suam
847 320 926 351 erga
952 320 1062 352 genus

74 358 293 402 humanum,
327 372 366 393 ac
382 359 547 403 prodiens
565 370 605 391 ex
620 370 746 392 arcana
765 365 797 392 et
817 366 957 393 aeterna
981 360 1061 393 sede

74 424 154 453 sua,
189 409 279 444 hanc
305 421 426 443 vocem
447 416 567 443 sonat:
611 407 687 453 Ego
711 421 814 443 verus
840 418 1002 445 aeternus
1028 416 1063 444 et

74 463 299 507 omnipotens
322 459 417 494 Deus
441 459 516 504 ipse
535 471 597 493 vos
621 461 824 502 exaudiam,
867 462 1062 505 respiciam,

74 513 299 553 consolabor,
325 511 545 551 sustentabo,
572 511 720 552 iuvabo,
747 512 893 556 eripiam
917 519 950 545 et
974 513 1063 545 lihe-

74 564 160 598 rabo
181 564 219 596 in
241 562 408 596 omnibus
431 562 613 606 periculis,
640 562 927 602 difficultatibus,
954 563 1059 596 mise-

75 614 138 648 riis
160 620 194 647 et
217 613 412 647 aerumnis:
450 613 540 646 sicut
560 612 709 646 affirmat
727 612 867 647 Psalmo
890 611 968 649 50.:
999 613 1059 646 ln-

74 675 157 698 voca
174 675 229 697 me
245 664 283 696 in
298 664 355 696 die
372 664 630 704 tribulationis,
658 671 691 697 et
707 664 854 708 eripiam
872 671 916 699 te.

172 712 282 755 Ecce,
309 715 358 748 sic
372 715 528 748 secundo
551 715 628 748 loco
652 716 844 748 necessaria
868 723 918 749 est
941 727 1060 759 preca·

71 765 122 800 tio
147 772 181 800 et
202 765 397 807 invocatio,
441 773 559 799 nostra
584 777 705 807 causa,
745 778 804 799 seu
829 773 973 810 propter
992 778 1059 799 no·

72 823 178 850 stram
210 816 358 849 salutem
393 829 431 849 ac
461 817 668 855 utilitatem,
709 824 748 850 ut
779 817 939 850 videlicet
965 823 1059 850 certo

73 867 243 908 sciamus,
279 879 349 912 quo
376 868 583 910 confugere,
611 867 671 900 ubi
699 868 936 912 acquiescere,
964 868 1059 901 unde

72 918 348 951 consolationem
369 925 402 951 et
419 918 589 951 auxilium
608 924 738 965 petere,
759 925 966 962 exspectare,
984 930 1058 951 cer-

72 975 180 1014 toque
195 969 361 1013 consequi
381 976 413 1002 et
432 969 586 1012 accipere
606 969 779 1012 possimus
802 977 905 1014 atque
930 969 1058 1002 debea-

71 1031 162 1054 mus,
214 1017 356 1052 Etenim
373 1017 441 1052 'noc
466 1020 540 1063 ipso
570 1020 638 1052 fine
663 1032 701 1053 ac
725 1020 872 1052 consilio
898 1019 1060 1067 pluribus

73 1077 106 1104 et
131 1070 337 1103 durioribus
358 1070 616 1103 calamitatibus
645 1078 839 1111 exercetur,
883 1077 1060 1110 oneratur,

72 1132 112 1154 ac
126 1121 299 1165 premitur
317 1133 396 1153 vera
413 1120 586 1160 Ecclesia,
614 1133 718 1165 quam
741 1121 875 1165 reliqua
899 1133 976 1165 pars
1003 1132 1061 1163 ge-

71 1172 168 1206 neris
184 1169 343 1212 humani,
371 1179 409 1205 ut
425 1171 628 1204 exsuscitata
647 1183 750 1204 sensu
768 1173 953 1212 malorum,
981 1173 1060 1215 plu-

73 1234 129 1255 res
144 1221 273 1255 babeat
300 1234 418 1255 causas
441 1223 615 1255 clamandi
641 1223 683 1255 ad
709 1221 842 1262 Deum,
876 1230 907 1255 et
933 1223 1059 1266 implo-

73 1273 175 1306 randi
201 1273 370 1305 auxilium
393 1272 480 1313 Dei,
513 1280 621 1317 utque
647 1273 732 1305 sciat
758 1272 871 1306 Deum
895 1284 1060 1316 praesen-

74 1330 144 1356 tem
162 1325 281 1356 adesse
299 1324 333 1355 in
352 1324 625 1363 afflictionibus,
660 1323 748 1355 velle
772 1323 954 1355 nobiscum
979 1334 1059 1355 ver—

73 1374 163 1412 sari,
199 1374 302 1406 nobis
327 1373 513 1418 opitulari,
548 1385 610 1405 nec
636 1374 855 1406 deserturum
879 1384 961 1410 nos,
997 1384 1059 1405 nec

73 1424 326 1468 permissurum
352 1435 442 1464 esse,
469 1430 507 1456 ut
530 1434 748 1466 mergamur,
779 1424 1060 1463 succumbamus,

69 1475 275 1509 obruamur.

31 1528 34 1530 ’
172 1523 249 1558 Etsi
265 1531 380 1557 autem
405 1531 501 1558 tanta
526 1524 672 1558 durities
697 1531 745 1558 est
770 1536 916 1568 magnae
938 1523 1059 1557 multi—

73 1576 208 1611 tudinis
227 1573 412 1608 hominum
437 1576 666 1619 profanorum
693 1583 725 1609 et
750 1575 993 1613 efferatorum‚
1020 1581 1061 1607 ut

76 1639 138 1660 nec
169 1625 371 1659 domesticis
400 1637 438 1658 ac
468 1627 639 1670 propriis,
680 1638 744 1659 nec
773 1626 924 1670 publicis
956 1632 1060 1670 atque

76 1677 325 1711 communibus
348 1676 498 1709 miseriis
523 1677 737 1716 afficiantur,
768 1684 826 1710 aut
852 1677 1062 1720 perturben-

75 1736 152 1769 tur,
181 1729 239 1761 sed
258 1738 378 1760 secure
395 1734 540 1774 pergant
558 1725 725 1767 helluari,
755 1734 784 1760 et
808 1728 925 1760 frenos
952 1726 1062 1759 laxari

75 1779 187 1813 coecis
203 1778 471 1822 cupiditatibus,
497 1790 620 1821 parum
638 1778 766 1811 soliciti
789 1777 843 1822 (ut
861 1778 950 1821 apud
971 1776 1062 1810 Ger-

75 1841 199 1863 manos
216 1829 321 1872 vulgo
345 1829 412 1861 (lici
439 1829 541 1869 solet)
564 1829 618 1861 vel
648 1831 690 1861 de
716 1829 865 1862 utilitate
889 1840 1062 1870 annonae,

78 1881 132 1913 vel
150 1881 193 1913 de
209 1880 327 1923 inopia
345 1887 377 1912 et
403 1880 544 1913 caritate
569 1880 617 1912 rei
642 1880 908 1913 frumentariae:
946 1886 1061 1912 tamen

77 1937 174 1964 tanta
195 1931 288 1963 mole
310 1942 522 1974 poenarum,
550 1931 744 1963 cervicibus
764 1931 894 1964 nostris
919 1929 1060 1973 imposi-

79 1990 192 2016 tarum
206 2009 215 2022 ,
241 1989 273 2015 et
292 1981 554 2014 imminentium
574 1979 639 2014 boc
657 1988 827 2025 tempore,
857 1981 1064 2025 premimur,

78 2044 244 2076 urgemur
263 2039 295 2066 ct
308 2032 513 2075 fatigamur,
536 2039 574 2066 ut
591 2044 729 2066 necesse
752 2032 795 2065 sit
824 2032 953 2065 multos
980 2043 1065 2064 con-

78 2090 198 2127 spectu
222 2095 260 2116 ac
285 2095 387 2116 sensu
414 2090 466 2117 tot
491 2084 794 2116 acerbissimarum
827 2082 1064 2116 calamitatum

80 2132 304 2171 vehementer
319 2134 399 2175 angi
419 2141 451 2167 et
468 2135 679 2168 commoveri
697 2134 834 2167 animis.
882 2132 1064 2166 Bellorum

81 2192 114 2218 et
138 2185 238 2218 samis
265 2185 407 2217 saevitia
432 2192 592 2218 versatur
613 2192 694 2219 ante
720 2185 840 2217 oculos
863 2191 895 2216 et
920 2196 979 2216 ora
1007 2195 1067 2215 ve-

80 2244 165 2270 stra:
194 2236 403 2268 meministis
420 2235 602 2273 incendia,
625 2237 752 2280 quibus
772 2235 862 2268 intra
882 2234 1065 2266 biennium

81 2293 132 2320 tot
164 2287 293 2331 oppida
321 2293 351 2319 et
377 2286 454 2330 pagi
481 2287 516 2318 in
542 2283 608 2320 hac
632 2287 760 2319 vicinia
793 2286 1067 2327 conflagrarunt.

83 2338 166 2372 Huc
183 2338 351 2370 accedunt
367 2335 590 2370 confusiones
613 2337 844 2380 regiminum,
880 2336 1069 2369 difficulta-

82 2395 132 2423 tes
157 2389 193 2421 in
219 2388 492 2431 gubernatione:
529 2401 618 2432 quae
645 2389 735 2421 mala
759 2387 873 2420 indies
898 2393 1070 2429 augentur

83 2447 116 2474 et
137 2440 375 2474 cumulantur.

186 2489 369 2525 Praeterea
387 2490 509 2523 crescit
528 2489 643 2523 rabies
662 2486 815 2522 bostium
836 2487 1018 2531 Evangelii
1038 2494 1071 2522 et

86 2542 319 2576 atrocioribus
340 2541 509 2585 exemplis
532 2547 723 2573 renovatur
738 2537 975 2573 Ecclesiarum
993 2551 1072 2583 per-

88 2593 228 2626 secutio.
296 2592 419 2635 Quid?
453 2593 546 2637 quod
575 2592 796 2635 ingeniorum
822 2590 1013 2634 petulantia
1040 2596 1073 2623 et

91 2644 312 2686 perversitate
331 2644 529 2686 finguntur,
552 2650 766 2686 sparguntur
785 2649 818 2675 et
835 2642 1074 2675 defenduntur

91 2693 274 2737 opiniones
293 2701 526 2734 monstrosae,
552 2694 791 2728 accenduntur
808 2693 950 2726 dissidia
970 2704 1073 2725 vene-

141 2745 314 2778 Mruxrn.
335 2747 437 2778 Orza.
468 2747 549 2779 Vot„
573 2743 665 2777 XIV.

471 117 860 156 ANNOTATIONES
887 118 953 155 ET
979 118 1259 157 CONCIONES
1288 122 1337 157 IN
1365 121 1549 161 EVANG.
1578 125 1855 164 MATTHAEI.

2034 131 2107 168 722

1117 206 1208 240 natis
1232 207 1442 241 calumniis?
1474 216 1507 243 et
1533 211 1610 254 plus
1636 224 1740 256 quam
1769 213 1928 249 Sinoniis
1952 217 2107 251 artificiis

1116 257 1227 290 animi
1263 265 1295 291 et
1326 260 1523 293 voluntates
1553 260 1819 305 distrahuntur,
1869 266 2037 301 factiones
2067 281 2105 303 ac

1115 315 1226 341 sectae
1251 310 1467 352 perniciosae
1485 312 1643 354 quotidie
1665 314 1781 356 plures
1799 317 2025 359 exoriuntur,
2051 320 2106 353 fo-

1115 365 1242 392 ventur
1276 366 1380 404 atque
1413 361 1691 395 confirmantur?
1753 365 1892 408 Quibus
1925 369 2104 404 furoribus

1115 410 1292 450 irritatur,
1326 417 1359 444 et
1386 412 1590 445 cumulatur
1616 413 1665 445 ira
1684 413 1768 455 Dei,
1802 417 1939 451 laxatur
1964 421 2103 463 publica

1114 461 1319 505 disciplina,
1355 468 1501 505 augetur
1526 469 1558 496 et
1585 464 1813 499 confirmatur
1837 468 2014 503 barbaries
2033 471 2104 507 Cv-

1114 512 1266 555 clopica,
1307 513 1473 546 securitas
1499 513 1625 557 impia,
1663 521 1694 548 et
1718 513 1870 551 Etbnica
1898 512 2103 563 profanitas,

1114 562 1317 606 praesertim
1335 562 1372 595 in
1389 564 1469 597 rudi
1489 564 1594 607 vulgo
1610 571 1644 598 et
1659 566 1784 599 stolida
1803 568 1995 606 iuventute.
2026 571 2103 607 Ad-

1115 611 1198 646 hae'c
1215 612 1325 646 Turci
1350 614 1504 647 latrones
1532 615 1699 657 paulatim
1727 617 1865 661 longius
1891 631 2102 664 grassantur,

1114 673 1146 697 et
1165 663 1323 709 quotidie
1340 665 1485 709 propius
1501 667 1542 698 ad
1561 678 1625 699 nos
1641 669 1820 704 accedunt.
1850 669 2011 717 Denique
2028 675 2102 707 sin—

1113 715 1185 758 guli
1204 715 1275 748 fere
1292 715 1454 749 homines
1471 717 1507 749 in
1526 717 1598 749 suis
1613 717 1755 751 familiis
1780 727 1812 754 et
1836 722 1980 755 aedibus
2004 737 2101 758 exer-

1113 772 1236 799 centur
1266 766 1455 810 multiplici
1487 779 1613 810 genere
1644 769 1902 813 calamitatum,
1945 777 2099 818 oppressi

1114 816 1180 848 iam
1201 816 1339 860 inopia,
1369 818 1437 850 iam
1463 818 1616 858 morbis,
1644 819 1712 851 iam
1737 821 1816 854 aliis
1839 826 2034 866 aerumnis,
2062 835 2099 861 ut

1114 867 1318 901 infelicitate
1338 868 1553 907 liberorum,
1583 869 1745 912 infamia,
1771 873 1940 915 orbitate,
1968 875 2099 911 iactura

1114 918 1162 950 rei
1182 918 1366 951 familiaris
1382 926 1443 953 aut
1457 919 1536 952 aliis
1552 920 1678 956 modis.

1215 975 1318 1009 Hanc
1363 977 1570 1011 immensam
1614 979 1742 1012 molem
1785 982 2022 1024 periculorum
2067 994 2099 1020 et

1113 1027 1333 1061 miseriarum
1352 1034 1508 1062 tenentes
1526 1029 1562 1061 in
1581 1037 1768 1073 conspectu
1795 1045 2001 1068 moveamur
2022 1038 2099 1070 ani-

1115 1078 1202 1119 mis,
1228 1079 1272 1111 ad
1295 1080 1531 1123 quaerendam
1551 1091 1589 1112 ac
1611 1081 1702 1113 serio
1728 1085 1912 1125 petendam
1939 1088 2100 1121 consola-

1115 1129 1266 1169 tionem,
1293 1142 1393 1173 opem
1414 1136 1447 1163 et
1470 1130 1712 1164 liberationem
1733 1133 1903 1170 divinam.
1962 1135 2015 1170 Ex
2036 1135 2100 1173 bac

1114 1180 1220 1223 igitur
1237 1182 1573 1215 commonefactione
1589 1182 1732 1225 potestis
1749 1183 1961 1227 intelligere,
1988 1196 2020 1222 et
2037 1201 2099 1223 nc-

1114 1230 1295 1263 cessariam
1314 1243 1386 1264 esse
1402 1232 1660 1275 precationem,
1686 1240 1718 1266 et
1735 1247 1820 1279 quas
1838 1237 1883 1269 ob
1900 1249 2019 1272 causas
2037 1252 2099 1273 ne-

1114 1281 1261 1313 cessaria
1281 1281 1338 1313 sit.

1215 1337 1355 1371 Accedo
1375 1337 1486 1380 igitur
1503 1339 1545 1371 ad
1572 1340 1714 1373 tertium
1741 1342 1878 1382 locum,
1905 1347 2018 1389 qualis
2038 1349 2099 1382 de-

1115 1388 1191 1421 beat
1214 1399 1286 1420 esse
1309 1389 1422 1421 oratio
1447 1401 1508 1422 seu
1535 1390 1707 1432 precatio,
1734 1399 1773 1425 ut
1788 1391 1862 1427 Deo
1885 1396 2036 1438 placeat,
2063 1408 2101 1434 ut
2148 1393 2150 1395 ‚

1115 1438 1340 1478 exaudiatur,
1374 1445 1412 1472 ut
1429 1439 1473 1473 sit
1490 1440 1625 1474 efficax:
1662 1443 1705 1474 ad
1725 1455 1799 1475 eam
1815 1456 1887 1477 rem
1907 1451 2099 1483 necessaria

1115 1495 1162 1522 est
1188 1489 1375 1533 praecipue
1404 1487 1533 1524 horum
1565 1491 1724 1537 quinque
1750 1493 1909 1529 locorum
1939 1500 2101 1534 conside-

1113 1540 1215 1575 ratio.

1216 1597 1334 1632 Prima
1353 1600 1661 1633 commonefactio:
1691 1602 1916 1645 cogitandum
1942 1616 1990 1642 est
2015 1611 2100 1655 quid

1115 1651 1276 1690 invoces,
1303 1661 1406 1694 quem
1423 1648 1538 1682 Deum
1551 1676 1559 1691 ‚
1585 1657 1617 1685 et
1637 1652 1698 1684 ubi
1722 1654 1927 1696 patefactum
1948 1660 2033 1693 velis
2050 1662 2102 1694 al-

1114 1701 1224 1746 loqui.

1219 1757 1403 1791 Secundus
1427 1757 1544 1798 locus,
1579 1759 1813 1795 consideratio
1841 1768 2015 1811 praecepti
2040 1780 2100 1802 seu

1117 1807 1273 1842 mandati
1290 1807 1405 1840 divini
1422 1808 1635 1842 severissimi
1653 1811 1696 1843 de
1712 1811 1948 1850 invocatione.

1218 1858 1339 1892 Tertia
1356 1859 1589 1892 consideratio
1610 1867 1660 1894 est
1677 1863 1932 1905 promissionis.

1220 1909 1354 1952 Quarta
1372 1909 1606 1943 consideratio
1624 1918 1673 1945 est
1691 1913 1733 1945 de
1751 1913 1829 1949 fide.

1221 1959 1355 2001 Quinta
1386 1960 1620 1994 consideratio
1647 1969 1695 1995 est
1722 1975 1838 1997 rerum
1861 1968 2103 2010 petendarum,

1119 2024 1161 2044 ne
1179 2011 1301 2055 petitio
1320 2011 1363 2044 sit
1380 2010 1496 2043 inanis
1514 2018 1546 2044 et
1563 2011 1673 2046 otiosa
1691 2015 1866 2056 recitatio,
1891 2029 1950 2050 seu
1966 2018 2102 2063 βαττο-

1119 2060 1244 2110 λοῖία,
1271 2062 1330 2094 sed
1349 2068 1385 2094 ut
1403 2062 1593 2104 cogitetur,
1629 2076 1718 2108 quae
1735 2066 1827 2099 bona
1845 2078 1905 2099 sen
1924 2069 2102 2109 beneficia.

1120 2122 1193 2147 tum
1212 2112 1406 2156 corporalia
1422 2119 1495 2146 tum
1514 2114 1711 2156 spiritualia
1725 2114 1820 2150 Deus
1837 2118 1921 2152 velit
1938 2131 1955 2153 a
1971 2133 2004 2153 se
2023 2123 2103 2165 peti,

1120 2171 1152 2197 et
1170 2176 1240 2209 quo
1255 2163 1379 2196 ordine
1398 2165 1547 2208 petenda
1565 2165 1646 2200 sint.

1221 2223 1342 2257 Redeo
1366 2223 1473 2266 igitur
1495 2225 1537 2257 ad
1562 2225 1713 2268 primum
1740 2227 1872 2260 locum:
1904 2229 1993 2271 Quis
2015 2231 2104 2264 allo-

1122 2275 1283 2320 quendus
1304 2273 1347 2307 sit
1372 2275 1409 2307 in
1426 2276 1644 2319 precatione,
1673 2284 1703 2309 et
1726 2279 1768 2310 ad
1794 2291 1896 2323 quem
1924 2292 2021 2313 mens
2044 2285 2105 2314 ‹le-

1124 2328 1200 2359 beat
1228 2337 1300 2359 esse
1326 2325 1475 2366 directa,
1511 2326 1672 2360 videlicet
1695 2329 1736 2360 ad
1764 2341 1885 2363 verum
1914 2329 2025 2363 Deum
2050 2334 2105 2365 ‹li-

1123 2377 1287 2411 stinctum
1303 2389 1320 2409 a
1339 2376 1588 2409 commentitiis
1612 2378 1820 2412 numinibus
1841 2381 2020 2424 agnitione
2044 2384 2103 2416 filii

1124 2428 1217 2461 missi
1235 2427 1379 2462 Domini
1398 2427 1508 2460 nostri
1526 2429 1602 2460 lesu
1619 2426 1763 2463 Christi.

1224 2484 1383 2523 Ethnici,
1411 2483 1698 2526 Maliometistae,
1732 2496 1765 2522 et
1780 2502 1901 2522 omnes
1920 2491 2007 2524 aliae
2022 2504 2107 2536 gen-

1124 2546 1173 2572 tes
1191 2545 1284 2572 extra
1303 2548 1418 2570 veram
1429 2534 1634 2577 Ecclesiam,
1663 2546 1798 2572 tantum
1815 2541 1967 2575 fundunt
1989 2543 2107 2579 inanes

1125 2601 1249 2630 sonos,
1277 2588 1336 2633 qui
1354 2599 1432 2620 mox
1450 2587 1485 2619 in
1508 2588 1625 2620 ae'rem
1648 2591 1776 2633 sparsi,
1805 2591 2040 2637 dissipantur,
2070 2609 2108 2630 ac

1124 2645 1344 2673 evanescunt.
1386 2637 1567 2679 Vagantur
1585 2639 1676 2671 enim
1693 2642 1980 2684 cogitationibus,
2008 2645 2109 2687 igno-

1126 2699 1262 2732 rantes,
1301 2689 1385 2735 quid
1412 2696 1533 2732 agant,
1576 2699 1633 2721 aut
1665 2703 1767 2736 quem
1799 2695 2028 2738 compellent:
2071 2706 2107 2732 ut

1584 2739 1634 2774 46
