2409 2915
41 117 110 152 941
290 115 371 152 XII.
426 90 818 151 ANNO'I'ATIONES
844 115 909 150 ET
939 113 1218 152 CONCIONES
1246 115 1298 151 1N
1326 115 1507 152 EVANG.
1537 116 1817 157 MATTHAEI.
1991 122 2065 157 942

142 201 288 236 Publice
316 202 424 246 igitur
447 202 666 246 ingreditur,
699 208 738 235 ut
763 201 836 246 ipse
859 209 1025 247 tanquam
1052 209 1056 235 1

1052 237 1055 305 ¹
1081 251 1124 285 tis
1141 249 1207 285 hoc
1226 254 1350 294 modo,
1378 260 1410 287 et
1428 255 1548 297 geritis
1574 256 1707 299 palmas
1731 264 1764 291 et
1785 258 1896 297 oleas,
1924 261 2066 304 quando

41 260 145 298 caput
159 252 334 287 Ecclesiae
354 253 610 298 conspiciatur,
637 259 670 286 et
693 259 733 286 ut
755 254 935 287 credentes
962 265 1027 297 pu—

39 305 130 338 blice
153 304 405 345 confiteantur,
439 310 473 337 et
495 310 534 336 ut
564 303 664 346 impii
687 304 962 347 redarguantur,
995 309 1028 337 et

40 367 113 389 non
131 355 267 400 possint
283 366 319 388 se
332 365 494 389 excusare
509 360 654 398 propter
671 354 918 396 ignorantiam.

341 457 401 490 De
428 453 720 502 significatione.

140 531 354 576 Significatio
382 538 497 565 antem
530 532 733 564 dulcissima
768 538 817 564 est
851 532 928 575 piis.
980 530 1027 566 Et

38 583 164 617 ordine
192 582 460 616 considerentur
489 594 720 627 personarum
752 582 957 617 discrimina
988 583 1025 616 in

39 632 105 668 1100
121 633 333 678 5ρο01301110;

138 682 252 717 Filius
268 683 333 717 Dei
349 683 445 717 sedet
467 682 504 715 in
527 683 665 716 duabus
689 682 815 724 asinis,
843 683 973 717 domita
993 691 1025 718 et

37 734 231 775 indomita,
258 734 293 767 id
315 741 383 775 est,
410 734 543 778 colligit
560 733 750 768 Ecclesiam
770 746 809 767 ex
829 735 958 778 populo
974 735 1024 768 le-

35 786 104 830 gis,
131 792 165 819 et
181 797 219 818 ex
235 785 410 828 gentibus.

136 833 184 870 Et
205 834 368 880 Apostoli
393 842 425 868 et
450 835 552 868 multi
578 834 628 878 pii
652 835 875 876 comitantes,
908 842 941 869 et
964 835 1024 868 alii
1049 861 1052 888 5
1245 878 1253 885 .
1347 879 1354 885 .
1549 880 1556 886 .
2021 883 2027 889 .

1049 889 1051 911 1
1075 884 1159 911 511111
1178 884 1394 918 testimonla,
1419 880 1512 924 quod
1529 886 1573 913 511
1591 892 1694 914 verax
1711 881 1834 916 doctor
1850 895 1867 915 a
1886 883 1963 916 Deo
1983 895 2065 916 11115-

34 887 176 924 obyiam
208 893 350 926 euntes,
383 891 465 919 sunt
490 897 571 918 vera
595 884 770 926 Ecclesia,
806 886 1023 919 confessione

33 938 214 971 celebrant
239 935 426 974 Messinm,
463 948 565 974 voce,
600 936 744 980 palmis,
780 937 887 969 ramis
911 937 1022 971 oliva-

33 1000 111 1022 rum
123 1015 132 1030 ‚
159 993 192 1021 et
209 987 474 1021 substernendis
492 987 657 1020 vestibus.

135 1038 230 1072 Vox:
265 1036 426 1072 Osianna
454 1038 525 1070 filio
551 1036 684 1078 David,
712 1038 934 1079 benedictus,
962 1038 1022 1083 qui

32 1090 129 1123 venit
146 1089 182 1122 in
203 1089 348 1122 nomine
364 1087 523 1123 Domini.

135 1139 230 1173 Haec
246 1140 337 1172 clara
356 1139 526 1172 consessio
542 1145 603 1179 est,
630 1150 696 1182 qua
711 1139 909 1178 adfirmant,
927 1137 1022 1173 hunc

31 1190 150 1224 virum
169 1202 241 1224 esse
259 1189 447 1231 Messiam,
475 1197 508 1224 et
524 1196 625 1223 orant
641 1188 774 1230 Deum,
809 1197 846 1223 ut
875 1188 942 1223 hoc
966 1203 1022 1223 re-

32 1252 141 1284 gnum
167 1241 330 1281 adiuvet,
357 1247 390 1274 et
412 1241 566 1274 fatentur
589 1238 684 1273 1111110
709 1252 780 1273 0550
796 1241 1021 1274 benedictum

32 1303 164 1330 semen,
191 1292 234 1325 de
252 1304 321 1336 quo
338 1291 498 1336 loquitur
515 1291 720 1334 promissio:
751 1289 790 1323 ln
808 1292 940 1324 semine
960 1299 1021 1325 tuo

31 1342 286 1376 benedicentur
302 1353 424 1375 omnes
443 1348 571 1384 gentes.

134 1391 222 1426 Item
239 1398 333 1425 totus
349 1390 405 1424 1110
421 1391 581 1424 Psalmus
598 1397 647 1423 cst
665 1389 854 1435 Prophetia
872 1391 1022 1425 deMes·

30 1443 99 1484 sia,
127 1449 161 1476 et
185 1443 393 1476 cantabatur
415 1441 453 1474 in
477 1442 574 1475 festis
596 1441 733 1475 assidue
756 1449 923 1488 tanquam
941 1455 1020 1487 pre-

29 1493 140 1535 catio,
166 1499 288 1537 petens
309 1493 501 1526 adventum
522 1491 685 1525 Messiae.

133 1550 276 1585 Palmae
301 1551 501 1595 significant
530 1551 640 1585 tribui
666 1551 697 1585 ei
728 1551 889 1593 laudem,
924 1552 1019 1597 quod

30 1603 76 1637 sit
92 1602 215 1635 victor.

131 1651 292 1686 Frondes
323 1652 422 1685 oleae
450 1651 616 1685 tribuunt
649 1651 682 1686 ei
713 1651 875 1691 laudem,
924 1654 1019 1698 quod

28 1704 163 1738 adferat
177 1715 315 1747 pacem,
337 1709 369 1737 et
386 1703 480 1748 quod
500 1702 566 1746 ipsi
584 1702 628 1735 ab
646 1714 685 1736 eo
701 1709 821 1746 petant
839 1716 968 1748 pacem.

129 1759 176 1795 Et
201 1761 268 1795 fuit
293 1762 463 1796 usitatum
485 1762 535 1795 sic
566 1762 724 1806 excipere
748 1774 845 1806 reges
869 1763 1019 1797 victores

28 1814 66 1846 in
81 1810 283 1857 triumphis.

132 1863 252 1896 Vestes
275 1862 517 1904 substernere,
552 1869 604 1897 est
636 1864 756 1897 iuvare
780 1864 1017 1899 ministerium

27 1912 219 1957 Evangelii·
233 1913 362 1947 nostris
380 1913 616 1949 facultatibus
671 1915 746 1947 Imo
766 1921 910 1959 propter
933 1929 1017 1950 con-

28 1965 216 1999 sessionem
235 1971 368 2005 vestes,
395 1964 430 1997 id
456 1972 528 2006 est,
554 1976 682 2009 corpus
699 1965 802 1999 etiam
820 1967 991 2002 amittere.

127 2023 274 2057 Tertius
290 2024 418 2068 gradus
432 2036 664 2069 personarum
683 2031 767 2058 sunt
785 2025 885 2069 impii
903 2037 1018 2060 sacer-

28 2076 146 2115 dotes,
181 2074 368 2109 irascentes
391 2076 526 2119 populo
552 2083 586 2110 et
610 2073 770 2114 Christo,
806 2076 867 2120 qui
896 2077 1017 2112 iubent

27 2132 140 2159 tacere
173 2132 336 2159 canentes
371 2124 571 2168 Psalmum,
615 2127 674 2159 sed
699 2124 861 2160 Christus
894 2129 1016 2162 obiur-

50 2183 84 2210 at
107 2186 175 2209 005.

27 2188 48 2220 g
125 2225 243 2260 Huius
283 2223 458 2270 triumphi
501 2238 557 2260 res
593 2227 806 2269 significatae
844 2234 1016 2271 geruntur

1184 200 1324 237 Gerunt
1345 203 1479 247 palmas
1502 209 1535 238 et
1556 205 1661 239 oleas.
1716 204 1789 239 Vos
1813 218 1954 252 quoque
1970 210 2067 241 cani-

1079 303 1251 336 confessio
1277 310 1394 345 sonat,
1421 307 1515 349 quod
1534 318 1607 339 non
1631 307 1746 341 velitis
1763 308 1957 342 doctrinam
1976 311 2065 344 reci-

1080 365 1162 398 pere
1188 355 1399 387 contrariam
1414 352 1620 399 Evangelio.

1179 403 1223 438 Et
1241 411 1351 438 vestes
1368 405 1599 448 substernite,
1624 407 1661 441 id
1678 415 1744 450 est,
1769 409 1884 444 iuvate
1908 411 2067 446 ministe-

1080 454 1173 489 rium
1191 456 1316 490 vestris
1335 456 1571 491 facultatibus.

1178 505 1310 540 Contra
1329 519 1424 540 nunc
1443 519 1583 553 quoque
1595 508 1721 542 videtis
1739 507 1854 544 hostes
1865 509 2066 554 Evangelii:

1078 555 1230 601 Papam,
1258 556 1468 602 Episcopus,
1502 558 1720 601 Canonicos‚
1757 559 1968 603 Monachos,
1995 562 2066 597 Re-

1077 618 1135 650 ges
1160 614 1192 641 et
1206 607 1408 653 Principes,
1443 610 1504 654 qui
1528 611 1723 643 defendunt
1746 611 1859 652 idola,
1887 620 1919 645 ct
1942 614 2067 646 adver-

1077 666 1199 692 santur
1217 671 1318 692 verae
1337 661 1518 693 doctrinae
1537 662 1678 695 sonanti
1696 662 1732 694 in
1743 660 1908 696 Ecclesiis
1927 664 2065 698 nostris.

1177 716 1274 751 Haec
1292 719 1334 751 de
1354 715 1518 759 historia,
1546 726 1579 753 et
1603 721 1646 753 de
1670 721 1923 764 significatione
1949 723 2065 755 brevi-

1076 774 1128 802 ter
1148 769 1240 802 dicta
1260 780 1355 801 nunc
1379 769 1565 803 sufficiant.

1177 826 1260 861 Post
1289 828 1484 870 ingressum
1522 836 1718 874 sequuntur
1748 832 1935 872 miracula,
1978 845 2065 877 quae

1080 940 1157 969 sus,
1178 935 1211 962 et
1228 940 1300 961 non
1319 930 1361 962 sit
1380 930 1556 974 deceptor.

1181 986 1340 1021 Primum
1373 994 1441 1028 est,
1481 990 1575 1033 quod
1601 997 1725 1034 purgat
1748 991 1930 1035 templum.
1988 991 2063 1025 1100

1075 1038 1257 1082 proprium
1279 1038 1434 1072 officium
1453 1046 1501 1073 est
1517 1039 1685 1082 Messiae,
1711 1042 1870 1075 docendo
1894 1049 1926 1076 et
1950 1043 2064 1076 effica-

1075 1089 1125 1122 cia
1145 1088 1298 1132 Spiritus
1325 1090 1511 1123 emendare
1536 1091 1750 1133 doctrinam,
1777 1100 1980 1127 convertere
2001 1092 2065 1127 110-

1073 1140 1204 1180 mines,
1231 1146 1263 1172 et
1278 1141 1423 1184 perdere
1441 1152 1501 1173 sua
1519 1142 1640 1175 divina
1657 1143 1812 1187 potentia
1830 1142 2062 1188 blasphemos.

1074 1188 1170 1223 Haec
1193 1197 1277 1224 tunc
1301 1191 1391 1225 fiunt
1420 1191 1544 1233 simul,
1579 1194 1696 1235 docet,
1730 1195 1902 1228 convertit
1924 1196 2064 1234 multos,

1074 1247 1172 1274 sanat
1201 1241 1355 1286 aliquos,
1395 1249 1429 1276 et
1460 1243 1603 1288 expellit
1632 1256 1671 1277 ex
1697 1245 1827 1290 templo
1853 1254 2007 1280 ementes
2031 1254 2062 1279 et

1074 1293 1281 1327 vendentes.

1205 1388 1273 1424 Ex
1291 1402 1349 1425 ore
1365 1390 1572 1437 infantium
1590 1399 1619 1427 et
1639 1393 1849 1429 lactentium
1869 1401 1928 1430 etc.

1173 1464 1275 1499 Hanc
1294 1467 1505 1501 sententiam
1525 1468 1561 1501 in
1579 1466 1643 1502 hac
1665 1467 1811 1504 historia
1832 1472 1973 1515 prodest
1990 1484 2062 1505 me-

1072 1516 1227 1552 minisse.
1282 1517 1452 1552 Continet
1468 1525 1584 1553 autem
1600 1527 1669 1554 tres
1690 1521 1847 1565 insignes
1872 1522 2061 1556 doctrinas,

1410 1611 1524 1636 Prima
1542 1613 1719 1639 doctrina.

1173 1660 1292 1694 Prima
1318 1659 1404 1696 haec
1423 1671 1490 1697 est:
1526 1663 1692 1699 Testatur
1713 1664 1778 1700 1100
1796 1667 1948 1707 dictum,
1983 1667 2059 1703 Deo

1071 1712 1208 1755 placere
1234 1713 1384 1746 infantes
1410 1713 1446 1746 in
1463 1713 1638 1756 Ecclesia,
1671 1717 1760 1750 sicut
1785 1725 1818 1751 et
1843 1716 1927 1752 11300
1949 1719 2058 1754 dicta:

1071 1762 1152 1795 Non
1176 1770 1226 1797 est
1246 1763 1408 1797 voluntas
1434 1764 1566 1806 Patris,
1599 1774 1637 1800 ut
1663 1776 1778 1811 pereat
1801 1781 1894 1802 unus
1918 1770 1960 1803 de
1980 1782 2060 1814 par-

1071 1814 1163 1847 vulis
1206 1814 1295 1848 istis.
1363 1813 1467 1849 Item:
1516 1815 1630 1851 Sinite
1664 1819 1829 1862 parvulos
1863 1821 1983 1854 venire
2017 1823 2059 1855 ad

1073 1875 1148 1903 me,
1185 1871 1248 1898 etc.

1170 1922 1267 1957 Haec
1284 1925 1484 1958 testimonia
1503 1927 1788 1968 meminerimus,
1817 1936 1855 1963 ut
1873 1932 2059 1965 consolen-

1070 1981 1127 2008 tur
1144 1986 1210 2008 nos
1228 1974 1264 2007 in
1282 1975 1446 2009 omnibus
1462 1977 1626 2020 periculis
1644 1978 1845 2021 infantium,
1867 1988 2060 2025 etagamus

1069 2025 1147 2059 Deo
1172 2026 1318 2069 gratias,
1357 2028 1449 2071 quod
1476 2028 1598 2072 recipit
1622 2029 1792 2072 infantes,
1835 2039 1869 2066 et
1901 2045 1958 2066 eos
1994 2034 2058 2077 ipsi

1069 2077 1356 2110 commendemus
1371 2084 1514 2122 propter
1530 2077 1614 2112 haec
1629 2080 1732 2117 dicta.
1766 2081 1936 2117 Curemus
1955 2084 2058 2117 etiam

1069 2139 1127 2160 eos
1146 2128 1334 2171 baptizari,
1361 2135 1395 2162 et
1411 2130 1623 2173 baptismum
1643 2133 1947 2175 magnifaciamus,
1975 2135 2056 2179 quia

1068 2175 1154 2210 haec
1184 2178 1276 2213 dicta
1307 2191 1378 2212 non
1412 2180 1590 2223 pertinent
1614 2182 1656 2214 ad
1683 2183 1834 2216 infantes
1857 2184 1990 2218 alienos
2013 2187 2057 2219 ab

1066 2226 1240 2270 Ecclesia,
1267 2241 1372 2274 snper
1396 2242 1484 2275 quos
1513 2243 1586 2265 11011
1612 2239 1662 2266 051
1693 2234 1895 2268 invocatum
1925 2247 2055 2268 nomen

25 2289 162 2322 semper
176 2277 214 2310 111
228 2273 397 2312 Ecclesia.
440 2275 544 2311 Nunc
561 2289 702 2322 quoque
718 2289 796 2310 cum
812 2279 907 2311 venit
923 2279 1016 2312 filius
1039 2279 1043 2315 i
1067 2278 1130 2312 filii
1146 2277 1224 2313 Dei.

25 2328 110 2370 Dei,
143 2327 325 2369 videlicet,
367 2340 445 2361 cum
472 2340 552 2361 vere
586 2328 711 2361 excitat
741 2328 815 2372 ipse
851 2329 1015 2362 docentes

25 2378 279 2423 Evangelium,
304 2385 336 2412 et
357 2386 404 2412 est
425 2379 545 2412 efficax
573 2379 644 2423 ipse
671 2391 732 2422 per
756 2391 874 2412 vocem
894 2378 1014 2413 Evan-

24 2430 124 2474 gelii,
157 2441 230 2463 non
255 2436 306 2463 est
330 2430 468 2463 inutilis
492 2443 558 2463 vox
580 2429 785 2471 Evangelii,
819 2431 876 2463 sed
903 2431 1013 2476 aliqui

24 2486 298 2521 convertuntur,
340 2488 536 2524 agnoscunt
577 2489 609 2514 et
643 2481 796 2514 fatentur
829 2492 908 2515 eum
941 2493 1013 2515 esse

23 2531 202 2566 Messiam.

1375 2374 1463 2397 Secu
1474 2373 1539 2397 uda
1569 2373 1749 2399 doctrina.

1182 2430 1343 2466 Secunda
1371 2433 1549 2473 doctrina,
1591 2435 1685 2478 quod
1713 2433 1788 2467 Deo
1818 2436 1975 2480 placeant
2000 2438 2055 2471 in-

1066 2482 1202 2518 vocatio
1231 2490 1264 2517 et
1293 2483 1491 2516 obedientia
1517 2491 1548 2515 et
1580 2485 1693 2517 studia
1729 2487 1906 2529 pueritiae.
1976 2488 2053 2523 Hoc

1065 2533 1252 2577 praecipue
1266 2534 1494 2567 confirmatur
1519 2533 1583 2567 1100
1607 2536 1682 2579 ipso
1709 2537 1886 2581 exemplo,
1916 2539 1996 2584 quia
2018 2537 2051 2573 111

125 2582 177 2616 Hi
193 2588 325 2615 canunt
349 2581 397 2615 ei:
437 2581 651 2616 Benedictus
675 2582 735 2627 qui
761 2581 857 2616 venit
882 2582 917 2615 in
947 2595 1013 2617 no-
1064 2585 1165 2628 pueri
1185 2591 1283 2618 erant
1299 2585 1401 2625 tales,
1427 2585 1486 2630 qui
1506 2585 1574 2618 iam
1593 2586 1810 2629 incipiebant
1826 2589 1957 2624 discere
1975 2591 2052 2623 lite—

24 2632 120 2666 mine
153 2632 313 2673 Domini.
384 2631 555 2677 Lapidem
595 2644 697 2679 quem
732 2633 1014 2677 reprobaverunt
1063 2647 1118 2668 ras
1135 2641 1167 2669 et
1185 2635 1380 2668 doctrinam
1401 2636 1442 2667 de
1460 2635 1552 2676 Deo,
1580 2643 1611 2669 et
1631 2638 1673 2670 de
1689 2637 1830 2683 Messias,
1861 2648 1891 2675 et
1910 2641 2051 2686 quidem

24 2683 262 2726 aedificantes,
288 2681 346 2717 hic
361 2684 471 2718 factus
491 2691 541 2719 est
563 2683 600 2717 in
626 2691 728 2728 caput
753 2683 894 2727 anguli,
923 2691 986 2720 etc.

1062 2686 1195 2731 aliquid
1215 2693 1343 2719 norant
1362 2687 1404 2719 de
1425 2685 1563 2720 Messia.
