2409 2915
305 112 371 147 191

306 255 378 287 sto,
412 256 475 278 nec
495 243 572 286 plus
598 249 743 278 nocere,
775 236 843 270 nisi
866 243 1037 282 quantum
1062 236 1091 269 ei
1119 235 1293 281 permitti-

306 306 380 335 tur,
418 295 506 327 sicut
533 290 649 335 inquit
667 286 848 322 Christus:
885 286 1014 331 Capilli
1039 287 1163 332 capitis
1186 286 1292 320 vestri
1318 310 1319 314 ,

306 344 483 381 numerati
514 348 597 375 sunt
626 346 689 373 etc.
748 337 839 373 Cum
872 345 988 372 autem
1017 335 1132 371 adhuc
1156 344 1293 371 maneat

307 408 401 431 mors
432 392 608 438 corporis,
642 397 809 423 maneant
843 395 875 422 et
903 395 1056 422 caeterae
1081 389 1293 422 calamitates

308 455 512 481 communes
527 441 666 487 generis
681 437 826 473 humani
842 466 850 480 ,
878 446 910 472 et
928 439 1092 472 diabolus
1110 451 1182 472 non
1201 438 1292 472 desi-

307 505 367 532 nat
389 505 593 541 oppugnare
611 490 824 530 Ecclesiam,
850 490 1010 522 nondum
1039 501 1104 533 pax
1128 501 1294 523 consum-

309 556 399 583 mata
420 554 482 580 est.
531 543 708 578 Arcentur
722 539 838 574 hostes
851 568 859 581 ,
884 540 1017 573 etiamsi
1036 542 1195 573 nondum
1213 546 1294 573 sunt

309 609 454 645 prorsus
469 594 636 641 oppressi.
692 592 759 626 Sed
781 592 846 625 erit
863 591 996 633 integra
1019 603 1104 635 pax,
1130 604 1208 624 cum
1226 589 1295 624 Ec-

311 651 412 685 clesia
431 654 507 691 post
524 643 816 679 resurrectionem
835 642 1022 675 ornabitur
1039 654 1099 675 sua
1123 642 1244 685 gloria.

411 695 594 731 Laetitia.
637 691 774 727 Omnes
789 691 951 727 homines
968 701 1143 738 quaenunt
1160 692 1293 737 aliquid

309 752 474 785 ultimum
493 749 530 780 iu
551 758 620 792 quo
638 745 883 790 acquiescunt,
911 751 943 776 et
962 757 1031 788 quo
1056 756 1136 777 vere
1163 744 1294 777 laeten-

311 810 380 836 tur.
433 800 531 834 Sicut
547 809 651 831 avaro
669 808 845 829 summum
866 795 999 828 bonum
1017 802 1064 828 cst
1077 820 1084 834 ‚
1121 808 1163 840 qv*
1181 808 1189 816 ¹
1216 805 1296 826 vere

311 855 481 891 laetatur,
509 850 632 891 ingens
647 846 795 880 accessio
815 846 1002 889 pecuniae,
1037 853 1069 879 et
1095 858 1174 878 vere
1201 845 1296 878 dolet

312 903 445 947 ingenti
473 902 618 933 iactura.
682 897 733 930 Ita
762 896 919 940 Scipioni
949 908 1124 929 summum
1163 896 1295 928 bonum

313 963 363 989 est
396 952 548 996 gloriosa
574 948 741 988 victoria,
782 945 845 980 hac
876 947 1024 979 maxime
1053 947 1221 987 laetatur,
1264 952 1296 978 et

314 1012 436 1039 contra
453 1002 602 1035 maxime
625 999 778 1038 doleret,
805 997 833 1029 si
858 998 1068 1031 vinceretur.
1121 997 1216 1030 Haec
1239 1009 1298 1030 ex-

315 1056 429 1099 empla
447 1057 664 1088 monstrant,
701 1048 815 1094 qualis
842 1048 885 1081 sit
912 1046 968 1081 hic
991 1048 1154 1088 aflectus,
1190 1060 1298 1093 quae-

320 1119 400 1141 rens
416 1104 550 1148 aliquid
571 1101 735 1135 ultimum
748 1125 758 1140 ,
788 1112 858 1144 quo
877 1099 1025 1132 laetetur
1045 1099 1196 1134 animus,

418 1156 487 1189 Sed
506 1164 610 1198 supra
629 1162 833 1185 communes
849 1148 1033 1183 hominum
1057 1150 1218 1194 affectus,
1249 1156 1299 1182 est

316 1211 350 1242 in
377 1206 552 1245 Ecclesia,
578 1211 617 1237 ut
639 1203 676 1235 in
703 1201 869 1240 Ieremia,
897 1202 934 1234 in
957 1201 1086 1241 Paulo,
1114 1201 1299 1245 peculiaris

316 1260 478 1297 affectus,
506 1254 725 1299 acquiescere
754 1253 791 1285 in
815 1252 912 1294 Deo,
949 1264 1008 1285 seu
1034 1252 1155 1285 laetari
1179 1252 1298 1295 agnito

315 1311 410 1350 Deo,
454 1318 557 1353 quem
594 1305 710 1338 sciunt
735 1304 804 1336 iam
833 1315 868 1336 se
893 1301 1021 1336 habere
1045 1303 1242 1347 propicium
1268 1309 1300 1335 et

316 1361 496 1394 custodem
509 1385 516 1398 ,
545 1368 653 1402 quare
671 1355 700 1388 'ei
718 1355 875 1387 volentes
892 1361 923 1387 et
941 1354 1021 1386 laeti
1041 1355 1299 1398 obtemperant,

317 1420 349 1445 et
370 1410 434 1444 hac
450 1408 582 1442 laetitia
600 1412 767 1450 superant
781 1413 911 1438 metum
923 1411 957 1438 et
967 1417 1175 1445 moerorem,
1195 1416 1298 1450 quem

316 1463 481 1496 adserunt
498 1458 654 1503 pericula
672 1456 846 1500 corporis,
874 1456 985 1488 famae
1010 1463 1070 1489 aut
1096 1467 1234 1494 rerum,
1262 1461 1300 1488 ut

318 1525 395 1547 cuin
416 1510 630 1545 Laurentius
647 1509 733 1541 iacet
754 1508 789 1540 in
816 1507 1001 1546 craticula,
1028 1513 1144 1539 tamen
1174 1507 1301 1539 retinet

317 1562 598 1607 magnitudinem
617 1559 725 1592 animi
749 1558 1002 1603 acquiescentis
1027 1558 1063 1590 in
1081 1557 1176 1598 Deo,
1212 1568 1300 1602 quae

319 1627 391 1648 non
417 1619 529 1658 potest
552 1611 715 1650 existere,
752 1610 818 1642 nisi
844 1609 984 1641 animus
1008 1609 1155 1643 laetetur
1180 1615 1211 1642 et
1240 1609 1300 1641 de-

318 1668 464 1699 lectetur
481 1663 568 1697 Deo.
624 1660 682 1694 Sic
699 1659 813 1693 David
832 1659 966 1703 inquit:
1003 1659 1106 1693 Pater
1133 1666 1166 1692 et
1190 1666 1301 1692 mater

318 1716 584 1760 dereliquerunt
610 1724 684 1751 me,
718 1710 894 1743 Dominus
916 1716 1032 1743 autem
1059 1710 1208 1754 suscepit
1235 1721 1301 1744 me.

317 1771 421 1802 Item:
467 1764 604 1798 Dedisti
627 1762 794 1795 laetitiam
819 1762 857 1793 in
883 1762 987 1794 corde
1011 1773 1108 1802 meo,
1144 1773 1162 1794 a
1186 1761 1301 1794 fructu

318 1817 488 1852 frumenti
516 1813 741 1858 multiplicati
761 1819 853 1845 sunt.
910 1812 1039 1845 Porro:
1069 1812 1154 1845 Sine
1169 1810 1301 1845 Christi

320 1869 500 1913 agnitione
517 1877 588 1898 non
607 1871 719 1909 potest
738 1864 877 1895 animus
895 1863 1015 1895 laetari
1045 1864 1080 1895 iu
1098 1863 1192 1901 lleo,
1220 1863 1302 1906 quia

321 1917 436 1954 adhuc
453 1918 541 1959 fugit
558 1917 698 1948 iratum.
757 1913 860 1947 ltern:
888 1913 967 1946 Non
987 1914 1050 1946 scit
1076 1914 1211 1956 placere
1228 1913 1303 1945 Deo

320 1969 579 2007 obedientiam,
622 1966 774 1998 intanta
802 1971 919 1997 nostra
958 1965 1172 1997 infirmitate.

322 2024 399 2056 illas
416 2021 550 2065 priores
568 2023 681 2061 partes
699 2013 821 2061 hymni
840 2016 1028 2049 comitatur
1042 2015 1182 2049 laetitia.
1211 2011 1305 2047 Glo-

323 2074 380 2106 rin
417 2070 589 2117 significat
623 2080 739 2100 verani
766 2067 926 2100 notitiam
952 2065 1015 2099 Dei
1049 2067 1083 2098 iu
1109 2065 1305 2109 Evangelio

322 2125 540 2168 patefactam.
595 2115 867 2161 Pas-significat
893 2129 1011 2161 pacem
1043 2130 1120 2151 cum
1143 2116 1238 2157 Deo,
1274 2123 1306 2150 et

324 2173 492 2209 custodiri
512 2184 528 2205 a
548 2171 622 2204 Deo
636 2197 644 2209 ‚
674 2167 724 2202 Ex
744 2167 798 2202 his
813 2169 926 2202 oritur
944 2169 1073 2202 laetitia
1095 2175 1126 2202 et
1144 2169 1306 2201 volunta—

325 2228 374 2259 ria
392 2223 604 2258 ohedientia.
644 2222 712 2254 Sed
735 2218 817 2253 haec
836 2220 966 2253 laetitia
985 2220 1020 2252 in
1040 2218 1103 2252 hac
1120 2220 1188 2253 vita
1207 2231 1307 2263 saepe.
1332 2223 1333 2232 ¹

327 2276 582 2310 interturbatur
599 2272 735 2312 magnis
759 2271 954 2304 terroribus
978 2279 1009 2304 et
1036 2271 1241 2311 doloribus,
1269 2283 1307 2303 ex

325 2329 453 2373 quilius
472 2333 587 2357 tamen
607 2323 794 2360 eluctatur,
821 2323 879 2355 sed
899 2319 1083 2367 posthanc
1109 2322 1215 2355 vitain
1243 2323 1305 2355 erit

327 2381 471 2419 integra.

431 2429 442 2460 l
464 2433 608 2459 tantem
636 2424 811 2465 intelligas
837 2422 1010 2469 hymnum
1038 2425 1240 2457 concionari
1267 2426 1308 2455 de

328 2479 473 2514 summis
499 2477 602 2510 honis
626 2482 657 2508 ct
683 2477 724 2507 dc
753 2476 820 2507 xiia
848 2483 1005 2514 aeterna,
1044 2476 1212 2509 intuearis
1237 2477 1308 2519 pri·
1334 2494 1335 2497 =

327 2545 422 2565 muni
441 2535 661 2574 praeceptum
675 2553 684 2565 ,
711 2538 853 2570 prorsus
872 2528 964 2559 enim
983 2527 1226 2571 complectitur
1245 2524 1307 2572 luy—

328 2594 431 2615 iunus
468 2580 652 2623 praezipua
682 2589 786 2622 opera
813 2585 845 2611 rt
873 2590 1027 2611 sununos
1062 2579 1175 2611 cultus
1204 2578 1308 2621 primi

327 2631 519 2677 prat-cepti,
548 2630 674 2662 scilicet
702 2641 818 2661 verant
845 2630 1061 2670 agnitionem
1080 2629 1162 2667 Dei,
1190 2642 1308 2673 paceni

329 2698 405 2716 suu·
429 2682 520 2716 llro.
551 2682 582 2713 id
604 2689 670 2717 est,
705 2682 845 2713 credere
865 2681 974 2714 lleutn
1003 2693 1074 2713 csse
1103 2681 1307 2713 reconcilia-

891 99 1016 134 PHIL.
1044 98 1159 136 MEL.
1185 96 1397 135 SCRIPTA
1425 97 1721 136 EXEGETICA.

305 204 392 231 stem
407 205 470 239 pro
487 203 546 225 sua
566 187 792 227 crudelitate,
819 185 877 218 sed
895 185 1039 229 reprimi
1060 197 1139 219 eum
1157 183 1292 220 aChri-
1316 192 1319 216 ῑ

1234 1963 1302 1997 Sed
1329 1970 1330 1973 ’

2253 97 2326 135 192

1342 193 1417 220 tum
1434 192 1576 230 propter
1593 185 1742 227 Filium,
1772 192 1803 220 et
1822 185 2011 226 laetitiam,
2046 184 2080 218 id
2107 192 2174 227 est,
2206 197 2325 219 veram

1342 236 1567 270 dilectionem
1592 235 1670 272 Dei.
1722 236 1819 271 Haec
1837 249 1914 270 cum
1940 242 2043 270 erunt
2071 243 2325 277 consummata,

1344 294 1447 321 erunt
1463 287 1536 331 ipsa
1555 287 1625 320 vita
1643 294 1796 324 aeterna.

1445 336 1510 372 Est
1543 349 1623 381 ergo
1658 336 1812 384 hymnus
1848 337 2037 383 descriptio
2073 335 2326 371 beneficiorum

1343 387 1488 429 Christi,
1514 401 1574 422 seu
1586 400 1720 422 summa
1733 387 1931 432 Evangelii,
1949 401 2008 422 seu
2031 388 2218 432 descriptio
2230 388 2327 430 regni

1345 440 1473 473 aeterni
1504 438 1698 479 Ecclesiae,
1741 441 1837 485 quod
1866 447 1982 473 tamen
2012 439 2048 472 in
2079 437 2144 473 liae
2171 439 2241 473 vita
2271 439 2327 471 in-

1346 497 1478 525 coatur.

1447 540 1628 574 Praeterea
1656 549 1695 576 ut
1720 541 1834 584 angeli
1866 548 1947 575 sunt
1984 548 2247 585 praecentores,
2281 539 2329 574 ita

1346 591 1457 624 sciant
1481 603 1602 626 omnes
1627 599 1784 636 pastores
1807 603 1843 624 se
1866 588 1963 624 hunc
1995 589 2167 637 hymnum
2201 592 2328 625 debere

1347 640 1522 676 Ecclesiae
1547 643 1767 687 praecinere,
1802 643 1836 675 id
1860 648 1928 683 est,
1963 643 2100 675 tradere
2121 654 2238 675 veram
2263 644 2328 675 do-

1348 693 1516 733 ctrinam,
1549 706 1616 738 qua
1639 700 1848 738 agnoscatur
1867 691 1984 733 Deus,
2026 693 2243 727 annunciare
2268 704 2329 736 pa-

1348 756 1421 776 cem
1441 744 1692 786 conscientiae,
1712 751 1854 789 propter
1871 742 2006 778 Filium
2024 742 2108 784 Dei,
2130 751 2161 778 et
2179 754 2251 777 esse
2269 755 2331 777 au-

1349 802 1440 828 tores
1469 797 1562 838 pacis
1589 803 1622 829 ct
1654 795 1862 829 concordiae
1897 795 1934 827 in
1961 792 2138 836 Ecclesia,
2178 795 2330 828 retinere

1349 845 1452 878 etiam
1471 845 1636 878 laetitiam
1656 846 1972 885 conscientiarum,
2001 846 2035 878 id
2054 852 2120 886 est,
2147 856 2268 879 cavere
2287 857 2332 878 ne

1349 896 1552 929 saucientur
1568 897 1801 932 conscientiae
1819 897 1872 930 vel
1899 896 2178 941 perturbentur,
2203 908 2270 942 qua
2296 908 2333 929 re

1350 947 1544 990 impeditur
1560 947 1749 982 invocatio.
1783 948 1887 992 Impii
1907 949 2067 981 doctores
2084 947 2202 980 omnia
2223 959 2332 979 mern-

1351 999 1411 1031 lira
1441 998 1665 1031 conturbant.
1726 998 1902 1039 Primum,
1943 998 2024 1044 quia
2052 999 2138 1031 salsa
2172 998 2332 1031 doctrina

1351 1049 1457 1081 laedit
1476 1049 1623 1091 gloriam
1642 1047 1719 1085 Dei.
1772 1048 1930 1088 Deinde,
1965 1050 2081 1083 turbat
2107 1049 2332 1082 concordiam

1350 1097 1539 1134 Ecclesiae.
1594 1099 1736 1141 Tertio,
1763 1100 1895 1133 sauciat
1912 1107 2064 1138 mentes,
2092 1112 2136 1132 ne
2161 1106 2253 1133 recte
2277 1100 2333 1132 in·

1351 1157 1476 1184 vocent
1499 1149 1626 1184 Deum.
1682 1150 1793 1184 Iulius
1821 1151 1937 1184 turbat
1966 1150 2001 1183 in
2031 1152 2184 1184 secundo
2213 1152 2334 1194 gradu,

1352 1202 1569 1234 contendens
1587 1203 1629 1235 de
1644 1214 1680 1235 re
1696 1215 1767 1235 non
1786 1201 2000 1242 necessaria,
2029 1202 2072 1234 de
2095 1208 2252 1244 tempore
2267 1200 2334 1234 Pa-

1350 1249 1490 1287 schatis.
1545 1251 1660 1285 David
1681 1265 1883 1299 quanquam
1903 1258 1977 1285 erat
1993 1253 2107 1285 bonus
2129 1253 2270 1290 doctor,
2297 1263 2336 1284 ac

1351 1303 1545 1338 retinuerat
1573 1304 1817 1337 concordiam.
1864 1310 1979 1337 tamen
2009 1303 2191 1336 contristat
2223 1303 2336 1335 liouos

1351 1365 1413 1387 suo
1432 1355 1615 1395 scandalo,
1649 1362 1746 1400 rapta
1770 1354 1913 1389 alterius
1938 1354 2098 1396 coniuge.
2152 1353 2231 1388 Sint
2254 1364 2335 1396 ergo

1351 1405 1478 1438 intenti
1505 1406 1666 1439 doctores
1686 1407 1721 1439 in
1741 1404 1804 1439 hos
1822 1413 1891 1439 tres
1907 1405 2054 1448 gradus,
2081 1411 2121 1438 ut
2140 1416 2219 1437 vere
2236 1415 2337 1447 prae-

1352 1455 1470 1489 cinant
1500 1453 1674 1501 hymnum
1709 1457 1909 1500 angelicum
1939 1456 2088 1500 populo,
2131 1456 2165 1488 id
2190 1461 2260 1495 est;
2298 1461 2337 1489 nt

1352 1518 1431 1539 vera
1449 1507 1614 1545 doceant,
1643 1519 1760 1551 pacem
1781 1507 1847 1551 piis
1866 1506 2090 1539 conscientiis
2107 1506 2337 1544 annuncient,

1351 1564 1516 1591 tueantur
1545 1559 1790 1598 concordiam,
1831 1565 1861 1591 et
1891 1563 2035 1590 caveant
2064 1557 2245 1596 scandala,
2292 1568 2336 1589 ne

1352 1620 1495 1653 quoquo
1512 1609 1618 1641 modo
1635 1609 1798 1643 sauciatis
1816 1608 1993 1641 mentibus
2011 1607 2205 1651 impediant
2232 1607 2336 1639 invo-

1352 1659 1523 1691 cationem
1542 1658 1616 1691 Dei.

1686 1760 1742 1784 De
1778 1759 2005 1791 septimo.

1455 1812 1561 1855 Signa
1586 1812 1786 1856 plerunque
1805 1818 1976 1845 vocantur
1996 1823 2101 1855 opera
2130 1812 2295 1845 inusitata
2320 1825 2337 1846 a

1353 1861 1427 1896 Deo
1447 1863 1555 1899 facta,
1575 1870 1612 1895 ut
1630 1869 1800 1895 testentur
1817 1862 1951 1907 aliquid
1972 1863 2133 1895 nuntiari
2153 1863 2338 1902 (livinitus,

1353 1921 1390 1946 ut
1409 1913 1626 1946 resuscitatio
1646 1912 1764 1945 Lazari
1786 1919 1857 1946 erat
1879 1924 1967 1957 opus
1992 1925 2009 1946 a
2028 1911 2103 1946 Deo
2126 1914 2273 1955 sactum,
2301 1922 2339 1948 ut

1356 1971 1540 1997 testaretur
1560 1961 1743 1996 Christum
1762 1976 1841 1996 vere
1859 1977 1876 1996 a
1895 1964 1967 1996 Deo
1988 1964 2132 1998 missum
2150 1977 2232 1998 esse.
2282 1965 2337 1999 An

1356 2013 1421 2047 hoc
1441 2014 1516 2047 loco
1534 2015 1637 2047 ctiam
1659 2015 1707 2046 sic
1727 2015 1890 2058 intelligit
1911 2016 2066 2057 signum,
2086 2027 2164 2048 cuin
2184 2018 2248 2049 ait:
2281 2015 2339 2049 ln-

1357 2066 1505 2099 venietis
1524 2066 1692 2099 infantem
1721 2066 1755 2097 in
1783 2066 1964 2110 praesepi?
1995 2064 2093 2099 Alias
2114 2067 2216 2100 aliter
2242 2068 2339 2110 signa

1357 2117 1615 2159 intelliguntur.
1679 2115 1745 2150 llic
1779 2116 2079 2160 simplicissimum
2120 2125 2166 2150 est
2213 2119 2340 2155 dicere.

1358 2170 1451 2213 quod
1471 2169 1607 2207 signum
1627 2174 1723 2201 vocet
1736 2195 1743 2205 ,
1771 2181 1841 2200 11011
1860 2168 2068 2201 miraculum
2088 2169 2181 2214 quod
2199 2170 2241 2202 de
2258 2181 2340 2203 nar·

1359 2220 1495 2252 ratione
1523 2219 1743 2254 testificetur,
1788 2220 1844 2252 sed
1875 2231 1947 2252 rem
1977 2232 2044 2264 qua
2081 2220 2164 2252 vetit
2201 2221 2339 2262 agnosci

1359 2269 1454 2304 hunc
1474 2271 1656 2308 infantem,
1685 2277 1715 2303 et
1734 2271 1885 2303 discerni
1906 2283 1923 2304 a
1943 2271 2097 2307 caeteris,
2122 2271 2219 2315 quasi
2239 2272 2342 2309 dicat.

1333 2342 1334 2346 =
1360 2322 1426 2355 llic
1445 2322 1559 2355 infans
1578 2328 1623 2354 est
1646 2320 1811 2361 Messias,
1847 2334 1951 2366 quem
1977 2321 2164 2354 invenietis
2191 2323 2340 2364 positum

1362 2375 1395 2406 in
1417 2373 1593 2417 praesepi,
1621 2373 1657 2405 in
1679 2373 1848 2411 fasciolis,
1878 2373 1921 2405 ita
1948 2372 2161 2405 discernitur
2187 2373 2300 2406 intans
2324 2386 2340 2406 a

1360 2425 1504 2457 caeteris
1523 2424 1700 2462 «nullibus,
1716 2424 1797 2467 quia
1819 2423 1908 2455 Deus
1925 2430 2020 2456 certo
2039 2422 2343 2459 munstrariChri-

1360 2484 1450 2509 stum
1480 2475 1611 2510 voluit,
1655 2475 1764 2507 voluit
1792 2474 1871 2507 sciri
1902 2474 1980 2519 quis
2007 2481 2114 2511 esset.
2154 2474 2215 2507 uhi
2245 2482 2343 2513 esset.

1361 2539 1449 2572 quae
1476 2533 1587 2559 mater
1611 2532 1707 2558 esset.
1763 2524 1846 2557 vntt
1876 2525 1970 2558 cuim
1994 2523 2089 2559 Deus
2113 2533 2228 2559 extare
2251 2533 2342 2559 certa

1362 2578 1558 2611 testimonia
1578 2583 1693 2609 tautae
1710 2577 1758 2608 rei
1782 2577 1815 2608 in
1835 2574 1999 2611 Ecclesia,

1460 2629 1646 2661 (Iac-terum
1682 2628 1754 2671 ipse
1789 2635 1994 2671 conspectus
2029 2628 2233 2670 angelorum
2270 2635 2341 2662 erat

1361 2680 1520 2722 signum,
1546 2680 1579 2711 id
1597 2687 1665 2714 est.
1703 2679 1912 2712 miraculum
1941 2680 2126 2712 testificans
2155 2682 2196 2711 de
2224 2691 2343 2713 narra-

2396 968 2409 1047 .a-·-
2392 642 2409 947 ‹rerum-nauff-
2391 610 2406 628 u
2396 579 2401 588 -
2395 557 2401 562 ·
