2409 2915
52 107 130 144 925
294 106 391 152 {XIL
445 105 839 143 ANNOTATIONES
864 105 930 142 ET
957 104 1236 143 CONCIONES
1264 107 1314 143 IN
1339 107 1522 146 EVANG.
1552 110 1830 147 MATTHAEI.
2001 113 2074 149 926

51 200 123 232 est,
153 192 290 227 etiamsi
314 194 475 228 nondum
499 204 604 237 capax
628 199 678 226 est
695 192 919 236 disciplinae,
946 200 978 227 et
996 193 1038 226 de

1092 192 1290 228 cationibus
1316 195 1439 229 vestris
1463 203 1495 230 et
1512 196 1578 230 fide
1596 204 1708 231 vestra
1725 209 1782 232 eos
1800 197 1875 233 Deo
1896 211 2076 233 commen-

50 244 189 288 pueris,
225 244 284 289 qui
318 244 387 278 iam
420 250 502 278 sunt
529 255 670 288 capaces
700 243 918 287 disciplinae.
985 241 1038 276 De
1062 257 1065 267 =
1090 243 1185 278 dare.

50 294 210 340 utrisque
236 295 334 334 dico,
366 302 553 339 parentum
577 294 732 327 officium
758 305 848 334 esse,
875 301 913 327 ut
937 294 1035 326 adfe-

50 353 131 379 rant
170 352 338 390 utrosque
368 346 413 380 ad
438 343 635 383 Christum,
680 344 769 379 sicut
803 351 1035 390 utrorumque

51 404 144 431 aetas
160 396 345 440 permittit.

152 453 292 488 Primae
317 454 439 488 aetatis
473 453 626 487 infantes
657 454 818 488 adferant
848 455 891 487 ad
917 453 1034 496 bapti-

50 517 184 545 smum,
212 512 244 538 et
267 511 389 538 curent
413 515 472 537 eos
497 504 571 537 fieri
592 505 748 537 membra
766 503 940 537 Ecclesiae
956 502 1032 537 Dei.

48 556 142 600 Quia
159 553 216 588 hic
231 555 390 596 discunt,
416 566 497 587 vere
513 561 547 588 et
562 562 655 589 certo
678 555 786 599 recipi
814 555 918 588 etiam
947 555 1033 587 tales

47 608 199 640 infantes
228 617 246 638 a
272 604 361 640 Deo.
422 603 468 639 Et
491 603 608 639 Deum
634 605 743 646 velle,
777 612 816 639 ut
838 605 923 640 tales
947 605 1032 639 fiant

46 656 203 690 membra
218 653 393 688 Ecclesiae
411 667 473 700 per
489 656 724 689 ministerium
735 682 744 696 ‚
765 662 799 689 et
816 663 854 689 ut
870 656 1032 689 adseran-

45 714 104 741 tur
117 707 162 740 ad
179 705 431 747 ministerium,
459 706 641 747 videlicet,
666 707 710 739 ad
728 706 954 750 baptismum.

145 769 192 805 Et
208 772 412 814 parentibus
432 782 578 814 magnae
595 772 828 805 consolationi
846 772 908 811 sit,
935 772 1030 817 quod

0 826 1 831 ’
45 822 161 857 sciunt
182 818 273 854 hanc
294 829 439 856 aetatem
459 833 531 855 esse
549 819 735 856 haeredem
752 822 843 856 vitae
859 829 1030 862 aeternae,

44 881 78 908 et
100 873 217 908 ,sciunt
243 871 338 905 illam
356 873 530 905 infirmam
549 879 695 906 aetatem
713 873 792 907 Deo
810 872 945 917 placere
961 879 993 906 et
1010 884 1029 905 a

1191 301 1357 336 Teneatis
1371 311 1487 338 autem
1504 306 1806 341 confirmationem
1825 320 1864 342 ex
1877 307 1942 343 hoc
1955 316 2060 343 textu.

1387 403 1502 428 Prima
1530 406 1772 432 confirmatio.

1188 451 1350 487 Christus
1367 454 1464 489 iubet
1479 456 1631 490 infantes
1648 460 1690 491 ad
1704 471 1738 492 se
1751 460 1879 501 asserti,
1907 468 1938 494 et
1951 461 2072 494 claris-

1059 501 1062 519 Ι
1085 503 1172 537 sime
1187 503 1356 546 affirmat,
1384 507 1477 550 quod
1495 508 1617 541 talium
1636 509 1681 542 sit
1698 521 1846 552 regnum
1862 512 2051 545 coelorum.

1186 560 1233 596 Et
1248 574 1396 606 regnum
1413 565 1590 599 coelorum
1608 579 1680 600 non
1694 575 1888 608 esteoru1n‚
1917 571 1975 615 qui
1990 577 2071 604 sunt

1085 619 1179 647 extra
1197 610 1401 651 Ecclesiam.

1184 671 1280 716 Ergo
1303 685 1442 707 necesse
1466 682 1517 709 est
1539 687 1596 709 eos
1620 677 1725 710 inseri
1744 676 1920 714 Ecclesiae
1944 686 1977 714 et
1995 679 2069 712 fieri

1084 734 1144 757 eos
1160 724 1318 758 membra
1334 723 1508 759 Ecclesiae
1527 738 1589 770 per
1605 728 1829 771 baptismum.

1357 825 1525 850 secunda
1554 827 1794 854 confirmatio.

1182 873 1279 908 Deus
1294 875 1377 910 fecit
1396 875 1486 912 hanc
1502 880 1782 914 admonitionem
1795 908 1803 922 ‚
1830 887 1869 915 ut
1889 881 1972 915 velit
1991 889 2069 915 tan-

43 924 123 959 Deo
147 922 336 963 custodiri,
365 930 396 956 et
420 934 456 955 se
481 922 518 955 in
543 923 643 956 cunis
669 921 797 956 habere
821 922 913 956 cives
931 923 1028 966 regni
1053 924 1057 974 Ι
1082 931 1156 958 tum
1180 926 1314 958 salvare
1334 935 1473 962 vocatos
1486 930 1528 963 ad
1547 929 1759 971 Ecclesiam,
1788 942 1892 975 super
1908 944 1993 976 quos
2013 933 2069 965 in-

42 973 211 1009 coelestis.
271 972 392 1008 Sciant
417 973 525 1015 igitur
550 974 754 1007 mandatum
777 972 843 1007 Dei
867 984 956 1013 esse,
990 980 1029 1007 ut
1052 980 1055 1014 Ι
1082 982 1242 1009 vocatum
1264 983 1315 1010 est
1334 989 1462 1011 nomen
1482 980 1556 1015 filii.
1611 980 1692 1014 Ideo
1711 982 1812 1016 dicit:
1841 981 1939 1024 Quos
1955 983 2068 1025 elegit,

43 1025 111 1069 ipsi
144 1030 303 1069 parentes
332 1030 455 1058 curent
486 1035 566 1057 suos
598 1030 700 1057 natos
731 1023 863 1058 adferri
897 1025 939 1057 ad
964 1024 1027 1058 ba-

42 1077 222 1121 ptismum.

147 1132 284 1167 Deinde
309 1139 491 1177 postquam
513 1139 606 1165 aetas
623 1139 671 1166 est
686 1144 790 1176 capax
808 1133 1026 1176 disciplinae,
1050 1131 1053 1143 ¹

1080 1023 1145 1058 hos
1164 1033 1195 1059 et
1221 1028 1376 1067 vocavit,
1404 1028 1508 1063 Rom.
1527 1031 1560 1066 8.
1581 1030 1627 1065 Et
1652 1043 1825 1077 nusquam
1854 1033 1928 1067 vult
1947 1034 2066 1078 quaeri

1080 1076 1226 1116 electos,
1260 1077 1328 1110 nisi
1357 1079 1392 1111 in
1418 1088 1518 1114 coetu
1542 1088 1765 1122 vocatorum,
1799 1083 1894 1127 quod
1921 1095 2066 1125 magnae

1079 1127 1313 1160 consolationi
1345 1136 1411 1162 est:
1446 1130 1626 1176 Nusquam
1657 1139 1739 1166 sunt
1772 1133 1892 1173 electi,
1928 1134 1994 1166 nisi
2027 1135 2064 1167 in

41 1185 205 1219 erudiant
231 1183 332 1216 etiam
353 1194 430 1223 cos,
457 1183 545 1216 sicut
562 1182 691 1216 Paulus
708 1183 876 1227 praecipit
894 1182 1024 1227 Ephes.
1049 1183 1053 1224 Ι
1079 1184 1177 1210 coetu
1195 1186 1409 1213 vocatorum.
1460 1179 1508 1215 Et
1526 1194 1663 1227 semper
1680 1183 1717 1216 in
1737 1190 1837 1217 coetu
1856 1191 2062 1218 vocatorum

41 1237 93 1271 6.:
121 1235 274 1269 Educate
298 1241 397 1267 natos
420 1233 457 1266 in
473 1233 680 1277 disciplina,
707 1241 739 1267 et
755 1234 915 1267 doctrina
932 1234 1025 1267 divi-
1049 1226 1051 1280 Ι
1077 1234 1159 1261 sunt
1175 1228 1283 1272 aliqui
1301 1229 1410 1265 electi.

40 1299 97 1320 na.
151 1284 316 1318 Parentes
344 1284 446 1317 etiam
480 1284 629 1317 assiduis
661 1284 823 1327 precibus
844 1282 1052 1330 commen-f

1179 1287 1301 1331 Aliqui
1327 1288 1477 1322 infantes
1502 1298 1583 1325 sunt
1599 1292 1717 1333 electi,
1744 1294 1825 1338 quia
1843 1301 1954 1328 textus
1972 1295 2062 1328 clare

40 1339 125 1370 dent
148 1334 224 1368 Deo
249 1341 358 1367 natos.
410 1332 505 1367 Haec
529 1334 647 1367 omnia
673 1331 1024 1377 comprehenduntur
1048 1356 1050 1369 >
1076 1335 1178 1369 dicit:
1206 1336 1285 1369 Non
1309 1345 1359 1372 est
1381 1340 1545 1374 voluntas
1563 1341 1694 1382 Patris,
1722 1351 1761 1378 ut
1778 1353 1894 1388 pereat
1913 1357 2003 1379 unus
2018 1347 2062 1378 de

38 1387 77 1420 in
97 1385 219 1420 verbo:
247 1383 392 1417 Adferte
410 1391 511 1417 natos
529 1385 572 1417 ad
591 1381 785 1418 Christum.

344 1491 393 1515 De
417 1491 576 1515 secunda
599 1493 708 1522 parte.

137 1545 241 1580 Scitis
263 1545 512 1588 Anabaptistas
535 1542 754 1578 horribiliter
778 1545 935 1578 turbasse
953 1543 1022 1578 Ec-

37 1596 197 1635 clesiam,
234 1595 393 1637 negando
418 1595 588 1638 baptisma
613 1595 800 1628 infantum.
859 1594 906 1629 Et
930 1597 1022 1629 fece-

38 1655 121 1681 runt
148 1646 313 1679 iniuriam
340 1645 438 1687 Deo,
465 1645 679 1686 infantibus,
704 1642 880 1679 Ecclesiae
901 1652 935 1680 et
959 1658 1019 1690 pa-

1046 1381 1050 1416 Ι
1075 1387 1231 1429 parvulis
1250 1387 1334 1423 istis.

1176 1443 1270 1487 Ergo
1290 1457 1426 1479 necesse
1446 1454 1496 1482 est
1514 1460 1571 1482 eos
1588 1462 1649 1494 per
1667 1451 1920 1492 ministerium,
1946 1451 1980 1485 id
2002 1459 2062 1493 est,

1074 1505 1136 1537 per
1153 1494 1363 1539 baptismum
1380 1497 1453 1530 fieri
1472 1501 1628 1534 membra
1645 1509 1764 1536 coetus
1781 1511 1995 1537 vocatorum.

1371 1596 1499 1621 Tertia
1523 1599 1764 1626 confirmatio.

1174 1644 1366 1681 Promissio
1386 1649 1600 1684 remissionis
1617 1660 1835 1694 peccatorum
1855 1662 1886 1688 et
1904 1654 2058 1698 Spiritus

36 1698 210 1732 rentibus.
1044 1699 1047 1726 Ι
1072 1697 1181 1729 sancti
1196 1723 1204 1736 ,
1231 1704 1263 1730 et
1281 1698 1371 1731 vitae
1387 1706 1549 1733 aeternae
1566 1703 1715 1745 pertinet
1733 1706 1776 1737 ad
1796 1705 1956 1739 infantes.

141 1757 172 1790 1.
224 1753 298 1788 Deo
315 1754 472 1787 fecerunt
492 1752 677 1794 iniuriam,
705 1754 784 1798 quia
803 1761 1020 1797 negaverunt
1044 1757 1047 1801 Ι
1173 1754 1244 1788 Nec
1269 1757 1350 1790 volo
1373 1759 1500 1792 addere
1524 1760 1623 1803 plura
1646 1771 1868 1805 argumenta,
1902 1765 1983 1798 satis
2006 1772 2057 1799 est

37 1819 116 1841 eum
147 1805 298 1848 recipere
334 1805 503 1841 infantes,
538 1805 631 1848 quod
663 1811 750 1837 esset
780 1805 1019 1844 durissimum,
1044 1805 1045 1851 Ι
1071 1817 1134 1838 vos
1152 1806 1214 1838 ista
1234 1808 1475 1850 considerare,
1504 1818 1538 1844 et
1554 1809 1725 1846 adhortor
1743 1827 1822 1853 vos,
1849 1822 1885 1848 ut
1904 1816 2055 1859 diligen-

35 1866 70 1891 et
92 1864 141 1890 est
159 1856 341 1889 manifeste
357 1855 502 1894 salsum,
527 1854 608 1898 quia
625 1852 788 1888 Christus
806 1855 909 1889 dicit:
937 1855 1016 1888 Non
1043 1858 1045 1883 ἶ
1071 1863 1122 1889 ter
1140 1868 1178 1889 ea
1196 1857 1441 1898 consideretis,
1469 1867 1501 1893 et
1518 1863 1627 1903 agatis
1643 1862 1717 1897 Deo
1736 1866 1862 1907 gratias
1879 1878 1940 1909 pro
1957 1874 2053 1900 tanto

35 1915 87 1942 est
116 1907 278 1941 voluntas
309 1906 436 1949 patris,
472 1911 509 1938 ut
536 1911 652 1948 pereat
680 1917 771 1939 unus
795 1906 838 1938 de
864 1906 1018 1949 parvulis
1043 1915 1045 1950 ξ
1071 1906 1258 1946 beneficio,
1294 1911 1386 1952 quod
1421 1911 1565 1954 recipiat
1598 1913 1766 1953 infantes,
1801 1923 1833 1949 et
1858 1929 1898 1949 eo
1922 1917 2054 1950 maiore

34 1958 120 1993 istis.
148 1957 234 1991 Item
252 1963 484 1999 corruperunt
503 1955 752 1998 promissiones
767 1956 917 1998 divinas,
936 1956 1018 2002 quia
1042 1956 1045 1995 Ι
1070 1958 1264 1991 reverentia
1285 1959 1432 1994 veniatis
1448 1962 1490 1993 ad
1511 1962 1741 2006 baptismum,
1770 1973 1801 1999 et
1819 1967 1864 1999 ibi
1884 1980 1961 2000 cum
1983 1975 2054 2001 tota

32 2009 254 2043 excluserunt
271 2007 350 2040 inde
368 2007 530 2041 infames,
1042 1998 1045 2058 Ι
1069 2005 1225 2041 Ecclesia
1249 2009 1344 2042 orbis
1369 2017 1541 2044 terrarum
1569 2014 1719 2048 infantes
1737 2015 1810 2050 Deo
1830 2021 2052 2051 commende-

136 2067 172 2101 2.
232 2064 404 2098 Fecerunt
434 2063 599 2097 iniuriam
633 2071 666 2098 et
696 2064 780 2107 ipsis
812 2064 1018 2105 {nfantibus‚
1071 2057 1126 2093 tis.
1180 2057 1259 2091 Non
1278 2060 1470 2095 existimate
1489 2063 1628 2096 inanem
1649 2066 1770 2099 ludum
1789 2079 1880 2105 esse,
1909 2071 1965 2102 sed
1985 2070 2053 2102 sci-

33 2119 289 2151 damnaverunt
307 2127 379 2147 non
395 2115 632 2153 damnandos,
659 2112 910 2149 culnChristus
927 2115 1017 2149 clare
1042 2115 1044 2118 ’
1070 2116 1139 2142 [ote
1163 2116 1295 2142 veslros
1319 2119 1418 2144 natos
1445 2112 1493 2146 ibi
1520 2126 1598 2147 vere
1623 2115 1694 2149 fieri
1713 2118 1803 2150 Cives
1821 2120 1917 2160 regni
1935 2121 2050 2152 coelo—

34 2168 143 2201 d5cat:
172 2166 314 2199 Talium
332 2172 380 2198 ρει
399 2176 543 2207 regnnm
562 2165 751 2198 coelorum,
1069 2171 1165 2199 rum,
1206 2167 1239 2193 et
1268 2161 1358 2194 filios
1386 2162 1462 2198 Dei.
1529 2163 1643 2198 Nimis
1675 2168 1887 2210 negligentes
1921 2181 2052 2210 sumus,

134 2226 168 2260 3¹
222 2224 390 2258 fecerum
411 2223 575 2255 iniuriam
592 2222 893 2265 etEcclesiaeDeg’
920 2226 1015 2269 quod
1067 2211 1160 2253 quod
1180 2216 1273 2268 tanta
1290 2212 1453 2246 beneficia
1472 2227 1543 2247 non
1561 2217 1820 2250 considermnus
1837 2219 2051 2262 diligentius,

30 2288 193 2321 maguam
225 2281 358 2318 partem
384 2272 558 2306 Ecclesiae
582 2274 860 2314 damnaverunt,
892 2282 925 2308 et
950 2275 1015 2307 im·
1039 2287 1041 2295 ⁴
1067 2267 1099 2293 Β(
1124 2273 1194 2293 '¹⁰¹¹
1217 2273 1352 2304 ‘’gunus
1370 2265 1507 2307 gffltlas·
1565 2265 1645 2299 ldffl
1668 2280 1728 2299 VOS
1746 2265 1934 2309 ΜῙΙΙΟΓΙΟΓ,
1962 2278 1999 2304 ¹¹1
2017 2280 2050 2305 et

29 2329 261 2374 pediverunt,
288 2337 332 2358 ne
348 2324 498 2357 infantes
516 2324 637 2356 fierent
655 2324 810 2356 membra
829 2323 1014 2358 Ecclesiae,
1038 2303 1041 2372 Ι
1066 2310 1270 2367 diligentius
1292 2310 1386 2369 ‘llaec
1407 2327 1512 2359 opera
1539 2315 1604 2349 Dei
1630 2318 1879 2360 consideretis,
1916 2329 1944 2355 et
1970 2322 2050 2356 Deo

134 2395 168 2430 4.
221 2393 394 2427 Fecerunt
418 2391 584 2424 iniuriam
608 2391 829 2434 parentibus,
862 2405 1011 2437 quorum
1038 2387 1039 2421 ζ
1065 2368 1193 2404 gratias
1210 2369 1330 2406 3Βὸῐῑςσ

29 2445 207 2481 invocatio
240 2456 303 2487 pro
333 2441 528 2475 infantibus
558 2441 724 2484 impedita
753 2449 823 2482 est,
865 2450 897 2476 et
925 2451 1013 2477 esset

29 2507 176 2541 magnus
192 2495 311 2535 dolor,
336 2493 364 2526 si
381 2493 532 2526 infantes
550 2500 663 2526 essent
680 2491 797 2526 reiecti
815 2505 834 2526 a
850 2491 937 2536 Du).

1436 2463 1562 2489 'l'ertla
1590 2472 1681 2496 pars·

1166 2511 1224 2547 Sic
1247 2521 1346 2548 antea
1365 2515 1455 2557 dixi,
1483 2526 1641 2560 parentes
1658 2521 1784 2554 debere
1799 2523 1938 2556 erudire
1954 2533 2046 2559 aeta-

1064 2569 1154 2603 tem,
1181 2577 1269 2609 quae
1286 2565 1353 2597 iam
1373 2578 1478 2609 capax
1496 2577 1544 2602 est
1562 2570 1753 2606 doctrinae.
1789 2571 1836 2606 lta
1856 2586 1949 2608 nunc
1968 2589 2045 2610 rur-

1063 2624 1120 2646 sus
1136 2615 1230 2647 dico:
1260 2615 1337 2648 Non
1359 2616 1472 2649 solum
1492 2630 1613 2652 curare
1629 2621 1782 2661 debetis,
1809 2632 1845 2657 ut
1866 2625 2046 2669 baptizen-

1062 2670 1121 2698 tur
1150 2665 1321 2706 infantes,
1351 2667 1411 2700 sed
1441 2665 1507 2702 hoc
1539 2678 1659 2715 postea
1682 2672 1786 2707 etiam
1811 2678 2045 2713 necessarium

133 2562 244 2606 Igitur
266 2567 386 2594 contra
404 2558 716 2602 Anabaptistarum
737 2571 890 2593 errorem
907 2561 1013 2593 debe-

30 2614 75 2649 tis
101 2625 174 2647 esse
207 2611 354 2649 muniti,
389 2616 421 2643 et
447 2616 537 2643 certa
563 2610 629 2643 fide
655 2616 826 2648 statuere,
861 2611 1012 2644 infantes

29 2676 93 2710 per
114 2663 329 2710 baptismum
345 2659 453 2706 recipi
468 2672 488 2694 a
504 2658 590 2696 Deo.
641 2657 689 2695 Et
705 2671 764 2695 vos
781 2661 914 2696 debetis
932 2673 1012 2707 pre-
