2409 2915
284 110 355 147 251

412 194 490 228 Hoc
505 198 608 237 caput
622 201 689 225 sex
703 189 808 224 habet
825 192 1031 235 praecipuos
1050 190 1157 226 locos.

343 246 369 281 I.
396 245 458 279 Pia
473 242 660 287 colloquia.

347 296 393 331 ll.
423 293 612 328 Infirmitas
628 292 895 337 discipulorum.

345 345 413 381 ΠΙ.
443 343 560 378 Etiam
578 343 709 377 infirmi
725 343 855 376 dociles
866 342 1006 387 placent
1020 341 1106 377 Deo.

350 395 434 430 1111,
461 393 692 428 Confirmatio
707 392 892 437 Evangelii
909 405 949 426 ex
966 391 1177 426 testimoniis
1195 402 1278 435 pro-

399 444 559 490 pheticis.

349 497 392 532 Υ.
421 497 477 530 De
492 495 771 538 resurrectione,
806 494 900 538 qnod
927 492 1090 525 videlicet
1111 492 1199 524 fides
1223 492 1283 523 de-

401 548 481 581 beat
498 546 627 580 intueri
646 545 888 578 resuscitatum
907 550 940 577 et
956 549 1158 586 regnantem
1179 539 1284 575 Chri—

400 605 504 632 stum.

351 648 410 683 x‘l.
440 646 492 681 De
512 644 690 680 beneficiis
709 644 986 679 resurrectionis.

664 718 686 743 D
705 724 720 742 e
753 725 770 749 p
790 724 803 741 r
822 717 830 741 ἰ
848 724 874 741 m
893 723 918 742 ο.

401 763 462 797 Bis
490 763 683 797 intervenit
700 760 862 796 Christus
879 761 1069 806 colloquiis
1092 760 1285 803 discipulo-

300 828 378 849 rum
392 843 399 855 ,
428 814 682 858 disputantium
701 814 743 846 de
761 812 1027 846 resurrectione.
1076 809 1285 853 Exemplum

301 867 408 909 igitur
423 872 561 904 monet,
589 872 622 898 et
638 870 802 903 testatur,
838 862 949 895 Deum
974 863 1089 894 favere
1115 861 1191 904 piae
1214 873 1285 892 me-

300 916 465 950 ditationi
492 922 526 949 et
550 914 722 954 sermoni,
757 920 789 946 et
813 925 872 956 per
895 911 978 945 haec
1004 912 1175 944 efficacem
1203 922 1286 945 esse.

301 968 382 1001 Ideo
399 967 567 1010 scriptum
586 973 651 999 est:
681 965 849 998 Abundet
876 974 990 995 sermo
1009 962 1073 995 Dei
1100 962 1191 994 inter
1215 973 1285 994 vos.

304 1018 406 1051 Item:
437 1018 491 1051 Sit
509 1028 623 1049 sermo
642 1021 755 1047 vester
771 1015 841 1046 sale
861 1013 1034 1047 conditus.

629 1097 685 1120 De
722 1095 956 1119 secundo.

403 1149 555 1194 Insignis
579 1155 628 1181 est
651 1147 837 1180 infirmitas
861 1147 896 1179 iii
921 1146 1118 1190 discipulis.
1173 1145 1287 1179 Dubi-

303 1210 378 1238 taiit
408 1201 501 1235 enim
536 1201 578 1232 de
609 1198 885 1238 resurrectione,
919 1210 997 1230 cum
1022 1198 1164 1242 quidem
1187 1204 1288 1230 antea

303 1253 480 1299 praedicta
513 1256 611 1285 esset.
673 1249 765 1283 Sunt
790 1248 897 1291 igitur
922 1248 959 1280 in
986 1249 1113 1281 sanctis
1139 1256 1289 1292 peccata,

302 1304 487 1338 infirmitas
504 1301 604 1339 fidei,
632 1299 888 1339 dubitationes,
916 1299 1154 1342 ignorantiae,
1189 1310 1288 1332 secu-

303 1357 405 1391 ritas,
450 1352 572 1386 viciosi
610 1351 762 1394 impetus
803 1349 925 1387 multi,
977 1349 1192 1382 diffidentiae
1227 1357 1289 1383 etc.

302 1406 400 1440 Sicut
434 1404 471 1436 iii
495 1402 623 1436 Psalm.
653 1401 797 1434 dicitur:
837 1399 973 1433 Delicta
1002 1400 1079 1444 quis
1111 1400 1288 1443 intelligit,

306 1458 350 1489 ab
369 1454 514 1487 occultis
531 1453 617 1485 meis
633 1452 766 1484 munda
789 1463 855 1483 me.
909 1452 961 1484 Ac
988 1448 1227 1494 deprehendet
1252 1451 1289 1482 in

305 1518 376 1540 sese
395 1505 543 1550 quisque
565 1514 647 1536 suae
673 1502 754 1534 fidei
777 1501 1033 1541 infirmitatem,
1070 1501 1224 1543 cogitans
1247 1503 1289 1534 de

305 1556 528 1597 aeternitate,
563 1554 606 1586 de
634 1553 890 1586 resurrectione
913 1558 1032 1585 nostra
1064 1559 1129 1585 etc.
1190 1551 1288 1590 Item,

305 1607 523 1641 securitatem
540 1603 646 1637 nimis
664 1615 845 1646 magnam,
874 1609 906 1636 et
922 1603 1030 1635 multa
1049 1610 1159 1635 errata
1172 1630 1180 1643 ,
1201 1615 1289 1647 quae

305 1658 471 1691 oriuntur
491 1667 530 1688 ex
552 1654 767 1691 diffidentia,
795 1654 849 1685 vel
874 1653 998 1686 fiducia
1023 1653 1168 1688 carnali.
1222 1653 1289 1686 llic

304 1709 411 1752 igitur
435 1707 626 1743 discamus,
665 1711 869 1749 perpetuam
893 1703 929 1736 in
952 1704 1081 1737 sanctis
1105 1704 1290 1748 poeniten-

304 1761 387 1793 tiam
408 1769 478 1790 esse
497 1757 642 1793 debere,
671 1762 706 1788 et
725 1761 862 1788 sanctos
880 1766 953 1787 non
972 1765 1044 1787 esse
1069 1755 1179 1788 iustos
1205 1755 1289 1798 lege,

304 1810 384 1855 quia
403 1809 469 1851 legi
488 1819 561 1840 non
578 1806 811 1843 satisfaciunt,
848 1812 880 1839 et
905 1806 1106 1838 damnanda
1132 1812 1182 1838 est
1206 1818 1290 1850 ope-

304 1874 382 1893 rum
399 1858 544 1898 fiducia,
576 1864 610 1890 et
625 1868 745 1889 rursus
769 1857 996 1899 discendum,
1030 1857 1123 1901 quod
1150 1863 1291 1899 agentes

303 1909 554 1955 poenitentiam
579 1908 647 1939 side
670 1914 930 1951 consequantur
961 1907 1221 1947 remissionem,
1258 1915 1290 1941 et

304 1963 462 2007 placeant
476 1957 551 1991 Deo
574 1964 718 2001 propter
740 1954 934 1992 Christum.
989 1956 1080 1990 Sunt
1102 1955 1159 1991 liic
1185 1958 1289 1991 etiam

303 2010 533 2044 discernenda
552 2015 707 2052 peccata:
734 2020 814 2040 iiam
829 2008 954 2041 delicta
974 2015 1095 2041 contra
1108 2009 1290 2041 conscien—

303 2064 386 2097 tiam
406 2060 585 2094 excutiunt
605 2059 727 2099 fidem,
763 2059 929 2101 gratiam,
963 2065 996 2092 et
1012 2058 1185 2103 Spiritum
1209 2071 1290 2092 san-

301 2122 407 2148 ctum.

659 2168 795 2191 Dete
816 2166 927 2191 rtio.

403 2213 508 2247 [stilis
532 2212 725 2245 consolatio
754 2219 822 2251 est,
855 2211 1050 2254 exemplum
1077 2212 1289 2246 infirmitatis

304 2265 555 2309 Apostolorum
581 2264 616 2295 iii
643 2270 712 2297 tota
740 2259 885 2295 historia
915 2261 1109 2303 Evangelii.
1165 2263 1289 2297 Testa-

303 2326 359 2350 tur
377 2316 470 2347 enim
490 2315 664 2353 infirmos,
698 2314 725 2346 si
744 2321 860 2346 tamen
879 2313 948 2346 sint
966 2314 1114 2353 dociles,
1150 2321 1181 2347 et
1208 2315 1288 2347 suii-
1314 2335 1316 2344 ,

302 2370 505 2400 «lamentum
527 2372 685 2404 teneant,
716 2365 850 2408 placere
866 2363 960 2403 Deo,
995 2365 1082 2398 sicut
1109 2372 1140 2398 et
1159 2363 1288 2399 l‘aulus

304 2417 435 2462 inquit:
482 2415 663 2448 liifirmuiii
691 2416 724 2447 in
750 2416 815 2447 side
840 2416 1023 2455 assumite,
1068 2414 1162 2449 Deus
1193 2418 1285 2449 enini

302 2482 380 2502 euin
402 2467 532 2510 recipit.
588 2467 636 2499 Ac
654 2477 788 2509 semper
808 2466 840 2498 in
860 2464 1016 2500 Ecclesia
1037 2467 1185 2500 maxima
1210 2481 1286 2511 pars

303 2519 402 2552 hahet
423 2518 576 2560 insignes
593 2517 823 2550 infirmitates.

406 2569 632 2603 Discernendi
658 2575 738 2601 sunt
763 2574 877 2600 antem
908 2567 1038 2600 infirmi
1066 2569 1214 2607 dociles,
1242 2571 1286 2601 ab

303 2620 494 2665 hypocritis
526 2619 771 2662 arrogantibus
803 2619 1023 2663 praefractis.
1071 2621 1284 2653 contumaci-

302 2673 375 2705 bus.
430 2670 560 2704 Infirmi
580 2671 709 2703 dociles
725 2677 827 2709 sunt,
854 2670 915 2716 qui
942 2671 1210 2705 fundamentum
1236 2679 1285 2704 te-

883 104 1004 139 PHIL.
1032 103 1147 141 MEL.
1175 103 1386 142 SCRIPTA
1412 102 1711 140 EXEGETICA.

2237 105 2315 143 252

1329 194 1432 230 nent,
1464 189 1503 222 id
1528 196 1598 230 est,
1633 189 1796 224 articulos
1820 189 1919 228 fidei,
1955 189 2019 223 etsi
2045 189 2083 223 in
2106 189 2316 235 quibusdam

1333 240 1492 272 nondum
1529 241 1611 274 satis
1644 241 1849 284 explicatam
1884 241 2080 274 doctrinam
2104 246 2242 279 tenent,
2275 242 2318 275 de

1333 290 1463 335 quibus
1489 297 1605 323 tamen
1627 291 1777 325 audiunt
1802 292 1890 325 alios
1913 291 2107 330 doctiores,
2144 298 2319 336 quaerunt

1333 340 1533 374 testimonia
1564 341 1774 384 scripturae,
1807 353 1882 375 non
1910 348 2126 386 repugnant,
2159 353 2233 375 non
2259 342 2320 375 de-

1333 391 1486 424 fendunt
1499 391 1652 435 privatas
1675 392 1936 435 persuasiones,
1973 399 2034 426 aut
2057 391 2214 436 privatos
2236 391 2320 425 affe.

1335 449 1430 482 ctus,
1456 443 1688 483 ambitiones,
1713 448 1773 475 aut
1787 443 1872 476 alias
1890 443 2117 487 cupiditates,
2139 449 2319 487 praetextu

1337 491 1435 525 verbi
1451 491 1535 533 Dei,
1562 493 1652 526 male
1678 493 1825 526 detortis
1847 493 2028 538 scripturis
2054 500 2117 527 etc.
2169 492 2320 527 Econtra

1337 549 1559 576 contumaces
1573 550 1674 584 sunt,
1702 544 1762 587 qui
1784 544 1819 576 in
1845 545 2055 589 quibusdam
2079 544 2235 577 articulis
2263 555 2321 576 ve-

1338 604 1394 626 ras
1409 594 1598 628 sententias
1615 601 1837 638 oppugnant,
1873 594 1927 627 vel
1955 595 2113 633 inscitia,
2147 595 2202 627 vel
2223 606 2322 627 arro-

1337 644 1472 687 gantia,
1510 651 1543 677 et
1569 645 1696 678 fiducia
1724 657 1806 678 suae
1834 645 2043 689 sapientiae,
2087 645 2323 678 admiratione

1338 706 1480 728 suarum
1495 695 1725 739 opinionum,
1762 696 1816 728 vel
1840 702 1983 739 propter
2011 697 2145 740 aliquas
2172 695 2323 739 privatas

1339 745 1547 788 cupiditates
1577 753 1640 781 etc.
1701 746 1806 779 Tales
1838 753 2062 780 contumaces
2090 758 2161 778 non
2188 745 2324 789 placent

1338 793 1432 836 Deo,
1447 807 1510 828 nec
1525 796 1655 829 infirmi
1672 797 1882 829 nominandi
1901 803 2001 834 sunt,
2028 797 2086 830 sed
2106 796 2220 840 potius
2240 807 2324 829 con—

1340 846 1500 886 tentiosi,
1527 846 1661 879 inimici
1680 845 1883 890 Evangelio.

1690 912 1711 935 D
1731 918 1744 935 e
1781 919 1796 942 q
1817 919 1834 936 ii
1853 917 1870 936 a
1888 919 1902 936 r
1922 916 1931 937 t
1951 919 1973 937 o.

1441 953 1603 989 Christus
1626 955 1699 1000 ipse
1724 957 1865 990 deducit
1881 956 2074 990 Ecclesiam
2101 957 2141 989 ad
2170 956 2325 990 testimo-

1342 1006 1399 1040 nia
1418 1004 1641 1051 prophetica,
1669 1014 1701 1040 et
1717 1019 1788 1039 non
1809 1013 1944 1040 tantuin
1969 1007 2146 1041 convincit
2170 1007 2325 1051 discipu-

1341 1058 1394 1090 los
1411 1058 1483 1090 suis
1499 1057 1694 1098 miraculis,
1722 1064 1755 1091 et
1772 1069 1831 1090 sua
1850 1057 1959 1101 ipsius
1975 1058 2241 1097 resurrectione,
2253 1058 2323 1097 ‚sed

1341 1109 1438 1141 addit
1456 1108 1654 1141 testimonia
1680 1108 1886 1152 scripturae:
1922 1109 2003 1153 qnia
2020 1121 2090 1141 nun
2111 1110 2184 1142 vult
2202 1119 2265 1141 nos
2285 1119 2326 1140 ex

1342 1159 1424 1192 solis
1441 1159 1621 1192 miraculis
1646 1159 1819 1198 indicare,
1852 1160 1909 1191 sed
1934 1160 2102 1192 miracula
2129 1157 2327 1192 consentire

1342 1210 1471 1243 dehent
1487 1222 1565 1243 cum
1583 1210 1713 1243 tradito
1732 1210 1850 1243 verbu.
1904 1209 1974 1242 lam
1997 1208 2154 1243 biciitile
2179 1217 2229 1242 est
2253 1209 2325 1241 col-

1342 1261 1448 1304 ligere
1471 1260 1589 1305 aliqua
1615 1261 1833 1300 testimonia,
1873 1261 1915 1293 de
1941 1261 2068 1305 quibus
2095 1257 2189 1293 haud
2220 1259 2326 1292 dubie

1341 1310 1504 1344 Christus
1521 1311 1703 1351 disseruit,
1732 1312 1873 1356 quando
1891 1311 2011 1345 docuit
2028 1313 2071 1344 de
2090 1311 2266 1354 passione,
2284 1311 2327 1343 de

1341 1361 1618 1402 resurrectione,
1659 1364 1702 1395 ‹le
1726 1363 1866 1395 victima
1891 1374 1952 1405 pro
1978 1369 2136 1406 peccato,
2177 1363 2220 1394 de
2241 1362 2326 1394 abo-

1342 1412 1446 1445 lenda
1464 1420 1595 1449 morte,
1629 1414 1672 1445 de
1689 1413 1902 1446 restituenda
1928 1413 1996 1446 vita
2022 1422 2180 1451 aeterna,
2217 1419 2248 1445 et
2273 1423 2326 1444 re-

1342 1463 1470 1496 futavit
1487 1462 1754 1505 imaginationes
1772 1464 1814 1495 de
1831 1474 1939 1505 regno
1966 1465 2148 1496 mundano
2167 1461 2326 1496 Messiae.

1342 1513 1430 1546 Nam
1455 1512 1619 1556 discipuli
1644 1511 1821 1546 habebant
1847 1513 2026 1556 vulgarem
2052 1513 2327 1557 persuasionem,

1342 1563 1510 1596 Messiam
1530 1561 1734 1597 habiturum
1753 1575 1825 1597 esse
1848 1575 1995 1606 regnum
2024 1564 2168 1601 mundi,
2203 1570 2234 1596 et
2261 1565 2325 1596 do-

1343 1614 1572 1647 minationem
1603 1615 1792 1658 politicam.
1853 1616 1984 1647 Verum
2014 1613 2176 1648 Christus
2208 1614 2326 1646 diver-

1342 1677 1420 1698 sum
1438 1661 1495 1697 hic
1513 1667 1630 1705 docet,
1658 1665 1838 1703 videlicet,
1866 1675 1901 1697 se
1919 1665 2064 1698 missum
2088 1676 2178 1703 esse,
2206 1670 2246 1697 ut
2263 1664 2326 1697 fie-

1342 1722 1395 1749 ret
1411 1715 1552 1748 victima
1574 1727 1638 1759 pro
1656 1723 1812 1759 peccato,
1837 1715 2073 1760 promulgaret
2086 1714 2326 1758 Evangelium‚

1343 1773 1376 1799 et
1392 1767 1614 1800 resuscitatus
1632 1768 1689 1800 det
1709 1766 1881 1810 Spiritum
1899 1774 2075 1805 sanctum,
2110 1766 2250 1799 adiuvet
2270 1766 2324 1798 in-

1343 1824 1506 1850 vocantes
1522 1817 1660 1850 Patrem
1679 1829 1740 1860 per
1759 1818 1892 1861 ipsum,
1923 1818 2037 1850 mittat
2057 1816 2264 1860 Apostolos,
2293 1824 2325 1849 et

1343 1868 1499 1901 aedificet
1517 1875 1548 1900 et
1560 1875 1743 1902 conservet
1754 1866 1956 1907 Ecclesiam,
1975 1879 2012 1900 ac
2024 1868 2060 1899 in
2071 1867 2325 1901 resurrectione

1344 1927 1565 1952 mortuorum
1583 1919 1753 1961 glorificet
1771 1931 1855 1951 eam.

1446 1968 1540 2002 Haec
1560 1970 1596 2002 iii
1623 1970 1915 2012 promissionibus
1936 1977 1968 2003 et
1990 1970 2221 2003 concionibus
2238 1966 2328 2016 Pro-

1343 2018 1527 2064 plietarum
1560 2021 1650 2053 dicta
1684 2027 1784 2057 suut,
1819 2027 1855 2054 nt
1884 2021 1919 2053 in
1945 2021 2056 2065 prima
2079 2020 2326 2064 promissione:

1344 2072 1471 2104 §emen
1505 2071 1663 2104 mulieris
1696 2071 1915 2105 conculcabit
1939 2079 2042 2115 caput
2065 2070 2254 2115 serpentis.
2290 2071 2324 2104 id

1344 2129 1411 2159 est,
1439 2119 1600 2155 Christus
1617 2124 1771 2156 destruet
1789 2134 1893 2166 opera
1912 2122 2066 2159 diaboli,
2093 2128 2272 2166 peccatum
2294 2129 2327 2156 et

1343 2179 1511 2212 mortem,
1541 2171 1583 2206 Et
1603 2185 1744 2217 serpens
1760 2173 1959 2206 calcaneum
1980 2174 2054 2208 eius
2072 2173 2262 2212 mordebit,
2290 2173 2324 2205 id

1315 2251 1317 2254 Α
1343 2231 1412 2263 est,
1440 2224 1602 2257 diabolus
1626 2225 1796 2258 exercebit
1820 2225 1999 2258 saevitiam
2026 2225 2061 2256 in
2089 2221 2269 2257 Christum
2292 2230 2323 2256 et

1342 2272 1552 2313 Ecclesiam,
1587 2276 1645 2307 sed
1673 2283 1788 2308 tamen
1812 2276 1972 2309 vincetur
1994 2283 2024 2308 et
2049 2273 2325 2307 conculcabitur.

1342 2326 1423 2359 lluc
1458 2326 1606 2370 pertinet
1640 2333 1670 2359 et
1703 2327 2032 2372 quinquagesimum
2058 2325 2198 2358 tertium
2222 2332 2324 2369 caput

1342 2375 1475 2410 Esaiae.
1533 2377 1636 2416 lieni,
1666 2378 1827 2411 victimae
1845 2378 1880 2409 in
1903 2377 1974 2418 lege
1998 2377 2241 2417 significabant
2265 2387 2323 2409 ve-

1341 2440 1414 2461 ram
1439 2428 1635 2466 victimam.
1664 2430 1751 2462 sicut
1782 2428 1895 2472 inquit
1916 2426 2072 2471 Epistola
2097 2427 2138 2460 ad
2159 2425 2324 2465 Elui-aeos„

1342 2480 1557 2523 impossibile
1582 2480 1646 2514 fuit
1671 2479 1838 2521 sanguine
1866 2487 2047 2511 taurorum
2074 2487 2103 2512 et
2130 2478 2322 2511 vitulorum

1340 2531 1416 2563 tolli
1435 2538 1624 2574 peccatum.

1695 2579 1748 2603 ne
1786 2581 1973 2609 quinto.

1444 2623 1546 2657 Fides
1582 2630 1698 2656 nostra
1735 2623 1863 2656 intueri
1889 2624 1923 2655 in
1949 2623 2044 2656 omni
2068 2621 2266 2666 precatione
2291 2628 2323 2655 et

1344 2673 1566 2708 invocatione
1588 2672 1768 2707 Christum
1798 2676 2059 2709 resuscitatum,
2096 2673 2269 2707 siveritem
2291 2679 2321 2705 et

2382 1543 2406 1635 πει-ι’
