2409 2915
224 99 320 133 1187

224 185 260 218 id
280 192 351 225 est,
382 191 478 228 pater
500 182 654 217 ostendit
677 194 731 224 se,
758 182 914 217 ostendit
938 182 1217 216 misericordiam

225 241 258 269 et
285 234 476 279 potentiam
495 245 593 267 suam
612 246 690 267 cum
713 234 920 275 sanctificat,
947 234 1138 279 efficitque,
1171 240 1220 272 ut,

227 286 287 329 qui
317 284 599 327 sanctificantur,
634 285 781 318 timeant
809 284 923 318 Deum
952 292 983 318 et
1009 286 1152 318 credant
1177 285 1220 322 ei,

228 348 289 369 nec
309 336 421 370 fidant
438 336 507 368 iam
529 335 612 369 ullis
629 333 795 369 humanis
812 343 844 370 et
862 336 967 369 rebus
993 343 1024 369 et
1046 336 1194 369 viribus.

416 435 469 470 ΕΙ
498 433 720 485 efficiamini
745 437 817 471 mei
843 435 1029 485 discipuli.

328 514 437 549 Redit
453 521 628 558 postremo
653 515 781 548 iterum
798 516 840 548 ad
859 516 1021 550 verbum.
1076 513 1219 549 Efficia-

227 566 314 598 vuini
335 566 402 599 mei
420 565 605 610 discipuli,
633 566 733 611 quasi
756 566 804 599 sic
827 566 935 600 dicat:
971 566 1075 600 'l'unc
1092 567 1221 600 clarifi-

227 624 325 651 catus
347 624 395 651 est
421 624 537 661 pater,
568 629 648 650 cum
672 617 743 650 mei
768 617 934 660 discipuli
962 618 1064 659 estis,
1100 618 1133 650 id
1160 624 1222 655 est,

228 680 307 701 cum
335 680 412 701 meo
440 669 547 701 verbo
570 667 721 702 creditis.
781 667 871 701 Nam
897 665 1030 702 Christi
1056 668 1220 712 discipuli

228 725 327 759 sunt,
361 719 421 763 qui
447 719 522 751 eius
546 719 653 752 verbo
676 719 837 753 credunt.
899 718 1023 753 loann.
1049 719 1144 752 vlt:
1183 719 1222 753 Si

229 769 428 803 manseritis
454 769 489 801 iu
517 781 679 803 sermone
702 782 800 811 meo,
843 782 924 803 vere
959 770 1027 803 mei
1058 770 1221 813 discipuli

229 821 320 855 estis.
374 818 506 865 Estque
528 818 613 854 haec
639 821 830 855 sententia:
867 820 971 854 Pater
994 820 1222 863 glorificatur.

229 872 250 904 i.
268 883 298 906 e.
324 871 514 906 innotescit
537 872 644 904 verbo
670 883 766 912 meo;
798 877 932 914 patrem
959 871 1130 912 noscetis,
1160 872 1223 904 nbi

213 922 337 955 'verbo
360 934 438 954 meo
462 921 701 961 credideritis,
739 921 821 966 quia
848 921 956 966 patris
981 922 1222 956 misericordia

230 980 304 1006 tum
329 972 499 1011 sentitur,
531 984 609 1005 cum
635 971 830 1013 credimus,
866 984 930 1006 nos
959 985 1020 1016 per
1040 971 1222 1007 Christum

229 1023 426 1061 iustificari,
461 1029 493 1056 et
521 1022 579 1061 fit,
620 1029 660 1056 ut
688 1023 813 1057 timere
835 1035 874 1057 ac
898 1023 1005 1057 fidere
1034 1024 1224 1068 possimus,
1248 1028 1250 1051 ῖ

229 1082 333 1120 atque
349 1074 394 1107 ila
413 1073 525 1117 gloria
543 1073 704 1108 redditur
719 1074 823 1118 patri.

486 1173 590 1211 Sicu!
619 1172 753 1210 dilexit
775 1187 829 1210 me
853 1180 969 1224 paler.

331 1252 425 1285 Haec
443 1260 491 1285 est
510 1252 597 1285 ratio
617 1252 798 1292 omnium,
826 1264 915 1297 quae
931 1264 1035 1296 supra
1053 1253 1222 1297 promissa

229 1311 332 1345 sunt,
360 1312 392 1337 et
410 1304 484 1340 fax,
509 1315 577 1348 qua
599 1303 796 1336 inflammat
814 1315 879 1336 nos
899 1304 942 1336 ad
959 1304 1156 1337 faciendam
1174 1305 1224 1338 le-

228 1368 317 1399 gem.
371 1353 455 1388 Ideo
481 1354 778 1398 promissionibus
805 1351 900 1387 hunc
922 1355 1019 1388 velut
1044 1355 1222 1398 epilogum

229 1406 354 1439 adiecit
371 1412 404 1438 et
422 1411 526 1448 caput
549 1404 704 1438 sermoni
721 1405 765 1436 de
782 1404 969 1448 operibus,
997 1406 1090 1449 qnod
1111 1405 1142 1450 ⁴)
1170 1417 1224 1438 se-

228 1457 360 1502 quitur.
429 1454 561 1500 Estque
602 1461 778 1499 postrema
810 1461 843 1488 et
881 1466 1018 1489 summa
1055 1458 1224 1489 adversus

229 1518 351 1540 omnes
372 1507 587 1540 tentationes
600 1505 801 1539 vconsolatio
824 1505 953 1548 fidere,
987 1507 1081 1551 quod
1101 1507 1223 1550 diligat

229 1569 294 1591 nos
311 1564 419 1601 pater.
471 1555 655 1601 Siquidem
673 1556 762 1589 tanti
780 1555 862 1590 fecit
883 1568 967 1594 nos,
994 1563 1034 1590 ut
1052 1557 1143 1590 infra
1160 1569 1225 1590 nos

229 1607 413 1642 Christum
439 1607 626 1647 abiiceret,
661 1615 699 1641 ut
724 1607 836 1640 factus
861 1607 906 1641 sit
928 1605 1093 1641 Christus
1117 1609 1224 1641 miui—

230 1669 318 1700 ster,
356 1671 482 1702 nempe
514 1659 576 1704 qui
600 1658 691 1692 lavet
716 1658 820 1702 pedes
844 1665 994 1694 nostros.
1060 1658 1144 1692 Ideo
1175 1660 1223 1692 sic

229 1713 294 1745 ait:
324 1710 424 1744 Sicut
441 1710 562 1743 dilexit
581 1721 636 1742 me
653 1716 771 1754 pater,
800 1709 846 1743 ita
873 1716 906 1743 et
930 1720 993 1752 ego
1017 1710 1129 1754 diligo
1152 1722 1225 1746 vos.

232 1761 275 1796 [ι
295 1768 423 1795 certam
452 1763 576 1795 reddat
599 1760 852 1794 conscientiam
872 1760 971 1804 diligi
995 1773 1076 1800 nos,
1104 1762 1153 1795 sic
1169 1773 1224 1795 ar-

229 1819 470 1853 gumentatur:
506 1812 738 1846 certissimum
763 1823 854 1850 esse,
886 1813 980 1857 quod
1000 1812 1110 1845 filium
1128 1820 1226 1857 pater

230 1865 372 1907 diligat,
410 1871 447 1897 ut
471 1864 530 1909 qui
557 1864 590 1896 id
617 1863 810 1897 ostenderit
840 1863 1033 1906 glorificato
1057 1876 1116 1904 eo,
1152 1864 1214 1908 pri-

230 1928 326 1948 mum
345 1927 405 1957 per
423 1915 602 1954 miracula,
629 1921 707 1958 post
724 1925 784 1957 per
802 1914 1115 1954 resurrectionem
1144 1916 1223 1948 ideo

230 1966 461 1998 certissimum
486 1977 627 2009 quoque
651 1965 728 1997 vult
751 1965 976 1998 conscientiis
1000 1966 1128 1998 uostris
1153 1978 1225 1999 esse

229 2014 432 2055 (mustum,
460 2018 554 2060 quod
582 2016 656 2059 ipse
680 2026 744 2048 nos
761 2015 901 2057 diligat,
929 2016 1028 2060 quasi
1048 2017 1096 2049 sic
1116 2018 1224 2051 dicat:

232 2067 368 2100 Videtis
400 2066 633 2099 certissimum
663 2077 755 2106 esse,
790 2067 883 2110 quod
912 2078 929 2098 a
957 2074 1054 2109 patre
1081 2068 1223 2110 diligam

233 2119 279 2151 ita
303 2119 448 2154 sentite,
484 2124 618 2151 certum
647 2128 738 2156 esse,
774 2118 868 2162 quod
892 2130 909 2149 a
936 2130 989 2150 me
1016 2119 1226 2159 diligamini,

231 2170 334 2202 etiarn
355 2170 382 2202 si
401 2168 587 2202 differatur
609 2167 816 2211 glorificatio
841 2169 944 2201 vestri
963 2168 1002 2209 ⁶).
1060 2171 1139 2213 Agit
1161 2171 1219 2203 ita-

232 2234 299 2265 que
320 2218 384 2254 hoc
400 2218 580 2260 Christus,
606 2227 642 2253 ut
668 2219 833 2252 certificet
855 2220 1098 2254 conscientias.
1153 2220 1224 2255 Eo-

231 2276 310 2304 dem
336 2271 486 2315 pertiuet
512 2278 545 2305 et
567 2271 763 2304 conclusio:
805 2269 947 2303 Manere
973 2271 1008 2304 iu
1035 2269 1225 2305 dilr'ctione

232 2335 326 2360 mea,
356 2323 389 2354 id
411 2329 459 2355 est
474 2349 482 2361 ,
509 2322 592 2355 certi
613 2329 722 2355 estote
746 2323 840 2367 quod
860 2322 1003 2364 diligam
1024 2335 1101 2362 vns3
1130 2326 1223 2368 quod

233 2374 259 2406 si
279 2385 343 2418 pro
362 2380 455 2406 certo
473 2373 671 2412 senseritis,
703 2380 735 2406 et
760 2380 942 2417 praccepta
969 2385 1043 2406 mea
1068 2375 1221 2408 servabi-

234 2426 296 2465 tis,
325 2422 389 2457 hoc
406 2431 476 2463 est,
513 2425 586 2469 ipsa
612 2424 810 2457 observatio
838 2430 1104 2468 praeceptorum
1131 2438 1221 2458 inro-

235 2489 311 2508 ruru
345 2475 409 2509 erit
444 2475 706 2514 testimonium,
749 2477 843 2520 quod
877 2476 1046 2510 maneatis
1070 2476 1105 2509 in
1138 2478 1225 2510 dilc-

235 2527 349 2559 ctione
367 2538 442 2560 mea
461 2533 523 2561 etc.
536 2554 543 2565 ,
571 2534 606 2560 ut
627 2538 742 2571 supra.

271 2701 301 2726 ⁴)
319 2699 383 2721 Tnb.
404 2700 460 2728 qul.
601 2697 630 2723 5)
650 2697 708 2719 Tub
742 2698 847 2720 vaura.

820 93 943 130 PHlL.
972 92 1088 131 MEL.
1116 91 1327 130 SCRIPTA
1353 91 1655 133 EXEGETICA.

1248 1879 1251 1897 l

1247 1903 1253 2266 Ι
1278 1917 1491 1963 praeceperit
1505 1929 1512 1957 ;

2165 100 2265 136 1188

1455 190 1502 227 Si
1519 196 1710 239 praecepta
1734 202 1813 225 mea
1836 191 2080 227 servaveritis.
2104 236 2110 242 Ι

1373 260 1500 305 Legem
1528 261 1603 293 fieri
1627 257 1721 293 nihil
1749 260 1845 293 aliud
1873 267 1944 301 est,
1984 260 2055 294 nisi
2079 260 2124 294 ad
2150 267 2264 295 extre·

1273 323 1368 345 mum
1389 324 1499 357 usque
1524 309 1729 352 humiliari,
1760 311 1842 356 quia
1866 310 1921 344 lex
1936 317 1988 345 est
2004 311 2151 345 verbum
2169 311 2264 345 iudi·

1272 363 1336 404 cii,
1372 376 1442 408 quo
1468 369 1668 407 arguuntur
1689 362 1808 395 omnia
1835 364 1966 397 nostra.
2018 361 2078 396 Sic
2100 359 2264 396 Christus

1274 414 1382 457 legem
1414 414 1516 454 fecit,
1558 419 1766 446 extenuatus
1800 412 1842 445 ad
1876 411 2108 446 novissimum
2142 425 2266 458 usque,

1273 465 1382 498 factus
1413 465 1583 498 obediens
1612 462 1704 508 patri
1741 473 1852 508 usque
1884 465 1927 496 ad
1958 471 2107 497 mortem
2140 464 2265 500 crucis.

1246 541 1249 576 ι
1273 514 1391 560 Exigit
1418 516 1551 561 itaque,
1578 522 1616 548 ut
1640 513 1804 547 similiter
1826 513 1994 548 faciamus
2010 521 2042 547 et
2061 525 2124 547 nos
2140 514 2265 558 legem,

1274 565 1341 600 hoe
1365 573 1433 607 est,
1467 574 1696 601 extenuemur
1718 565 1807 598 sicut
1828 571 1862 597 et
1889 564 1962 608 ipse
1985 572 2193 600 extenuatus
2207 572 2270 607 est,

1274 630 1378 663 quam
1399 618 1508 661 legem
1535 629 1615 650 caro
1640 628 1703 648 nec
1722 615 1906 658 intelligit,
1937 627 2001 649 nec
2023 616 2117 650 facit.
2168 616 2268 650 Con-

1274 669 1408 702 solatur
1439 668 1558 714 itaque
1585 674 1742 707 sanctos,
1777 665 1875 711 quasi
1900 665 1950 699 sic
1977 666 2087 701 dicat:
2129 665 2267 701 Sentite

1275 721 1368 766 quod
1389 720 1533 763 diligam
1549 731 1610 752 vos
1635 717 1773 752 tametsi
1789 723 1994 757 extenuem,
2020 717 2109 751 sicut
2131 724 2267 751 certum

1276 778 1342 811 est,
1370 783 1424 803 me
1449 783 1467 804 a
1494 777 1590 815 patre
1614 769 1734 812 diligi,
1777 780 1981 813 quanquam
2006 767 2189 814 reliquisse
2215 769 2268 802 vi-

1275 824 1410 855 deatur.

1527 903 1579 940 Ut
1602 902 1784 951 gaudium
1809 915 1925 939 meum
1949 909 2012 939 etc.

1376 979 1509 1016 Christi
1543 992 1690 1024 regnum
1716 987 1786 1021 est,
1837 980 1876 1013 in
1911 979 2079 1014 cordibus
2108 990 2266 1024 regnare,

1275 1045 1384 1079 quare
1413 1033 1520 1066 simul
1549 1034 1679 1080 gaudet
1703 1038 1735 1064 et
1763 1031 1857 1075 ipse,
1892 1028 1958 1064 hoc
1983 1037 2052 1069 est,
2087 1037 2211 1074 regnat
2236 1038 2268 1064 et

1276 1085 1510 1129 glorificatur,
1546 1090 1580 1117 et
1605 1090 1763 1116 nostrum
1799 1082 1967 1125 gaudium
2002 1081 2200 1126 perficitur,
2234 1082 2268 1115 id

1276 1143 1346 1177 est,
1375 1147 1441 1169 nos
1458 1135 1678 1168 vivificamur
1693 1141 1725 1167 et
1742 1133 1994 1167 confirmamur
2011 1139 2074 1166 etc.

1319 1228 1401 1263 Hoc
1427 1231 1476 1261 est
1497 1230 1725 1274 praecepium
1748 1236 1884 1264 meum,
1913 1227 1950 1258 ul
1973 1221 2147 1270 diligendis
2171 1227 2234 1260 etc.

1378 1305 1459 1340 Duo
1484 1305 1632 1338 omnino
1659 1309 1730 1337 tota
1755 1302 1809 1335 lex
1830 1301 1958 1342 tradit,
1997 1302 2180 1348 quomodo
2195 1299 2270 1336 Deo

1248 1383 1250 1390 .
1276 1357 1489 1395 serviamus,
1526 1362 1558 1388 et
1585 1353 1765 1399 quomodo
1791 1365 1869 1386 cum
1892 1350 2100 1386 hominibus
2122 1364 2271 1386 conver-

1247 1396 1250 1436 l
1275 1419 1402 1442 semur.
1457 1405 1612 1439 Proinde
1634 1403 1797 1437 Christus
1826 1401 1995 1435 hactenus
2027 1403 2167 1446 docuit,
2209 1414 2271 1447 pa-

1276 1468 1363 1493 trem
1388 1469 1460 1490 uon
1485 1456 1668 1499 cognosci,
1706 1467 1777 1487 non
1804 1453 1892 1491 coli,
1919 1453 1988 1486 nisi
2011 1453 2079 1486 fide
2103 1454 2140 1487 in
2163 1451 2271 1488 Chri-

1276 1518 1379 1543 stum.
1433 1507 1529 1541 Haec
1546 1508 1616 1539 fere
1634 1504 1816 1539 concionis
1834 1503 2026 1546 superioris
2050 1515 2186 1537 summa
2206 1512 2271 1538 est:

1278 1561 1389 1594 Nemo
1418 1559 1514 1591 venit
1546 1558 1587 1590 ad
1615 1562 1747 1601 patrem
1775 1554 1843 1587 nisi
1871 1565 1933 1597 per
1953 1565 2022 1587 me.
2083 1552 2202 1600 Atque
2224 1555 2270 1589 ita

1276 1609 1437 1646 Christus
1464 1609 1615 1653 primam
1642 1614 1776 1651 partem
1799 1605 1884 1648 legis
1908 1605 2080 1648 absolvit,
2124 1606 2270 1651 quaudo

1277 1662 1417 1701 docuit,
1445 1661 1626 1706 quomodo
1642 1669 1758 1691 coram
1777 1654 1853 1689 Deo
1870 1656 2111 1689 iustificemur.
2146 1656 2269 1691 Altera

1278 1725 1357 1758 pars
1381 1712 1466 1755 legis
1491 1713 1612 1753 docet,
1649 1709 1828 1754 quomodo
1853 1719 1931 1740 cum
1957 1704 2163 1741 hominibus
2185 1720 2270 1741 con-

1277 1766 1490 1797 versandum
1509 1763 1565 1797 sit.
1616 1761 1698 1794 ldeo
1717 1767 1749 1792 et
1768 1757 1832 1791 hoc
1854 1765 2078 1802 praeceptum
2094 1759 2136 1791 de
2153 1756 2271 1792 ehari-

1276 1824 1345 1850 tate.
1361 1815 1560 1848 subiicitur.
1614 1811 1848 1845 Mirabuutur
1865 1807 1933 1849 hic,
1961 1809 2021 1854 qui
2041 1809 2121 1843 fidei
2141 1811 2272 1843 doctri—

1277 1880 1358 1900 nam
1374 1879 1446 1899 non
1467 1865 1691 1909 intelligunt,
1719 1874 1781 1895 cur
1805 1873 1876 1893 uou
1893 1861 1984 1893 etde
2002 1859 2076 1894 Deo
2090 1861 2273 1904 diligendo

1565 1917 1623 1949 sed
1651 1926 1725 1947 cain
1752 1919 1886 1957 partem
1912 1911 1996 1955 legis
2019 1912 2063 1945 de
2088 1912 2184 1946 cultu
2205 1911 2274 1948 Dei

1276 1981 1380 2013 supra
1404 1968 1576 2010 absolxh,
1610 1979 1688 2000 cuin
1714 1963 1855 2005 (locuit,
1890 1962 2023 1995 cultum
2054 1962 2164 2006 patris
2187 1973 2273 2004 esse,

1276 2022 1419 2054 credere
1443 2019 1479 2052 in
1503 2017 1698 2052 Christum.
1766 2013 1872 2056 Quod
1900 2012 2003 2046 dicit:
2042 2011 2273 2058 Praeceptum

1277 2083 1430 2113 novum,
1463 2069 1611 2113 opponit
1641 2066 1706 2108 legi
1732 2063 1872 2109 Moysi,
1907 2063 2002 2108 quod
2026 2071 2107 2097 ante
2128 2075 2202 2098 non
2228 2064 2272 2099 sit

1277 2122 1494 2155 intellectum
1535 2126 1757 2163 praeceptum
1790 2116 1833 2148 de
1864 2112 2047 2148 charitate.
2116 2113 2273 2150 Proinde

1277 2186 1355 2207 cum
1376 2185 1467 2205 novo
1489 2171 1594 2203 modu
1612 2167 1832 2209 intelligitur.
1861 2165 1896 2199 fit
1913 2172 1943 2198 et
1962 2177 2095 2199 novum
2114 2167 2274 2201 verbum.

1277 2224 1370 2267 Quia
1389 2235 1468 2257 raro
1487 2223 1577 2256 sicut
1597 2226 1818 2265 pracceptum
1844 2219 1886 2250 de
1903 2217 2052 2250 colendo
2069 2214 2143 2250 Deo
2168 2217 2273 2252 intel-

1277 2276 1352 2319 ligit
1379 2276 1422 2307 de
1447 2273 1601 2307 externis
1626 2271 1814 2316 operibus,
1855 2280 1928 2301 non
1951 2268 1994 2301 de
2018 2268 2143 2302 fiducia
2171 2276 2203 2303 et
2230 2269 2274 2303 ti·-

1278 2339 1397 2367 more,
1423 2326 1471 2358 sic
1489 2332 1519 2358 ot
1539 2329 1762 2369 praeceptum
1789 2322 1832 2353 de
1856 2315 2026 2353 charitate
2050 2331 2121 2352 non
2140 2319 2273 2353 iutelli-

1277 2378 1324 2421 git
1352 2379 1395 2410 de
1417 2377 1542 2410 affectu
1574 2374 1702 2408 cordis.
1770 2369 1926 2415 Exponit
1964 2377 2079 2403 autem
2110 2367 2274 2405 Christus

1279 2435 1503 2473 praeceptum
1529 2428 1572 2459 de
1599 2423 1784 2459 charitate:
1830 2421 1929 2456 Sicut
1952 2420 2058 2453 dilexi
2084 2433 2165 2462 vos,
2192 2434 2271 2456 cum

1278 2477 1482 2513 charitatem
1503 2479 1538 2511 in
1557 2491 1596 2511 co
1619 2481 1745 2520 ponat,
1771 2480 1807 2506 ut
1834 2471 2062 2505 humiliemus
2078 2479 2109 2505 ct
2128 2472 2273 2507 abiicia-

1251 2552 1253 2559 ·
1280 2543 1356 2564 mus
1374 2543 1437 2563 nos
1455 2531 1544 2563 infra
1562 2538 1699 2564 ‹intur-s.
1724 2533 1754 2559 ct
1773 2524 1988 2566 resignemus
2004 2523 2170 2557 omnihus
2187 2535 2273 2565 rem,

1251 2599 1254 2619 ι
1281 2580 1453 2615 bonorem
1474 2588 1506 2614 et
1525 2581 1644 2613 vitam.
1682 2578 1798 2622 Atque
1819 2575 1863 2609 ita
1884 2574 1999 2616 vidos,
2029 2575 2179 2618 praecipi
2200 2575 2274 2619 lege

1251 2621 1255 2670 l
1279 2641 1467 2667 extremam
1491 2629 1773 2665 extenuationem
1800 2626 1929 2664 nostri,
1955 2633 1986 2659 et
2007 2625 2093 2659 sicut
2111 2622 2273 2660 Christus

1281 2684 1346 2717 ait:
1395 2684 1466 2726 Qui
1501 2683 1574 2715 vult
1606 2693 1659 2714 mc
1692 2679 1810 2724 sequi,
1855 2678 2001 2720 abneget
2035 2677 2271 2721 semetipsum.
