2409 2915
257 89 354 126 1075

409 171 462 205 Et
484 169 682 205 audierunt
706 182 784 205 eum
809 169 881 206 duo
903 170 1090 221 discipuli.

356 246 466 280 Aliud
493 247 733 280 testimonium
759 254 793 281 et
814 248 909 292 quod
935 247 1079 282 Ioannis
1103 249 1242 293 praedi-

256 297 343 331 catio
367 309 446 330 vera
472 297 535 338 sit,
562 304 596 331 et
618 298 713 342 quod
731 295 893 331 Christus
917 301 1031 333 maior
1047 299 1092 333 sit
1108 299 1242 333 Ioanne

254 348 412 392 adeoque
434 355 467 382 et
483 348 652 389 salvator,
681 348 761 393 quia
778 348 944 394 discipuli
963 348 1106 384 Ioannis
1123 362 1240 385 neces-

254 398 344 431 sario
369 399 568 432 concedunt
590 400 633 432 ad
649 397 840 433 Christum.
892 399 1041 434 Ioannes
1065 401 1240 446 praedicat

252 448 508 492 poenitentiam
533 456 567 483 et
592 450 745 484 ostendit
767 447 967 492 Christum,
1001 452 1062 497 qui
1084 452 1240 486 remittat

252 506 390 543 peccata
418 507 451 534 et
478 500 682 534 sanctificet:
724 501 804 534 ideo
834 513 853 534 a
885 500 1028 535 Ioannis
1058 503 1239 547 praedica-

252 549 348 583 tione
369 551 412 583 ad
429 547 609 585 Christum
628 552 837 585 concedunt.
892 551 986 586 Ante
1003 554 1238 598 praedicatam

250 601 505 645 poenitentiam
525 599 688 636 Christus
712 614 786 636 non
810 604 1052 646 cognoscitur,
1077 605 1159 649 quia
1184 604 1239 636 iu-

250 651 347 685 sticia
381 659 413 686 et
444 653 514 686 vita
539 664 611 685 non
636 653 860 696 cognoscitur
882 654 950 688 nisi
979 655 1075 699 prius
1100 655 1239 698 cognito

250 709 389 745 peccato
429 714 489 736 seu
518 703 657 746 cognita
691 711 815 739 morte.
877 704 976 739 Sicut
1007 706 1043 738 in
1066 704 1237 740 Canticis:

248 750 454 786 Esurientes
484 753 648 798 implevit
678 755 801 796 bonis,
845 763 878 789 et
909 756 1035 789 divites
1059 763 1122 792 etc.
1175 755 1239 790 Se-

249 804 386 844 cundo,
430 815 502 837 non
541 811 649 848 agunt
681 803 825 839 Ioannis
860 806 1032 847 officium,
1077 807 1138 852 qui
1169 807 1237 840 iam

248 854 447 897 praedicata
469 855 687 899 poenitentia
707 856 937 891 conscientias
956 857 1102 891 mittunt
1121 858 1163 891 ad
1183 869 1238 891 sa·
1264 875 1268 895 ε

248 904 462 939 tisfactiones
478 913 512 940 et
529 907 572 939 ad
592 918 707 950 opera.

514 996 567 1031 Et
591 999 705 1033 seculi
724 1003 812 1034 sunl
837 998 973 1038 Iesum.

349 1065 492 1099 Ioannis
516 1067 778 1110 praedicatione
802 1071 970 1104 commoti
994 1071 1037 1104 ad
1055 1067 1237 1105 Christum

247 1117 457 1153 concedunt.
511 1116 581 1151 Sed
597 1119 737 1163 qualem
755 1131 790 1152 se
808 1120 880 1153 illis
894 1119 1036 1156 exhibet
1051 1119 1239 1156 Christus?

247 1167 363 1201 Verba
390 1174 422 1202 et
443 1167 533 1201 facta
559 1165 690 1203 Christi
717 1177 799 1204 sunt
821 1172 1073 1215 promissiones
1095 1173 1237 1216 gratiae,

246 1226 432 1263 propterea
451 1218 555 1253 etiam
573 1226 711 1263 praeter
727 1221 834 1254 verba
853 1222 942 1256 facta
959 1221 1093 1257 Christi
1111 1224 1159 1257 sic
1175 1224 1237 1257 de-

246 1269 369 1303 scribit
385 1269 636 1312 Evangefium,
663 1278 702 1305 ut
727 1271 765 1304 in
787 1272 859 1306 illis
875 1285 995 1307 cernas
1011 1271 1236 1308 exhibentem

245 1320 405 1364 gratiam.
467 1319 632 1354 Suaviter
670 1323 878 1367 compellat,
920 1325 1048 1367 gaudet
1088 1336 1238 1365 servare,

246 1371 440 1404 confirmat.
495 1370 554 1405 Ad
579 1369 825 1416 Philippenses
850 1374 972 1408 scribit
989 1373 1134 1408 Paulus:
1162 1373 1237 1407 Ha-

244 1420 325 1455 bitu
340 1421 524 1455 inventum
543 1432 615 1454 esse
633 1429 671 1456 ut
688 1420 887 1464 hominem,
916 1431 953 1458 ut
969 1436 1134 1468 agnoscas
1149 1425 1238 1458 velle
1262 1436 1264 1438 ·

245 1472 390 1506 fratrem
414 1483 505 1512 esse,
542 1483 614 1505 non
638 1473 727 1506 velle
749 1485 784 1506 se
808 1475 935 1516 metui,
963 1476 1052 1508 velle
1067 1475 1136 1509 sibi
1153 1488 1237 1508 con·
1262 1494 1263 1500 κ

245 1521 323 1555 fidi:
352 1518 557 1556 Conversus
581 1523 640 1557 scl.
659 1524 759 1557 vultu
777 1525 1049 1560 misericordiae.
1104 1528 1138 1561 2.
1154 1524 1235 1559 Cor.

246 1571 310 1630 ¹¹.¹·
337 1572 505 1606 discrevit
523 1572 654 1606 Paulus
676 1574 814 1608 vultum
832 1574 951 1620 Moysi
977 1588 994 1609 a
1014 1576 1114 1609 vultu
1130 1574 1237 1610 Chri-

245 1630 314 1707 iglei
338 1675 380 1707 ad
401 1674 591 1718 populum,
620 1673 732 1708 Exodi
751 1675 848 1709 xlx.
892 1676 1022 1711 Vultus
1036 1675 1168 1712 Christi
1187 1685 1238 1712 est

247 1725 364 1759 vultus
382 1725 643 1759 misericordiae
660 1732 693 1760 et
712 1727 852 1770 gratiae.

572 1816 680 1865 Quid
699 1819 877 1867 quaeritis
888 1819 905 1850 Ρ

247 1887 283 1920 id
307 1893 375 1925 est,
404 1898 467 1920 cur
489 1899 544 1920 me
561 1887 772 1932 sequimini,
801 1901 904 1934 quem
925 1901 979 1922 me
997 1901 1069 1923 esse
1085 1890 1238 1931 creditis,

245 1944 285 1971 ut
315 1937 538 1982 sequamini?
590 1936 751 1971 Primum
777 1939 986 1983 interrogat,
1022 1940 1107 1986 quid
1131 1953 1237 1986 quae-

248 1994 340 2021 rant:
375 1987 457 2032 qnia
483 1985 550 2021 hoc
573 1999 684 2021 unum
708 1989 856 2034 requirit
872 1989 1031 2025 Christus
1048 2003 1066 2024 a
1087 2003 1237 2036 sequen-

248 2039 359 2078 tibus,
386 2045 424 2072 ut
443 2038 607 2078 credant,
635 2045 673 2072 ut
690 2041 812 2074 norint
830 2052 864 2073 se
882 2042 960 2086 quis
979 2042 1040 2081 sit,
1068 2049 1099 2076 et
1117 2041 1236 2088 curm)

248 2096 452 2135 sequantur,
480 2089 575 2123 iuxta
594 2089 681 2122 illud
692 2089 831 2125 Esaiae:
862 2092 1026 2135 Cognitio
1041 2093 1115 2127 cius
1134 2093 1236 2128 iusti-

248 2140 362 2173 ficavit
387 2139 527 2174 multos.
550 2159 599 2165 —
652 2139 732 2175 Ubi
752 2138 933 2175 habitas?
958 2144 1017 2177 ubi
1034 2156 1171 2184 manes,
1198 2145 1236 2178 in
1260 2169 1262 2176 .

249 2190 404 2230 Graeco,
433 2190 455 2225 i.
472 2203 500 2224 c.
524 2192 620 2236 quod
640 2198 690 2226 est
708 2189 925 2237 hospicium,
952 2207 1021 2240 quo
1039 2195 1237 2230 divertisti?

248 2239 421 2286 Discipuli
442 2243 600 2275 nondum
622 2255 704 2277 voce
723 2245 971 2287 testificantur,
997 2247 1056 2280 sed
1072 2247 1235 2281 affectum

250 2292 329 2326 fidei
355 2292 568 2326 confitentur
592 2293 627 2326 in
653 2307 711 2336 eo,
745 2296 839 2340 quod
863 2308 933 2330 una
959 2297 1052 2341 apud
1077 2309 1155 2330 eum
1181 2297 1236 2330 di-

250 2350 384 2377 vertere
415 2343 550 2377 volunt.
621 2343 710 2379 Cum
745 2346 964 2390 interrogant
994 2348 1237 2388 conscientiae,

250 2394 310 2428 nbi
336 2400 474 2427 maneat
493 2392 675 2434 Christus,
703 2398 890 2431 monstrari
914 2411 985 2431 non
1006 2405 1139 2443 potest,
1169 2399 1235 2432 nisi

251 2445 325 2478 solo
350 2444 459 2489 ipsius
483 2445 602 2480 verbo.
657 2445 739 2481 ldeo
759 2448 831 2493 ipse
849 2449 914 2483 ait:
944 2448 1070 2484 Venite
1087 2456 1120 2484 et
1138 2450 1235 2483 vidc-

252 2502 307 2537 te,
327 2495 426 2540 quasi
443 2495 584 2531 diceret:
618 2495 693 2542 lpse
709 2506 868 2534 monstro
886 2500 997 2536 vobis.

285 2637 333 2664 57]
352 2644 403 2661 rur
428 2637 489 2661 dedi
513 2644 562 2667 pm
586 2645 665 2669 quor.
694 2653 724 2658 —

340 2676 342 2678 Ι
367 2674 376 2695 ι
762 2641 790 2665 ln
811 2642 975 2676 'tubingenni
1002 2646 1099 2670 verba:
1134 2647 1165 2671 ue
1186 2653 1238 2671 no-

318 2679 363 2696 ΓΗΙ
401 2686 425 2689 ”

448 2674 619 2703 sequantur,
637 2681 690 2699 non
710 2675 846 2707 teguntur.

845 87 972 125 PHIL.
999 87 1115 125 MEL.
1140 88 1348 126 SCRIPTA
1374 89 1676 128 EXEGETICA.

368 1622 496 1657 Vultus
520 1622 637 1668 Moysi
663 1625 804 1665 terruit3
841 1627 965 1659 terruit
989 1633 1022 1660 et
1049 1627 1237 1660 descensus
1262 1635 1266 1659 ἰ

2181 96 2278 132 1076

1269 183 1274 203 ¹
1457 177 1565 212 Hora
1590 182 1710 212 aulem
1733 183 1810 212 erat
1831 178 1943 227 quasi
1966 176 2117 216 decima.

1266 247 1271 321 Ι
1396 242 1514 280 Horae
1536 246 1752 280 mentionem
1776 247 1901 280 factam
1926 253 2030 292 puto,
2057 247 2139 294 quia
2157 248 2276 282 novis-

1294 294 1384 329 simo
1403 302 1560 341 tempore
1578 297 1674 331 venit
1690 296 1864 332 Christus.

1562 370 1611 405 In
1617 373 1776 408 venimus
1801 371 2001 410 BIessiam.

1394 437 1499 473 Nunc
1520 446 1554 474 et
1572 453 1657 474 voce
1672 441 1894 477 confitentur.
1948 441 2090 476 Christo
2107 442 2189 477 satis
2205 449 2278 476 erat

1292 489 1419 524 affectu
1450 491 1688 535 respondisse;
1723 490 1780 526 hic
1812 495 1905 537 apud
1937 494 2023 527 alias
2048 505 2132 527 voce
2155 493 2279 528 testifi-

1292 547 1428 575 cantur.

1508 615 1569 652 Tu
1592 629 1628 652 es
1647 616 1795 659 Petrus,
1818 617 1933 665 filius
1953 619 2064 654 Iona.

1395 684 1653 730 Argumentum
1669 688 1865 722 divinitatis
1880 696 1948 730 est,
1975 689 2069 734 quod
2088 689 2279 733 praevidet,

1293 742 1325 770 et
1354 738 1449 782 quod
1482 749 1612 772 nomen
1645 746 1679 774 et
1703 740 1780 785 quis
1805 739 1848 774 sit
1871 746 1971 784 pater
1994 740 2078 774 eius.
2138 738 2277 773 Deinde

1292 788 1404 821 multo
1436 789 1554 832 potius
1584 797 1829 834 argumentum
1861 790 2058 825 divinitatis
2078 797 2145 830 est,
2182 790 2276 836 quod

1291 838 1462 882 significat
1480 840 1660 885 futurum,
1687 848 1725 875 ut
1742 848 1940 886 perseveret
1956 841 2089 876 Petrus.

1396 991 1501 1035 Quod
1524 991 1582 1026 hic
1598 991 1852 1028 Nathanae'lem
1877 994 2045 1035 offendit,
2074 993 2165 1026 idem
2187 993 2278 1026 infra

1292 1055 1367 1086 cap.
1386 1042 1468 1077 Vll.
1492 1044 1641 1078 offendit
1665 1047 1854 1090 quosdam,
1883 1045 2053 1079 dicentes:
2081 1043 2174 1077 Num
2193 1043 2276 1089 quid

1291 1106 1309 1126 a
1327 1093 1484 1128 Galilaea
1503 1096 1600 1129 venit
1617 1093 1803 1130 Christus?
1856 1093 2082 1140 Prophetiam
2102 1095 2195 1128 enim
2214 1106 2280 1127 no—

1291 1151 1370 1178 rant
1393 1146 1435 1178 de
1456 1143 1651 1181 Bethleem.
1704 1146 1775 1181 Sed
1792 1144 1952 1181 Christus
1977 1158 2113 1191 semper
2136 1152 2280 1190 apparet

1292 1196 1388 1230 carni
1405 1196 1482 1229 aliis
1500 1197 1643 1238 formis,
1672 1197 1742 1232 alio
1761 1198 1867 1232 modo
1884 1209 1989 1243 quam
2007 1197 2135 1242 cogitat
2153 1208 2246 1230 caro.

1580 1280 1674 1317 Ecce
1698 1294 1772 1317 vere
1794 1281 1991 1325 Israelita,

1386 921 1455 957 Ex
1475 921 1644 958 Nazaret
1662 930 1779 973 polest
1803 923 1955 973 aliquid
1974 937 2047 959 esse
2071 924 2183 960 boni?

1262 1342 1265 1357 ι

1262 1381 1264 1409 Ι

1262 1366 1264 1378 :
1291 1350 1313 1382 i.
1331 1361 1358 1382 e.
1379 1361 1450 1381 non
1465 1350 1659 1382 secundum
1676 1361 1815 1383 carnem
1831 1356 1967 1384 tantum
1986 1357 2050 1384 etc.
2077 1368 2128 1374 —
2175 1348 2280 1383 Ficus

1262 1414 1264 1416 ·
1290 1399 1460 1442 significat
1483 1410 1714 1444 synagogam,
1741 1397 1939 1434 Nathanae'l
1965 1400 2137 1445 populum
2162 1411 2200 1432 ex
2222 1411 2279 1444 sy-

1262 1478 1264 1488 ,
1291 1462 1422 1493 nagoga
1441 1450 1603 1488 electum,
1631 1450 1712 1495 quia
1731 1450 1883 1494 populus
1900 1462 2021 1484 verum
2040 1462 2158 1484 semen
2171 1449 2277 1483 lsrae'l

1262 1506 1264 1549 l
1291 1508 1351 1534 est.
1404 1498 1729 1545 IdeoqueChristus
1745 1501 1810 1534 ait:
1841 1500 1932 1534 Vere
1944 1500 2121 1542 Israelita,
2148 1507 2187 1535 ut
2204 1499 2277 1534 dis-

1262 1554 1265 1580 Ι
1291 1557 1408 1584 cernat
1426 1549 1588 1584 Israelem
1609 1551 1802 1584 secundum
1819 1563 1959 1584 carnem
1977 1551 2022 1584 ab
2039 1551 2148 1585 electo
2161 1551 2280 1591 lsrae'l,

1291 1602 1391 1635 cuius
1415 1608 1465 1635 est
1489 1601 1687 1645 promissio.
1751 1600 1856 1643 Quod
1882 1602 2074 1646 Apostolus
2097 1603 2141 1635 de
2165 1602 2279 1635 incre-

1262 1672 1265 1704 !
1291 1659 1410 1687 mento
1436 1652 1515 1686 fidei
1541 1652 1625 1686 dicit
1643 1650 1750 1686 Rom.
1770 1651 1826 1685 Nl:
1856 1651 2024 1686 Probatio
2041 1664 2137 1696 spem
2156 1663 2280 1696 opera-

1262 1733 1265 1750 ‚
1291 1711 1366 1745 tur,
1402 1715 1478 1747 spes
1507 1715 1579 1737 non
1611 1703 1818 1743 confundit,
1849 1709 1883 1737 et
1916 1703 2010 1738 Xll.:
2047 1702 2093 1738 Ut
2124 1703 2280 1749 probetis

1292 1767 1381 1800 quae
1402 1755 1447 1788 sit
1473 1755 1636 1789 voluntas
1661 1752 1726 1788 Dei
1750 1755 1862 1793 bona,
1890 1754 2122 1798 beneplacens
2144 1761 2177 1789 et
2200 1766 2279 1799 per-

1290 1806 1395 1840 fecta:
1425 1806 1517 1838 idem
1542 1803 1599 1839 hic
1625 1805 1700 1839 vult
1719 1801 1882 1839 Christus
1906 1817 1984 1839 cum
2003 1805 2068 1839 ait:
2097 1805 2191 1849 Quia
2207 1805 2280 1838 vidi

1291 1864 1323 1891 te
1346 1857 1411 1890 sub
1435 1857 1518 1897 ficu,
1546 1856 1678 1895 credis,
1705 1855 1837 1889 maiora
1863 1853 1918 1889 his
1942 1856 2089 1890 videbis.
2147 1855 2281 1891 Crescit

1261 1878 1265 1954 l
1290 1908 1385 1940 enim
1409 1908 1493 1940 fides
1512 1919 1574 1951 per
1591 1907 1842 1951 experientiam
1861 1907 1974 1941 lionae
1993 1907 2184 1942 voluntatis
2200 1906 2277 1940 Dei.

1262 1961 1263 1972 ¹
1290 1958 1348 1992 Sic
1368 1959 1529 2004 probatio
1546 1969 1642 2002 spem
1661 1957 1776 1992 efficit.

1261 2055 1263 2070 1
1511 2031 1699 2069 Videbilis
1721 2033 1856 2067 coelum
1882 2039 2047 2082 apertum
2054 2063 2062 2075 ,

1290 2102 1454 2136 videbitis
1481 2102 1662 2147 impletam
1686 2103 1858 2136 visionem
1886 2102 2008 2142 Iacob,
2043 2104 2086 2136 de
2113 2114 2181 2148 qua
2205 2102 2279 2137 Ge-

1290 2153 1440 2188 nes.28.
1474 2152 1569 2186 llaec
1598 2160 1739 2197 accepta
1769 2161 1850 2188 sunt
1880 2166 1919 2187 cx
1952 2154 2080 2189 Genes.
2106 2152 2276 2189 xxvtlt.

1260 2198 1263 2228 *¹
1290 2206 1333 2239 de
1356 2205 1446 2238 scala
1465 2203 1580 2240 Iacob.
1635 2202 1798 2239 Christus
1820 2205 1910 2238 scala
1927 2211 1994 2245 est;
2024 2205 2120 2239 Deus
2137 2204 2276 2238 incum-

1290 2257 1340 2291 bit
1365 2256 1495 2296 scalac,
1529 2256 1611 2301 quia
1639 2253 1800 2291 Christus
1823 2255 1918 2290 Deus
1943 2263 2004 2290 est.
2066 2255 2115 2290 Ea
2141 2255 2232 2289 scala
2256 2267 2276 2289 a

1289 2307 1386 2342 coelo
1414 2307 1449 2340 in
1474 2313 1601 2341 terram
1626 2307 1810 2352 pertingit3
1837 2319 1916 2340 nam
1935 2304 2098 2341 Christus
2115 2307 2193 2340 ideo
2211 2306 2275 2340 nd—

1290 2358 1423 2392 stendit
1449 2358 1485 2390 in
1513 2358 1669 2398 coelum,
1702 2365 1739 2392 ut
1765 2358 1923 2403 impleret
1947 2357 2076 2391 omnia.
2145 2355 2273 2401 Angeli

1290 2410 1484 2443 ascendunt
1508 2415 1540 2442 et
1561 2409 1776 2443 descendunt
1788 2436 1796 2450 ,
1824 2409 1845 2445 i.
1861 2422 1889 2442 c.
1906 2420 2027 2442 omnes
2043 2408 2222 2442 credentes
2237 2407 2274 2442 in

1289 2458 1471 2495 Christum
1510 2461 1703 2494 ascendunt
1737 2467 1769 2494 et
1803 2460 2031 2495 descendunt.
2104 2458 2275 2500 Primum,

1291 2512 1384 2557 quod
1405 2509 1568 2546 Christus
1589 2511 1678 2544 scala
1704 2518 1752 2545 est
1776 2523 1794 2544 a
1816 2517 1905 2545 terra
1931 2510 1967 2543 in
1992 2511 2127 2545 coelum
2149 2515 2275 2551 erecta,

1291 2562 1461 2607 significat
1476 2559 1656 2597 Clu-istum
1683 2573 1754 2595 non
1776 2562 1886 2605 magis
1908 2561 1944 2594 in
1966 2562 2063 2595 coelo
2081 2573 2152 2596 esse
2168 2571 2274 2607 quam

1293 2614 1328 2646 iu
1354 2620 1464 2649 terra.
1492 2613 1583 2647 inter
1605 2624 1668 2645 nos
1689 2620 1867 2655 regentem
1883 2619 1913 2647 et
1930 2613 2183 2656 gubernantem
2199 2622 2273 2645 cre-

1292 2665 1415 2698 dentes
1437 2664 1515 2699 sibi.
1570 2663 1732 2698 Secundo
1746 2691 1753 2702 ,
1781 2665 1875 2709 quod
1895 2665 1930 2698 in
1947 2675 1985 2698 ea
2004 2664 2224 2699 ascendimus
2239 2669 2273 2697 et
