2409 2915
267 86 343 127 455

271 237 336 271 pro
354 229 492 268 peccato
503 248 512 262 ,
537 229 578 256 ut
593 227 773 265 purgetur.

373 280 469 314 Haec
495 280 549 314 lex
573 280 788 314 admouebat
810 276 907 314 hunc
927 280 1098 324 populum
1122 279 1166 312 de
1190 277 1259 311 im-

272 332 448 366 munditie
464 329 639 364 humanae
654 338 811 371 naturae,
838 337 873 364 et
888 331 932 364 de
950 336 1088 375 peccato
1102 329 1260 373 originis.

271 382 337 422 Et,
365 382 445 427 quia
468 382 596 415 diserte
613 382 771 427 loquitur
787 382 831 414 de
848 388 931 415 nato
950 393 990 413 ex
1006 381 1099 413 virili
1118 379 1262 419 semine,

273 432 365 467 nihil
391 433 590 475 pertinebat
605 433 648 466 ad
662 430 862 470 Christum,
890 437 950 464 aut
969 438 1134 465 matrem:
1162 437 1195 464 et
1209 436 1262 463 ta-

273 496 357 517 men
374 482 491 516 Maria
507 482 725 527 obtemperat
742 482 820 525 legi.
875 480 1020 524 Quare?
1045 489 1084 516 ut
1103 480 1261 524 exemplo

275 546 338 568 suo
363 541 547 567 conservet
571 533 806 567 ministerium
824 532 1028 577 publicum,
1055 539 1086 566 et
1105 531 1264 565 ostendat

277 596 332 625 se,
360 590 393 618 et
410 582 505 617 hunc
522 592 641 617 natum
653 610 662 623 ,
689 595 760 616 esse
777 583 935 617 membra
953 580 1060 617 huius
1075 581 1264 616 Ecclesiae.

275 634 371 668 Hinc
394 635 570 668 discamus
595 634 899 668 conservationem
924 633 1112 668 ministerii
1137 631 1265 666 sanctis

276 696 380 718 curae
403 695 493 724 esse,
520 691 554 719 et
574 685 814 719 adiuvandum
831 696 906 719 esse
921 685 1082 719 omnium
1098 682 1265 727 exemplis

275 742 308 768 et
324 734 536 770 obedientia.

378 795 500 828 Altera
532 795 587 828 lex
619 794 663 828 de
693 794 938 840 primogenitis
963 794 1117 839 postulat
1147 791 1266 826 omnia

277 845 512 890 primogenita
546 846 697 879 mascula
722 845 798 879 Deo
823 845 1036 885 consecrari,
1069 850 1104 877 et
1126 842 1266 878 redimi.

278 896 374 930 Ilaec
398 897 452 929 lex
477 896 586 929 multa
612 896 838 939 significabat.
894 895 1054 928 Primum
1079 894 1174 927 nasci
1199 890 1267 926 ho-

278 947 393 980 mines
417 946 620 990 praecipue,
655 953 694 979 ut
716 945 791 980 Deo
813 946 979 979 serviant.
1032 945 1122 979 Item
1145 943 1268 978 deberi

278 996 354 1031 Deo
386 997 608 1042 praecipuam
638 1003 771 1041 partem
803 997 914 1036 vitae,
947 995 1110 1029 laborum
1138 1001 1172 1029 et
1193 995 1268 1028 sru-

281 1055 412 1082 ctuum.
453 1045 666 1080 Continebat
684 1053 716 1080 et
734 1053 859 1080 tectam
876 1046 1158 1091 promissionem,
1186 1045 1268 1090 quia

280 1096 376 1132 Deus
399 1097 598 1141 postulabat
622 1097 873 1141 primogenita,
900 1097 1093 1130 testabatur
1116 1096 1183 1129 sibi
1207 1107 1270 1129 cu·-

281 1160 340 1181 rae
361 1149 435 1181 sore
458 1145 552 1181 hune
574 1148 764 1193 populum,
792 1155 825 1182 et
847 1147 992 1191 placere.
1024 1145 1188 1191 Denique
1211 1157 1268 1179 ar-

282 1210 367 1232 cana
394 1198 602 1242 significatio
628 1206 701 1233 erat
721 1199 765 1232 de
787 1196 948 1239 Christo,
982 1204 1171 1231 venturum
1196 1196 1271 1240 pri-

282 1249 517 1292 mogenitum,
550 1249 615 1294 ‘qui
645 1256 732 1284 esset
761 1249 905 1295 proprie
933 1254 1156 1283 consecratus
1182 1245 1270 1290 Deo,

280 1301 411 1334 scilicet
429 1298 587 1335 Messias.

385 1358 597 1403 Quanquam
636 1358 744 1399 igitur
780 1358 879 1403 prior
906 1358 961 1391 lex
992 1358 1035 1391 de
1066 1356 1271 1397 immundis,

282 1406 372 1443 nihil
397 1421 539 1453 prorsus
561 1409 602 1442 ad
623 1407 777 1442 Mariam
802 1409 1019 1453 pertinebat,
1045 1414 1161 1441 tamen
1180 1407 1271 1440 hanc

283 1460 392 1503 legem
418 1460 461 1493 de
482 1459 726 1503 primogenitis
750 1459 968 1502 intelligebat
991 1465 1114 1492 testem
1139 1469 1211 1491 esse
1228 1458 1271 1490 de

282 1508 436 1550 Christo,
463 1517 496 1544 et
512 1510 707 1553 siguificare
724 1507 820 1542 hunc
836 1509 1124 1553 primogenitum.
1176 1507 1272 1548 Ideo,

283 1561 347 1594 etsi
372 1561 448 1593 sine
471 1560 669 1594 ceremonia
694 1567 768 1593 erat
789 1566 1009 1593 consecratus
1026 1556 1123 1598 Deo,
1152 1566 1271 1592 tamen

283 1611 396 1644 adfert
418 1623 496 1644 eum
524 1611 565 1643 ad
590 1609 804 1648 Ecclesiam,
839 1616 879 1643 ut
901 1609 1072 1653 significet
1098 1609 1165 1641 iam
1191 1620 1272 1641 vere

283 1662 464 1705 impletam
495 1673 566 1694 esse
597 1661 707 1704 legem
733 1662 775 1693 de
797 1660 1032 1705 primogenito
1057 1667 1271 1693 consecrato.

282 1710 329 1746 Et
360 1709 451 1746 hanc
475 1711 584 1756 ipsam
612 1711 846 1745 ceremoniam
873 1711 949 1744 vult
972 1718 1093 1744 testem
1117 1722 1189 1744 esse
1214 1721 1272 1742 ex-

283 1761 389 1797 hibiti
415 1770 448 1797 et
470 1763 661 1796 consecrati
688 1760 832 1797 Christi.
886 1761 1040 1807 ldeoque
1064 1761 1197 1795 accedit
1222 1767 1272 1794 te-

284 1814 490 1847 stimonium
517 1813 671 1857 Spiritus
694 1813 826 1853 sancti,
854 1813 913 1857 qui
936 1824 997 1856 per
1012 1811 1214 1846 Simeonem
1240 1819 1273 1846 et

284 1863 426 1898 Annam
451 1865 682 1898 concionatur
704 1861 798 1896 hune
824 1863 992 1896 infantem
1013 1874 1086 1896 esse
1104 1862 1270 1895 Messiam

284 1921 524 1948 consecratum
548 1913 635 1948 Deo.
685 1913 815 1957 Magna
843 1913 949 1955 igitur
970 1913 1080 1952 gloria
1105 1913 1274 1957 sequitur,

285 1972 470 2009 postquam
508 1963 705 1998 ministerio
748 1964 919 2007 praestitit
952 1962 1068 1997 Maria
1104 1965 1271 1997 usitatum

283 2015 450 2051 officium.

388 2072 508 2116 Quare
525 2072 701 2106 discamus
717 2079 749 2105 et
765 2083 828 2105 nos
843 2071 1023 2112 venerari,
1049 2079 1080 2106 et
1099 2072 1187 2106 tueri
1204 2072 1272 2104 mi—

286 2123 472 2158 nisterium
490 2123 682 2164 Ecclesiae,
709 2130 741 2156 et
766 2123 1032 2156 meminerimus
1051 2124 1118 2156 iarn
1135 2121 1271 2156 exhibi-

287 2183 361 2209 tum
386 2186 457 2208 esse
477 2175 577 2208 illum
596 2174 890 2219 primogenitum,
918 2173 976 2218 qui
996 2186 1075 2207 vere
1092 2186 1273 2207 consecra-

288 2233 344 2260 tus
359 2233 408 2260 est
419 2225 507 2266 Deo,
535 2232 567 2259 et
584 2237 645 2270 per
661 2237 765 2270 quem
782 2224 907 2259 caeteri
924 2231 1184 2265 consecrantur,
1210 2232 1273 2261 etc.

661 2333 704 2358 De
739 2332 901 2357 secundo.

391 2393 501 2438 Saepe
517 2393 649 2427 dictum
665 2401 711 2427 est
730 2393 848 2426 omnia
866 2391 1065 2426 testimonia
1079 2392 1273 2433 colligenda

289 2457 380 2485 esse,
409 2445 489 2490 quia
503 2444 596 2479 Deus
612 2445 764 2488 patefieri
784 2451 815 2477 et
833 2443 1058 2477 inclarescere
1076 2441 1164 2476 lianc
1184 2444 1273 2476 nati—

290 2498 431 2530 vitatem
450 2495 573 2533 voluit.
601 2502 636 2528 ut
656 2493 807 2528 Ecclesia
826 2502 911 2528 esset
928 2501 1032 2528 certa.
1086 2492 1160 2528 Etsi
1179 2495 1272 2527 emm

289 2545 465 2581 Ecclesiae
488 2548 574 2580 sarta
600 2558 670 2579 nou
689 2546 735 2579 sic
755 2547 939 2579 incurrunt
958 2547 992 2579 in
1011 2545 1170 2578 omnium
1189 2557 1273 2578 ocu-

291 2597 363 2637 los,
405 2604 441 2631 ut
468 2597 737 2641 imperatorum,
780 2596 993 2636 Alexandri,
1039 2604 1069 2630 et
1101 2595 1272 2629 similium

291 2649 436 2693 praelia:
467 2656 579 2683 tamen
606 2648 676 2681 vult
700 2647 791 2681 Deus
813 2660 884 2682 csse
903 2656 993 2682 certa
1014 2647 1211 2683 testimonia
1231 2648 1274 2682 de
1296 2675 1302 2692 4

862 80 990 119 PHtL.
1014 80 1134 121 MEL.
1157 75 1368 119 SCRIPTA
1392 74 1692 115 EXEGETICA.

270 174 384 209 mines
409 181 487 206 cum
511 167 759 211 immunditie,
786 174 821 204 et
845 168 944 204 iubet
967 173 1114 203 matrem
1130 166 1258 203 offerre
1308 160 1470 208 Christo,
1496 171 1531 200 et
1545 166 1589 200 de
1602 165 1711 199 verbo
1725 174 1788 198 suo
1801 160 1839 197 in
1853 158 2023 198 Ecclesia·
2070 160 2124 197 Ita
2139 159 2198 197 hie
2212 170 2296 199 sunt

2362 69 2390 112 ἱ,

2350 156 2367 178 Ι

1309 222 1432 257 testes,
1481 216 1616 257 Maria,
1661 212 1809 259 Ioseph,
1851 212 2059 255 Zacharias,
2098 210 2297 255 Elisabeth,
2312 214 2341 246 ’ς’
2359 205 2393 248 ζ’.’

1309 265 1490 308 Pastores,
1516 266 1632 309 Magi,
1658 266 1823 308 Simeon,
1851 266 1989 304 Anna.²
2389 275 2397 285 ’

2173 71 2181 78 ’
2217 76 2295 115 456

1413 332 1486 367 Nec
1509 333 1596 366 levis
1615 333 1681 367 suit
1699 333 1867 367 autoritas
1885 331 2013 366 horum
2030 331 2188 366 testium:
2215 341 2299 364 nam
2370 346 2383 355 ·

1312 382 1408 418 haud
1425 384 1531 417 dubie
1547 382 1694 417 Simeon
1711 391 1743 417 et
1754 384 1858 417 Anna
1875 384 2019 417 suerunt
2034 381 2205 427 reliquiae
2219 391 2302 414 san-⁷
2336 389 2383 418 ’,σῃ

1314 442 1450 469 ctorum
1463 461 1473 476 ‚
1501 434 1561 480 qui
1578 433 1870 468 Maccahaeorum
1893 434 2035 480 praeliis
2053 432 2301 467 interfuerant:
2355 424 2388 469 θ

1315 486 1397 532 quia
1428 498 1446 519 a
1479 484 1566 518 luda
1598 483 1808 518 Maccabaeo
1841 485 1884 518 ad
1919 485 2138 518 nativitatem
2167 478 2310 517 Christi
2364 495 2365 498 ¹

1316 544 1398 570 sunt
1421 537 1504 569 anni
1533 535 1615 570 161.
1668 533 1714 569 Et
1731 534 1875 569 Simeon
1902 542 1936 569 et
1953 535 2058 569 Anna
2074 532 2200 578 egressi
2219 543 2304 566 cen·
2339 508 2381 573 ,ᾖ

1316 587 1478 621 tesimum
1503 599 1635 619 annum
1656 586 1818 620 videraut
1834 593 1970 620 sanctos
1988 597 2087 619 senes
2102 583 2232 629 prioris
2249 594 2303 616 se—
2340 581 2362 596 ⁶·

1317 637 1400 672 culi.
1452 637 1502 671 lta
1527 638 1657 671 mansit
1680 648 1786 681 penes
1810 637 1947 682 aliquos
1969 647 2098 681 paucos
2122 645 2203 668 vera
2219 634 2304 668 fides

1318 694 1484 733 perpetua
1500 688 1588 721 serie
1606 688 1643 721 in
1662 685 1728 721 hoc
1747 687 1891 732 populo,

2384 559 2395 573 ὁ

1421 754 1534 788 Porro
1557 752 1642 788 haec
1660 753 1858 789 testimonia
1877 753 1981 787 fidem
1999 758 2155 786 nostram
2175 750 2306 785 confir-

1319 812 1437 847 ment,
1464 812 1498 839 et
1522 805 1627 839 simul
1649 803 1705 838 hic
1729 805 1879 849 speciem
1905 803 2081 837 Ecclesiae
2104 801 2307 836 considere-

1319 868 1416 898 mus,
1443 867 1531 901 quae
1546 861 1618 889 erat
1634 863 1751 890 coetus
1768 856 1932 899 exiguuS,
1958 860 2095 898 spretus
2112 859 2145 887 et
2162 863 2309 896 oppres·
2365 861 2371 867 ·

1319 919 1377 940 sus
1396 906 1584 952 tyrannide
1598 905 1752 940 Herodis
1770 914 1802 940 et
1820 905 2042 949 pontificum,
2064 911 2098 938 et
2114 909 2231 937 tameu
2249 899 2317 936 hio·

1320 958 1466 1001 exiguus
1489 964 1608 991 coetus
1631 956 1787 1001 fulgebat
1811 957 1848 990 in
1872 954 1939 990 hoc
1963 955 2114 1001 populo,
2146 965 2211 987 nec
2235 959 2333 989 erat·

1321 1019 1465 1054 prorsus
1483 1008 1636 1052 ignotus-

2332 756 2391 857 ὥς..
2380 690 2393 710 ,

1718 1105 1766 1130 De
1800 1105 1919 1131 tertio.

1423 1158 1608 1194 Canticum
1625 1165 1675 1193 est
1691 1158 1934 1192 testimonium
1950 1157 1994 1191 de
2006 1155 2155 1199 Messia,
2181 1164 2215 1192 et
2231 1168 2312 1201 gra·
2347 1186 2351 1190 Α

1322 1211 1452 1245 tiarum
1477 1211 1580 1246 actio,
1633 1209 1720 1244 ltem
1742 1205 1928 1253 prophetia
1951 1208 1994 1241 de
2017 1208 2201 1242 vocatione
2225 1219 2313 1252 gen·

1323 1262 1430 1301 tium,
1458 1268 1490 1295 et
1514 1261 1676 1294 doctrina
1700 1261 1743 1293 de
1760 1259 1937 1293 beneficiis
1955 1256 2099 1292 Christi.
2152 1256 2312 1303 Conspe,

1323 1319 1378 1345 cto
1393 1309 1536 1345 Christo
1558 1322 1662 1343 senex
1681 1311 1731 1343 ait
1745 1321 1780 1343 se
1797 1310 2032 1344 discessurum
2048 1309 2085 1341 in
2102 1320 2202 1353 pace,
2228 1308 2314 1354 quia
2349 1322 2378 1359 χο

1323 1362 1478 1405 agnoscit
1501 1361 1678 1404 ingentem
1696 1359 1761 1394 Dei
1787 1360 2063 1393 misericordiam
2086 1361 2203 1394 datam
2229 1371 2314 1401 esse,
2343 1364 2381 1388 '⁸

1323 1413 1450 1455 cogitat
1467 1412 1621 1445 suturam
1641 1409 1930 1444 instaurationem
1947 1409 2142 1451 Ecclesiae,
2167 1410 2231 1444 scit
2251 1421 2313 1454 per
2345 1392 2388 1438 *i

1324 1461 1418 1496 hunc
1435 1462 1600 1496 Messinm
1624 1461 1837 1495 abolendum
1859 1472 1932 1494 esse
1959 1467 2137 1505 peccatum
2159 1466 2192 1494 et
2216 1472 2312 1494 mor·
2368 1468 2381 1494 ’.

1324 1520 1412 1552 tem,
1450 1513 1661 1546 incoandam
1691 1512 1800 1545 vitam
1830 1518 2026 1551 aeternam,
2061 1511 2219 1554 agnoscit
2244 1511 2314 1545 sibi

1324 1564 1466 1597 remissa
1483 1575 1556 1596 esse
1573 1569 1710 1606 peccata
1721 1586 1730 1600 ,
1757 1561 1915 1604 agnoscit
1930 1573 1965 1594 se
1980 1559 2188 1595 habiturum
2204 1561 2314 1595 vitam

1324 1621 1518 1647 aeternam:
1547 1614 1594 1647 ita
1617 1612 1805 1656 multiplici
1827 1612 2069 1645 consolatione
2087 1608 2315 1648 exhilaratur.
2355 1619 2385 1634 ·“
2405 1617 2407 1624 ’

1325 1663 1420 1698 Haec
1438 1671 1470 1698 et
1489 1675 1553 1698 nos
1570 1663 1764 1707 cogitemus
1782 1663 1902 1706 agnito
1919 1660 2076 1698 Christo.
2318 1672 2321 1676 ·

2368 1496 2383 1521 ,Α

1428 1730 1564 1764 Lumen
1582 1730 1625 1763 ad
1644 1729 1893 1763 revelationem
1912 1729 2082 1773 gentium,
2109 1728 2144 1762 id
2162 1735 2223 1770 est,
2249 1727 2316 1764 erit

1326 1782 1448 1816 lumen
1482 1781 1681 1819 illustrans,
1714 1780 1920 1813 illuminans
1945 1785 2082 1823 gentes,
2113 1779 2167 1813 vel
2194 1779 2315 1814 lucens

1326 1833 1507 1876 gentibus,
1537 1844 1606 1877 quo
1625 1831 1743 1874 agnito
1762 1837 1907 1864 cernent
1925 1829 2057 1870 Deum,
2082 1836 2115 1864 et
2135 1830 2313 1874 ingentem

1325 1883 1601 1917 misericordiam
1629 1880 1692 1915 Dei
1725 1881 1878 1914 volentis
1907 1881 2079 1924 recipere,
2115 1887 2148 1915 et
2178 1881 2314 1914 salvare

1326 1941 1463 1977 gentes:
1501 1933 1554 1967 vel
1582 1932 1721 1971 lumen,
1757 1931 1790 1964 id
1819 1939 1890 1974 est,
1925 1932 2145 1971 consolator,
2178 1932 2313 1975 patefa-

1326 1986 1471 2018 ciendus
1504 1983 1688 2027 gentibus,
1732 1982 1793 2028 qui
1825 1994 1884 2017 eos
1909 1983 2035 2016 liberat
2059 1994 2078 2016 a
2102 1982 2252 2027 peccatis
2279 1988 2312 2016 et

1325 2042 1466 2070 aeterna
1483 2041 1607 2068 morte.

1710 2133 1756 2158 De
1789 2134 1927 2164 quarto.

1429 2185 1598 2231 Sequitur
1624 2185 1691 2218 alia
1718 2183 1907 2228 descriptio
1931 2181 2124 2228 Ecclesiae,
2151 2196 2316 2230 pmemo-
2332 2184 2351 2201 ‘V

1326 2244 1385 2271 net
1409 2237 1554 2271 Simeon
1585 2248 1658 2270 non
1692 2247 1894 2269 mansuram
1920 2235 2080 2278 politiam
2108 2236 2250 2280 populi,
2279 2243 2316 2272 et

1326 2289 1502 2332 principes
1534 2289 1778 2321 adversaturos
1808 2297 1880 2319 esse
1905 2283 2068 2326 Christo,
2104 2284 2186 2321 hinc
2214 2299 2313 2322 sem·

1327 2347 1403 2372 tura
1430 2346 1501 2373 erat
1519 2351 1644 2380 magna
1662 2337 1853 2371 distractio.
1906 2335 2000 2369 llaec
2017 2348 2154 2383 semper
2170 2339 2259 2374 fiunt
2274 2339 2313 2374 in

1328 2390 1499 2425 liet-tesia.
1536 2390 1642 2422 motis
1676 2387 1928 2422 certaminibus
1960 2389 2003 2420 tle
2037 2387 2244 2433 Evangelio,
2276 2395 2313 2427 α

1327 2454 1405 2475 cum
1432 2441 1604 2485 sapientes
1629 2438 1839 2474 abhorreant
1859 2451 1875 2470 a
1893 2438 2100 2478 discordiis,
2127 2440 2229 2479 multi
2246 2436 2312 2474 hae

1326 2492 1439 2537 specie
1463 2492 1566 2534 moti,
1601 2498 1680 2524 suut
1709 2489 1902 2534 iniquiores
1926 2486 2135 2534 Evangelio:
2169 2488 2233 2525 sed
2256 2496 2308 2525 ta-

1327 2555 1406 2576 men
1424 2549 1539 2576 manet
1556 2541 1683 2586 aliquis
1702 2541 1780 2584 pins
1799 2547 1935 2579 coetus,
1965 2540 2043 2573 ideo
2057 2541 2201 2574 dicitnr:
2228 2535 2309 2575 Ertt
2322 2548 2373 2591 «ς’

1326 2595 1361 2627 in
1389 2593 1679 2628 resurrectionem
1704 2592 1835 2627 inultis.
1889 2591 1958 2626 Sed
1987 2588 2023 2625 hi
2047 2591 2113 2636 ipsi
2132 2592 2310 2627 sustinent

1328 2645 1540 2679 tristissimas
1568 2643 1843 2690 persecutiones,
1870 2642 1949 2678 ideo
1975 2637 2032 2677 hic
2053 2642 2137 2678 dicit
2161 2644 2206 2679 de
2227 2642 2349 2705 Μςζ·ὁ

2275 2832 2292 2850 ς
2317 2817 2325 2824 .
