2409 2915
314 85 410 126 1029

312 186 390 210 cum
416 184 457 206 eo
480 180 651 214 regnans,
684 167 745 214 qui
769 166 906 201 dixisti:
940 164 1053 200 Nemo
1080 165 1192 210 rapiet
1216 177 1298 200 oves

310 235 404 258 meas
426 234 466 256 ex
490 220 655 255 manibus
672 218 775 252 meis:
804 216 857 251 Te
874 228 1035 256 oramus,
1062 224 1102 251 ut
1120 229 1185 250 nos
1202 228 1299 260 regas

310 282 344 308 et
368 284 504 312 serves,
532 279 565 305 et
589 282 660 303 non
685 269 778 303 sinas
801 279 866 301 nos
890 268 982 309 labi,
1008 269 1068 301 sed
1095 279 1209 301 serves
1234 267 1299 301 tibi

313 325 406 358 inter
427 334 490 356 nos
509 321 698 356 Ecclesiam
715 327 825 353 tuam.

414 373 509 407 Haec
525 373 568 406 de
584 370 669 405 luda
686 371 850 414 cogitate,
877 375 907 402 et
922 335 1087 402 nomtis
1103 369 1190 402 adeo
1206 367 1300 406 duri,

310 432 349 458 ut
368 425 473 457 corda
490 429 604 456 vestra
621 433 693 454 non
714 427 925 454 moveantur
943 419 1090 462 timore,
1116 431 1195 455 cum
1213 430 1300 451 con-

312 474 472 508 sideratis
488 481 557 507 tam
576 471 794 506 horrendum
813 470 1025 515 exemplum.

415 524 538 559 Postea
563 522 781 557 considerate
805 518 1058 567 hypocriticam
1081 520 1300 555 sanctitatem

311 575 539 609 Pontificum.
592 573 728 607 Nolunt
752 572 939 617 pecuniam
963 572 999 604 in
1018 571 1191 605 aerarium
1208 571 1299 604 reci—

311 638 412 670 pere,
440 632 472 659 et
491 633 606 659 tamen
623 625 752 657 audent
771 622 965 656 interficere
983 621 1179 656 Christum.
1231 621 1300 655 Fa-

310 683 364 710 cta
390 683 440 710 est
464 683 579 709 autem
604 672 689 707 haec
711 674 883 707 consessio
907 681 939 707 et
964 672 1070 706 Iudae
1093 680 1128 706 et
1150 671 1299 706 Pontifi-

310 739 408 767 cum,
444 734 482 760 ut
523 726 663 771 utrique
695 725 906 765 faterentur,
941 735 976 756 se
1007 724 1136 757 iniuste
1166 723 1299 757 fecisse.

311 776 417 811 Iudas
441 777 591 818 fatetur,
619 776 713 821 quod
738 775 942 818 sauguinem
962 775 1066 807 istum
1086 775 1298 808 vendiderit:

310 827 370 861 Isti
388 829 560 866 fatentur,
589 827 684 872 quod
704 838 782 859 enm
800 825 946 869 pecunia
963 825 1198 868 corruperint.

412 877 466 912 De
491 877 815 912 accommodatione
841 875 926 909 dicti
950 875 985 907 in
1010 872 1198 915 Zacharia,
1225 886 1298 909 non

310 941 400 974 opus
415 936 464 963 est
482 929 582 961 anxia
600 928 849 971 disputatione.

414 979 519 1022 Quod
544 977 602 1012 hic
620 977 823 1011 nominatur
841 975 1023 1018 Ieremias,
1050 977 1207 1011 fortassis
1224 989 1299 1011 ma—

310 1042 382 1063 nus
398 1030 545 1063 alicuius
563 1029 745 1073 scriptoris
762 1028 902 1060 erravit.

411 1078 595 1120 Secundo,
628 1079 737 1112 simus
767 1078 921 1112 contenti
951 1080 1047 1124 quod
1074 1076 1165 1111 hanc
1186 1075 1299 1112 histo-

307 1133 398 1165 riam
416 1127 616 1164 Matthaeus
635 1129 813 1172 intelligit,
837 1129 1065 1172 significatam
1090 1141 1162 1163 esse
1180 1130 1216 1162 in
1237 1129 1298 1163 illa

307 1181 480 1225 imagine,
521 1192 625 1225 quam
655 1178 831 1224 Propheta
862 1177 1049 1213 Zacharias
1082 1180 1221 1219 recitat,
1267 1187 1299 1214 et

307 1243 477 1265 numerus
504 1232 670 1275 pecuniae
693 1238 784 1264 certe
808 1231 969 1274 congruit
986 1228 1062 1269 hic,
1089 1232 1183 1276 quod
1203 1230 1298 1265 Deus

308 1283 413 1321 dicit,
449 1282 600 1326 seipsum
633 1281 745 1326 pretio
776 1279 842 1314 hoc
865 1281 1083 1315 aestimatum
1106 1294 1197 1322 esse,
1232 1280 1298 1316 hoc

307 1333 490 1367 manifeste
516 1340 549 1366 et
571 1332 667 1366 iuxta
694 1333 832 1366 literam
858 1331 895 1364 in
916 1330 1059 1365 Christo
1084 1333 1297 1376 completum

308 1392 379 1426 est,
405 1384 466 1428 qni
482 1383 576 1416 Deus
595 1388 656 1417 est.

412 1434 517 1476 Quod
555 1433 660 1466 etiam
691 1433 778 1466 dicit
809 1444 882 1465 esse
913 1433 1132 1466 aestimatum
1166 1444 1184 1466 a
1217 1433 1298 1466 filiis

308 1484 438 1527 lsrael,
472 1483 615 1517 deducit
648 1495 713 1516 nos
744 1484 785 1516 ad
817 1481 1000 1516 historiam
1030 1481 1174 1525 loseph,
1209 1495 1298 1528 quae

308 1536 412 1569 etiam
434 1542 482 1568 est
502 1541 605 1579 typus
626 1534 841 1567 venditionis
858 1533 1011 1573 Christi,
1039 1534 1129 1567 sicut
1149 1541 1219 1567 tota
1236 1535 1298 1567 illa

307 1585 515 1619 deliberatio
538 1585 580 1617 de
600 1584 843 1617 interficiendo
865 1581 989 1628 loseph
1008 1584 1074 1617 suit
1093 1584 1200 1627 figura
1219 1596 1295 1629 pas-

308 1636 417 1669 sionis
434 1633 580 1668 Christi.

411 1685 505 1719 llaec
521 1687 563 1718 de
579 1685 903 1718 accommodatione
920 1685 1004 1718 dicti
1017 1682 1208 1718 Zachariae
1224 1686 1298 1718 sns-

306 1738 437 1777 ficiam,
468 1744 501 1770 et
519 1736 601 1769 talia
616 1736 707 1769 dicta
723 1736 874 1778 legentes
887 1736 1165 1776 consideremus,
1192 1748 1297 1781 qnam

306 1787 477 1832 profundi
510 1787 625 1828 lapsus
654 1787 690 1819 in
724 1783 868 1819 homine
901 1794 1113 1831 sequantur,
1155 1788 1297 1831 quando

306 1852 379 1872 non
402 1837 600 1872 custoditur
623 1850 641 1869 a
662 1837 758 1877 Deo,
787 1844 820 1870 et
843 1838 984 1881 quando
1001 1836 1174 1870 Diabolus
1194 1850 1298 1871 occu-

306 1889 404 1933 pavit
436 1889 556 1921 corda.
629 1887 794 1928 Triginta
827 1887 981 1930 argentei
1014 1888 1146 1920 faciunt
1180 1895 1297 1922 nostra

305 1946 447 1973 moneta
467 1938 670 1982 quindecim
693 1935 857 1971 thaleros.

410 1989 478 2023 Sed
505 1989 608 2021 etiam
634 1988 659 2020 si
686 1988 752 2021 fuit
775 1988 948 2031 ampliuS,
975 1995 1089 2021 tamen
1115 1985 1298 2022 horribilis

306 2047 340 2074 et
358 2039 553 2073 diabolicus
572 2039 672 2071 furor
689 2045 750 2079 est,
782 2051 842 2081 pro
860 2046 1132 2083 quantacunque
1151 2042 1297 2083 pecunia

306 2090 488 2125 Christum
513 2090 684 2130 vendere,
711 2090 864 2131 agnitam
884 2090 1062 2123 veritatem
1080 2102 1298 2134 oppugnare,

309 2141 504 2175 interficere
531 2141 688 2173 membra
722 2137 876 2183 Christi,
919 2141 1007 2173 sin-ut
1042 2138 1107 2173 hoc
1140 2149 1298 2185 tempore

308 2193 410 2226 multi
436 2191 587 2231 faciunt,
615 2191 674 2236 qui
699 2191 851 2234 agnitam
878 2191 1059 2224 veritatem
1081 2201 1298 2236 oppugnant,

308 2252 343 2277 et
361 2242 575 2275 interficiunt
595 2241 754 2277 Sanctus.

412 2291 580 2325 Ostendit
613 2300 728 2326 autem
754 2292 865 2325 exitus
892 2290 996 2324 ludar
1024 2305 1172 2335 poenas,
1210 2308 1299 2339 quae

310 2344 515 2387 impendent
532 2343 660 2376 talibus
680 2343 920 2387 proditoribus
937 2350 969 2376 et
987 2346 1280 2387 persecutoribus.

667 2435 831 2458 secunda
856 2440 944 2464 pars.

532 2481 635 2518 Tune
658 2497 692 2518 es
718 2483 803 2518 Ru·
831 2483 1082 2519 Iudaeorum?

414 2541 614 2578 Matthaeus
638 2546 790 2578 breviter
817 2543 904 2579 hanc
930 2555 1064 2590 partem
1091 2547 1230 2587 recitat,
1266 2548 1300 2581 in

311 2593 468 2627 iohanne
486 2602 518 2627 et
542 2593 633 2627 Luca
660 2604 741 2629 sunt
757 2599 929 2641 quaedam
947 2599 1104 2632 membra
1118 2626 1125 2638 ,
1153 2610 1241 2642 qnae
1258 2600 1300 2632 ad

311 2642 399 2678 huuc
418 2645 671 2679 confessionem
691 2648 879 2691 pertinent.

913 79 1039 116 PfflL.
1067 77 1181 116 MEL.
1210 78 1420 116 SCRIPTA
1446 77 1744 118 ExEGETICA.·

2247 83 2345 120 1020

1453 167 1568 202 Antea
1586 165 1750 202 Christus
1767 165 1878 202 edidit
1893 177 1991 201 suam
2015 166 2269 202 confessionem
2285 181 2346 203 co-

1352 229 1427 251 ram
1445 216 1636 259 pontifice,
1671 219 1764 264 quod
1797 218 1842 252 sit
1867 216 2032 259 Messias,
2066 219 2162 264 qnod
2185 219 2228 253 sit
2250 219 2345 254 filius

1352 267 1438 310 Dei,
1474 270 1569 313 quod
1595 276 1686 303 recte
1710 269 1881 304 docuerit.
1941 267 1994 301 De
2017 265 2072 302 his
2095 269 2252 303 articulis
2278 270 2345 305 suit

1353 326 1554 360 accusatus,
1581 325 1615 352 et
1629 331 1790 364 expresse
1807 321 1850 353 de
1870 318 1919 351 eis
1934 316 2098 352 Christus
2115 321 2312 364 respondit.

1456 368 1529 403 lam
1553 369 1621 402 alia
1647 370 1820 405 accusatio
1844 370 1937 414 apud
1955 368 2109 403 Pilatum
2133 370 2344 406 instituitur.

1352 418 1421 454 Hic
1438 419 1543 453 iudex
1561 431 1634 453 non
1652 420 1803 454 multum
1822 427 1930 460 curat,
1957 420 2041 465 quid
2062 419 2159 453 lesus
2177 421 2346 463 docuerit,

1343 477 1388 514 ¹et
1412 477 1453 504 ut
1475 471 1530 503 vir
1556 468 1735 512 ethnicus,
1775 471 1868 505 ridet
1891 471 1971 511 illa,
2006 482 2093 516 quae
2116 471 2280 507 dicebant
2301 473 2346 505 de

1353 520 1425 554 filio
1441 519 1526 559 Dei,
1561 529 1594 556 et
1617 521 1707 554 ridet
1731 521 1986 565 disputationes
2008 522 2052 554 de
2077 521 2256 562 doctrina,
2283 523 2344 556 sed

1353 579 1451 606 curat
1469 572 1610 615 negotia
1629 571 1811 615 regiminis
1825 599 1834 612 ‚
1861 583 1904 604 ne
1921 578 2103 605 moveatur
2118 571 2244 606 seditio
2260 585 2345 606 con·
2382 590 2388 598 ,

1353 629 1406 656 tra
1424 621 1626 663 Romanos,
1654 629 1687 656 et
1708 634 1752 656 ne
1780 622 1909 668 aliquis
1931 621 1989 655 fiat
2009 633 2088 664 rex,
2118 629 2154 656 et
2176 623 2345 667 adiungat

1351 673 1419 706 sibi
1439 673 1715 709 multitudinem.

1454 721 1630 758 Adserunt
1658 724 1764 768 igitur
1787 722 1940 767 primum
1967 718 2053 755 haec
2076 722 2242 757 crimina:
2270 725 2341 758 Ac-

1353 781 1475 809 cusant
1508 773 1722 815 Dominum,
1759 775 1854 819 quod
1879 772 2008 807 dixerit
2047 783 2082 806 se
2112 785 2227 817 regem
2261 786 2346 817 esse,

1353 825 1437 858 item
1482 826 1576 870 quod
1627 822 1848 870 prohibuerit
1887 822 2029 858 Caesari
2071 824 2147 857 dari
2190 836 2346 862 censum.

1354 875 1441 909 Item
1453 903 1461 916 ‚
1489 876 1583 921 quod
1603 875 1752 910 moverit
1770 875 1940 919 populum
1965 886 2027 919 per
2042 881 2149 908 totam
2166 875 2345 918 Iudaeam,

1351 938 1369 960 a
1389 926 1550 961 Galilaea
1567 938 1678 971 usque
1693 927 1735 960 ad
1755 925 2016 971 lerosolymam.

1454 976 1549 1011 Haec
1564 984 1647 1011 sunt
1664 988 1786 1020 magna
1803 976 1970 1015 crimina,
1997 982 2031 1009 et
2046 987 2148 1020 saepe
2164 973 2249 1010 haec
2266 988 2345 1022 spe-

1352 1028 1422 1061 cies
1439 1035 1642 1072 praegravat
1667 1029 1848 1065 doctores,
1875 1026 2028 1060 dicimur
2051 1027 2228 1069 seditiosi,
2261 1029 2343 1073 quia

1352 1090 1426 1112 non
1442 1080 1724 1122 obtemperamus
1740 1077 1946 1122 Imperatori
1965 1077 2207 1122 praecipienti,
2232 1085 2270 1112 ut
2285 1091 2345 1113 re·

1351 1130 1524 1174 cipiamus
1540 1129 1684 1173 impiam
1702 1120 1922 1166 doctrinar·

1454 1179 1500 1214 Et
1534 1180 1722 1223 diligenter
1751 1178 2048 1213 considerandum
2081 1185 2150 1219 est,
2184 1177 2264 1213 Non
2289 1191 2344 1213 re-

1351 1232 1501 1274 spondet
1528 1228 1690 1265 Christus
1714 1231 1758 1264 ad
1782 1229 1901 1263 omnia
1934 1229 2137 1268 mendacia,
2171 1231 2231 1264 sed
2256 1242 2346 1276 quae

1352 1293 1496 1326 prorsus
1512 1282 1692 1316 manifesta
1712 1287 1830 1322 erant,
1857 1280 2037 1324 relinquit.

1453 1331 1662 1375 Respondet
1684 1338 1800 1365 autem
1825 1332 1869 1364 ad
1892 1331 2133 1375 quaestionem
2157 1331 2200 1364 de
2224 1342 2346 1375 regno,

1351 1382 1504 1415 affirmat
1519 1393 1555 1414 se
1572 1394 1644 1415 esse
1662 1394 1788 1425 regem,
1813 1388 1847 1415 et
1864 1380 2031 1414 discernit
2048 1385 2193 1424 regnum
2208 1382 2346 1423 mundi,

1352 1433 1389 1464 in
1415 1445 1485 1477 quo
1512 1433 1685 1466 serviebat
1699 1431 1851 1473 Pilatus,
1877 1444 1896 1465 a
1922 1442 2029 1474 regno
2053 1431 2219 1476 proprio,
2244 1431 2344 1466 cuius

1352 1495 1410 1516 rex
1428 1483 1501 1527 ipse
1517 1483 1608 1516 filius
1626 1482 1704 1517 Dei.

1453 1533 1512 1567 Sic
1528 1531 1681 1566 Ecclesia
1706 1533 1809 1566 debet
1834 1531 2016 1575 perspicue
2039 1543 2190 1575 purgare
2209 1533 2344 1566 crimen

1351 1583 1550 1623 seditionis,
1577 1585 1681 1617 debet
1700 1584 1828 1622 dicere,
1855 1593 1889 1614 se
1907 1582 1994 1615 velle
2012 1589 2185 1629 praestare
2200 1595 2344 1617 omnem

1352 1634 1543 1677 legitimam
1563 1635 1801 1668 obedientiam
1831 1633 1865 1665 in
1885 1633 2038 1676 negociis
2055 1633 2219 1677 politicis.
2273 1633 2344 1669 Sed

1352 1685 1394 1717 de
1413 1685 1574 1718 doctrina
1593 1685 1682 1718 velle
1698 1696 1732 1719 se
1750 1683 1894 1718 obedire
1911 1683 1984 1716 Deo
1997 1710 2006 1723 ,
2031 1684 2122 1718 sicut
2140 1685 2344 1720 mandatum

1352 1742 1420 1768 est:
1463 1733 1616 1780 Oportet
1638 1734 1714 1769 Deo
1745 1735 1853 1778 magis
1885 1734 2065 1781 obedire‚J
2092 1747 2198 1781 quam
2227 1733 2345 1770 homi-

1353 1786 1471 1819 nibus.

1454 1834 1499 1869 Et
1519 1834 1575 1870 hic
1592 1848 1714 1870 omnes
1733 1836 1779 1880 pii
1799 1836 2022 1869 considerent
2037 1836 2226 1870 discrimen
2244 1837 2344 1882 regni

1352 1886 1485 1931 politici
1515 1895 1547 1921 et
1574 1889 1670 1930 regni
1694 1887 1845 1925 aeterni,
1880 1887 1917 1920 in
1941 1898 2011 1932 quo
2035 1887 2128 1921 filius
2155 1886 2221 1921 Dei
2243 1896 2344 1923 vocat

1352 1949 1416 1970 nos
1436 1950 1496 1981 per
1515 1936 1747 1982 Evangelium
1766 1939 1807 1970 ad
1832 1945 1972 1971 aeterna
1998 1938 2108 1979 bona,
2134 1939 2194 1973 dat
2218 1940 2344 1974 remis-

1351 1989 1485 2021 sionem
1503 1996 1722 2033 peccatorum
1744 1995 1775 2021 et
1793 1988 1898 2021 vitam
1916 1996 2104 2024 aeternam.

1455 2038 1524 2072 Nec
1548 2040 1725 2073 miscenda
1759 2046 1841 2072 sunt
1866 2037 1948 2072 haec
1975 2051 2099 2083 regna,
2138 2039 2227 2074 sicut
2249 2039 2343 2086 Papa

1353 2095 1532 2134 praetextu
1550 2090 1756 2131 ministerii,
1783 2090 1858 2124 vult
1882 2101 1954 2123 esse
1972 2101 2030 2123 rex
2049 2091 2174 2124 mundi
2187 2118 2196 2132 ,
2222 2098 2256 2125 et
2271 2090 2343 2127 Re-

1351 2152 1434 2183 gum
1458 2139 1652 2181 Dominus,
1694 2141 1781 2174 sicut
1814 2141 1849 2173 iu
1875 2141 1950 2174 iure
1975 2141 2145 2175 canonico
2175 2143 2342 2187 scriptum

1352 2188 1401 2224 est
1414 2219 1421 2231 ,
1449 2198 1483 2225 et
1499 2193 1586 2226 sicut
1605 2191 1696 2236 Papa
1722 2193 1948 2235 impet-..tores
1966 2193 2097 2226 amovit
2115 2193 2158 2226 ab
2183 2193 2344 2238 imperio,

1352 2251 1383 2276 et
1420 2243 1664 2286 imperatorem
1697 2242 1914 2276 Fridericum
1947 2242 2189 2277 Barbarosssm
2230 2245 2343 2289 ro'e'git

1353 2301 1434 2327 ante
1451 2305 1486 2326 sc
1504 2294 1612 2327 iacere
1625 2319 1633 2332 ,
1654 2301 1686 2327 et
1703 2295 1809 2339 pedes
1829 2293 1996 2338 imposuit
2015 2294 2106 2327 collo
2123 2295 2207 2330 eius.
2238 2294 2341 2329 lstam

1353 2345 1563 2377 diabolicam
1580 2345 1781 2389 snperbiam
1798 2345 1916 2377 videre
1934 2352 1966 2378 et
1983 2345 2103 2378 andire
2123 2345 2158 2378 in
2176 2344 2344 2388 Ecclesia,

1355 2393 1571 2429 horrendum
1590 2403 1650 2429 est.

1458 2446 1559 2480 Nunc
1583 2458 1722 2491 quoque
1746 2446 1815 2479 alio
1846 2447 1951 2479 modo
1975 2446 2166 2481 miscentur
2191 2455 2342 2492 potesta-

1354 2504 1423 2537 tes,
1452 2496 1644 2541 lmperator
1661 2505 1692 2530 ct
1711 2496 1892 2540 Principes
1912 2498 2035 2530 volunt
2057 2510 2183 2530 novam
2208 2499 2340 2533 doctri-

1355 2561 1435 2580 nam
1455 2546 1619 2581 Ecclesiis
1644 2560 1859 2591 proponere,
1888 2548 2045 2582 fecerunt
2067 2547 2208 2582 interim
2228 2557 2259 2583 et
2279 2563 2341 2584 νο-

1355 2599 1430 2632 lunt
1451 2599 1576 2643 impios
1595 2599 1720 2637 cultus,
1746 2598 1902 2635 Missam.
1926 2599 2180 2632 invocationem
2194 2600 2341 2635 Sancto-

1325 2649 1330 2686 l
1355 2662 1444 2687 rum,
1473 2657 1506 2683 et
1522 2650 1588 2683 alia
1608 2649 1827 2684 idololatrica
1847 2650 1882 2682 iu
1902 2648 2055 2684 Ecclesia
2072 2651 2245 2691 stabilire,
2275 2652 2339 2697 ipsi
