2409 2915
105 117 180 156 605
346 118 427 154 XII.

513 201 679 233 Responsio.

480 110 875 154 ANNOTATIONES
901 114 968 154 ΕΤ
996 111 1280 153 CONCIONES
1309 113 1360 150 IN
1385 108 1570 154 EVANG.
1597 114 1896 154 MATTHAEL'

2053 120 2129 156 606

1144 200 1294 234 debeant
1312 212 1452 234 manere
1469 202 1563 246 apud
1588 210 1805 247 aegrotantes
1817 229 1826 246 ,
1853 210 1886 238 et
1903 215 2125 251 nequaquam

205 260 286 295 Non
314 261 395 295 volo
421 261 465 294 de
491 259 658 294 omnibus
686 260 952 305 quaestionibus
984 259 1090 296 huius
1143 251 1188 285 ab
1205 262 1254 284 ‘³¹⁵
1270 252 1459 285 d¹Sced⁰r¹²·

103 313 269 346 materiae
286 312 323 345 in
340 311 508 345 concione
524 310 639 355 loqui,
664 311 723 344 sed
742 312 904 358 relinquo
924 310 1008 346 haec
1028 325 1089 347 ne—

104 363 202 407 gocia
235 361 461 397 Consistoriis
495 372 560 405 pro
596 372 720 404 magna
754 369 865 406 parte.
931 363 1087 397 Tantum

103 426 213 458 pauca
229 414 359 453 dicam,
386 411 486 445 utilia
504 412 678 455 praesenti
695 413 839 456 populo.

204 473 255 506 Ac
272 471 423 515 primum
440 467 508 503 hoc
522 469 618 511 dico,
645 472 788 515 quando
804 472 921 518 aliqua
939 485 1087 517 persona

102 530 228 557 natura
253 533 326 554 non
350 527 399 554 est
421 520 549 554 idonea
572 521 614 554 ad
639 522 864 566 coniugium,
897 529 953 565 ut,
981 524 1012 567 so
1038 525 1087 560 cin

102 574 190 610 §man
212 573 298 617 gant}
314 571 397 607 Petne
414 569 566 616 manticae
584 570 679 615 ttafft
704 583 743 617 51¹
761 574 846 609 einer
862 573 1000 617 &tamen
1017 575 1085 619 bat,

102 624 180 659 talis
196 622 398 656 coniunctio
415 634 489 656 non
508 629 557 656 est
573 623 789 666 coniugium.
839 623 887 659 Et
902 625 1007 660 iudex
1022 627 1086 661 scit

101 686 136 708 se
148 674 275 707 debere
299 673 553 717 pronunciare,
580 674 675 718 quod
701 686 774 708 non
803 675 846 710 sit
870 677 1085 720 coniugium,

99 732 133 759 et
156 724 259 757 debet
288 729 494 768 potestatem
524 725 715 758 concedere
742 737 910 769 personae
941 728 1085 770 valenti,

97 782 138 809 ut
152 775 247 808 aliud
263 774 466 817 coniugium
484 772 680 809 contrahat.
732 773 778 810 Et
799 777 841 810 de
860 774 923 811 hac
938 779 1083 812 materia

98 825 180 860 satis
207 825 251 859 sit
278 825 346 858 iam
375 825 528 869 dictum,
567 832 700 859 caetera
727 829 935 861 commendo
959 828 1083 863 Consi-

96 876 224 910 storiis.
948 874 951 877 '

202 933 271 968 Sed
297 933 326 966 si
353 940 434 967 sunt
458 933 518 967 alii
541 934 675 975 morbi,
717 941 756 969 ut
779 935 893 980 lepra,
923 937 1082 970 'morbus

96 984 261 1027 gallicus,
301 984 356 1017 vel
379 984 441 1018 alii
462 985 594 1018 similes
623 985 759 1026 morbi,
801 986 838 1018 in
863 987 939 1020 viro
963 988 1018 1020 vel
1043 987 1080 1020 in

96 1034 263 1075 muliere,
290 1032 348 1068 hic
371 1035 469 1074 dico,
497 1037 591 1080 quod
616 1036 701 1069 tales
724 1036 838 1070 morbi
856 1049 1079 1083 nequaquam

94 1092 258 1129 separent
272 1085 437 1129 coniuges
463 1092 495 1119 et
520 1087 616 1131 quod
641 1097 863 1132 nequaquam
889 1088 960 1122 sint
983 1089 1078 1121 suffi-

95 1135 224 1170 cientes
243 1148 364 1170 causae
381 1136 537 1170 divortii.

194 1193 295 1228 Dicet
313 1194 457 1239 aliquis:
485 1193 563 1227 Hoc
578 1205 682 1238 grave
699 1201 765 1236 est,
792 1197 885 1241 quod
902 1207 1007 1240 cogor
1023 1209 1078 1230 re-

93 1244 206 1278 tinere
221 1251 400 1288 aegrotum
417 1245 611 1288 coniugem.
665 1244 878 1290 Quanquam
896 1254 946 1281 est
963 1259 1078 1291 grave,

92 1302 211 1329 tamen
226 1295 455 1329 iustissimum
474 1301 536 1331 est.
588 1294 629 1328 Id
648 1295 697 1328 sic
712 1296 836 1340 probe.

193 1353 339 1388 Summa
354 1353 511 1387 amicicia
529 1359 579 1387 est
595 1353 685 1387 bene
700 1354 813 1388 facere
831 1353 944 1389 amico
959 1355 998 1389 in
1015 1368 1077 1390 ne-

90 1404 247 1438 cessitate
263 1410 298 1438 ct
314 1403 352 1436 in
368 1403 518 1439 miseria.

192 1462 289 1497 Inter
305 1461 475 1496 Maritum
493 1469 525 1497 et
542 1461 695 1497 Uxorem
720 1469 770 1497 est
795 1475 931 1498 summa
952 1465 1076 1499 amici-

90 1515 141 1548 tia
166 1513 355 1558 tantisper,
396 1515 509 1547 donec
531 1525 605 1548 non
627 1514 848 1548 divelluntur
877 1526 939 1559 per
964 1517 1076 1550 scelus

89 1566 245 1610 aliquod.
285 1563 476 1608 'l'antisper
491 1565 584 1598 enim
602 1565 646 1598 de
661 1565 710 1598 eis
728 1577 849 1599 verum
865 1572 930 1599 est:
959 1564 1076 1601 Erunt

90 1617 160 1649 duo
178 1616 215 1648 in
234 1627 374 1648 carnem
391 1627 511 1648 unam.

190 1663 286 1709 Ergo
308 1671 450 1709 propter
472 1665 635 1698 morbum
662 1665 763 1699 nullo
781 1666 886 1699 modo
903 1667 1074 1701 dissolva-

88 1723 146 1750 tur
161 1715 384 1759 coniugium,
412 1716 471 1748 sed
490 1716 528 1748 in
552 1716 676 1749 morbo
700 1717 906 1751 ostendatur
924 1718 1074 1752 fidelitas

88 1779 166 1811 erga
183 1773 358 1809 aegrotam
377 1777 575 1808 personam.

189 1816 329 1859 Quanta
356 1814 441 1849 haec
465 1816 592 1849 iniuria
613 1822 716 1856 esset,
743 1817 771 1850 si
790 1814 937 1851 haberes
961 1815 1073 1852 hone-

86 1875 174 1902 stam
192 1867 395 1910 coniugem,
419 1872 453 1900 et
474 1878 514 1899 ex
536 1878 574 1899 ea
596 1865 687 1899 filios
703 1872 735 1900 et
751 1867 859 1908 filias,
886 1874 919 1902 et
936 1868 996 1902 illa
1015 1869 1073 1902 in-

87 1919 426 1963 ciperetaegrotare,
454 1917 481 1949 si
501 1923 584 1950 tunc
602 1917 707 1949 velles
726 1928 801 1950 eam
818 1919 979 1952 abiicere.

187 1968 245 2002 Sic
271 1968 352 2001 estis
376 1967 547 2011 copulati,
591 1973 631 2001 ut
656 1967 743 2001 laeta
770 1974 802 2002 et
827 1969 939 2003 tristia
964 1969 1070 2003 simul

85 2019 260 2059 toleretis,
288 2025 318 2052 et
338 2018 426 2052 alter
443 2017 542 2052 alteri
561 2017 728 2051 auxilium
744 2019 842 2055 ferat.
894 2019 993 2054 Sicut
1008 2031 1069 2064 pa-

86 2076 202 2103 rentes
229 2080 301 2103 non
330 2069 460 2103 debent
486 2068 636 2102 abiicere
663 2068 753 2102 filios
779 2076 814 2104 et
840 2070 947 2111 filias,
989 2083 1068 2104 cum

86 2126 283 2163 aegrotant,
309 2119 358 2152 sic
374 2119 520 2153 maritus
535 2131 680 2152 uxorem
703 2131 777 2153 non
799 2121 902 2156 debet
917 2121 1069 2155 abiicere

84 2176 341 2213 aegrotantem,
366 2180 429 2202 nec
450 2169 578 2202 mulier
601 2169 778 2203 discedere
803 2182 823 2204 a
848 2172 925 2204 viro
946 2183 1068 2214 aegro-

85 2228 192 2256 tante.
245 2219 341 2254 Deus
368 2219 444 2253 ideo
468 2219 619 2254 instituit
642 2220 841 2254 societatem
867 2222 1069 2264 coniugum,

84 2273 166 2306 item
192 2277 376 2315 parentum
403 2277 435 2304 et
460 2269 611 2303 filiorum
634 2276 665 2303 et
682 2270 854 2312 filiarum,
882 2279 920 2306 ut
937 2272 1068 2305 infirmi

84 2330 117 2357 et
137 2322 266 2366 aegroti
284 2319 436 2355 habeant
453 2320 640 2361 auxilium,
667 2321 756 2355 sicut
777 2329 888 2356 mater
910 2323 1067 2357 infantu-

84 2374 156 2408 lum
174 2380 291 2414 curat,
318 2384 391 2406 non
409 2371 537 2405 abiicit.

185 2423 280 2458 Haec
303 2423 386 2457 satis
409 2422 454 2457 sit
479 2423 582 2457 etiam
607 2423 651 2455 de
674 2419 739 2456 hoc
761 2434 841 2456 casu
858 2422 1007 2463 dixisse,
1034 2429 1067 2457 et

84 2475 274 2509 necessaria
301 2481 350 2508 est
377 2471 461 2507 haec
487 2473 682 2507 admonitio
712 2485 774 2516 pro
803 2474 940 2513 multis,
983 2473 1064 2519 quia

84 2526 184 2560 multi
202 2526 292 2559 fiunt
310 2524 548 2568 impatientes,
584 2531 617 2558 et
634 2524 742 2569 aliqui
761 2525 925 2559 deserunt
941 2535 1065 2567 aegro-

85 2581 192 2610 tantes
207 2576 383 2619 coniuges.
437 2575 543 2608 Tales
566 2575 785 2619 impatientes
808 2576 918 2609 sciant
937 2576 1064 2609 volun—

87 2631 188 2658 tatem
206 2626 270 2660 Dei
295 2637 387 2666 esse,
414 2627 508 2671 quod
533 2626 681 2659 debeant
706 2633 822 2670 petere
850 2626 1063 2660 consolatio-

1311 331 1377 368 IV.
1431 334 1489 367 De
1520 337 1651 378 poenis
1686 336 1952 373 adulterorum.

1242 398 1367 434 Restat
1389 400 1513 434 ultima
1537 412 1617 445 pars
1639 402 1682 435 de
1704 404 1845 447 poenis,
1874 407 1916 439 de
1935 417 2003 450 qua
2023 407 2125 440 ctiam

1140 450 1297 485 breviter
1313 451 1438 485 dicam.

1243 500 1283 534 In
1310 499 1467 535 Ecclesia
1492 509 1542 537 est
1569 509 1704 538 tantum
1726 515 1797 538 una
1820 516 1952 549 poena,
1996 506 2123 542 scilicet

1138 549 1484 594 Excommunicatio,
1520 555 1686 588 adversus
1710 556 1828 590 omnia
1851 557 1997 598 delicta,
2037 570 2125 603 quae

1137 611 1220 638 sunt
1239 604 1443 645 manifesta,
1470 605 1526 637 vel
1543 605 1579 638 in
1599 605 1738 639 iudiciis
1754 614 1903 642 ostensa.
1956 605 2033 642 Etsi
2059 620 2124 642 au-

1138 660 1207 687 tem
1245 651 1330 688 haec
1363 666 1476 698 poena
1508 656 1610 689 valde
1638 668 1762 700 magna
1788 664 1855 698 est,
1895 658 2026 693 scilicet
2053 670 2125 692 esse

1137 705 1284 739 eiectum
1304 717 1344 738 ex
1359 703 1515 739 Ecclesia
1534 704 1619 744 Dei,
1644 716 1677 740 et
1694 719 1766 740 non
1791 706 1920 742 habere
1945 710 2122 742 remissio—

1137 767 1217 788 nem
1236 762 1473 799 peccatorum,
1499 756 1589 790 sicut
1605 757 1737 791 dictum
1761 765 1828 792 est:
1858 758 2020 801 Quorum
2039 761 2123 793 reti--

1136 806 1284 840 nueritis
1309 813 1467 851 peccata,
1495 807 1693 840 retinentur
1716 808 1784 847 eis,
1819 815 1935 842 tamen
1960 807 2122 843 homines

1107 875 1110 888 .
1136 856 1235 900 impii
1254 869 1326 889 non
1342 864 1466 891 curant
1483 855 1573 891 hanc
1591 869 1752 901 poenam.

1236 906 1306 941 Sed
1325 909 1529 942 mandatum
1545 909 1614 942 Dei
1637 915 1705 950 est,
1731 917 1770 944 ut
1787 908 2031 953 Magistratus,
2060 912 2120 955 qui

1134 957 1222 1000 gerit
1240 958 1407 1000 gladium,
1435 970 1551 992 severe
1568 959 1692 1003 puniat
1708 961 1885 994 adulteros
1902 961 2024 1004 poenis
2043 973 2120 994 cor-

1133 1008 1326 1051 poralibus,
1349 1009 1438 1043 sicut
1456 1010 1492 1042 in
1506 1009 1580 1053 lege
1589 1008 1656 1043 Dei
1672 1011 1838 1055 scriptum
1853 1017 1915 1054 est,
1932 1009 2119 1047 Dennzz:

1132 1058 1171 1092 Si
1188 1059 1373 1093 dormierit
1389 1060 1443 1093 vir
1458 1072 1536 1093 cum
1553 1072 1662 1093 uxore
1687 1061 1849 1102 alterins,
1875 1069 2022 1107 uterque
2039 1075 2117 1095 mo-

1132 1109 1264 1150 rietur,
1295 1110 1433 1144 adulter
1451 1117 1483 1144 et
1500 1111 1678 1152 adultera,
1705 1119 1737 1146 et
1761 1113 1896 1146 auferes
1921 1113 2052 1146 malum
2076 1114 2119 1146 de

1133 1158 1253 1193 Israel.

1233 1207 1281 1243 Et
1295 1210 1364 1243 alia
1388 1211 1501 1245 multa
1524 1212 1656 1246 ibidem
1682 1212 1725 1245 de
1748 1212 1872 1256 poenis
1894 1214 2060 1248 adulterii
2085 1221 2118 1248 et

1130 1260 1353 1294 scortationis
1374 1261 1552 1297 dicuntur.
1619 1260 1667 1296 Et
1692 1263 1772 1307 quia
1796 1263 2019 1306 magistratus
2043 1277 2118 1298 non

1130 1310 1246 1354 punit,
1263 1308 1362 1345 Deus
1377 1318 1497 1356 postea
1514 1313 1620 1360 punit
1633 1319 1816 1358 utrosque,
1840 1314 1988 1358 scilicet,
2013 1315 2118 1348 adul-

1129 1367 1223 1394 teros
1253 1367 1287 1395 et
1317 1362 1551 1405 magistratus.
1618 1363 1694 1397 Imo
1726 1363 1829 1407 punit
1857 1371 2002 1412 propter
2025 1363 2117 1398 hanc

1129 1411 1377 1455 negligentiam
1394 1420 1482 1448 totas
1505 1420 1642 1459 gentes,
1671 1414 1759 1448 sicut
1782 1414 1820 1447 in
1845 1416 2004 1460 exemplo
2019 1414 2116 1449 Ben-

1129 1462 1237 1495 iamin
1254 1471 1409 1507 apparet.

1229 1512 1375 1547 Nobiles
1400 1515 1638 1549 adolescentes
1668 1523 1946 1560 compresserant
1970 1516 2115 1550 Levitae

1128 1563 1331 1607 coniugem,
1359 1571 1392 1598 et
1409 1577 1483 1598 eam
1499 1565 1756 1607 interfecerant,
1779 1567 1928 1600 maritus
1947 1567 2113 1601 dissecuit

1126 1615 1294 1655 cadaver,
1328 1621 1361 1648 et
1383 1615 1479 1649 misit
1502 1623 1615 1659 partes
1637 1618 1680 1650 ad
1706 1628 1828 1650 omnes
1852 1617 1966 1651 tribus
1989 1616 2112 1657 lsrael,

1126 1671 1159 1699 et
1175 1671 1318 1710 questus
1335 1671 1385 1699 est
1400 1666 1443 1698 de
1459 1663 1526 1699 hoc
1543 1667 1686 1700 scelere.

1229 1713 1338 1748 Israe‘l
1354 1715 1438 1749 sitae
1455 1724 1710 1758 convenerunt,
1730 1724 1763 1751 et
1778 1717 1955 1751 iusserunt
1971 1724 2008 1751 ut
2025 1729 2110 1751 son-

1125 1771 1175 1798 tes
1191 1764 1417 1799 mitterentur
1432 1766 1531 1810 ipsis,
1557 1773 1597 1801 ut
1613 1767 1701 1801 iusta
1717 1779 1828 1811 poena
1846 1779 1905 1801 eos
1919 1768 2110 1809 afficerent,

1124 1815 1183 1849 sed
1200 1815 1283 1860 quia
1301 1823 1400 1850 erant
1416 1813 1602 1850 hominum
1621 1818 1797 1850 nobilium
1814 1818 1895 1857 filii,
1923 1830 2028 1852 nemo
2046 1832 2109 1852 vo-

1124 1866 1191 1899 luit
1206 1877 1264 1899 eos
1282 1867 1409 1900 dedere
1425 1869 1467 1899 ad
1485 1879 1646 1910 poenam.
1701 1867 1784 1901 Ideo
1805 1875 1922 1912 postea
1950 1876 2108 1903 secutum

1123 1922 1173 1949 est
1186 1928 1352 1959 magnum
1369 1917 1523 1958 bellum,
1549 1924 1582 1951 et
1606 1918 1677 1951 fere
1700 1925 1770 1952 tota
1789 1919 1902 1952 tribus
1918 1918 2108 1953 Beniamin

1122 1966 1302 2001 interfecta
1329 1973 1390 2002 est.
1443 1966 1495 2000 Ita
1519 1980 1592 2001 non
1620 1969 1790 2002 debemus
1813 1969 1991 2009 dubitare,
2018 1971 2106 2015 quin

1121 2016 1217 2050 Deus
1233 2018 1357 2061 puniat
1381 2023 1414 2050 et
1440 2019 1619 2052 adulteros
1644 2026 1678 2053 et
1699 2019 1939 2063 magistratus,
1967 2027 2000 2054 et
2016 2028 2105 2055 totas

1121 2074 1251 2111 gentes,
1280 2074 1423 2111 propter
1439 2069 1704 2112 magistratuum
1720 2070 1981 2114 negligentiam.
2007 2070 2104 2105 llaec

1120 2130 1186 2152 nos
1203 2119 1467 2153 concionatores
1490 2132 1634 2153 monere
1657 2121 1840 2162 debemus,
1868 2122 1967 2165 plura
1992 2122 2105 2155 facere

1120 2180 1192 2201 non
1216 2180 1412 2212 possumus.
1480 2169 1550 2204 Sed
1576 2171 1655 2204 dico
1680 2172 1793 2205 vobis:
1829 2170 1863 2204 Ο
1882 2170 2052 2205 Consules
2072 2179 2106 2205 et

1119 2218 1364 2262 Magistratus:
1392 2219 1547 2257 tTimete
1582 2221 1668 2254 iram
1699 2221 1783 2262 Dei,
1820 2228 1852 2255 et
1885 2222 2103 2256 considerate

1119 2281 1248 2313 poenas
1265 2271 1434 2314 publicas.
1488 2271 1592 2306 Scitis
1611 2272 1677 2316 ipsi
1695 2279 1842 2305 vestram
1866 2271 1903 2306 in
1921 2273 2102 2315 puniendo

1118 2321 1384 2364 negligentiam,
1419 2321 1499 2355 ideo
1524 2323 1706 2356 emendate
1731 2334 1811 2364 vos,
1848 2329 1880 2357 et
1906 2323 1981 2357 sitis
2004 2335 2101 2357 seve—

1117 2371 1238 2407 riores.

1219 2422 1314 2456 Ilaec
1335 2423 1378 2456 de
1402 2421 1469 2456 hoc
1489 2423 1564 2456 loco
1581 2420 1773 2463 Matthaei,
1802 2424 1845 2458 de
1862 2424 2043 2458 adulteriis
2068 2432 2101 2458 et

1117 2473 1160 2507 de
1176 2473 1338 2508 divortiis
1355 2474 1445 2508 dicta
1463 2474 1646 2508 sufficiant.

1417 2561 1512 2594 Non
1544 2559 1794 2604 peierabis.

1218 2625 1388 2661 Docti-ina
1413 2628 1456 2660 de
1484 2626 1685 2660 iuramento
1711 2638 1812 2670 saepe
1836 2633 1886 2661 est
1912 2629 2098 2671 repetenda

87 2686 166 2708 nem
185 2675 311 2718 aDeo,
339 2684 372 2711 et
387 2675 462 2711 Deo
481 2676 624 2710 obedire
646 2677 681 2710 in
709 2677 769 2710 tali
794 2677 1001 2719 afflictione,
1029 2683 1063 2710 et
1116 2676 1152 2709 in
1171 2674 1346 2719 Ecclesia,
1373 2678 1455 2723 quia
1480 2689 1617 2711 necesse
1644 2684 1692 2710 est
1719 2675 1880 2711 homines
1904 2679 2099 2718 admoneri,
