2409 2915
119 106 167 142 85
555 106 599 141 X.
651 103 954 140 EXPLICATIO
982 103 1392 142 PROVERBIORUM
1420 106 1719 146 SALOMONIS.

2095 118 2141 153 86

170 189 248 239 Qui
261 190 391 237 premit
409 189 478 231 lac,
496 188 668 235 exprimit
681 188 866 235 butyrum,
885 188 937 222 Et
950 190 1102 225 nimium
1126 190 1130 212 l
1154 190 1223 223 ctio
1241 188 1326 232 Dei,
1355 199 1388 225 et
1414 193 1502 226 aliae
1521 195 1729 230 coniunctae
1748 198 1893 232 virtutes
1907 227 1914 239 ,
1942 201 2029 234 sicut
2050 201 2138 234 Pro-

221 254 416 288 emungens
434 251 557 274 narem
575 238 671 274 elicit
688 240 920 286 sanguinem.

167 291 221 326 Et
240 293 308 341 qui
323 289 480 342 effundi!
497 289 604 330 iram,
630 290 759 324 emittit
778 289 997 328 discordias.

216 359 376 394 Primum
409 357 597 401 significat,
639 358 785 401 imperia
818 359 996 392 moderata
1029 371 1101 393 esse

118 411 264 451 debere,
289 409 378 442 sicut
393 407 492 442 Plato
509 408 642 454 inquit:
672 408 828 453 Utraque
846 409 999 452 optima,
1024 422 1101 443 mo-

118 462 236 495 derata
263 459 406 493 libertas
440 466 473 493 et
506 460 688 493 moderata
711 459 877 493 servitus:
916 467 949 494 et
977 472 1100 494 rursus

116 519 262 556 utraque
287 510 456 554 pessima,
482 509 643 543 Libertas
661 510 870 548 immodica,
899 518 931 544 et
949 511 1099 545 servitus

116 561 314 595 immodica.
368 559 415 594 Et
431 561 469 593 in
486 560 645 594 versibus
665 560 808 595 Solonis
827 561 960 595 dictum
980 568 1048 596 est:

281 618 380 657 δῆμος
401 617 466 657 ἅμα
491 615 698 658 fraudi-soom
721 617 847 655 ἕποιτο,

217 668 292 708 μήτε
316 671 388 699 λίαν
411 666 553 706 ἀνεθεὶς,
574 668 651 708 μήτε
675 668 869 709 πιεζόμενος.

216 727 264 763 Et
289 730 415 763 modus
439 729 650 763 constitutus
674 736 724 763 est
749 729 787 762 in
812 728 999 772 Decalogo.
1053 727 1100 762 Et

114 778 272 825 Baptista
290 780 420 826 inquit:
448 778 570 814 Estote
588 781 745 814 contenti
760 780 945 825 stipendiis
961 779 1097 815 vestris.

112 829 216 864 Item:
244 830 428 865 Neminem
446 831 656 865 concutiatis
679 843 793 877 neque
821 830 1098 864 calumniemini.

114 881 220 915 Item:
246 882 357 915 Asino
377 893 486 921 onus,
514 882 683 926 pabulum
702 889 735 916 et
750 882 902 926 virgam,
930 882 979 915 sic
996 893 1096 914 servo

112 932 290 973 laborem,
322 933 441 967 cibum
471 940 503 968 et
532 933 813 977 castigationem,
847 931 1015 977 scriptum
1047 938 1098 966 est

113 983 150 1016 in
167 982 337 1018 Siracide.

216 1033 340 1068 Postea
373 1033 492 1067 addita
524 1040 575 1067 est
606 1035 778 1068 sententia
809 1035 852 1068 de
873 1033 1097 1078 reprimenda

111 1086 184 1126 ira,
210 1097 255 1118 ne
272 1085 431 1129 publicae
448 1085 644 1118 discordiae
661 1086 821 1119 oriantur
835 1110 844 1124 ‚
872 1096 961 1130 quae
978 1091 1096 1127 postea

113 1136 182 1170 late
207 1147 350 1180 magnas
377 1135 499 1168 ruinas
524 1134 671 1169 trahunt
696 1143 729 1170 et
754 1148 854 1179 saepe
872 1135 1038 1169 oriuntur
1055 1147 1095 1167 ex

112 1187 251 1220 levibus
276 1186 404 1225 causis,
446 1198 534 1230 quae
559 1186 677 1229 potius
703 1186 945 1220 moderatione
976 1185 1095 1231 aliqua

112 1237 297 1270 leniendae
314 1243 347 1270 et
363 1237 539 1271 sanandae
556 1242 666 1270 erant.

426 1351 563 1405 Caput
599 1352 761 1393 XXXI.

214 1443 387 1477 Postremi
405 1444 528 1487 capitis
545 1444 679 1478 additio
691 1443 848 1478 continet
868 1450 937 1477 tres
954 1450 1095 1477 senten-

114 1496 189 1536 tias,
208 1492 488 1539 prohibitionem
503 1494 706 1535 Ebrietatis,
723 1496 927 1528 mandatnm
947 1496 990 1528 de
1001 1493 1095 1529 Con-

111 1546 280 1583 sessione,
308 1546 475 1579 adversus
497 1557 573 1586 eos,
601 1546 662 1590 qui
688 1547 896 1589 opprimunt
922 1546 1094 1579 innocen-

112 1604 181 1638 tes,
208 1602 247 1630 ut
265 1608 361 1629 nunc
378 1597 414 1629 in
430 1607 551 1639 regum
568 1597 657 1629 aulis
675 1597 778 1630 multi
799 1609 877 1630 cum
895 1597 1095 1639 intelligant

114 1659 231 1680 veram
248 1647 443 1680 doctrinam
454 1674 463 1687 ‚
479 1652 595 1680 tamen
614 1658 685 1679 non
701 1648 893 1680 ostendunt
909 1647 992 1691 quid
1012 1659 1094 1690 pro-

113 1698 217 1736 bent,
270 1709 349 1730 curn
381 1697 424 1729 ad
457 1697 626 1740 supplicia
656 1697 846 1740 rapiuntur
876 1698 1093 1730 innocentes.

113 1746 182 1780 Hic
198 1747 295 1779 iubet
310 1747 545 1788 intelligentes
561 1747 770 1786 doctrinam,
797 1759 858 1779 sua
875 1747 1094 1779 confessione

112 1804 226 1840 tegere
250 1796 455 1829 innocentes
479 1808 524 1828 ne
548 1796 676 1829 iniusta
699 1797 842 1830 saevitia
866 1797 1095 1830 confirmetur

112 1846 252 1881 silentio
275 1846 331 1878 vel
355 1846 549 1879 collusione
574 1847 744 1889 ipsorum.
806 1845 905 1880 Unus
930 1845 1094 1880 Ionathas

111 1899 204 1943 apud
231 1896 372 1931 Saulem
405 1903 523 1940 aperte
546 1897 730 1931 excusabat
754 1895 936 1931 Davidem.
996 1896 1094 1940 Doe'g

112 1956 145 1983 et
159 1948 219 1982 alii
237 1948 392 1981 furorem
409 1947 500 1990 regis
519 1948 765 1981 incendebant.

112 2002 216 2034 drum
234 1996 454 2033 Calisthenes
470 2005 502 2032 et
518 1997 631 2033 Clitus
650 2006 767 2043 aperte
786 1996 1093 2043 reprehendebant

113 2052 186 2085 eius
209 2049 453 2088 insolentiam,
490 2050 615 2083 caeteri
647 2050 881 2084 assentatione
907 2050 1093 2083 confirma-

112 2103 216 2144 bant,
232 2101 314 2146 quia
332 2100 450 2144 plures
468 2108 550 2134 sunt
567 2100 667 2141 mali,
686 2108 718 2134 et
737 2113 857 2134 verum
875 2107 924 2134 est
942 2101 1091 2134 dictum:

237 2154 254 2187 ὅ
278 2159 349 2195 βίος
369 2157 507 2197 μάλιστα
532 2162 598 2194 τοῖς
624 2162 776 2198 πονηροῖς
797 2157 901 2195 ἥδεται

235 2206 365 2247 πράττει
389 2205 419 2237 δ’
444 2205 460 2237 ὁ
484 2206 581 2243 κόλαξ
603 2207 718 2247 ἄριστα
742 2206 882 2244 πάντων,

235 2258 380 2298 δεύτερος
402 2255 418 2288 ὁ
443 2257 639 2298 συκοφάντης
660 2265 715 2288 etc.

213 2317 333 2352 Tertia
361 2328 440 2361 pars
465 2329 604 2350 carmen
629 2324 679 2350 est
702 2318 744 2349 de
769 2317 958 2350 virtutibus
982 2313 1093 2348 lione-

113 2378 184 2405 stae
195 2368 488 2403 Matrisfamilias.
526 2367 571 2402 [Jt
591 2374 704 2400 autem
723 2367 871 2411 singulis
887 2365 1094 2400 hominibus

115 2422 206 2455 vitae
221 2420 340 2464 regula
357 2430 429 2452 esse
447 2419 550 2453 debet
567 2417 781 2461 Decalogus‚
814 2419 860 2451 ita
879 2419 914 2451 in
935 2415 998 2450 hac
1016 2417 1092 2450 lau-

114 2473 254 2507 datione
279 2470 543 2505 distribuantur
566 2470 713 2503 virtutes
740 2470 775 2501 in
801 2467 1032 2511 Decalogum,
1061 2474 1093 2501 et

113 2524 157 2557 ad
181 2523 333 2567 primam
366 2521 522 2555 tabulam
555 2521 706 2565 pertinet
740 2521 874 2554 dictum
906 2517 973 2552 hoc
1004 2519 1092 2554 loco.

113 2573 248 2609 Mulier
262 2573 391 2607 timens
407 2570 520 2606 Deum
531 2597 540 2612 ‚
567 2571 780 2605 laudabitur.

215 2622 347 2658 Timor
364 2630 480 2657 autem
498 2622 718 2666 intelligatur
735 2629 828 2656 totus
846 2632 948 2654 verus
966 2620 1091 2658 cultus,

115 2688 195 2710 vera
209 2675 275 2710 Dei
295 2674 446 2719 agnitio,
475 2673 614 2715 Timor,
642 2673 756 2714 Fides,
785 2672 976 2713 lnvocatio‚
1003 2671 1088 2705 dile-

814 1948 921 1992 Apud
939 1946 1093 1981 Alexan·
1117 1978 1118 1981 ,

1153 238 1278 284 phetae
1297 243 1497 286 saepissime
1509 251 1658 279 utuntur
1675 249 1820 282 nomine
1837 250 1974 284 timoris
1991 251 2053 285 Dei
2072 264 2135 300 pro

1152 297 1225 324 toto
1257 293 1372 336 cultu,
1409 293 1469 338 qui
1495 292 1571 327 Deo
1604 297 1726 338 placet.
1788 298 1832 333 Et
1859 311 1960 345 supra
1988 303 2132 336 dicitur:

1152 340 1297 375 Initium
1318 344 1510 386 sapientiae
1536 345 1641 379 timor
1661 347 1819 383 Domini.
1874 350 1977 385 Item:
2006 352 2133 386 Beatus

1152 392 1206 425 vir
1223 393 1283 437 qui
1298 394 1398 427 timet
1413 393 1621 430 Dominum.

1251 442 1388 477 Deinde
1413 445 1604 479 recitantur
1630 455 1781 482 caeterae.
1800 451 1957 485 virtutes.
2012 454 2131 487 Casti-

1150 500 1202 527 tas
1218 494 1431 538 coniugalis,
1456 507 1555 529 amor
1581 509 1661 541 erga
1686 501 1852 534 maritum
1881 503 1955 535 siue
1981 506 2131 537 morosi-

1150 550 1231 582 tate,
1259 546 1428 579 sedulitas
1448 546 1485 579 in
1503 548 1669 582 omnihus
1687 549 1867 585 laboribus
1884 555 2129 592 oeconomicis,

1150 593 1389 637 Parsimonia,
1424 596 1621 640 Frugalitas
1647 606 1678 632 et
1694 599 1933 636 Mansuetudo
1949 604 1983 636 in
2001 605 2130 647 guber-

1150 645 1292 679 natione
1315 647 1487 687 familiae,
1516 649 1698 692 diligentia
1726 652 1762 684 in
1790 653 1969 687 educanda
1997 656 2129 693 sobole,

1150 696 1338 730 domestica
1365 698 1566 738 assiduitas,
1592 700 1817 735 beneficentia
1843 715 1919 747 erga
1946 717 2126 750 pauperes.

1149 745 1284 779 Harum
1309 748 1479 782 virtutum
1498 750 1657 783 omnium
1684 752 1907 787 definitiones
1925 762 2027 789 notae
2048 757 2128 797 sint,

1149 804 1182 831 et
1199 799 1452 842 consideretur,
1479 801 1520 832 ad
1542 812 1646 845 quam
1665 800 1832 847 Decalogi
1852 813 1984 848 partem
2005 807 2127 850 singu-

1149 848 1201 881 lae
1220 850 1422 883 referendae
1442 850 1522 885 sint.

1252 899 1342 933 Tota
1366 907 1479 934 autem
1512 899 1595 935 haec
1629 904 1784 938 narratio
1819 905 2025 949 simpliciter
2052 909 2126 941 sine

1148 950 1312 993 allegoria
1345 951 1578 995 intelligatur,
1611 960 1775 999 tanquam
1803 957 1980 999 speculum
2016 957 2126 992 hone-

1148 1008 1219 1034 stae
1240 1008 1436 1043 matronae,
1463 1003 1552 1036 sicut
1577 1002 1777 1039 Simonides
1805 1007 1937 1052 inquit:
1974 1008 2125 1043 Felicem

1149 1063 1220 1084 esse
1244 1064 1341 1090 eum,
1376 1053 1435 1097 qui
1464 1054 1561 1087 ducit
1587 1066 1730 1089 uxorem
1757 1057 1906 1091 similem
1935 1061 2002 1103 api.
2058 1060 2126 1095 Sed

1148 1099 1231 1135 haec
1252 1109 1321 1136 tota
1341 1104 1499 1137 doctrina
1519 1105 1720 1140 dulcissime
1735 1107 1985 1151 comprehensa
2015 1118 2061 1144 est
2090 1113 2125 1146 in

1148 1153 1242 1186 dicto
1270 1153 1370 1187 Pauli
1404 1155 1445 1187 ad
1473 1153 1719 1190 Timotheum:
1766 1158 1970 1194 Salvabitur
2000 1163 2127 1196 mulier

1148 1216 1210 1248 per
1219 1204 1371 1237 filiorum
1385 1207 1657 1248 generationem,
1675 1209 1701 1241 si
1713 1211 1904 1245 manserint
1921 1213 1957 1244 in
1974 1213 2053 1252 fide,
2071 1214 2125 1246 di-

1149 1255 1309 1296 lectione,
1324 1257 1597 1290 sanctificatione
1613 1265 1643 1292 et
1659 1262 1899 1304 temperantia.
1936 1262 2004 1296 Ubi
2022 1265 2124 1297 etiam

1148 1306 1354 1350 praecipuae
1370 1307 1516 1341 virtutes
1535 1315 1567 1341 et
1584 1310 1694 1343 officia
1715 1312 1907 1345 vocationis
1923 1314 2125 1349 recitantur.

1147 1355 1285 1389 Diserte
1310 1357 1469 1390 nominat
1488 1357 1618 1391 Paulus
1643 1359 1785 1401 Fidem,
1819 1363 1981 1397 videlicet
2007 1377 2123 1398 veram

1147 1407 1360 1450 agnitionem
1376 1406 1461 1449 Dei,
1480 1415 1510 1442 et
1528 1409 1690 1443 fiduciam
1709 1410 1791 1444 Filii
1811 1411 1894 1454 Dei,
1918 1426 2007 1458 quae
2026 1428 2126 1459 prae·-

1147 1458 1263 1490 lucere
1295 1459 1460 1492 omnibus
1483 1459 1673 1493 virtutibus
1702 1463 1815 1497 debet.
1877 1462 1922 1499 Et
1952 1477 2028 1498 cum
2063 1464 2125 1499 liae

1147 1508 1214 1541 fide
1229 1516 1366 1553 accepta
1387 1517 1435 1543 est
1456 1510 1614 1544 remissio
1640 1520 1880 1556 peccatorum,
1909 1522 1940 1548 et
1967 1518 2126 1550 reconci—

1147 1559 1263 1600 liatio,
1291 1567 1323 1593 et
1339 1558 1535 1594 haereditas
1554 1562 1644 1595 vitae
1660 1571 1838 1605 aeternae,
1866 1565 1970 1599 simul
1995 1568 2031 1600 in
2051 1580 2128 1601 cor-

1147 1610 1250 1643 dibus
1269 1623 1358 1643 nova
1375 1611 1452 1651 lux,
1473 1612 1558 1652 vita,
1577 1619 1607 1645 ct
1627 1613 1763 1648 iusticia
1783 1627 1924 1650 accensa
1941 1624 2008 1658 est,
2032 1619 2126 1652 iuxta

1147 1661 1296 1694 dictum:
1326 1661 1639 1695 Transformamur
1656 1665 1698 1696 ad
1717 1665 1907 1707 imaginem
1927 1668 2019 1709 eius,
2048 1676 2126 1701 tan-

1146 1722 1250 1754 quam
1274 1721 1293 1742 a
1315 1710 1461 1743 Domini
1480 1709 1629 1753 Spiritu.
1682 1711 1770 1746 Cum
1796 1716 1902 1758 igitur
1927 1717 1993 1751 fide
2017 1730 2125 1762 agno-

1146 1760 1253 1793 scitur
1268 1759 1378 1801 Deus,
1395 1767 1428 1794 et
1444 1767 1580 1794 ostensa
1599 1769 1649 1795 est
1666 1763 1924 1799 miscericordia
1936 1766 2020 1809 Dei,
2044 1782 2125 1813 pro-
2168 1791 2171 1797 »

1146 1817 1222 1854 pter
1239 1809 1471 1844 Mediatorem
1497 1813 1684 1854 promissa,
1712 1815 1816 1848 simul
1843 1819 2047 1852 accenditur
2071 1821 2126 1852 ‹li-

1146 1860 1249 1893 lectio
1268 1860 1333 1894 Dei
1352 1861 1388 1894 in
1407 1862 1590 1903 cordibus,
1618 1870 1650 1896 et
1670 1876 1747 1898 vera
1766 1866 1961 1908 invocatio,
1989 1876 2026 1902 ut
2046 1883 2123 1903 cum

1145 1910 1238 1944 Solis
1256 1911 1332 1944 luce
1348 1912 1453 1945 simul
1469 1912 1564 1945 calor
1579 1915 1763 1958 spargitur.
1793 1916 2006 1952 Nominatur
2016 1919 2126 1954 Filius

1146 1960 1211 1994 Dei
1237 1960 1298 1995 Sol
1324 1962 1499 2001 iustitiae,
1532 1964 1613 2008 quia
1638 1972 1668 1998 et
1694 1966 1826 2006 lucem,
1853 1968 1887 2001 id
1913 1976 1981 2011 est,
2009 1983 2124 2005 veram

1145 2012 1310 2045 noticiam
1336 2013 1596 2047 misericordiae
1629 2016 1760 2056 adfert,
1799 2025 1831 2051 et
1864 2031 1984 2052 verum
2011 2019 2124 2055 Deum

1145 2063 1311 2096 ostendit.
1364 2062 1410 2096 Et
1438 2075 1553 2096 veram
1580 2065 1747 2099 noticiam
1772 2068 2031 2104 misericordiae
2059 2073 2123 2107 Dei

1145 2112 1359 2146 comitantur
1382 2113 1522 2148 dilectio
1540 2115 1628 2157 Dei,
1656 2123 1688 2150 et
1714 2117 1889 2152 invocatio
1916 2127 1948 2155 et
1973 2129 2124 2156 caeterae

1145 2163 1301 2196 virtutes.
1359 2163 1473 2197 David
1502 2166 1619 2199 audita
1646 2179 1745 2200 voce:
1783 2168 1958 2204 Dominus
1980 2173 2122 2207 abstulit

1146 2220 1323 2257 peccatum
1348 2221 1465 2256 tuum,
1492 2217 1685 2258 reviviscit,
1714 2220 1811 2253 novit
1827 2219 1957 2262 Deum,
1986 2231 2018 2257 ct
2040 2236 2074 2256 se
2093 2226 2122 2256 ei

1144 2264 1306 2306 subiicit,
1333 2266 1449 2309 diligit
1472 2273 1503 2300 et
1529 2268 1667 2302 invocat
1689 2281 1778 2302 cum.
1834 2270 1883 2304 lta
1905 2271 2035 2307 Paulus
2058 2273 2123 2307 lio(-

1145 2316 1220 2349 vult
1245 2316 1281 2348 in
1305 2323 1484 2358 matrona,
1511 2318 1633 2357 fidem,
1670 2320 1704 2352 id
1732 2327 1802 2361 est,
1829 2334 1945 2356 veram
1971 2326 2121 2368 agnitio-

1144 2378 1225 2399 nem
1242 2364 1308 2399 Dei
1326 2373 1357 2400 et
1376 2367 1537 2401 fiduciam
1556 2369 1818 2404 misericordiae
1836 2373 1961 2407 lucere.

1244 2415 1385 2451 Deinde
1404 2418 1564 2462 adiungit
1588 2428 1737 2454 caeteras
1762 2422 1923 2463 virtutes,
1950 2423 2120 2459 Dilectio-

1144 2479 1222 2500 nem
1246 2466 1313 2500 Dei
1338 2475 1369 2501 et
1393 2470 1543 2512 proximi
1572 2478 1714 2514 propter
1739 2471 1870 2513 Deum,
1898 2475 2122 2511 dilectionem

1144 2518 1260 2551 mariti
1283 2525 1314 2552 et
1332 2519 1472 2555 sobolis.
1525 2520 1843 2556 Sanctificationem
1862 2525 2020 2560 nominat
2048 2540 2122 2561 eam

1145 2569 1331 2610 virtutem,
1354 2583 1442 2615 quae
1466 2571 1592 2605 usitate
1607 2571 1756 2606 Castitas
1781 2573 1921 2610 dicitur.
1975 2574 2036 2611 Est
2061 2591 2122 2611 au-

1144 2626 1213 2653 tem
1230 2618 1396 2659 Castitas,
1425 2628 1464 2655 ut
1486 2633 1550 2655 suo
1577 2622 1654 2655 loco
1682 2623 1852 2666 prolixius
1875 2626 2024 2667 dicitur,
2053 2629 2125 2662 vir-

1145 2677 1201 2705 tus
1226 2683 1313 2716 quae
1337 2683 1458 2705 omnes
1483 2672 1747 2707 commixtiones
1777 2686 1835 2708 seu
1869 2677 2012 2712 seminis
2038 2680 2128 2713 essu-

1602 2720 1656 2755 6.
