2409 2915
125 100 199 136 409
671 97 746 134 XII.

118 186 162 218 ad
185 184 444 218 confirmandos
467 194 532 217 nos
553 183 647 226 ipsos
669 181 864 225 plurimum
883 183 1044 226 prodest,
1069 189 1102 217 et

117 235 301 268 manifeste
319 236 464 273 refutat,
490 240 523 267 et
539 232 716 266 convincit
733 231 892 266 Iudaeos.

218 285 338 318 Tertia
361 295 472 318 causa.
525 282 621 316 Deus
641 283 754 316 voluit
778 283 961 316 ostendere
985 283 1099 317 cultus

116 335 275 368 leviticos
300 347 372 368 non
397 345 468 367 esse
493 333 665 367 iusticiam
687 331 883 376 Evangelii.
936 332 1047 366 Porro
1069 334 1098 366 si

117 383 223 418 hodie
253 391 357 418 staret
388 384 510 427 politia
538 383 694 424 Iudaica,
728 389 763 418 et
792 384 977 427 recepisset
1002 383 1098 417 Mes-

116 435 223 475 siam,
249 441 364 468 tamen
389 434 492 467 vellet
515 431 642 467 habere
661 434 938 477 praerogativam
955 442 1098 477 propter

116 485 328 518 ceremonias
350 495 439 519 suas.
499 481 594 527 Ergo
618 491 656 518 ut
679 485 878 518 ostenderet
899 482 994 518 Deus
1017 485 1096 518 illas

115 546 168 568 res
194 546 267 567 non
293 545 363 567 esse
387 533 580 575 iusticiam,
615 535 673 567 sed
699 535 737 567 in
759 532 953 577 Evangelio
977 535 1095 568 afferri

113 590 288 617 aeternam
305 584 498 625 iusticiam,
524 585 638 618 voluit
654 584 812 618 leviticos
828 585 940 619 cultus
957 586 1095 629 penitus

112 634 232 670 deleri.
285 633 360 667 Hae
376 646 497 668 causae
515 646 635 668 omnes
651 635 876 679 dignissimae
893 642 975 670 sunt
992 648 1093 670 accu-

110 690 183 718 rata
201 685 491 720 consideratione.

465 786 515 811 De
546 787 738 812 secundo.

211 835 401 881 Postquam
423 837 597 871 excidium
614 836 882 883 Hierosolymae
906 836 1093 885 praedixit,

110 886 210 920 addit
232 887 506 930 praedictionem
530 888 573 921 de
599 889 760 932 sequenti
783 895 912 927 aetate,
939 900 977 922 ac
994 900 1092 931 prae-

109 937 210 980 cipue
235 938 277 969 de
295 937 417 970 ultima
435 945 571 972 senecta
589 939 714 971 mundi
726 965 735 979 ,
762 938 843 982 quia
860 936 945 972 baec
963 938 1027 972 erit
1045 938 1092 971 si-

108 987 203 1020 milis
232 994 388 1020 senectae
418 988 542 1032 populi
565 987 710 1023 Iudaici.
770 987 944 1023 Praedicit
974 995 1091 1022 autem

108 1037 278 1070 maximas
303 1037 534 1078 calamitates,
558 1038 757 1082 corporales
779 1045 812 1071 et
835 1038 1092 1079 ecclesiasticas,

106 1086 219 1128 bella,
255 1088 399 1128 samem,
440 1088 651 1121 mutationes
690 1099 897 1130 regnorum,
936 1088 1091 1129 dissidia,

107 1137 309 1181 dogmatum
328 1138 569 1179 confusiones,
594 1135 860 1182 εἶδολωμανίας
874 1138 912 1171 in
922 1137 1090 1174 Ecclesia.

309 1226 375 1258 Cur
397 1229 505 1258 autem
527 1227 607 1258 haec
626 1226 893 1267 praedicuntur?

207 1285 265 1320 Ad
282 1287 539 1320 confirmandos
556 1286 650 1330 pios,
678 1299 722 1319 ne
741 1299 819 1320 cum
837 1288 960 1320 vident
976 1293 1089 1321 tantas

107 1337 265 1371 omnium
285 1348 403 1370 rerum
423 1337 664 1376 confusiones,
693 1335 892 1369 existiment
907 1334 1000 1369 nihil
1017 1348 1089 1370 esse

106 1387 384 1431 providentiam,
418 1393 477 1421 aut
509 1392 633 1430 putent
662 1387 834 1420 desertam
866 1398 938 1420 esse
969 1398 1088 1420 veram

104 1436 316 1477 Ecclesiam,
343 1443 376 1470 et
400 1436 562 1470 inutilem
586 1447 657 1469 esse
675 1436 946 1472 invocationem.
998 1436 1088 1470 Nam

107 1500 184 1522 curn
220 1487 344 1520 mundi
383 1487 642 1527 confusionem,
682 1487 768 1520 vitia
796 1493 829 1520 et
858 1487 978 1521 ruinas
1011 1498 1087 1531 spe-

106 1545 257 1580 ctamus,
292 1548 389 1570 mens
417 1538 616 1571 concutitur
640 1536 769 1570 talibus
794 1537 1088 1571 dubitationibus-

105 1588 313 1622 Praemonet
338 1587 445 1630 igitur
461 1585 622 1621 Christus
644 1599 743 1627 suos,
768 1599 812 1620 ne
836 1586 1017 1628 deficiant,
1043 1599 1088 1620 ne

106 1638 304 1672 existiment
333 1643 514 1681 propterea
547 1638 659 1670 deseri
682 1638 726 1670 ab
751 1648 790 1670 eo
819 1635 914 1670 hunc
939 1645 1086 1676 coetum,

106 1689 165 1734 qui
189 1685 303 1720 adhuc
328 1688 453 1721 retinet
470 1686 714 1729 Evangelium.
766 1686 872 1720 Hunc
896 1688 1089 1729 confirmat,

106 1746 137 1772 et
163 1745 308 1771 testatur
323 1749 459 1781 semper
476 1749 675 1769 mansuram
695 1748 765 1769 esse
780 1735 982 1770 Ecclesiam.
1035 1735 1087 1771 Ac

104 1789 246 1834 prodest
268 1787 334 1820 sibi
358 1799 521 1832 quenque
542 1787 717 1821 inculcare
739 1787 927 1820 sententias
945 1787 1086 1826 similes,

104 1846 160 1873 ut:
187 1836 259 1871 Ero
283 1838 464 1871 vobiscum
486 1849 595 1881 usque
617 1838 659 1869 ad
676 1838 1014 1870 consummationem
1033 1849 1085 1871 se-

105 1889 186 1924 culi.
252 1886 299 1921 Et
321 1886 417 1921 Esai.
433 1887 494 1923 59.
519 1888 666 1920 dicitur:
704 1886 830 1921 Veniet
855 1899 892 1920 ex
916 1887 1003 1920 Sion
1031 1900 1086 1921 re—

107 1941 261 1979 demtor,
289 1946 322 1972 et
347 1936 419 1978 his,
445 1938 505 1982 qui
528 1938 677 1971 redeunt
703 1938 746 1970 ab
771 1937 957 1982 iniquitate
976 1938 1012 1970 in
1030 1937 1085 1971 la-

106 1991 190 2030 eob,
216 1987 283 2022 hoe
305 1989 430 2021 foedus
453 2000 570 2022 meum
596 2000 674 2021 cum
702 1988 770 2028 eis,
796 1987 952 2031 Spiritus
975 1999 1085 2026 meus,

105 2040 166 2085 qui
194 2045 243 2072 est
264 2039 301 2071 in
324 2045 375 2079 te,
412 2045 444 2072 et
468 2039 574 2071 verba
599 2050 692 2078 mea,
726 2049 814 2083 quae
837 2038 939 2082 posui
963 2038 1001 2070 in
1024 2050 1084 2071 ore

105 2097 185 2129 tuo,
211 2100 283 2121 non
306 2089 468 2121 recedent
493 2090 536 2121 de
559 2101 619 2122 ore
644 2095 723 2129 tuo,
750 2095 784 2122 et
802 2089 843 2121 de
861 2099 922 2122 ore
941 2089 1084 2122 seminis

105 2139 175 2180 tui,
199 2139 362 2181 deinceps
379 2145 409 2171 et
429 2139 466 2171 in
482 2139 743 2181 sempiternum.

206 2187 275 2222 Ubi
301 2194 414 2220 autem
439 2200 600 2220 mansura
625 2189 669 2221 sit
692 2186 868 2227 Ecclesia,
901 2188 1004 2221 simul
1028 2188 1087 2219 in-

106 2240 196 2272 dicat
224 2251 302 2272 cum
329 2239 487 2271 nominat
511 2239 668 2272 verbum.
735 2237 886 2281 Spiritus
908 2238 968 2282 qui
993 2238 1028 2270 in
1052 2244 1084 2270 te

106 2296 171 2329 est,
198 2295 229 2322 et
253 2289 398 2321 verbnm
422 2289 458 2320 in
482 2300 541 2321 ore
562 2294 633 2322 tuo.
687 2288 740 2320 lbi
758 2295 807 2321 est
824 2287 996 2328 Ecclesia,
1022 2287 1083 2320 ubi

107 2346 205 2373 sonat
215 2337 466 2382 Evangelium,
493 2336 749 2371 sicutChristus
766 2337 898 2381 inquit:
926 2337 965 2371 Si
983 2349 1084 2369 man-

107 2390 219 2423 seritis
247 2390 284 2421 in
310 2401 382 2429 me,
415 2395 447 2422 et
469 2389 573 2421 verba
596 2400 671 2420 mea
698 2387 890 2421 manserint
915 2387 952 2419 in
972 2388 1083 2425 vobis,

106 2440 273 2484 quicquid
298 2439 498 2477 volueritis,
525 2439 664 2482 petetis,
692 2445 723 2471 et
742 2438 798 2472 fiet
814 2437 927 2472 vobis.
979 2435 1082 2470 Item:

108 2487 201 2523 Oves
216 2501 311 2523 meae
328 2501 445 2522 vocem
461 2501 572 2522 meam
589 2489 751 2522 audiunt.

205 2539 281 2572 Hac
312 2540 578 2573 confirmatione
609 2546 692 2572 tunc
721 2538 869 2571 maxime
903 2548 992 2581 opus
1025 2544 1085 2578 est,

109 2599 186 2622 cum
217 2589 363 2623 dicitur:
401 2587 489 2623 Ecce
520 2587 578 2623 liic
608 2596 658 2623 est
687 2587 868 2629 Christus,
894 2599 969 2621 ecce
1000 2587 1082 2621 illie.

108 2635 155 2672 Et
175 2640 404 2674 removendae
426 2646 507 2674 sunt
526 2639 810 2684 imaginationes,
835 2650 923 2684 quae
939 2638 1084 2682 alligant

799 93 1189 132 ANNOTATIONES
1218 95 1268 130 IN
1293 94 1593 133 EVANGELIA.

2060 101 2135 136 410

1151 177 1343 213 Ecclesiam
1368 182 1411 214 ad
1430 182 1634 225 pontificum
1652 189 1685 217 et
1702 194 1823 227 regum
1840 183 2131 222 dominationem.

1150 229 1239 263 Nam
1263 229 1419 265 Ecclesia
1445 233 1489 265 ad
1513 231 1745 276 Evangelium
1771 235 1910 278 alligata
1936 241 2005 274 est,
2039 242 2072 270 et
2096 237 2133 269 iu

1150 278 1344 324 Evangelio
1362 282 1487 324 gestari
1506 294 1578 315 eam
1596 291 1761 328 tanquam
1777 286 1910 319 foetum
1927 286 1963 319 in
1979 286 2058 319 alvo
2073 298 2132 320 co-

1152 331 1318 374 gitemus,
1345 343 1407 365 nec
1422 333 1548 375 gestari
1565 344 1638 366 eam
1656 333 1691 366 in
1709 334 1864 377 imperiis
1879 336 2047 377 externis,
2074 344 2133 370 aut

1153 382 1392 415 dominatione
1401 380 1659 427 Episcoporum
1678 384 1924 422 existimemus.
1958 385 2022 421 Est
2036 387 2130 421 enim

1150 438 1267 465 coetus
1284 432 1466 466 dissimilis
1484 434 1562 466 aliis
1578 433 1723 477 politiis.

1250 482 1380 526 Magna
1404 490 1520 517 autem
1547 484 1739 517 consolatio
1765 491 1834 525 est,
1866 486 1960 530 quod
1984 492 2128 520 testatur

1147 529 1306 567 Christus
1329 545 1528 567 mansuram
1554 546 1624 567 esse
1649 532 1858 573 Ecclesiam,
1893 536 2062 580 quicquid
2085 537 2129 570 sit

1146 583 1305 616 futurum
1324 584 1367 616 de
1386 584 1502 627 regnis
1519 585 1662 623 mundi,
1690 584 1778 618 sicut
1793 585 1957 619 manebat
1974 585 2129 619 Ecclesia

1145 639 1301 677 tempore
1324 632 1593 678 Apostolorum,
1619 635 1755 668 etiamsi
1778 645 1874 678 reges
1897 642 1931 669 et
1952 635 2129 680 principes

1144 690 1310 727 patronos
1333 696 1406 717 non
1430 682 1592 719 habebat.
1647 683 1791 717 Interim
1819 692 1934 719 tamen
1951 685 2046 720 Deus
2060 686 2127 720 ali—

1145 745 1211 778 qua
1230 732 1379 778 hospitia
1398 735 1553 769 exulanti
1569 734 1744 769 Ecclesiae
1761 736 1907 770 curavit.

1524 835 1575 859 De
1605 833 1750 859 tertio.

1246 885 1378 919 Usitata
1396 884 1532 931 phrasis
1548 892 1597 919 est
1607 885 1768 926 Ebraeis,
1796 886 1891 919 idola
1907 897 2030 919 vocare
2043 886 2128 919 abo-

1144 935 1368 970 minationes.
1420 936 1466 970 Et
1491 937 1613 969 recitat
1628 934 1790 970 Christus
1808 937 1922 970 locum
1938 948 1978 969 ex
1995 934 2128 969 Danie-

1144 986 1188 1026 le,
1213 992 1251 1019 ut
1268 986 1388 1021 afferat
1406 986 1645 1020 testimonium
1663 998 1744 1020 suae
1760 985 1993 1030 praedictioni
2010 987 2053 1019 de
2068 998 2126 1019 ex-

1146 1036 1238 1069 cidio
1257 1034 1603 1082 Hierosolymorum,
1628 1037 1727 1080 quasi
1752 1037 1859 1070 dicat:
1887 1036 2044 1070 RIultum
2064 1048 2126 1069 vos

1143 1093 1254 1119 vestra
1287 1086 1408 1129 opinio
1433 1087 1541 1127 fallit,
1574 1086 1602 1118 si
1627 1086 1846 1120 arbitramini
1870 1098 1926 1120 me
1948 1093 1981 1120 et
2002 1098 2063 1120 vos
2088 1086 2126 1118 in

1143 1134 1208 1169 hoc
1232 1137 1363 1180 templo
1389 1144 1592 1179 regnaturos
1617 1148 1702 1169 esse.
1753 1134 1811 1169 An
1828 1148 1901 1169 non
1917 1136 2126 1170 meministis

1141 1186 1346 1226 Danielem,
1378 1188 1440 1231 qui
1471 1186 1640 1230 praedicit
1672 1186 1865 1225 excidium,
1898 1193 1930 1220 et
1953 1187 2051 1220 addit
2078 1187 2126 1219 si-

1141 1248 1248 1279 gnum
1260 1262 1269 1276 ,
1296 1237 1427 1270 scilicet
1442 1237 1535 1276 fore,
1560 1243 1599 1269 ut
1615 1242 1679 1269 stet
1698 1236 1736 1268 in
1753 1237 1829 1270 loco
1844 1243 1984 1278 sancto,
2009 1237 2045 1270 id
2063 1243 2124 1274 est,

1141 1288 1178 1319 in
1205 1286 1353 1329 templo,
1389 1287 1523 1320 idolum
1549 1286 1767 1319 denuncians
1790 1293 1993 1333 perpetuam
2018 1287 2124 1320 vasti-

1141 1343 1266 1375 tatem,
1293 1336 1328 1368 id
1352 1348 1431 1370 cum
1453 1336 1638 1376 videbitis,
1672 1336 1800 1379 fugite,
1835 1337 2004 1380 significat
2029 1337 2122 1369 enim

1141 1386 1326 1419 excidium.

1244 1435 1349 1477 Quod
1375 1443 1490 1470 autem
1517 1443 1590 1470 erat
1613 1432 1680 1468 hoc
1698 1435 1858 1469 idolum?
1908 1433 1985 1471 Etsi
2001 1449 2123 1470 omnes

1140 1487 1253 1520 cultus
1276 1484 1430 1520 hostium
1453 1484 1585 1520 Christi
1609 1493 1690 1519 sunt
1710 1486 1824 1526 idola,
1857 1493 1974 1520 tamen
1998 1485 2054 1520 hic
2079 1489 2123 1520 de

1139 1549 1176 1570 re
1200 1536 1328 1580 insigni
1352 1538 1530 1581 loquitur,
1557 1536 1638 1581 quia
1655 1537 1731 1569 vult
1746 1538 2007 1571 commonefieri
2022 1538 2121 1582 Apo-

1139 1587 1245 1620 stolos
1270 1589 1314 1620 de
1337 1587 1481 1622 excidio.
1535 1586 1619 1620 Fuit
1640 1597 1720 1629 ergo
1738 1587 1964 1630 praecipuum
1984 1587 2120 1621 idolum

1139 1637 1341 1670 manifestae
1371 1635 1609 1680 blasphemiae
1633 1637 1800 1668 adversus
1823 1634 2025 1677 Christum,
2059 1638 2120 1671 de-

1138 1687 1221 1719 inde
1248 1694 1465 1720 accesserunt
1489 1693 1640 1725 statuae,
1666 1691 1706 1718 ut
1723 1686 1848 1718 vexilla
1867 1685 2022 1725 Tiberii,
2049 1693 2119 1720 sta-

1138 1744 1217 1771 tuae
1234 1735 1432 1779 Caligulae,
1459 1736 1519 1781 qui
1543 1748 1577 1769 se
1595 1736 1777 1768 mandarat
1794 1736 1953 1777 adorari,
1976 1743 2008 1769 et
2024 1737 2118 1770 mul-

1138 1794 1191 1820 tae
1215 1788 1334 1820 caedes
1357 1787 1394 1820 in
1419 1787 1548 1830 templo
1573 1787 1700 1825 factae,
1724 1785 1851 1829 quibus
1874 1792 1958 1819 tunc
1980 1787 2118 1820 assidue

1138 1834 1426 1880 prophanabatur
1456 1836 1638 1880 templum.
1704 1833 1820 1877 Haec,
1861 1835 1997 1880 inquit,
2039 1849 2118 1870 cum

1138 1888 1239 1924 fient,
1267 1888 1389 1920 scitote
1402 1887 1530 1920 instare
1548 1886 1666 1918 finem.

1240 1935 1286 1970 Ut
1303 1944 1417 1970 autem
1437 1943 1518 1970 tunc
1534 1936 1571 1968 in
1588 1933 1870 1979 temploludaico
1888 1934 1954 1969 fuit
1971 1935 2120 1977 idolum,

1137 1987 1183 2020 ita
1203 1988 1414 2030 praedicitur
1431 1987 1607 2024 futurum,
1635 1992 1672 2019 ut
1691 1992 1767 2028 post
1784 1985 1974 2028 Apostolos
1990 1986 2117 2020 ultimo

1137 2038 1261 2070 mundi
1278 2045 1434 2081 tempore
1449 2037 1485 2069 in
1495 2034 1660 2069 Ecclesiis
1675 2036 1808 2069 colatur
1823 2036 1968 2069 idolum.
2009 2035 2117 2079 Quod

1137 2094 1186 2120 est
1212 2087 1326 2120 illud?
1378 2086 1457 2120 Non
1481 2092 1593 2130 potest
1615 2084 1698 2119 haec
1720 2097 1774 2118 res
1798 2086 1873 2119 sine
1897 2086 2031 2129 ingenti
2051 2088 2115 2120 do-

1138 2138 1212 2169 lore
1236 2137 1390 2180 cogitari.
1451 2135 1590 2170 Delevit
1612 2134 1784 2169 Ecclesias
1809 2134 2048 2176 Mahometus,
2082 2144 2115 2170 et

1136 2187 1319 2230 proposuit
1342 2187 1527 2221 colendum
1554 2187 1708 2227 idolum,
1734 2186 1896 2219 videlicet
1915 2186 2116 2220 manifestas

1137 2235 1370 2281 blasphemias
1394 2239 1560 2271 adversus
1576 2234 1768 2270 Christum.
1820 2234 1896 2268 Hae
1918 2243 1998 2270 sunt
2014 2248 2115 2280 prae-

1137 2287 1258 2330 cipuus
1286 2300 1415 2321 nervus
1438 2287 1536 2331 regni
1564 2287 1673 2330 ipsius
1697 2292 1729 2319 et
1752 2286 1882 2327 cultus,
1916 2286 1987 2320 imo
2010 2284 2114 2320 huius

1137 2337 1245 2380 ipsius
1268 2338 1405 2372 articuli
1431 2338 1644 2382 professione
1669 2336 1826 2369 iudicant
1850 2347 1884 2369 se
1907 2348 1978 2370 esse
2002 2349 2113 2380 popu-

1135 2387 1207 2420 lum
1231 2387 1317 2429 Dei,
1345 2389 1439 2434 quod
1463 2394 1590 2431 negant
1609 2386 1740 2419 Filium
1757 2385 1841 2425 Dei,
1869 2388 1962 2430 quod
1986 2394 2114 2429 negant

1135 2439 1385 2480 redemtorem,
1414 2439 1508 2483 quod
1532 2437 1673 2470 abolent
1690 2434 1943 2479 Evangelium,
1970 2443 2114 2481 propter

1136 2486 1201 2521 hoc
1233 2501 1321 2532 opus
1354 2489 1556 2533 praedicant
1587 2499 1622 2520 se
1644 2486 1746 2528 diligi
1769 2498 1786 2518 a
1810 2485 1905 2526 Deo,
1939 2492 1970 2518 et
1994 2487 2110 2519 ornari

1135 2538 1291 2572 victoriis
1316 2547 1348 2574 et
1373 2539 1542 2583 imperiis.
1592 2538 1660 2572 Sed
1685 2537 1734 2580 pii
1757 2536 1885 2575 sciant,
1914 2533 1979 2568 hoc
1997 2536 2111 2581 ipsum

1135 2601 1222 2633 opus
1252 2587 1510 2623 Mahometicae
1547 2594 1657 2621 sectae
1691 2586 1877 2633 praecipue
1906 2586 2112 2620 damnatum

1134 2651 1206 2673 esse
1227 2652 1311 2674 voce
1335 2639 1421 2682 Dei,
1450 2640 1538 2673 sicut
1561 2638 1651 2672 clare
1677 2635 1793 2681 inquit
1818 2635 1945 2670 Daniel
1968 2637 2012 2670 de
2032 2636 2113 2670 Ma-
