2409 2915
125 94 198 133 297
659 96 740 132 xn.

126 183 224 224 licet,
251 190 394 228 propter
410 181 706 223 mandatumDei,
732 183 775 216 ad
793 183 953 217 vitandas
970 195 1107 227 poenas,
1131 186 1133 194 '
1160 189 1235 223 tur,
1272 195 1334 217 nec
1364 184 1458 218 videt
1488 194 1623 229 peccata
1653 187 1831 221 interiora.

125 240 268 279 propter
298 246 519 268 communem
550 234 860 279 tranquillitatem,
895 241 926 267 et
951 234 1031 279 quia
1057 241 1106 267 est

123 286 335 330 paedagogia
360 285 397 317 in
413 282 610 325 Christum,
637 285 672 317 id
695 293 762 323 est,
791 285 828 316 in
851 282 923 324 his,
949 285 1007 329 qui
1027 297 1105 328 per·
1129 287 1131 319 j

123 343 283 370 severant
306 336 343 368 in
368 335 556 368 sceleribus
581 342 702 368 contra
728 335 997 375 conscientiam,
1032 347 1103 367 non
1129 347 1131 372 ,¹

123 393 173 421 θεῖ
204 387 322 420 effifflx
352 383 604 428 Evangelium’
637 387 696 418 sed
728 392 926 429 repugnant
955 385 1103 429 Spirimi
1156 401 1207 435 cia
1244 400 1346 441 fidei,
1387 409 1420 435 et
1447 402 1571 445 repetit
1599 403 1803 436 concionem
1837 407 1878 437 de
1910 406 2136 449 poenitentia,

121 444 240 471 sancto
263 436 401 469 vocanti
424 447 491 469 eos.
545 435 758 481 Quanquam
777 444 892 470 autem
912 436 1102 469 necessaria

800 93 1194 132 ANNOTATIONES
1229 95 1279 131 IN
1310 95 1607 136 EVANGELIA.

1128 323 1132 343 l

121 495 187 522 est:
215 494 330 521 tamen
354 497 580 529 agnoscamus
605 499 679 519 eam
704 499 926 532 nequaquam
952 487 1016 529 legi
1036 486 1102 519 Dei
1128 503 1129 509 κ

121 538 335 577 satisfacere,
359 548 422 570 nec
446 537 520 570 sine
539 545 675 581 peccato
694 549 776 573 esse.
829 536 1102 570 Consideremus

119 594 234 622 autem
258 587 425 621 interiora
451 595 587 631 peccata
606 595 726 621 contra
745 595 919 632 utranque
936 588 1102 627 tabulam,

118 639 178 672 sed
204 639 388 682 praecipue
411 645 533 672 contra
556 639 724 682 primam,
753 651 840 683 quae
859 639 939 683 quia
958 650 1029 671 non
1049 638 1102 670 vi-

118 691 177 723 det
208 689 317 729 ratio,
349 695 484 723 tantum
518 689 561 722 de
587 696 726 723 externa
751 689 936 733 disciplina
963 689 1102 732 cogitat,

118 746 156 773 ut
182 739 413 783 significatum
437 746 486 772 est
510 739 547 772 in
572 746 670 785 typo:
699 739 856 783 Populus
875 751 947 772 non
967 746 1101 783 poterat

116 791 208 823 ferre
231 790 420 832 fulgentem
444 789 552 823 Moisi
575 791 717 828 faciem,
746 791 804 823 sed
829 792 975 824 velatam
1002 790 1100 822 vide—

116 842 187 874 bat.
253 839 311 874 Sic
339 852 402 873 nos
427 847 602 874 externam
628 841 713 883 legis
735 842 894 874 umbram
922 847 1100 885 utcunque

116 891 312 929 intuemur,
349 902 421 924 non
452 891 610 924 videmus
641 903 729 936 quae
762 899 897 935 peccata
930 891 1099 924 interiora

115 942 170 974 lex
195 941 343 982 iudicet,
371 949 524 980 accuset,
553 949 585 975 et
611 943 762 977 damnet.
826 941 905 974 Non
931 941 1099 983 intelligi-

114 1003 192 1025 mus
217 998 387 1036 quantum
411 993 563 1035 postulet
590 989 673 1025 liaec
695 1005 779 1025 vox:
814 991 950 1035 Diligas
973 991 1099 1024 Domi—

115 1054 199 1076 num
225 1041 340 1075 Deum
368 1049 466 1075 tuum
495 1055 534 1075 ex
560 1049 631 1076 toto
656 1045 778 1083 corde,
815 1050 845 1075 et
873 1042 951 1086 quis
978 1042 1099 1074 volens

114 1094 334 1136 obtemperat
359 1092 452 1133 Deo,
487 1094 513 1126 si
541 1105 635 1126 mors
660 1095 855 1137 oppetenda
883 1093 927 1126 sit
952 1093 988 1125 in
1015 1104 1098 1125 con-

113 1144 265 1177 fessione
290 1150 322 1176 et
347 1143 554 1176 vocatione?
608 1144 757 1177 Manent
782 1144 888 1187 igitur
907 1150 1042 1187 peccata
1062 1143 1098 1174 in

113 1192 277 1234 homine,
309 1194 443 1226 etiamsi
467 1194 566 1227 sreno
592 1195 798 1238 disciplinae
821 1195 902 1227 satis
929 1195 1018 1227 duro
1045 1205 1099 1226 re-

112 1243 217 1286 gitur.
269 1242 362 1274 liaec
391 1245 434 1274 de
467 1245 584 1286 priore
614 1245 750 1276 iusticia
776 1246 930 1287 primum
957 1244 1098 1277 scienda

110 1300 201 1326 sunt.

212 1342 333 1376 Altera
366 1349 415 1375 est
440 1342 576 1376 iusticia
602 1343 700 1384 fidei,
734 1355 837 1388 quam
865 1341 922 1376 hic
946 1344 1099 1376 declarat

110 1391 281 1428 Christus.
335 1390 490 1427 Orditur
518 1400 633 1427 autem
656 1406 674 1427 a
701 1394 800 1437 signo
829 1401 987 1427 externo:
1022 1394 1098 1427 Nisi

110 1444 189 1489 quis
211 1450 352 1477 renatus
377 1444 482 1478 fuerit
505 1457 544 1477 ex
566 1445 690 1489 spiritu
709 1452 740 1478 et
757 1457 856 1490 aqua.
908 1444 980 1478 Nec
996 1452 1097 1489 pute-

109 1506 188 1527 mus
204 1495 337 1528 finitam
355 1506 428 1528 esse
441 1495 645 1528 concionem
662 1503 788 1537 totam,
813 1497 901 1529 facta
918 1496 1098 1529 mentione

110 1545 200 1588 signi
226 1553 259 1579 et
276 1545 428 1589 Spiritus
447 1545 482 1581 S.
507 1547 565 1578 sed
591 1559 669 1579 mox
698 1548 920 1589 adiungenda
947 1553 995 1580 est
1013 1558 1097 1579 con-

109 1596 162 1628 cio
189 1596 234 1629 de
260 1596 340 1628 fide:
369 1595 467 1630 Sicut
490 1596 621 1630 Moises
646 1598 811 1631 exaltavit
835 1605 1030 1641 serpentem
1059 1597 1095 1629 in

108 1647 264 1684 deserto,
292 1647 341 1679 sic
366 1646 508 1679 exaltari
533 1654 670 1690 oportet
696 1647 826 1680 Filium
855 1645 1030 1688 hominis,
1058 1654 1096 1681 ut

108 1697 224 1729 omnis
241 1697 301 1742 qui
320 1697 428 1730 credit
446 1697 481 1729 in
501 1709 599 1737 eum,
626 1710 698 1730 non
717 1704 844 1739 pereat.
898 1697 993 1729 Haec
1011 1708 1096 1729 con-

107 1747 161 1779 cio
185 1751 235 1778 est
255 1744 499 1787 coniungenda
518 1745 690 1789 superiori
708 1746 815 1790 parti,
844 1746 916 1779 imo
935 1747 1096 1791 superior

107 1802 157 1829 est
173 1793 387 1841 παρασκευὴ
405 1796 447 1828 ad
467 1793 560 1828 bunc
577 1796 692 1829 locum
711 1798 753 1829 de
769 1797 845 1831 fide.

209 1846 277 1881 Sed
303 1858 410 1891 quare
431 1858 448 1878 a
466 1847 564 1889 signo
582 1847 744 1880 orditur?

107 1910 174 1932 sae.
230 1895 315 1930 Vult
341 1897 523 1930 exordium
547 1897 637 1930 sumi
662 1909 680 1930 a
708 1898 967 1941 praedicatione
984 1899 1094 1938 verbi,

107 1960 196 1995 quae
220 1959 298 1981 cum
323 1947 421 1991 signo
445 1948 632 1981 coniuncta
657 1955 726 1988 est,
754 1955 786 1982 et
808 1948 883 1982 vult
901 1949 935 1981 in
954 1949 1091 1992 praedi-

105 1999 242 2034 catione
258 1999 494 2042 poenitentiae
510 1999 607 2041 argui
627 2006 824 2042 peccatum,
851 2006 884 2034 et
903 1999 1092 2033 monstrari

105 2048 305 2089 Christum,
333 2056 371 2082 ut
395 2049 542 2083 faciebat
564 2047 754 2083 lohannes:
783 2048 885 2093 Agite
906 2050 1091 2094 poeniten-

105 2100 201 2140 tiam,
228 2105 259 2132 et
274 2099 402 2132 credite
413 2097 617 2143 Evangelio.
669 2100 712 2134 Et
727 2099 792 2134 hoc
808 2101 883 2144 ipso
900 2101 976 2134 loco
987 2098 1092 2134 Chri-

105 2158 177 2185 stus
203 2150 316 2193 arguit
339 2156 499 2183 naturam
525 2152 698 2195 captivam
724 2152 871 2195 peccati:
908 2152 1001 2196 quod
1028 2163 1090 2183 na-

105 2208 179 2236 tum
202 2208 250 2234 est
275 2213 312 2233 ex
338 2212 459 2240 carne,
486 2213 564 2234 caro
582 2209 640 2235 est.
694 2201 852 2235 Taxatur
868 2202 960 2234 enim
979 2202 1090 2235 coeci-

105 2259 155 2287 tas
166 2250 344 2285 Pharisaei
363 2263 434 2283 non
451 2249 614 2285 habentis
631 2252 742 2285 lucem
761 2252 989 2296 spiritualem,
1018 2265 1089 2285 non

104 2302 256 2337 videntis
282 2302 449 2336 interiora
476 2309 632 2346 peccata,
675 2302 914 2336 dubitationes
937 2305 980 2336 de
1005 2302 1090 2343 Deo,
1114 2319 1115 2327 ¹

104 2354 312 2388 vacuitatem
350 2352 487 2386 timoris
514 2360 547 2387 et
581 2353 781 2386 dilectionis
811 2351 895 2394 Dei,
937 2354 1089 2386 admira-

105 2405 236 2440 tionem
267 2403 339 2443 sui,
375 2404 537 2437 fiduciam
570 2404 623 2437 sui
646 2411 707 2437 etc.

105 2455 235 2489 iudicat
251 2454 403 2498 Spiritus
419 2462 557 2489 sanctus
575 2455 610 2487 in
629 2455 888 2499 praedicatione
906 2455 1088 2498 poeniten·
1111 2483 1114 2512 ¹

103 2506 189 2547 tiae,
224 2513 255 2539 et
281 2504 443 2539 Christus
467 2503 525 2539 hic
548 2513 658 2539 taxat:
695 2506 800 2548 Quod
825 2513 944 2538 natum
971 2513 1021 2539 est
1047 2518 1087 2539 ex

106 2569 224 2595 carne,
255 2568 335 2589 caro
359 2562 427 2596 est,
463 2556 497 2589 id
517 2563 584 2596 est,
612 2557 686 2589 sine
703 2557 778 2589 luce
796 2556 988 2599 spirituali,
1012 2557 1087 2589 sine

103 2619 184 2641 vera
200 2608 282 2645 fide,
312 2606 386 2639 sine
403 2618 484 2639 vero
501 2607 637 2642 timore.
692 2605 878 2640 Pliarisaeo
896 2605 979 2640 liaec
997 2620 1085 2640 nova

796 1847 898 1880 Duae
913 1854 993 1880 sunt
1013 1859 1094 1880 cau-
1118 1871 1120 1880 Α

1126 639 1127 642 ,
1155 604 1274 637 credas
1294 603 1329 635 in
1348 604 1447 636 illum
1466 604 1679 640 crucifixum.

1121 1423 1126 1608 i

1120 1625 1124 1758 ι

768 2402 862 2437 Haec
895 2411 1031 2447 peccata
1057 2412 1089 2439 et
1112 2412 1115 2433 ἴ

1111 2439 1115 2481 t

2070 104 2142 138 298

1889 187 1970 221 Ideo
1991 199 2028 220 ea
2055 200 2142 233 quae

1159 234 1202 265 de
1226 235 1488 277 regeneratione
1513 236 1632 269 divina
1657 238 1841 279 dicuntur,
1870 240 2001 272 iudicat
2019 239 2140 272 absur-

1157 285 1200 317 da
1217 295 1308 325 esse,
1333 286 1392 317 sed
1409 285 1545 318 duriter
1561 298 1579 319 a
1597 285 1738 322 Christo
1756 290 1974 333 obiurgator.

1257 349 1394 384 Deinde
1418 351 1565 395 pertexit
1581 351 1742 386 Christus
1765 355 1959 389 doctrinam
1977 356 2020 388 de
2038 355 2138 389 iusti-

1155 452 1254 497 quasi
1284 452 1396 495 dicat,
1431 453 1506 485 noli
1531 465 1603 486 rem
1629 466 1771 497 parvam
1798 455 1923 487 ducere
1948 463 2136 498 peccatum,

1155 509 1213 536 aut
1238 502 1324 535 iram
1342 501 1420 538 Dei.
1473 501 1625 547 Oportet
1644 505 1797 548 crucifigi
1815 504 1979 538 Messiam
1992 532 2000 545 ,
2028 513 2064 539 ut
2080 506 2137 538 fiat

1156 553 1204 585 ira
1228 552 1292 586 Dei
1315 553 1468 599 placata,
1501 561 1533 586 et
1558 555 1606 586 sic
1629 555 1696 587 eris
1720 562 1862 589 renatus
1886 562 1917 588 et
1943 555 2072 594 iustus,
2108 556 2135 588 si

1731 604 1796 639 Est
1812 606 1919 649 igitur
1935 603 2019 639 haec
2036 605 2137 639 iusti-

1154 654 1205 687 cia
1223 654 1314 694 fidei,
1342 666 1419 686 cum
1439 655 1698 698 expavescimus
1715 657 1893 699 agnitione
1908 657 1980 689 irae
1991 656 2054 690 Dei
2073 659 2136 689 ad-

1154 716 1272 738 versus
1302 713 1502 748 peccatum,
1537 707 1676 738 credere
1707 708 1801 750 quod
1833 714 1976 750 propter
2004 706 2134 739 Filium

1153 753 1218 788 Dei
1243 767 1305 798 pro
1323 755 1426 787 nobis
1442 755 1683 797 immolatum,
1711 764 1870 790 aeternus
1888 764 1985 800 pater
2002 764 2033 790 et
2052 768 2136 790 con-

1153 806 1247 838 ditor
1270 805 1313 838 sit
1334 805 1436 838 nobis
1454 805 1608 849 placatus
1625 813 1655 839 et
1676 807 1871 851 propicius,
1899 808 2053 840 remittat
2071 819 2135 840 no—

1153 856 1207 889 bis
1225 862 1375 900 peccata,
1404 863 1436 889 et
1454 856 1598 900 recipiat
1616 868 1690 895 nos,
1718 870 1755 890 ac
1772 858 1880 891 iustos
1897 858 2117 902 pronunciet.

1256 925 1384 959 Sumus
1405 925 1512 968 igitur
1536 925 1635 965 iusti,
1664 926 1697 959 id
1723 933 1790 967 est,
1820 924 1990 959 habemus
2013 926 2136 958 remis-

1153 976 1286 1008 sionem
1329 982 1569 1019 peccatorum,
1615 982 1647 1009 at
1678 988 1799 1010 sumus
1831 977 1961 1021 accepti
1994 983 2138 1020 propter

1153 1025 1282 1058 Filium
1297 1050 1304 1063 ‚
1333 1038 1410 1058 cum
1431 1023 1495 1058 hac
1517 1026 1583 1058 fide
1603 1037 1660 1059 seu
1679 1027 1804 1060 fiducia
1822 1027 1935 1059 corin
1954 1039 2032 1060 vera
2052 1039 2136 1070 poe-

1154 1076 1301 1109 nitentia
1319 1076 1473 1118 erigitur,
1499 1083 1531 1109 et
1549 1074 1779 1120 apprehendit
1797 1078 2036 1110 remissionem
2057 1089 2136 1120 pec-

1152 1134 1328 1165 catorum,
1360 1133 1393 1159 et
1425 1127 1613 1171 acquiescit
1634 1140 1706 1160 non
1732 1128 1767 1160 in
1791 1129 1932 1172 propria
1955 1128 2134 1171 dignitate,

1153 1178 1211 1210 sed
1239 1177 1273 1208 in
1296 1176 1386 1210 Filio
1406 1176 1487 1217 Dei,
1515 1177 1603 1211 sicut
1627 1178 1829 1211 dulcissime
1847 1180 2003 1223 pingitur
2020 1179 2054 1211 in
2073 1176 2134 1211 hac

1153 1228 1323 1269 imagine,
1360 1228 1394 1259 in
1429 1240 1496 1272 qua
1528 1228 1676 1271 dicitur,
1711 1227 1800 1262 Ovis
1827 1230 1968 1263 inventa
1996 1230 2073 1263 tolli
2099 1229 2135 1261 in

1152 1276 1328 1312 humeros.
1381 1276 1514 1323 Estque
1538 1275 1620 1311 llaec
1646 1279 1729 1312 fides
1749 1292 1819 1313 non
1840 1287 1975 1315 tantum
1996 1280 2136 1319 noticia,

1152 1327 1266 1372 qualis
1291 1334 1340 1360 est
1363 1328 1467 1360 etiam
1492 1329 1527 1360 in
1547 1328 1680 1372 impiis,
1708 1331 1765 1362 sed
1785 1337 1835 1363 est
1851 1331 1978 1363 fiducia
1999 1330 2137 1363 miseri-

1151 1378 1312 1418 cordiae,
1346 1378 1440 1412 iuxta
1470 1378 1576 1411 illud:
1610 1376 1739 1412 Omnis
1762 1381 1821 1424 qui
1847 1381 1955 1414 credit
1981 1381 2017 1413 in
2043 1392 2135 1418 eum,

1151 1440 1223 1461 non
1248 1429 1496 1463 confundetur.
1553 1427 1686 1474 Estque
1710 1438 1826 1464 motus
1850 1430 2002 1475 Spiritus
2026 1431 2134 1464 sancti

1151 1480 1293 1513 intuens
1316 1477 1518 1520 Christum,
1553 1487 1585 1513 et
1610 1481 1832 1525 acquiescens
1855 1482 1890 1515 in
1916 1482 1995 1522 illo,
2030 1488 2063 1515 et
2088 1481 2135 1520 fit,

1151 1542 1228 1563 cum
1260 1531 1367 1563 verbo
1399 1531 1640 1574 promissionis
1671 1533 1858 1576 erigimur,
1892 1533 1982 1566 sicut
2004 1532 2135 1566 Paulus

1150 1581 1241 1614 clare
1258 1582 1342 1614 dicit
1360 1582 1401 1614 ad
1421 1580 1548 1621 Galat„
1574 1589 1611 1616 ut
1634 1584 1900 1625 promissionem
1918 1584 2061 1627 spiritus
2077 1595 2133 1615 ac-

1150 1631 1319 1674 cipiamus
1349 1644 1411 1675 per
1436 1632 1550 1666 fidem.
1615 1632 1704 1664 Cum
1729 1634 1836 1675 igitur
1859 1645 2000 1666 accensa
2026 1641 2074 1667 est
2097 1634 2132 1664 in

1149 1682 1254 1713 corde
1278 1681 1402 1714 fiducia
1428 1681 1706 1722 misericordiae,
1740 1690 1935 1727 sequnntur
1959 1683 2133 1717 invocatio

1149 1737 1181 1764 et
1197 1730 1355 1769 dilectio,
1383 1738 1415 1764 et
1433 1732 1492 1764 alii
1511 1732 1595 1764 boni
1614 1739 1737 1766 motus.
1793 1733 1880 1766 Nam
1900 1734 2041 1767 dilectio
2060 1746 2131 1767 non

1148 1788 1260 1824 potest
1282 1782 1444 1822 existere,
1475 1782 1541 1814 nisi
1560 1785 1740 1826 praecedat
1757 1784 1816 1816 illa
1836 1784 1980 1828 fiducia,
2009 1796 2133 1828 appre-

1148 1830 1308 1864 hendens
1338 1833 1627 1868 misericordiam.
1689 1833 1878 1878 Tantisper
1900 1833 2012 1868 Deum
2045 1835 2132 1878 sugit

1147 1894 1245 1914 mens
1271 1880 1443 1921 humana,
1473 1895 1535 1916 nec
1555 1891 1663 1926 potest
1683 1884 1846 1926 diligere,
1875 1897 1937 1918 nec
1956 1894 2133 1929 expectare

1147 1934 1190 1966 ab
1207 1945 1246 1965 eo
1265 1933 1374 1976 bona,
1404 1934 1514 1966 donec
1532 1934 1636 1967 sentit
1653 1935 1739 1967 iram
1757 1934 1831 1968 Dei.
1887 1935 1981 1969 Haec
2000 1937 2044 1969 ita
2062 1948 2132 1968 esse

1147 1984 1358 2026 experientia
1386 1990 1550 2024 testatur,
1578 1986 1634 2017 sed
1661 1983 1821 2018 homines
1844 1987 1954 2020 securi
1981 1987 2057 2019 ideo
2078 1999 2131 2019 re·-

1145 2034 1316 2073 clamant,
1346 2034 1428 2080 quia
1448 2032 1514 2067 lioc
1533 2042 1708 2069 certamen
1727 2037 1776 2069 eis
1794 2037 1952 2080 ignotum
1971 2045 2030 2072 est.

1247 2099 1342 2133 Haec
1358 2107 1406 2134 est
1425 2103 1658 2144 regeneratio,
1687 2104 1728 2136 de
1746 2116 1811 2149 qua
1831 2102 1887 2137 liic
1904 2104 2132 2137 concionatur

1144 2150 1326 2191 Christus,
1354 2164 1432 2184 cum
1450 2150 1516 2186 lioc
1534 2155 1638 2187 modo
1657 2154 1783 2187 fiducia
1802 2154 1883 2187 Filii
1897 2154 1961 2187 Dei
1979 2167 2039 2199 per
2050 2154 2133 2198 Spi-

1143 2202 1250 2235 ritum
1271 2210 1427 2236 sanctum
1450 2203 1485 2235 in
1504 2205 1693 2248 pavoribus
1709 2212 1963 2245 sustentamur,
1993 2213 2024 2239 et
2043 2206 2130 2239 libe-

1144 2264 1264 2285 ramur
1287 2265 1303 2285 a
1330 2254 1525 2287 terroribus
1549 2256 1697 2298 peccati,
1726 2263 1758 2289 et
1781 2256 1824 2288 ab
1850 2263 1987 2289 aeterna
2005 2263 2128 2291 morte.

1143 2301 1266 2337 Postea
1291 2305 1334 2337 de
1353 2305 1534 2338 effectibus
1553 2306 1630 2338 fidei
1649 2306 1713 2338 alia
1733 2307 1887 2351 quaestio
1905 2307 2035 2347 oritur,
2064 2307 2128 2339 sci-

1143 2353 1222 2388 licet
1248 2355 1292 2387 de
1311 2367 1401 2387 nova
1430 2356 1650 2396 obedientia,
1679 2368 1721 2388 an
1748 2364 1888 2401 propter
1905 2370 1960 2391 eas
1978 2358 2128 2402 qualita-

1142 2411 1192 2438 tes
1215 2417 1364 2449 persona
1391 2407 1434 2439 sit
1460 2407 1568 2447 iusta,
1605 2407 1638 2439 id
1665 2415 1731 2447 est,
1765 2420 1809 2440 an
1836 2408 2022 2441 satisfaciat
2046 2408 2123 2451 legi,

1141 2455 1184 2489 sit
1201 2456 1275 2489 sine
1290 2463 1448 2500 peccato,
1477 2457 1519 2490 sit
1540 2458 1645 2497 iusta,
1674 2455 1739 2491 hoc
1757 2465 1822 2497 cst,
1851 2465 1986 2501 accepta
2008 2470 2124 2491 coram

1140 2505 1216 2539 Deo
1245 2509 1285 2539 ad
1320 2508 1427 2540 vitam
1461 2515 1658 2544 aeternam,
1695 2515 1836 2551 propter
1868 2508 1944 2541 illas
1968 2509 2123 2542 virtutes.

1140 2555 1206 2590 Hic
1229 2559 1398 2594 sciamus,
1426 2561 1517 2603 qnod
1544 2557 1608 2591 liae
1635 2572 1744 2591 novae
1769 2559 1912 2591 virtutes
1932 2571 2003 2592 non
2023 2560 2123 2593 satis—

1139 2608 1266 2641 faciant
1292 2609 1355 2651 legi
1376 2609 1451 2643 Dei.
1508 2609 1613 2649 Item,
1642 2610 1734 2652 quod
1760 2609 1794 2640 in
1814 2610 1942 2642 renatis
1961 2618 2124 2643 'maneant

105 2665 203 2700 sunt,
229 2657 289 2703 qui
312 2654 402 2690 nihil
424 2657 490 2690 nisi
510 2657 732 2703 disciplinam
753 2658 886 2703 quaerit
905 2665 962 2691 ant
981 2658 1085 2691 mira-
1109 2647 1112 2694 l
1140 2666 1295 2702 peccata,
1333 2660 1491 2693 laborant
1525 2660 1616 2692 enirn
1642 2660 1881 2701 dubitatione,
1916 2660 2122 2701 diffidentia,
