2409 2915
285 64 359 102 875

388 149 548 184 Primum
566 143 809 179 consideretur
825 151 927 175 causa
947 145 980 173 et
996 138 1132 173 occasio
1147 136 1221 172 odii
1242 135 1279 169 in

287 202 429 238 Herode
453 203 576 232 contra
593 192 808 234 Iohannem,
835 188 1013 225 lohannes
1037 195 1076 223 ut
1098 187 1278 233 praedica-

288 262 343 288 tor
368 250 481 284 fidelis
499 247 616 291 arguit
632 244 832 283 Herodem,
859 242 955 288 quod
976 240 1134 286 rapuerit
1160 237 1279 272 fratris

288 302 441 336 viventis
464 299 664 341 coniugem.
1041 328 1043 331 Α

391 351 443 384 lta
463 351 520 394 fit,
547 348 676 381 veritas
700 345 822 379 odium
843 343 945 389 parit.
991 341 1068 375 Hoc
1091 350 1280 373 commune

288 403 486 450 periculum
513 406 561 433 est
584 398 745 432 omnium
766 402 859 429 recte
877 393 1103 429 docentium,
1132 397 1171 424 ut
1194 389 1281 423 scri-

289 463 388 500 ptum
414 459 482 486 est:
516 448 614 484 Odio
637 448 734 482 eritis
758 446 923 481 omnibus
945 440 1168 482 hominibus,
1198 452 1282 485 pro-

290 513 367 550 pter
385 513 515 537 nomen
531 512 661 535 meum.
1250 541 1258 548 ·

394 553 542 587 Modus:
580 549 758 595 quomodo
786 543 974 580 interficit?
1034 543 1136 577 Falsa
1167 552 1281 586 specie

291 604 472 648 religionis
496 599 747 638 iurisiurandi,
775 605 808 631 et
827 597 967 643 quidem
985 596 1134 629 saltante
1154 592 1279 637 puella.

290 656 416 690 Nescio
433 666 477 687 an
496 651 625 696 aliquis
642 647 818 694 Propheta
837 655 909 682 tam
926 647 995 680 levi
1016 652 1048 679 et
1065 643 1205 678 scurrili
1224 654 1283 676 oc-

291 707 432 741 casione
449 704 652 738 interfectus
669 701 724 735 sit.

395 756 463 790 Sed
481 753 672 797 significata
689 757 740 784 est
757 747 946 794 sophistica
958 773 967 786 ‚
994 746 1043 789 [ist
1066 748 1130 781 »nb
1156 745 1283 789 betrug,

293 808 383 841 sicut
402 817 496 840 nunc
520 805 575 844 fit,
603 803 694 836 ludit
715 799 912 846 hypocrisis
929 810 1047 832 coram
1066 796 1212 830 summis
1228 807 1284 828 re-

293 859 418 902 gibus,
442 863 473 890 et
499 854 586 900 petit
601 859 705 898 caput
724 850 908 885 lobannis.

662 941 919 968 Concludatur.

395 1010 499 1054 Quod
517 1008 598 1042 talia
615 1004 771 1046 exempla
789 1002 860 1035 sint
877 999 1076 1035 testimonia
1093 998 1287 1038 doctrinae,

294 1071 333 1098 ut
352 1063 483 1095 dictum
502 1066 574 1101 est,
602 1057 685 1090 item
712 1055 838 1087 docent
859 1063 943 1092 nOS,
969 1058 1007 1084 nt
1025 1050 1130 1084 etiam
1149 1056 1286 1083 nostras

295 1111 554 1159 persecutiones
571 1107 744 1153 patienter
760 1104 926 1138 feramus.

357 1208 532 1247 Christus
550 1205 713 1244 secessit,
739 1201 873 1238 audita
890 1205 1003 1236 morie
1020 1197 1222 1235 Iohannis.

399 1279 494 1313 Haec
513 1278 601 1310 sacta
621 1280 705 1309 sunt
727 1284 822 1306 anno
841 1271 994 1305 secundo
1014 1267 1288 1313 praedicationis

297 1331 432 1367 Christi
452 1331 541 1363 circa
558 1323 702 1361 Pascha.
756 1322 803 1357 Et
820 1322 931 1365 cogita
951 1321 1106 1364 primum
1124 1318 1289 1351 mirabile

300 1383 486 1417 consilium
521 1379 595 1413 Dei.
638 1375 712 1409 Alii
744 1373 884 1416 longius
915 1378 1054 1414 tempus
1083 1367 1214 1402 habent
1244 1369 1288 1401 ad

300 1431 598 1479 praedicandum,
636 1425 697 1459 alii
734 1423 886 1457 brevius.
954 1419 1130 1454 lohannes
1164 1417 1289 1452 habuit

299 1483 507 1521 biennium,
533 1478 629 1513 Elias
647 1474 773 1519 viginti
795 1480 854 1507 aut
877 1472 1058 1516 aliquanto
1085 1470 1202 1514 plures
1226 1481 1289 1502 an-

300 1546 384 1573 nos,
412 1530 571 1566 Elisaeus
594 1527 734 1562 circiter
756 1523 995 1568 septuaginta,
1031 1520 1161 1553 Paulus
1185 1519 1290 1564 qnin-

301 1598 368 1631 que
389 1591 421 1616 et
443 1582 608 1625 triginta,
635 1575 810 1611 lohannes
827 1572 1051 1616 Evangelista
1069 1571 1208 1604 circiter
1226 1582 1292 1603 no-

300 1635 456 1679 naginta.

317 1739 384 1773 De
414 1733 737 1770 ambulatione
763 1726 951 1762 Christi
979 1735 1116 1768 snper
1142 1733 1278 1758 mare.

408 1811 448 1845 ln
470 1809 534 1843 liae
552 1805 700 1841 historia
718 1801 912 1849 principale
936 1807 986 1834 est
1010 1799 1207 1843 exemplum
1228 1797 1294 1832 Pe-

303 1867 369 1909 tri,
395 1871 429 1897 et
448 1869 496 1895 est
514 1857 709 1893 admonitio
727 1857 770 1888 de
794 1847 1150 1898 notvngmyizom'ufyf,
1180 1849 1213 1882 id
1233 1856 1294 1888 est,

304 1916 425 1962 quales
444 1913 513 1945 sint
533 1915 695 1946 eventus,
722 1905 865 1950 quando
886 1915 958 1935 non
983 1900 1175 1933 necessaria
1201 1900 1294 1942 peri-

303 1968 423 2001 culosa
449 1969 644 1998 tentamus.
679 1966 748 1991 men
775 1955 836 1988 mir
861 1952 1006 1996 febtlidyc
1032 1951 1185 1995 vxtnotige
1218 1952 1293 1995 δίης]

304 2019 483 2061 ftitnemen,
512 2012 601 2044 sicut
620 2007 728 2042 losias
748 2006 881 2039 bellum
899 2011 1013 2037 movet
1038 2014 1109 2059 non
1136 2013 1293 2035 necessa-

305 2071 419 2104 rium,
446 2063 540 2109 qnod
567 2061 676 2093 vitare
700 2063 853 2102 poterat,
881 2062 912 2088 et
939 2066 1039 2098 saepe
1071 2064 1120 2085 sic
1152 2059 1295 2096 peccant

308 2118 481 2153 homines,
506 2113 599 2158 quod
618 2110 749 2143 faciunt
767 2106 971 2149 irregularia
989 2105 1063 2137 sine
1081 2104 1294 2136 necessitate.

306 2171 353 2204 l't
373 2166 515 2213 quando
540 2163 683 2196 iuvenes
707 2158 908 2192 scandendo
927 2156 979 2187 vot
1007 2155 1160 2187 natando
1181 2166 1296 2188 accer-

309 2228 389 2254 sunt
410 2217 476 2251 sihi
504 2212 679 2258 pericula,
705 2210 848 2255 qnando
868 2214 1025 2251 parentes
1050 2206 1184 2238 elocant
1209 2206 1297 2237 filias

311 2270 450 2314 ignotis.
507 2264 660 2298 Maxime
680 2269 794 2294 autern
816 2259 862 2292 sic
884 2264 1041 2301 peccatur
1066 2256 1100 2288 in
1122 2258 1297 2299 guberna-

309 2324 426 2358 tione,
461 2317 602 2362 qnamlo
625 2312 753 2346 curiosi
779 2318 935 2353 regentes
967 2308 1098 2340 faciunt
1127 2307 1297 2341 novitates
1326 2315 1328 2343 j

311 2371 522 2417 periculosas
541 2366 615 2398 sine
635 2363 845 2397 necessitato.

415 2419 461 2454 l't
490 2425 603 2451 antem
635 2413 725 2447 lianc
753 2412 949 2446 doctrinam
982 2409 1070 2442 bene
1098 2409 1298 2442 considere-

312 2485 407 2507 mus,
436 2470 590 2513 primum
613 2472 772 2500 teneatur
789 2462 918 2496 divisio
935 2471 1094 2505 opernm.

415 2522 495 2556 Atia
516 2524 596 2551 sunt
614 2517 797 2553 mandata„
824 2525 912 2558 quae
932 2511 1139 2555 simpliciter
1164 2521 1300 2543 necesse
1328 2527 1330 2557 Ξ

1250 2560 1300 2595 De

315 2584 361 2607 cst
379 2575 507 2606 tacere.
538 2576 594 2606 ut,
621 2567 745 2601 Servo-s
772 2566 873 2597 sutum
893 2562 1112 2605 coniugalem
1131 2568 1192 2594 etc.

314 2625 366 2658 his
386 2636 454 2656 non
472 2620 624 2654 difficilis
641 2616 846 2651 deliberatio
863 2622 922 2647 cst.

888 51 1014 87 PHlL.
1043 49 1158 89 MEL.
1186 46 1396 86 SCRIPTA
1424 47 1725 89 EXEGETICA.

2243 51 2318 88 876

1434 135 1517 171 Alia
1534 143 1616 172 sunt
1634 133 1833 182 prohibita,
1862 147 1951 183 quae
1976 137 2182 182 simpliciter
2202 137 2323 182 fugere

1332 199 1471 223 necesse
1495 195 1563 227 est,
1606 195 1666 228 ut,
1707 187 1758 221 Ne
1790 187 1947 229 occidas,
1993 187 2046 222 Ne
2078 188 2219 222 invoces
2242 189 2321 223 ido-

1332 239 1420 275 lum.
1472 237 1526 272 De
1542 236 1598 271 his
1616 238 1720 272 etiarn
1737 238 1849 272 facilis
1866 238 2073 272 deliberatio
2093 245 2156 272 est.

1433 286 1579 322 Tertius
1601 289 1729 332 gradus
1749 296 1799 323 est
1818 300 1965 333 operum
1989 289 2207 327 mediorum,
2233 300 2322 334 quae

1333 350 1398 372 nec
1421 339 1614 372 necessaria
1639 346 1739 380 sunt,
1766 351 1830 373 nec
1852 350 2012 383 expresse
2033 337 2223 384 prohibita.
2275 338 2324 374 Ut

1332 390 1402 422 iam
1420 389 1514 430 dixi,
1542 395 1682 430 natare,
1713 390 1768 423 vel
1784 390 1916 424 bellum
1937 396 2079 434 propter
2103 388 2324 432 probabilem

1333 451 1474 474 causam
1494 451 1655 480 movere,
1682 441 1777 484 quod
1795 447 1911 474 tamen
1931 441 2045 474 omitti
2063 440 2183 485 possit.

1435 488 1504 523 Hic
1529 490 1705 523 discamus
1730 491 1901 533 regulam:
1939 489 1979 524 In
2005 490 2142 534 magnis
2163 489 2269 524 rebus
2291 496 2325 524 et

1334 540 1544 585 periculosis
1572 538 1665 573 nihil
1688 540 1888 574 faciendum
1910 553 1998 582 esse,
2026 542 2093 574 nisi
2113 541 2324 582 necessaria;

1336 597 1369 624 et
1391 602 1464 625 non
1481 591 1673 624 necessaria
1685 615 1694 630 ,
1720 602 1931 636 quamquam
1947 598 2027 626 sunt
2044 591 2210 637 speciosa,
2228 597 2260 624 et
2277 598 2326 626 est

1335 642 1427 676 bona
1443 642 1613 683 intentio,
1637 648 1752 675 tamen
1769 642 1963 675 omittenda
1981 654 2062 676 esse.

1439 691 1534 726 Haec
1559 699 1608 726 est
1635 690 1824 735 singularis
1849 692 2039 736 sapientia,
2074 699 2105 726 et
2133 693 2327 727 necessaria

1337 742 1503 776 omnibus
1521 740 1738 783 hominibus,
1758 742 1840 786 quia
1857 743 2027 786 scriptum
2046 749 2114 776 est:
2143 741 2215 785 Qui
2234 749 2328 777 amat

1339 793 1558 837 periculum,
1587 793 1719 837 peribit
1745 793 1781 826 in
1808 805 1860 825 eo.
1924 792 2032 827 ltem:
2067 791 2148 826 Non
2175 793 2328 827 tentabis

1337 843 1532 878 Dominum
1549 844 1667 877 Deum
1684 850 1802 881 tuum,
1830 843 1865 875 id
1893 850 1963 884 est,
1997 855 2041 876 ne
2065 850 2209 888 propter
2231 851 2329 878 tuam

1338 894 1545 938 sapientiam
1562 905 1702 928 moveas
1721 894 1954 937 periculosum
1979 895 2158 937 negotium
2175 894 2250 928 sine
2265 907 2327 928 ne-

1320 945 1514 984 cessitate,
1541 944 1616 977 sine
1641 945 1806 977 mandato
1830 943 1914 985 Dei,
1941 945 2016 978 sine
2041 944 2246 985 vocatione,
2273 956 2329 979 re-

1338 995 1419 1029 licta
1437 995 1491 1027 via
1509 995 1701 1034 communi,
1729 997 1959 1028 conveniente
1975 1007 2053 1028 cum
2070 997 2236 1028 mandato
2253 994 2330 1034 Dei,

1340 1052 1380 1079 ut
1400 1045 1506 1079 losias
1526 1052 1661 1090 poterat
1684 1042 1812 1078 habere
1832 1057 1970 1089 pacem,
1997 1057 2085 1091 quae
2102 1045 2133 1079 ei
2158 1045 2331 1080 offereba-

1341 1103 1418 1137 tur,
1445 1097 1504 1129 sed
1525 1096 1649 1129 maluit
1668 1093 1799 1129 habere
1816 1096 1962 1132 bellurn.

1443 1145 1493 1180 lta
1519 1143 1577 1179 hic
1603 1146 1728 1180 Petrus
1758 1147 1851 1179 hono
1885 1146 1977 1185 zelo,
2011 1147 2104 1180 bona
2136 1146 2332 1180 intentione
2376 1154 2378 1166 ²

1341 1196 1418 1231 vult
1434 1208 1617 1231 occurrere
1632 1197 1787 1231 Domino
1800 1223 1807 1236 ‚
1836 1197 1894 1229 sed
1913 1203 1963 1231 est
1982 1209 2070 1241 opus
2085 1209 2155 1230 non
2175 1208 2333 1231 necessa-

1342 1248 1434 1281 rium
1460 1254 1493 1281 et
1518 1248 1773 1291 periculosum,
1808 1247 1926 1281 relicta
1953 1248 2006 1281 via
2030 1248 2230 1288 communi,
2258 1247 2333 1281 sine

1342 1298 1564 1337 necessitate,
1591 1305 1624 1331 et
1641 1298 1716 1331 sine
1731 1297 1882 1331 utilitate
1898 1298 2060 1341 proximi.

1447 1347 1530 1381 ldeo
1554 1348 1752 1382 ostenditur
1780 1348 1810 1380 ei
1843 1348 2010 1389 stultitia,
2043 1348 2126 1393 quia
2154 1348 2333 1383 Dominus

1345 1398 1429 1432 sinit
1445 1410 1523 1431 eum
1542 1399 1662 1441 mergi.

1444 1447 1507 1481 Est
1532 1448 1636 1491 igitur
1654 1446 1737 1481 llaec
1761 1448 1872 1491 prima
1891 1449 2072 1489 doctrina,
2102 1461 2145 1482 ne
2166 1449 2334 1485 faciamus

1345 1511 1417 1532 non
1436 1500 1628 1532 neccssaria
1649 1498 1854 1542 periculosa.

1447 1547 1494 1582 Et
1520 1549 1728 1592 plerumque
1759 1548 1796 1580 in
1821 1548 1951 1582 talibus
1980 1549 2168 1591 periculis,
2200 1551 2337 1585 etiamsi

1346 1611 1435 1645 quae
1449 1599 1594 1633 suerunt
1611 1599 1710 1632 initia
1729 1598 1827 1639 fidei,
1851 1606 1966 1632 tamen
1986 1599 2064 1642 plus
2088 1600 2154 1634 suit
2169 1601 2336 1635 andaciae

1349 1649 1544 1689 humanae,
1583 1658 1615 1684 et
1645 1651 1729 1683 tides
1765 1657 1882 1694 postea
1918 1650 2082 1694 languefit
2118 1651 2154 1684 in
2189 1652 2335 1687 adverso

1349 1708 1488 1735 eventu.

1453 1750 1677 1795 Quamquam
1697 1757 1811 1783 autem
1830 1750 1976 1785 stultitia
2002 1751 2085 1791 suit,
2112 1753 2206 1797 quod
2227 1753 2338 1788 voluit

1349 1803 1509 1836 incedere
1527 1813 1628 1845 supra
1646 1813 1770 1845 aquas,
1798 1809 1914 1834 tamen
1931 1802 2012 1846 quia
2031 1801 2211 1836 Dominus
2227 1803 2338 1844 iussit,

1322 1854 1324 1903 J
1348 1861 1386 1888 ut
1411 1853 1562 1891 veniret,
1589 1853 1657 1884 iam
1682 1852 1804 1885 debuit
1831 1853 1990 1892 credere,
2016 1864 2052 1885 se
2076 1865 2148 1886 non
2173 1854 2337 1888 interitu-

1322 1905 1325 1952 ξ
1349 1917 1426 1937 rum
1445 1915 1528 1936 esse.
1580 1902 1648 1936 Sed
1667 1902 1738 1935 vult
1759 1903 1788 1934 ei
1808 1903 1988 1935 Dominus
2012 1909 2202 1948 utrumque
2219 1912 2338 1938 osten-

1323 1965 1325 1970 ·
1349 1956 1451 1994 dere,
1486 1953 1579 1998 quod
1603 1953 1708 1986 stulte
1732 1953 1868 1990 fecerit,
1903 1953 2025 1986 volens
2049 1954 2210 1988 incedere
2233 1966 2338 1998 super

1322 2019 1325 2046 ;
1349 2006 1448 2050 aquis
1465 2005 1539 2037 sine
1556 2003 1776 2041 necessitate,
1802 2011 1832 2037 et
1849 2005 1943 2048 quod
1963 2003 2048 2037 fides
2065 2004 2140 2037 eius
2158 2005 2262 2040 fucrit
2282 2007 2338 2040 in-

1323 2063 1325 2087 i
1349 2056 1503 2092 firmior.
1532 2066 1634 2100 qnam
1656 2054 1802 2096 putavit.

1452 2105 1566 2138 llabet
1581 2116 1662 2147 ergo
1681 2103 1804 2137 Petrus
1821 2111 1853 2138 et
1871 2102 1963 2138 banc
1982 2103 2242 2148 infirmitatem,
2270 2109 2338 2143 sci-

1324 2159 1327 2210 ᾗ
1351 2157 1448 2193 licet,
1477 2157 1570 2201 qnod
1590 2155 1710 2198 incipit
1731 2156 1892 2188 ‹lubitare
1912 2155 1946 2188 in
1964 2156 2080 2189 medio
2098 2157 2263 2200 periculo.

1454 2206 1518 2240 llic
1540 2207 1606 2239 iam
1622 2207 1772 2239 secunda
1793 2206 1952 2239 doctrina
1973 2207 2141 2246 discatur,
2168 2209 2340 2250 videlicet.

1326 2280 1327 2286 η
1352 2259 1444 2303 quod
1476 2256 1570 2291 Deus
1596 2264 1693 2290 sanat
1721 2264 1834 2290 errata
1863 2257 2093 2299 Sanctorum,
2129 2262 2271 2303 quando
2295 2263 2338 2295 ad

1352 2321 1431 2342 cum
1460 2309 1678 2351 confugiunt.
1740 2305 1854 2340 Dixi-1
1882 2320 1957 2339 cur..
1986 2308 2135 2341 iussisset
2160 2312 2337 2345 numerari

1326 2360 1542 2405 ιρομιιΙιιπι,
1577 2359 1680 2392 etiam
1715 2367 1830 2401 postea
1866 2360 2007 2399 agn-uit
2038 2372 2191 2392 errorem
2225 2373 2340 2402 sunm,

1327 2404 1329 2471 ἰ
1352 2423 1430 2444 cuni
1449 2409 1543 2443 Dens
1567 2410 1707 2453 putiirct
1731 2415 1911 2452 propterca
1938 2410 2107 2453 populum
2133 2412 2341 2455 pestilentia.

1328 2474 1329 2493 η
1354 2463 1410 2494 sed
1430 2469 1545 2494 tamen
1563 2461 1690 2493 deinde
1707 2459 1841 2491 veniam
1862 2460 2068 2501 impetravit.

1328 2498 1330 2515 ³
1456 2511 1573 2544 Moses
1606 2511 1709 2543 etiarn
1750 2511 1957 2553 trepidasit,
1995 2512 2138 2556 quando
2170 2515 2339 2556 percussit

1354 2574 1495 2599 saxum,
1523 2563 1581 2595 sed
1609 2572 1728 2595 rursus
1754 2568 1887 2595 erectus
1908 2569 1974 2600 est,
2001 2569 2034 2596 ct
2059 2570 2175 2607 postea
2195 2565 2341 2600 culinu-

1329 2631 1330 2634 ¹
1355 2622 1411 2647 tur
1433 2626 1449 2646 a
1475 2612 1560 2646 Deo.
