2409 2915
13 932 18 971 ἰ
71 939 232 975 miserias
261 942 367 975 fuisse
398 954 540 986 poenas.

85 100 160 137 461
627 96 709 132 ΧΠ.

83 183 289 231 peregrinus
309 190 402 225 erat,
435 181 611 228 principes
636 188 670 216 et
692 181 874 227 pontifices
898 182 930 215 ei
947 194 1069 228 parere

82 235 306 277 recusabant,
333 234 415 280 quia
432 233 587 267 sciebant
602 232 703 277 stirpi
717 231 804 266 luda
820 244 968 276 regnum
987 245 1068 278 pro·

82 285 230 319 missum
251 296 334 319 esse.
385 282 433 318 Et
455 295 535 318 cum
553 283 644 316 mate
661 284 968 318 accommodarent
985 296 1068 328 pro-

25 345 26 351 *
82 336 283 375 missiones,
309 335 495 379 sperabant
518 332 633 368 Deum
659 333 866 368 adfuturum
890 346 961 369 esse
983 335 1068 379 ipsis

83 386 335 431 expellentibus
349 383 541 419 Herodem.
593 383 669 417 Hac
685 396 744 428 spe
760 385 918 419 assiduos
934 385 1066 419 tumul-

80 444 138 471 tus
161 436 366 475 movebant,
400 441 433 469 et
453 435 643 469 movebant
667 435 873 474 infeliciter,
899 448 962 469 nec
986 436 1065 469 vin-

81 488 179 522 cebat
201 493 337 520 tantum
360 484 520 519 Herodes
544 485 728 519 trucidatis
749 486 871 520 multis
894 487 1065 526 millibus,

79 539 140 572 sed
168 535 273 570 etiam
302 536 529 580 praecipuum
560 536 747 580 collegium
776 547 837 569 seu
862 537 1064 577 concilium,

78 587 173 632 quod
190 586 363 620 vocabant
381 584 601 628 Sanbedrin,
627 587 788 621 funditus
803 587 942 629 delevit,
968 589 1062 634 quod

22 642 23 646 ’
75 637 145 672 fuit
167 648 343 671 summum
370 637 408 670 in
431 637 497 671 isto
520 637 670 682 populo,
698 638 741 671 ad
760 638 941 672 doctrinae
959 646 991 673 et
1008 650 1062 672 re-

75 687 220 732 ligionis
235 688 538 721 conservationem
556 688 771 722 institutum.
823 687 918 722 Haec
936 689 982 722 ita
1001 689 1062 722 fie-

74 739 179 777 bant,
207 737 289 783 quia
313 739 530 782 praedictum
554 745 646 779 erat,
672 745 756 772 tunc
777 745 965 772 venturum
991 750 1062 773 esse

15 792 16 798 ¹
73 786 276 830 Christum,
312 800 395 823 cum
419 789 524 834 stirps
554 788 642 823 luda
673 797 762 824 esset
793 801 957 834 oppressa
987 801 1060 824 ser-

75 839 197 875 vitute.

175 887 223 924 Et
251 891 516 925 meminerimus
547 889 640 924 hanc
671 890 892 932 servitutem,
934 897 968 925 et
997 888 1060 924 has

590 941 679 975 Nam
713 942 810 986 prius
841 943 971 976 sratres-
995 941 1060 974 filii
1083 943 1085 954 '

72 990 234 1033 Hircani,
261 993 388 1025 deinde
403 1000 549 1037 nepotes
563 993 606 1025 de
623 1004 730 1035 regno
744 998 962 1026 certaverant
978 1004 1059 1036 par-

71 1042 217 1077 ricidiis.
267 1041 382 1076 Erant
405 1050 438 1077 et
465 1044 499 1076 in
529 1042 662 1076 honore
680 1043 853 1076 Zaducaei
877 1049 910 1076 et
932 1040 1058 1076 Phari·
1082 1073 1083 1087 ἶ

70 1092 159 1134 saei,
193 1092 254 1137 qui
285 1099 529 1137 oppresserant
558 1105 673 1126 veram
704 1093 912 1127 doctrinam.
973 1092 1056 1127 ldeo
1081 1090 1084 1113 ἶ

70 1140 136 1176 hae
172 1155 307 1187 poenae
339 1150 477 1177 secutae
515 1150 616 1184 sunt,
655 1143 746 1177 sicut
776 1156 872 1177 nunc
901 1144 1056 1177 mundus

13 1216 15 1220 .
69 1193 265 1227 tristissima
288 1194 454 1228 servitute
478 1195 543 1227 sub
564 1193 690 1228 Turcis
714 1200 749 1227 et
771 1195 850 1227 aliis
873 1194 1056 1238 premitur,

69 1250 213 1288 propter
229 1244 342 1284 idola,
370 1245 555 1283 libidines,
583 1251 617 1278 et
633 1244 701 1277 alia
720 1244 860 1287 flagitia.

167 1292 383 1327 Consideres
404 1301 518 1328 autem
542 1301 627 1327 tunc
652 1295 745 1327 inter
766 1300 881 1328 tantas
906 1294 1054 1339 dissipa-

5 1335 9 1349 ”
66 1344 180 1377 tiones
204 1344 303 1387 regni
326 1351 359 1377 et
377 1344 578 1385 doctrinae,
605 1351 721 1377 tamen
740 1351 893 1378 servatas
909 1355 982 1378 esse
999 1357 1054 1378 re-

64 1393 193 1439 liquias
221 1406 323 1428 verae
353 1393 548 1435 Ecclesiae,
589 1392 817 1435 Zachariam,
858 1393 1054 1436 Elisabeth,

65 1442 212 1488 Ioseph,
246 1444 420 1485 Mariam,
454 1444 676 1485 Simeonem,
709 1443 872 1485 Annam,
904 1452 938 1479 et
965 1446 1053 1479 alios

63 1495 213 1535 multos,
245 1494 307 1540 qui
337 1493 453 1529 adhuc
483 1508 607 1540 puram
634 1496 832 1529 doctrinam
857 1493 1052 1540 Propheta-

63 1557 142 1579 rum
168 1545 411 1588 retinuerunt,
446 1553 479 1580 et.
503 1546 542 1580 in
569 1543 623 1579 his
646 1546 819 1588 miseriis,
846 1547 931 1579 dum
955 1553 1052 1591 pete-

61 1603 141 1630 rent
159 1608 199 1629 ex
210 1595 359 1629 lectione
371 1594 628 1640 Prophetarum
641 1597 932 1637 consolationem,
958 1597 1052 1630 mul-

60 1653 95 1681 ta
126 1646 329 1681 didicerunt
360 1653 394 1681 et
426 1647 536 1681 multa
568 1658 627 1680 eos
660 1647 868 1692 quotidiana
896 1647 1050 1691 precatio

60 1698 190 1732 docuit.

162 1746 211 1782 Ut
232 1754 349 1782 autem
366 1746 481 1781 Maria
506 1748 626 1781 credat
646 1748 791 1790 angelo,
817 1747 961 1781 additur
983 1748 1050 1781 mi-

58 1798 218 1833 raculum
243 1799 286 1832 de
310 1799 454 1842 gravida
477 1810 548 1831 anu
591 1799 670 1831 ideo
698 1799 733 1832 fit
755 1798 888 1831 mentio
910 1799 1049 1832 numeri

57 1849 233 1883 mensium
265 1860 285 1882 a
315 1855 488 1892 conceptu
511 1847 711 1882 Elisabeth:
740 1845 806 1881 hoc
830 1855 966 1893 tempus
990 1861 1048 1882 ex—

57 1906 232 1945 pectatum
257 1906 324 1940 est,
353 1906 390 1934 nt
414 1900 484 1932 iam
508 1906 602 1932 certo
625 1906 800 1933 constaret
823 1911 930 1932 anum
950 1900 1046 1932 illam

57 1962 130 1984 esse
153 1950 348 1994 gravidam.
390 1947 530 1993 Allegat
557 1950 665 1993 igitur
689 1950 834 1992 angelus
859 1947 926 1982 hoc
950 1951 1047 1984 testi-

56 2001 232 2035 monium:
265 2002 414 2039 Credas,
440 2000 575 2046 inquit,
604 1999 681 2034 voci
703 2012 819 2039 meae,
844 2000 927 2044 quia
951 1999 1046 2034 Deus

56 2051 223 2095 proponit
247 2052 311 2085 tibi
335 2052 577 2086 testimonium
602 2063 697 2085 meae
713 2051 921 2095 legationis,
949 2053 1044 2097 quod

55 2100 141 2136 haec
157 2113 244 2135 anus
261 2102 303 2135 sit
320 2102 463 2145 gravida
484 2102 585 2136 sacta.

424 2194 470 2218 De
502 2195 674 2219 secundo.

155 2250 289 2286 Omnia
315 2262 420 2295 opera
435 2249 501 2284 Dei
526 2251 562 2283 in
586 2248 792 2284 hominibus
812 2251 856 2285 ita
874 2252 978 2290 fiunt,
1004 2258 1042 2285 nt

52 2303 156 2337 initio
180 2308 408 2346 expavescant
431 2301 559 2341 animi,
586 2301 680 2335 iuxta
707 2301 814 2334 illud:
845 2301 914 2335 Ubi
941 2299 1040 2335 habi-

51 2355 139 2388 tabit
165 2353 366 2387 Dominus?
393 2353 430 2385 in
455 2352 581 2396 spiritu
606 2352 758 2386 contrito
784 2359 815 2385 et
841 2349 1041 2393 humiliato,

51 2411 86 2439 et
108 2411 279 2438 tremente
303 2415 482 2437 sermones
509 2414 621 2443 meos,
648 2403 727 2447 qnia
747 2401 841 2435 Deus
865 2402 940 2435 vult
965 2403 1039 2446 pri-

49 2467 147 2490 mum
180 2466 366 2499 agnoscere
398 2466 463 2488 nos
487 2460 642 2487 nostram
670 2452 927 2493 infirmitatem,
964 2453 1039 2487 vult

50 2517 114 2540 nos
130 2505 359 2551 perterrefieri
372 2532 381 2546 ,
407 2511 443 2538 ut
460 2511 581 2551 postea
599 2504 819 2544 consoletur,
847 2504 934 2536 sicut
951 2504 1037 2537 scri-

47 2563 148 2600 ptum
173 2563 242 2591 est:
270 2556 424 2590 Deducit
447 2556 490 2588 ad
514 2555 665 2593 inferos,
693 2562 726 2588 et
750 2561 866 2597 postea
890 2555 1036 2588 reducit.

48 2604 162 2641 Item:
185 2606 391 2641 Humilibus
413 2607 472 2639 dat
493 2605 651 2648 gratiam.
703 2605 885 2638 Praeterea
910 2612 1034 2640 natura

50 2653 204 2693 hominis
227 2658 303 2692 sine
327 2656 592 2691 confirmatione
617 2655 737 2690 divina
762 2668 806 2689 ne
823 2662 935 2701 potest
953 2657 1032 2702 qui-

758 92 1149 132 A-NNOTATIONES
1182 94 1232 131 IN
1265 93 1570 136 EVANGELIA:

2030 102 2104 140 462

1121 180 1200 214 dem
1217 181 1389 216 sustinere
1398 180 1513 217 Deum
1525 210 1534 226 ‚
1559 183 1633 219 sive
1648 196 1710 230 per
1725 196 1760 220 se
1775 186 1998 232 loquentem,
2026 189 2100 223 sive

1121 243 1182 276 per
1212 232 1373 275 angelos,
1408 234 1481 266 sive
1508 246 1571 278 per
1602 233 1783 278 homines,
1815 239 2099 285 quandocunque

1119 293 1180 315 cor
1207 282 1334 317 feritur
1362 284 1470 317 verbo
1495 283 1580 325 Dei,
1611 288 1823 331 expavescit,
1855 289 1943 323 sicut
1974 290 2100 324 clamat

1118 332 1269 377 populus
1298 334 1342 367 ad
1374 341 1530 368 montem
1554 334 1656 369 Sina:
1689 337 1770 371 Non
1800 339 1966 384 loquatur
1997 339 2100 374 nobis

1117 382 1312 425 Dominus,
1338 396 1383 418 ne
1404 384 1608 419 moriamur.
1662 386 1732 420 Sed
1755 388 1792 420 in
1815 387 1870 422 his
1889 390 1971 434 ipsis
1987 397 2099 424 terro-

1118 433 1215 467 ribus
1246 434 1318 475 illi,
1361 435 1423 480 qui
1455 436 1619 475 credunt,
1652 448 1772 471 rursus
1804 439 1987 482 eriguntur
2015 453 2099 475 voce

1116 481 1321 526 Evangelii,
1348 486 1438 520 sicut
1458 483 1515 520 hic
1534 486 1648 521 Maria
1666 488 1765 522 audit
1780 485 1871 523 hanc
1889 502 2023 524 vocem:
2048 490 2099 524 Ne

1116 534 1256 576 timeas,
1283 535 1449 570 invenisti
1469 537 1561 570 enim
1581 537 1726 580 gratiam
1742 540 1835 586 apud
1852 538 1979 574 Deum.

1215 585 1382 631 Exempla
1420 594 1501 621 sunt
1539 588 1667 631 passim
1701 589 1804 623 obvia
1835 590 1872 623 in
1903 590 2097 634 scripturis,

1116 647 1205 680 quae
1227 638 1417 671 ostendunt
1443 635 1537 672 hunc
1557 650 1628 672 esse
1645 639 1826 682 ordinem,
1852 641 1988 686 quoties
2002 640 2099 674 Deus

1114 686 1291 731 loquitur,
1326 694 1365 721 ut
1394 690 1603 732 praecedant
1627 696 1796 730 terrores,
1827 698 1993 736 sequatur
2013 703 2098 725 con·

1114 737 1258 772 solatio:
1295 736 1353 772 hic
1377 739 1466 772 ordo
1490 739 1596 772 etiam
1617 739 1654 772 in
1678 742 1905 775 conversione
1931 742 2096 775 cernitur.

1113 786 1248 829 David,
1276 787 1423 830 Paulus,
1451 796 1659 832 arguuntur,
1685 798 1719 824 et
1732 799 1973 834 expavescunt,
2000 799 2099 836 post-

1113 849 1152 871 ea
1174 838 1370 882 eriguntur.
1422 837 1472 873 Et
1490 840 1527 872 in
1547 841 1777 874 concionibus
1794 840 1899 875 huius
1916 842 1991 875 sesti
2010 842 2097 875 Ber-

1112 889 1243 922 nardus
1273 890 1315 922 de
1337 888 1400 923 hac
1422 902 1460 923 re
1485 890 1641 931 disserit,
1675 898 1708 924 et
1730 892 1995 926 memorabilem
2018 904 2097 925 sen-

1112 939 1256 972 tentiam
1290 941 1394 973 tradit
1427 941 1470 973 de
1500 940 1585 974 fide:
1620 941 1701 975 Non
1731 943 1844 977 solum
1876 941 1943 976 hoc
1967 944 2097 984 credas,

1111 990 1241 1023 remitti
1266 997 1421 1034 peccata,
1450 991 1509 1024 sed
1531 992 1637 1033 gratis
1656 993 1805 1034 remitti,
1832 1000 1865 1027 et
1883 993 1947 1027 tibi
1964 994 2096 1027 remitti

1111 1041 1229 1073 credas
1246 1047 1391 1087 propter
1405 1039 1605 1078 Christum.
1652 1041 1728 1077 Hac
1743 1044 1811 1078 fide
1827 1043 2018 1089 Apostolus
2036 1044 2095 1085 ait,

1109 1091 1295 1125 Iustificari
1314 1089 1505 1128 hominem.

1504 1194 1551 1219 De
1582 1193 1704 1219 tertio.

1209 1241 1366 1287 Angelus
1388 1246 1548 1279 adfirmat
1566 1246 1719 1280 Mariam
1742 1247 1921 1290 gravidam
1940 1248 2031 1286 fore,
2059 1255 2097 1282 et·

1107 1294 1301 1338 parituram
1330 1295 1442 1328 filium
1470 1297 1682 1340 promissum
1711 1309 1773 1341 per
1802 1305 1916 1341 patres
1948 1305 1980 1332 et
2004 1298 2094 1332 Pro-

1107 1342 1240 1387 phetas,
1263 1351 1296 1378 et
1315 1345 1418 1388 longa
1435 1347 1638 1380 narratione
1655 1347 1777 1381 recitat
1796 1349 1868 1392 ipsa
1888 1349 1993 1382 verba
2010 1361 2092 1391 pro-

1106 1395 1325 1428 missionum.
1380 1395 1503 1439 Cogita
1529 1404 1664 1438 autem,
1691 1404 1856 1443 quantam
1880 1399 2092 1432 consolatio-

1106 1457 1186 1477 nem
1211 1446 1287 1488 piae
1312 1446 1423 1479 menti
1447 1445 1530 1481 haec
1548 1454 1643 1481 tanta
1661 1460 1716 1481 res
1732 1449 1905 1487 attulerit,
1934 1461 2091 1493 praeser-

1105 1496 1168 1529 tim
1195 1496 1347 1530 intuenti
1371 1497 1601 1531 miserrimam
1627 1499 1892 1543 dissipationem
1916 1498 2090 1533 Ecclesiae

1105 1546 1179 1579 eius
1217 1547 1402 1590 temporis,
1444 1560 1533 1592 quae
1567 1550 1758 1582 admodum
1796 1557 1870 1583 erat
1900 1557 2087 1583 attenuata.

1104 1596 1243 1631 Recitat
1262 1603 1377 1630 autem
1396 1599 1540 1640 angelus
1559 1600 1664 1633 verba
1683 1600 1944 1642 promissionis,
1971 1607 2001 1633 et
2017 1601 2088 1633 cla-

1103 1659 1140 1679 re
1167 1646 1302 1691 inquit,
1330 1645 1424 1680 hunc
1442 1655 1563 1682 natum
1586 1656 1811 1690 regnaturum
1832 1661 1904 1683 esse
1919 1651 1994 1683 sine
2009 1651 2088 1684 fine.

1104 1696 1190 1730 Tale
1212 1709 1284 1730 non
1303 1703 1415 1740 potest
1435 1710 1507 1731 esse
1523 1699 1710 1742 imperium
1729 1700 1764 1732 in
1783 1698 1846 1733 hae
1864 1701 2003 1733 mortali
2025 1713 2088 1735 na-

1103 1754 1192 1782 tura.
1243 1746 1313 1780 Nec
1346 1748 1493 1781 dubium
1521 1756 1588 1789 est,
1624 1747 1707 1783 haec
1732 1751 1893 1794 pluribus
1918 1751 2087 1793 explicata

1101 1809 1192 1838 esse,
1219 1798 1307 1831 sicut
1327 1798 1442 1831 statim
1467 1806 1544 1843 post
1568 1801 1711 1842 angelus
1733 1801 1774 1834 ad
1803 1799 1926 1844 loseph
1954 1802 2086 1846 inquit:

1099 1847 1282 1881 Liberabit
1313 1849 1483 1892 populum
1519 1861 1538 1882 a
1569 1851 1726 1893 peccatis.
1787 1850 1882 1893 Quid
1913 1849 1979 1885 hoc
2012 1852 2088 1886 est?

1101 1911 1173 1932 non
1191 1899 1304 1931 solum
1324 1899 1477 1933 remittet
1494 1899 1531 1932 in
1549 1898 1614 1933 hac
1630 1900 1699 1934 vita
1711 1927 1721 1942 ‚
1747 1902 1806 1934 sed
1824 1913 1905 1935 vere
1919 1903 2086 1944 abolebit,

1100 1949 1178 1982 data
1196 1961 1287 1982 nova
1304 1949 1374 1983 vita
1393 1949 1430 1981 in
1446 1951 1709 1986 resurrectione.

1200 1997 1245 2032 Et
1271 1997 1339 2032 huc
1363 2000 1565 2033 referendae
1582 2008 1664 2035 sunt
1681 2002 1874 2036 sententiae
1890 2001 2085 2047 Propheta-

1098 2062 1196 2089 rum,
1233 2061 1322 2093 quae
1354 2050 1396 2082 de
1429 2051 1604 2084 abolendo
1629 2060 1768 2096 peccato
1790 2059 1821 2086 et
1844 2055 1888 2087 de
1910 2055 2083 2088 abolenda

1097 2107 1227 2139 morte,
1255 2101 1298 2132 de
1320 2101 1486 2134 donanda
1512 2114 1602 2135 nova
1628 2110 1661 2136 et
1687 2110 1853 2147 perpetua
1880 2104 1947 2137 vita
1972 2112 2002 2138 et
2028 2105 2083 2137 iu—

1097 2150 1194 2183 sticia
1227 2150 1431 2194 loquuntur.
1487 2151 1549 2186 Ut:
1585 2151 1620 2185 O
1649 2165 1763 2191 mors,
1799 2166 1857 2187 ero
1889 2166 1983 2187 mors
2010 2163 2081 2190 tua.

1097 2199 1200 2234 ltem:
1229 2201 1370 2234 Feriam
1394 2213 1527 2235 novum
1545 2210 1705 2247 pactum,
1732 2204 1822 2237 dabo
1839 2205 1947 2247 legem
1966 2217 2079 2238 meam

1095 2251 1131 2283 in
1149 2253 1253 2284 corda
1271 2263 1405 2288 eorum.
1458 2251 1537 2287 Erit
1556 2254 1663 2296 igitur
1679 2254 1746 2286 tale
1764 2266 1928 2297 regnum,
1955 2255 1989 2288 in
2009 2269 2078 2300 quo

1093 2299 1253 2336 Christus
1276 2302 1398 2335 vivens
1421 2303 1490 2337 vita
1514 2311 1654 2338 aeterna
1679 2305 1837 2348 regnabit
1857 2305 1949 2339 inter
1968 2307 2081 2339 dona—

1092 2359 1145 2387 tos
1163 2353 1233 2387 vita
1252 2359 1404 2389 aeterna.

1475 2454 1521 2479 De
1554 2458 1689 2486 quarto.

1189 2502 1258 2540 Hic
1290 2506 1386 2539 locus
1417 2507 1658 2540 testimonium
1691 2513 1739 2540 est
1773 2506 1929 2545 articuli,
1979 2509 2080 2552 quod

1087 2552 1250 2590 Christus
1266 2563 1454 2600 conceptus
1470 2558 1514 2591 sit
1529 2557 1839 2599 efficaciaSpiritus
1854 2557 1974 2597 sancti,
2000 2559 2073 2591 sinc

1087 2606 1182 2640 virili
1199 2608 1352 2647 semine,
1379 2614 1418 2641 ut
1434 2605 1562 2642 Matth.
1583 2608 1613 2642 1.
1632 2608 1720 2640 clare
1736 2607 1882 2641 dicitur:
1912 2607 2016 2651 Quod
2036 2610 2071 2641 in

1086 2669 1124 2691 ea
1149 2665 1269 2691 natum
1297 2665 1365 2699 est,
1393 2665 1443 2692 est
1469 2670 1486 2691 a
1506 2658 1641 2702 Spiritu
1668 2665 1803 2692 sancto..
1851 2657 1891 2691 ld
1916 2660 2078 2693 testium.-
