2409 2915
251 99 346 137 115⁵

514 176 591 213 Sed
609 175 713 212 alias
739 187 817 211 oves
839 172 972 218 habeo,
1261 176 1266 202 ¹

250 244 284 277 id
304 249 372 280 est,
399 239 557 284 gentium
574 236 758 272 Ecclesias.
813 235 987 279 Quartam
1005 241 1141 280 partem
1155 233 1239 268 sub-

251 294 343 333 iicit,
378 292 472 325 unde
503 290 576 324 sint
605 299 707 329 oves,
742 293 970 333 posteaquam
997 288 1041 321 de
1067 285 1240 331 pascendo
1265 284 1267 296 '

252 344 334 378 satis
352 342 462 376 multa
482 340 584 376 dixit.

451 423 557 472 Quae
581 436 655 459 non
678 427 764 458 sunt
788 433 834 456 ex
856 418 923 456 hoc
945 420 1046 464 ovili,

255 497 277 529 i.
295 507 323 529 e.
340 507 378 529 ex
397 494 503 528 Israel
520 493 714 527 secundum
732 502 886 526 carnem.
939 489 1029 524 Nam
1046 490 1083 523 in
1101 487 1243 524 Christo

255 545 411 591 oportuit
430 544 591 579 benedici
609 555 731 577 omnes
748 548 887 586 gentes,
917 539 1048 577 Genes.
1065 540 1148 575 ΧΠ.

434 627 488 663 Et
515 626 607 662 illas
634 630 772 674 oporiet
796 638 851 660 me
877 623 1069 668 adducere,

256 700 339 745 quia
365 695 499 732 Christi
525 696 680 742 potentia
705 702 738 729 et
763 695 914 729 efficacia
938 695 994 734 fit,
1028 701 1067 728 ut
1093 693 1247 726 credant.

258 750 352 784 Deus
369 749 462 783 enim
481 750 540 782 dat
558 749 837 787 incrementum,
863 753 902 780 ut
920 747 950 779 1.
964 742 1127 780 Corinth.
1148 743 1210 777 III.

257 894 406 932 scilicet,
448 904 651 938 quanquam
683 904 744 936 per
773 891 860 923 alios
894 889 1096 927 ministros,
1132 896 1249 922 tamen

258 943 391 979 Christi
423 957 489 978 vox
522 951 590 984 est,
626 954 715 988 quae
746 941 895 974 innovat
921 947 954 974 et
979 939 1160 974 illuminat
1187 952 1250 974 au-

258 997 406 1032 dientes.

386 1077 440 1112 El
456 1076 522 1124 fiel
547 1089 660 1112 unum
685 1075 780 1110 ovile
807 1080 837 1109 el
865 1087 959 1109 unus
982 1079 1122 1122 pastor.

362 1144 516 1180 Ecclesia
533 1157 572 1178 ex
591 1144 729 1178 Iudaeis
745 1150 777 1177 et
794 1144 957 1187 gentibus
973 1154 1035 1186 per
1051 1143 1251 1176 misericor-

261 1200 354 1233 diam
374 1197 528 1231 collecta.
582 1195 684 1230 Unus
703 1202 838 1239 pastor,
865 1192 1040 1235 Christus,
1067 1195 1127 1239 qui
1146 1195 1249 1228 corda

261 1250 420 1283 oninium
445 1247 664 1281 credentium
691 1246 798 1290 pascit
822 1253 856 1280 et
881 1252 1038 1278 renovat.
1091 1244 1185 1288 Quia
1208 1246 1252 1278 de

262 1299 478 1334 adducendis
503 1298 665 1342 gentibus
690 1296 809 1341 paullo
835 1302 916 1329 ante
935 1296 1073 1329 locutus
1092 1302 1159 1330 est:
1187 1308 1250 1329 ne-

263 1363 354 1385 cesse
386 1357 453 1390 est,
486 1349 636 1392 intelligi
667 1345 756 1381 hanc
779 1347 1004 1380 sententiam:
1038 1346 1116 1380 Erit
1138 1359 1248 1380 unum

262 1402 355 1436 ovile
380 1409 413 1434 et
439 1411 530 1433 unus
556 1406 693 1443 pastor,
721 1399 764 1431 de
783 1395 938 1431 Ecclesia
962 1397 1030 1429 iam
1050 1397 1194 1430 collecta
1211 1409 1249 1429 ex

263 1452 425 1497 gentibus
456 1457 488 1484 et
515 1449 663 1484 Iudaeis.
733 1447 859 1492 Coepit
892 1447 1033 1491 impleri
1066 1447 1249 1488 sententia,

263 1515 372 1549 quum
399 1502 552 1546 primum
577 1506 627 1534 est
643 1499 878 1542 Evangelium
906 1498 942 1530 in
968 1504 1086 1540 gentes
1108 1498 1250 1542 praedi-

264 1561 398 1593 catum,
433 1551 643 1596 implerique
672 1551 716 1584 ad
746 1561 824 1582 eum
856 1549 1001 1581 modum
1027 1560 1166 1582 necesse
1191 1556 1251 1590 est,

264 1605 353 1639 sicut
377 1603 510 1647 coepit,
538 1603 580 1635 ad
603 1601 709 1634 finem
728 1612 838 1645 usque
856 1599 994 1634 mundi.
1047 1597 1142 1633 Haec
1160 1600 1251 1638 dico,

264 1668 307 1689 ne
324 1655 402 1701 quis
419 1653 642 1696 imaginetur,
664 1649 779 1685 adhuc
794 1661 973 1694 superesse
990 1662 1122 1683 novum
1140 1662 1251 1696 quen-

266 1710 344 1741 dam
372 1704 546 1740 Ecclesiae
577 1711 725 1743 statum,
759 1703 795 1734 in
828 1713 931 1747 quem
965 1708 1084 1744 gentes
1116 1703 1253 1742 coe'ant,

265 1765 297 1792 et
324 1764 466 1791 externo
493 1756 563 1789 ritu
589 1754 812 1789 conveniant.
866 1752 1012 1796 Alioqui
1038 1752 1065 1784 si
1092 1754 1250 1786 nondum
1276 1793 1279 1804 ,

265 1815 385 1852 coepta
414 1814 465 1840 est
489 1806 627 1850 impleri
651 1802 854 1849 prophetia,
896 1816 969 1835 non
993 1803 1058 1837 suit
1084 1801 1252 1837 hactenus
1277 1823 1280 1871 1

265 1867 382 1904 pastor
405 1855 578 1892 Christus.
631 1855 677 1891 Et
705 1856 786 1901 quia
812 1853 944 1889 Christi
973 1861 1111 1897 pastura
1139 1862 1169 1889 et
1196 1868 1252 1887 re-
1277 1886 1279 1894 ⁴

266 1921 374 1954 gnum
397 1921 467 1943 non
493 1916 542 1942 est
565 1908 703 1941 visibile
728 1907 780 1939 vel
798 1905 979 1949 corporale
997 1917 1164 1947 reguum.
1192 1906 1252 1938 sed

267 1972 412 2004 reguum
445 1959 543 1995 fidei,
578 1957 669 2003 (boc
701 1965 750 1990 est
780 1957 985 1989 illuminaus
1017 1963 1047 1989 et
1079 1952 1279 1996 renovans}

267 2012 372 2045 corda
399 2010 598 2053 cognitione
622 2007 706 2051 Dei,
742 2021 830 2052 quae
855 2008 938 2039 sides
963 2009 1047 2049 est),
1083 2019 1170 2051 quae
1193 2020 1251 2040 co-
1278 2019 1279 2023 ¹

265 2063 377 2105 gnitio
402 2073 461 2094 seu
487 2061 589 2098 sides,
617 2060 698 2104 quia
723 2071 740 2091 e
759 2058 990 2103 promissione
1009 2069 1067 2091 seu
1086 2059 1192 2091 verbo
1210 2059 1252 2092 dc
1277 2053 1280 2074 ‘

265 2112 409 2148 Christo
426 2112 552 2149 oritur,
580 2111 658 2143 ideo
678 2109 927 2153 regnumlidei,
956 2109 1095 2152 proprie
1106 2121 1251 2151 reguum

265 2162 395 2199 Christi
430 2163 578 2202 dicitur,
620 2162 713 2207 quod
751 2173 768 2193 a
803 2160 1023 2203 promulgato
1058 2159 1252 2203 Evangelio

267 2218 382 2253 durat,
410 2216 521 2246 donec
538 2212 719 2256 glorificati
738 2211 869 2245 suerint
885 2211 1005 2244 sancti.
1048 2209 1141 2244 Tum
1159 2212 1251 2244 cuim

268 2267 424 2299 tradetur
450 2276 595 2307 regnum
617 2263 726 2307 patri.
755 2263 774 2294 i.
795 2274 822 2297 e.
842 2267 915 2295 tum
936 2274 1006 2294 nou
1024 2261 1088 2294 erit
1107 2274 1252 2304 reguum

267 2317 365 2355 fidei,
394 2315 625 2356 cognoscendi
647 2314 754 2358 patris
772 2325 832 2356 per
851 2313 996 2345 verbum
1014 2309 1166 2351 Christi,
1194 2315 1251 2346 sed
1278 2335 1279 2339 =

268 2369 332 2402 erit
364 2379 508 2407 regnum
544 2366 692 2407 gloriae,
731 2377 809 2398 cum
843 2371 974 2407 putri-nu
1007 2365 1280 2404 coguosreuiusI

268 2418 565 2464 quemadmodum
597 2416 728 2460 cogniti
757 2427 888 2449 suiuus.
950 2414 1069 2447 l'rimo
1093 2413 1254 2447 (Iliristus
1278 2422 1281 2445 Ι

269 2471 335 2510 ait,
361 2480 396 2502 se
420 2481 491 2501 esse
512 2469 659 2504 ostium.
687 2475 715 2499 et
739 2466 939 2505 ostiarium,
968 2465 1028 2510 qui
1049 2465 1175 2498 revelet
1195 2478 1254 2509 pa·
1278 2458 1280 2474 ¹

269 2529 372 2556 trem;
410 2531 490 2563 crgo
515 2520 603 2553 ratio
627 2531 698 2551 non
723 2517 852 2551 revelat
876 2524 1020 2560 patrem.
1081 2514 1186 2555 Item,
1222 2530 1256 2549 se

270 2583 340 2605 csse
362 2577 546 2615 pastorem,
568 2570 627 2615 qui
646 2575 770 2614 pascat,
795 2579 866 2601 non
881 2568 1029 2602 occidat.
1081 2566 1257 2607 Secundo,

271 2636 304 2655 se
338 2629 447 2654 mort«-
479 2634 538 2654 sua
566 2622 671 2654 xitam
697 2620 824 2653 «nibus
849 2619 1054 2656 redemisse.
1089 2626 1121 2651 ct
1145 2626 1257 2652 morte

271 2672 409 2709 testari.
444 2674 535 2716 quud
564 2672 720 2707 solicitus
745 2671 785 2704 sit
814 2683 877 2714 pro
901 2670 1039 2705 usibus.
1102 2668 1203 2703 Nunc
1228 2670 1256 2703 si

839 89 966 128 PHIL.
993 88 1111 126 MEL.
1136 88 1345 127 SCRIPTA
1371 89 1675 128 EXEGETICA.

489 831 542 866 Et
567 844 681 866 vocem
707 843 825 865 meam
852 827 1016 868 audient,
1172 840 1176 846 ·

2182 93 2280 130 1136

1291 177 1364 221 ipse
1388 183 1501 212 morte
1524 188 1586 211 sua
1611 188 1678 211 nos
1701 177 1869 219 redemit,
1895 187 1977 220 ergo
2002 166 2077 210 non
2100 177 2281 213 redimunt

1297 239 1422 272 opera,
1456 229 1517 262 sed
1548 239 1588 261 ex
1613 228 1681 262 fide
1705 227 1946 262 iustificamur.
2012 227 2156 269 Tertio,
2183 229 2280 274 quod

1293 285 1478 322 cognoscat
1499 289 1600 319 oves,
1626 286 1660 313 et
1683 279 1835 313 vicissim
1853 279 1896 313 ab
1912 278 1984 312 illis
1999 286 2282 323 recognoscatur,

1291 329 1381 363 sicut
1405 330 1538 364 revelat
1557 340 1637 362 eum
1661 337 1770 374 pater.
1823 330 1981 374 Quarto,
2006 341 2090 364 oves
2105 341 2177 364 esse
2196 341 2282 374 geu-

1293 387 1343 415 tes
1361 387 1394 414 et
1412 379 1567 414 Iudaeos.

1505 461 1701 513 Propterea
1723 476 1777 499 me
1801 462 1927 512 diligit
1950 469 2072 514 pater,

1294 532 1426 566 scilicet
1455 532 1534 567 ideo
1566 545 1623 567 me
1648 540 1820 577 pastorem
1846 534 1946 574 fecit,
1979 534 2062 579 quia
2087 545 2181 578 pono
2206 533 2285 568 ani-

1296 595 1387 616 mam
1413 595 1546 625 meam,
1573 584 1608 617 id
1635 590 1703 623 est,
1728 584 1810 629 quia
1831 584 1982 625 morior,
2009 585 2088 619 ideo
2104 585 2286 628 glorificat,

1297 635 1392 668 iuxta
1412 635 1500 668 illud
1518 634 1648 668 Psalm.
1663 634 1776 669 CIX.:
1802 634 1855 668 De
1873 641 2027 669 torrente
2045 636 2082 668 in
2102 637 2157 668 via
2176 636 2285 676 bibet,

1297 692 1480 730 propterea
1504 686 1670 720 exaltabit
1686 693 1800 730 caput.
1853 683 1938 720 Item
1955 685 2083 722 Psalm.
2100 685 2284 720 LXVIll.:

1298 735 1453 770 Placebit
1473 737 1550 771 Deo
1569 749 1674 781 super
1690 737 1840 770 vitulum
1859 736 2050 770 novellum.
2101 736 2147 770 Et
2161 736 2285 770 Esaiae

1298 786 1410 820 L111.:
1439 786 1476 822 Si
1506 789 1659 831 posuerit
1679 799 1742 832 pro
1763 794 1899 832 peccata
1915 787 2070 820 animam
2087 799 2204 827 suam,
2231 787 2285 821 vi-

1300 839 1396 872 debit
1415 850 1534 871 semen
1558 839 1788 882 longaevum,
1815 839 1838 873 i.
1856 850 1884 872 e.
1906 838 1942 871 in
1959 846 2140 873 aeternum
2157 850 2284 882 regna-

1300 889 1370 930 bit,
1398 895 1431 922 et
1456 889 1621 923 voluntas
1645 890 1782 923 domini
1808 890 1844 922 in
1868 901 1976 923 manu
2002 890 2076 923 eius
2101 889 2285 933 dirigetur.

1300 939 1478 974 Describit
1502 947 1617 974 autem
1639 941 1676 973 in
1698 938 1856 974 hocloco
1872 951 2019 983 regnum
2035 951 2158 982 suum,
2183 940 2287 986 quale

1300 992 1335 1024 id
1355 991 1514 1024 futurum
1530 991 1591 1033 sit,
1619 991 1687 1025 tale
1703 991 1835 1026 scilicet
1847 1018 1856 1032 ,
1883 1003 1918 1024 se
1936 1002 2120 1035 passurum
2136 1003 2226 1032 esse,
2254 997 2288 1025 et

1302 1043 1384 1087 quia
1410 1042 1454 1076 sit
1479 1043 1570 1086 patri
1594 1042 1783 1084 obediens,
1809 1043 1988 1083 futurum,
2015 1049 2055 1076 ut
2079 1054 2157 1076 eum
2177 1041 2287 1085 glori-

1301 1093 1377 1126 ficet
1403 1100 1435 1127 et
1458 1105 1572 1137 regem
1598 1093 1720 1134 faciat,
1749 1105 1890 1139 esseque
1913 1093 2190 1136 glorificaturum
2208 1104 2288 1126 curn

1301 1144 1541 1178 resurrexerit.
1595 1143 1684 1177 Nam
1705 1144 1821 1178 ludaei
1846 1145 2033 1188 sperabant
2051 1144 2240 1178 carnaliter
2254 1149 2289 1176 et

1302 1195 1426 1228 mundi
1452 1207 1550 1228 more
1572 1202 1800 1238 regnaturum
1827 1195 2005 1228 Messiam.
2058 1194 2178 1238 Quare
2200 1195 2289 1227 sicut

1301 1257 1406 1289 supra
1432 1247 1546 1279 reiicit
1571 1258 1653 1279 oves
1672 1245 1778 1281 Israel
1803 1246 1977 1287 carnales,
2006 1246 2052 1279 ita
2073 1243 2129 1279 hic
2150 1256 2289 1291 quoque

1300 1297 1420 1338 docet,
1448 1309 1595 1340 reguum
1615 1297 1796 1341 spirituale
1814 1297 1973 1332 futurum
1991 1308 2074 1330 esse.

1551 1379 1604 1413 Et
1629 1380 1758 1415 ilerum
1781 1393 1926 1415 sumam
1954 1393 2044 1419 eam,

1301 1447 1339 1480 id
1356 1453 1417 1487 est,
1446 1458 1635 1489 resurgam.
1691 1447 1849 1481 Primum
1867 1445 1924 1481 bic
1941 1447 2156 1487 observabis,
2183 1448 2291 1493 quod,

1301 1499 1390 1531 sicut
1407 1509 1468 1541 per
1485 1509 1622 1530 crucem
1633 1496 1798 1532 Christus
1814 1506 1863 1532 est
1874 1499 2098 1541 glorificatus.
2126 1498 2172 1531 ita
2185 1510 2291 1541 opor-

1302 1556 1351 1582 tet
1382 1555 1414 1581 et
1440 1560 1504 1581 nos
1528 1548 1660 1582 similes
1682 1549 1756 1581 ficri
1782 1549 1944 1592 imaginis
1974 1549 2036 1581 silii
2063 1547 2148 1588 Dei,
2184 1546 2290 1582 Rom.

1305 1597 1408 1634 VIII.
1452 1597 1551 1632 Mors
1567 1606 1598 1632 ct
1615 1610 1736 1632 omnes
1753 1599 1964 1633 afflictiones
1979 1606 2061 1633 suut
2074 1601 2291 1633 instrumen-

1303 1657 1356 1689 ta,
1393 1650 1522 1695 quibus
1554 1657 1698 1694 paratur
1727 1650 1837 1693 gloria
1864 1650 1945 1683 filiis
1969 1649 2045 1685 Dei.
2115 1649 2292 1687 Secundo,

1304 1701 1364 1746 qui
1395 1701 1432 1733 in
1465 1701 1661 1734 tentatione
1690 1701 1796 1736 sentit
1822 1713 1856 1734 se
1881 1702 2053 1736 voluntati
2080 1700 2147 1734 Dei
2170 1712 2291 1744 parere

1305 1752 1490 1797 patiendo,
1525 1751 1620 1784 illius
1649 1764 1710 1785 cor
1732 1752 1886 1797 quiescet
1908 1760 1940 1786 et
1965 1751 2211 1785 sabbatizabit:
2245 1751 2291 1785 si-

1305 1809 1362 1836 cut
1387 1801 1547 1836 Christus
1579 1803 1682 1843 dicit,
1715 1815 1750 1836 se
1781 1815 1964 1847 passurum
1990 1815 2081 1844 esse,
2114 1815 2187 1835 non
2212 1802 2292 1848 quia

1305 1852 1371 1887 hoc
1389 1853 1514 1886 mundi
1531 1854 1630 1887 furor
1644 1861 1762 1897 cogat,
1788 1855 1846 1887 sed
1864 1855 1959 1899 quod
1978 1854 2025 1887 sic
2041 1854 2129 1899 patri
2147 1853 2292 1898 placeat.

1306 1905 1406 1939 Sicut
1430 1905 1491 1937 lob
1513 1905 1668 1938 dicebat:
1697 1905 1797 1939 Sicut
1820 1905 1968 1938 domiuo
1992 1905 2143 1947 placuit,
2171 1905 2217 1938 ita
2240 1903 2293 1937 fa-

1306 1963 1399 1989 ctum
1425 1962 1487 1989 est.
1540 1955 1599 1989 Sic
1616 1955 1729 2000 inquit
1748 1953 1930 1999 Christus,
1962 1956 2038 1989 ideo
2056 1967 2091 1988 se
2110 1966 2291 1998 passurum

1306 2018 1396 2045 esse,
1423 2007 1504 2051 quia
1529 2006 1575 2039 ita
1601 2007 1760 2039 videatur
1776 2007 1906 2040 amanti
1927 2007 2029 2049 patri.
2081 2005 2153 2048 Qui
2172 2016 2293 2039 sensus

1305 2069 1365 2090 seu
1390 2057 1533 2090 affectus
1557 2068 1636 2089 vere
1658 2057 1741 2090 fides
1765 2065 1816 2091 est
1834 2057 2086 2091 committentis
2103 2067 2139 2089 se
2155 2056 2292 2090 miseri-

1306 2109 1445 2141 cordiae
1467 2115 1499 2141 ct
1517 2108 1630 2140 bonae
1650 2108 1823 2142 voluntati
1843 2109 1968 2153 patris,
1995 2116 2032 2142 ut
2051 2106 2180 2141 Psalm.
2198 2105 2292 2141 XV.:

1306 2158 1541 2192 Providcbaui
1553 2159 1737 2192 dominum
1751 2159 1785 2191 in
1799 2167 1985 2203 conspectu
2000 2171 2076 2192 mco
2087 2164 2294 2202 semperetc.

1304 2209 1350 2243 lit
1368 2209 1498 2245 XXV.:
1528 2209 1707 2251 Quoniam
1730 2210 1969 2244 misericordia
1996 2217 2054 2243 tua
2076 2216 2156 2243 ante
2174 2209 2295 2243 ocutos

1306 2273 1401 2295 meos
1418 2268 1485 2301 est,
1514 2268 1544 2294 et
1564 2261 1759 2305 complacui
1779 2262 1924 2296 veritate
1942 2269 1999 2295 tna
2021 2268 2081 2294 etc.

1473 2343 1591 2380 Nemo
1618 2343 1717 2379 tollit
1741 2351 1823 2385 ele„
1858 2343 1924 2380 sed
1938 2358 2002 2393 cgo
2021 2358 2129 2392 pono.

1411 2412 1450 2446 lu
1469 2414 1510 2446 iis
1526 2413 1656 2445 verbis:
1685 2411 1760 2455 Ego
1777 2426 1904 2458 ponam
1917 2440 1925 2451 ,
1952 2424 2013 2455 ego
2032 2423 2183 2451 sumam,
2212 2423 2294 2456 pro-

1279 2495 1281 2503 ι
1306 2466 1379 2499 dita
1399 2472 1478 2498 sunt
1496 2471 1700 2505 argumenta
1718 2461 2069 2497 dixiuitatissshristi.
2106 2462 2174 2495 Sed
2194 2474 2291 2506 prac-

1307 2524 1358 2550 ter
1374 2513 1437 2549 boc
1458 2516 1547 2553 vide,
1575 2516 1753 2560 quomodo
1769 2516 1887 2548 doceat
1908 2526 1970 2547 nos
1987 2515 2022 2547 in
2039 2513 2292 2547 tentationibus

1307 2575 1461 2611 spectare
1492 2578 1564 2598 non
1590 2572 1768 2598 externam
1796 2566 1865 2598 vim
1892 2567 1949 2598 scd
1975 2565 2190 2598 voluntatem
2216 2563 2290 2602 Dei,

1307 2618 1404 2663 quasi
1426 2618 1473 2650 sic
1492 2618 1602 2650 dicat:
1634 2614 1717 2649 Esto
1731 2644 1738 2654 ,
1766 2617 1931 2650 invadant
1952 2623 2072 2661 portae
2088 2615 2293 2655 inferorum.

1308 2677 1423 2702 tamen
1441 2669 1561 2701 divina
1581 2667 1760 2702 voluntan-
1777 2681 1917 2712 ponam,
1943 2666 2106 2711 recipiam
2126 2666 2292 2701 animam.
