<?xml version="1.0" encoding="UTF-8"?>
<!DOCTYPE html PUBLIC "-//W3C//DTD XHTML 1.0 Transitional//EN"
    "http://www.w3.org/TR/xhtml1/DTD/xhtml1-transitional.dtd">
<html xmlns="http://www.w3.org/1999/xhtml" xml:lang="en" lang="en">
 <head>
  <title>
</title>
<meta http-equiv="Content-Type" content="text/html;charset=utf-8" />
  <meta name='ocr-system' content='tesseract 3.04.00' />
  <meta name='ocr-capabilities' content='ocr_page ocr_carea ocr_par ocr_line ocrx_word'/>
</head>
<body>
  <div class='ocr_page' id='page_1' title='image "./operaquaesupersu14melauoft/operaquaesupersu14melauoft_0059.png"; bbox 0 0 2409 2915; ppageno 0'>
   <div class='ocr_carea' id='block_1_1' title="bbox 120 108 1097 362">
    <p class='ocr_par' dir='ltr' id='par_1_1' title="bbox 120 108 1097 362">
     <span class='ocr_line' id='line_1_1' title="bbox 120 108 731 142; baseline 0 0"><span class='ocrx_word' id='word_1_1' title='bbox 120 108 186 142; x_wconf 88' lang='lat'>101</span> <span class='ocrx_word' id='word_1_2' title='bbox 670 108 731 142; x_wconf 83' lang='lat' dir='ltr'>XI.</span> 
     </span>
     <span class='ocr_line' id='line_1_2' title="bbox 505 192 716 246; baseline -0.009 -11"><span class='ocrx_word' id='word_1_3' title='bbox 505 192 641 246; x_wconf 82' lang='lat' dir='ltr'>Caput</span> <span class='ocrx_word' id='word_1_4' title='bbox 684 194 716 233; x_wconf 89' lang='lat'>1.</span> 
     </span>
     <span class='ocr_line' id='line_1_3' title="bbox 170 272 1097 360; baseline 0 -50"><span class='ocrx_word' id='word_1_5' title='bbox 170 273 214 311; x_wconf 92' lang='lat' dir='ltr'><em>V</em></span> <span class='ocrx_word' id='word_1_6' title='bbox 211 275 295 360; x_wconf 76' lang='lat' dir='ltr'>erbla</span> <span class='ocrx_word' id='word_1_7' title='bbox 328 273 576 310; x_wconf 79' lang='lat' dir='ltr'>Ecclesiastae</span> <span class='ocrx_word' id='word_1_8' title='bbox 602 272 683 318; x_wconf 85' lang='lat' dir='ltr'><em>filii</em></span> <span class='ocrx_word' id='word_1_9' title='bbox 710 273 844 309; x_wconf 56' lang='lat' dir='ltr'>David</span> <span class='ocrx_word' id='word_1_10' title='bbox 875 275 969 321; x_wconf 79' lang='lat' dir='ltr'>regis</span> <span class='ocrx_word' id='word_1_11' title='bbox 993 274 1097 310; x_wconf 85' lang='lat' dir='ltr'>Ieru-</span> 
     </span>
     <span class='ocr_line' id='line_1_4' title="bbox 216 339 345 362; baseline 0.008 -1"><span class='ocrx_word' id='word_1_12' title='bbox 216 339 260 361; x_wconf 84' lang='lat' dir='ltr'>sa</span> <span class='ocrx_word' id='word_1_13' title='bbox 281 339 345 362; x_wconf 84' lang='lat' dir='ltr'>em.</span> 
     </span>
    </p>
   </div>
   <div class='ocr_carea' id='block_1_2' title="bbox 106 400 1096 1296">
    <p class='ocr_par' dir='ltr' id='par_1_2' title="bbox 106 400 1096 1296">
     <span class='ocr_line' id='line_1_5' title="bbox 218 400 1096 445; baseline 0.001 -10"><span class='ocrx_word' id='word_1_14' title='bbox 218 402 260 435; x_wconf 93' lang='lat' dir='ltr'>In</span> <span class='ocrx_word' id='word_1_15' title='bbox 282 400 384 435; x_wconf 91' lang='lat' dir='ltr'>titulo</span> <span class='ocrx_word' id='word_1_16' title='bbox 408 401 569 435; x_wconf 89' lang='lat' dir='ltr'>nominat</span> <span class='ocrx_word' id='word_1_17' title='bbox 594 412 628 434; x_wconf 93' lang='lat' dir='ltr'>se</span> <span class='ocrx_word' id='word_1_18' title='bbox 645 401 813 435; x_wconf 83' lang='lat' dir='ltr'>Salomon</span> <span class='ocrx_word' id='word_1_19' title='bbox 837 409 869 435; x_wconf 87' lang='lat' dir='ltr'>et</span> <span class='ocrx_word' id='word_1_20' title='bbox 884 401 1035 445; x_wconf 83' lang='lat' dir='ltr'>Regem,</span> <span class='ocrx_word' id='word_1_21' title='bbox 1063 409 1096 436; x_wconf 87' lang='lat' dir='ltr'>et</span> 
     </span>
     <span class='ocr_line' id='line_1_6' title="bbox 116 451 1093 497; baseline -0.001 -10"><span class='ocrx_word' id='word_1_22' title='bbox 116 451 363 492; x_wconf 90' lang='lat' dir='ltr'>Ecclesiasten‚</span> <span class='ocrx_word' id='word_1_23' title='bbox 397 452 433 485; x_wconf 92' lang='lat' dir='ltr'>id</span> <span class='ocrx_word' id='word_1_24' title='bbox 460 459 527 493; x_wconf 84' lang='lat' dir='ltr'>est,</span> <span class='ocrx_word' id='word_1_25' title='bbox 553 453 855 493; x_wconf 71' lang='lat' dir='ltr'>concionatorem,</span> <span class='ocrx_word' id='word_1_26' title='bbox 882 465 949 497; x_wconf 90' lang='lat' dir='ltr'>qua</span> <span class='ocrx_word' id='word_1_27' title='bbox 976 453 1093 496; x_wconf 89' lang='lat' dir='ltr'>appel-</span> 
     </span>
     <span class='ocr_line' id='line_1_7' title="bbox 115 502 1094 547; baseline -0.001 -10"><span class='ocrx_word' id='word_1_28' title='bbox 115 504 243 537; x_wconf 77' lang='lat' dir='ltr'>latione</span> <span class='ocrx_word' id='word_1_29' title='bbox 267 502 439 546; x_wconf 87' lang='lat' dir='ltr'>significat</span> <span class='ocrx_word' id='word_1_30' title='bbox 462 504 504 535; x_wconf 90' lang='lat' dir='ltr'>ad</span> <span class='ocrx_word' id='word_1_31' title='bbox 529 503 683 536; x_wconf 80' lang='lat' dir='ltr'>officium</span> <span class='ocrx_word' id='word_1_32' title='bbox 702 503 901 547; x_wconf 77' lang='lat' dir='ltr'>principum</span> <span class='ocrx_word' id='word_1_33' title='bbox 920 504 1094 547; x_wconf 84' lang='lat' dir='ltr'>pertinere</span> 
     </span>
     <span class='ocr_line' id='line_1_8' title="bbox 114 553 1092 594; baseline -0.001 -6"><span class='ocrx_word' id='word_1_34' title='bbox 114 561 151 588; x_wconf 91' lang='lat' dir='ltr'>ut</span> <span class='ocrx_word' id='word_1_35' title='bbox 172 559 294 586; x_wconf 87' lang='lat' dir='ltr'>curent</span> <span class='ocrx_word' id='word_1_36' title='bbox 316 560 408 587; x_wconf 87' lang='lat' dir='ltr'>recte</span> <span class='ocrx_word' id='word_1_37' title='bbox 431 554 549 587; x_wconf 89' lang='lat' dir='ltr'>doceri</span> <span class='ocrx_word' id='word_1_38' title='bbox 568 553 760 594; x_wconf 51' lang='lat' dir='ltr'>Ecclesia,</span> <span class='ocrx_word' id='word_1_39' title='bbox 786 554 873 587; x_wconf 91' lang='lat' dir='ltr'>sicut</span> <span class='ocrx_word' id='word_1_40' title='bbox 897 555 933 586; x_wconf 90' lang='lat' dir='ltr'>in</span> <span class='ocrx_word' id='word_1_41' title='bbox 954 553 1092 587; x_wconf 79' lang='lat' dir='ltr'>Psalmo</span> 
     </span>
     <span class='ocr_line' id='line_1_9' title="bbox 112 603 1093 648; baseline 0.001 -11"><span class='ocrx_word' id='word_1_42' title='bbox 112 603 254 637; x_wconf 89' lang='lat' dir='ltr'>dicitur:</span> <span class='ocrx_word' id='word_1_43' title='bbox 282 603 327 637; x_wconf 84' lang='lat' dir='ltr'>Et</span> <span class='ocrx_word' id='word_1_44' title='bbox 343 616 438 637; x_wconf 90' lang='lat' dir='ltr'>nunc</span> <span class='ocrx_word' id='word_1_45' title='bbox 456 615 552 647; x_wconf 86' lang='lat' dir='ltr'>reges</span> <span class='ocrx_word' id='word_1_46' title='bbox 568 604 763 647; x_wconf 84' lang='lat' dir='ltr'>intelligite.</span> <span class='ocrx_word' id='word_1_47' title='bbox 821 605 922 638; x_wconf 86' lang='lat' dir='ltr'>ltem:</span> <span class='ocrx_word' id='word_1_48' title='bbox 950 605 1093 648; x_wconf 81' lang='lat' dir='ltr'>Aperite</span> 
     </span>
     <span class='ocr_line' id='line_1_10' title="bbox 110 654 1091 699; baseline 0.001 -12"><span class='ocrx_word' id='word_1_49' title='bbox 110 661 227 697; x_wconf 88' lang='lat' dir='ltr'>portas</span> <span class='ocrx_word' id='word_1_50' title='bbox 251 654 428 699; x_wconf 83' lang='lat' dir='ltr'>principes</span> <span class='ocrx_word' id='word_1_51' title='bbox 453 662 594 690; x_wconf 81' lang='lat' dir='ltr'>vestras,</span> <span class='ocrx_word' id='word_1_52' title='bbox 648 655 751 688; x_wconf 83' lang='lat' dir='ltr'>Item:</span> <span class='ocrx_word' id='word_1_53' title='bbox 782 654 822 688; x_wconf 88' lang='lat' dir='ltr'>In</span> <span class='ocrx_word' id='word_1_54' title='bbox 848 656 1091 689; x_wconf 87' lang='lat' dir='ltr'>conveniendo</span> 
     </span>
     <span class='ocr_line' id='line_1_11' title="bbox 109 705 1091 749; baseline 0.001 -11"><span class='ocrx_word' id='word_1_55' title='bbox 109 716 205 748; x_wconf 82' lang='lat' dir='ltr'>reges</span> <span class='ocrx_word' id='word_1_56' title='bbox 237 712 269 738; x_wconf 90' lang='lat' dir='ltr'>et</span> <span class='ocrx_word' id='word_1_57' title='bbox 298 706 447 749; x_wconf 92' lang='lat' dir='ltr'>populos</span> <span class='ocrx_word' id='word_1_58' title='bbox 476 706 515 739; x_wconf 86' lang='lat' dir='ltr'>in</span> <span class='ocrx_word' id='word_1_59' title='bbox 545 717 655 739; x_wconf 91' lang='lat' dir='ltr'>unum</span> <span class='ocrx_word' id='word_1_60' title='bbox 687 712 725 739; x_wconf 91' lang='lat' dir='ltr'>ut</span> <span class='ocrx_word' id='word_1_61' title='bbox 749 706 901 739; x_wconf 83' lang='lat' dir='ltr'>serviant</span> <span class='ocrx_word' id='word_1_62' title='bbox 925 705 1091 741; x_wconf 88' lang='lat' dir='ltr'>Domino.</span> 
     </span>
     <span class='ocr_line' id='line_1_12' title="bbox 109 754 1091 801; baseline 0.001 -12"><span class='ocrx_word' id='word_1_63' title='bbox 109 754 215 789; x_wconf 87' lang='lat' dir='ltr'>Hunc</span> <span class='ocrx_word' id='word_1_64' title='bbox 244 756 383 789; x_wconf 88' lang='lat' dir='ltr'>dulcem</span> <span class='ocrx_word' id='word_1_65' title='bbox 415 756 627 790; x_wconf 90' lang='lat' dir='ltr'>versiculum</span> <span class='ocrx_word' id='word_1_66' title='bbox 652 768 753 800; x_wconf 81' lang='lat' dir='ltr'>saepe</span> <span class='ocrx_word' id='word_1_67' title='bbox 776 757 926 798; x_wconf 79' lang='lat' dir='ltr'>cogitare</span> <span class='ocrx_word' id='word_1_68' title='bbox 951 764 1091 801; x_wconf 84' lang='lat' dir='ltr'>oporte-</span> 
     </span>
     <span class='ocr_line' id='line_1_13' title="bbox 110 806 1090 852; baseline 0.001 -13"><span class='ocrx_word' id='word_1_69' title='bbox 110 806 170 840; x_wconf 89' lang='lat' dir='ltr'>hat</span> <span class='ocrx_word' id='word_1_70' title='bbox 194 813 227 839; x_wconf 86' lang='lat' dir='ltr'>et</span> <span class='ocrx_word' id='word_1_71' title='bbox 246 807 423 851; x_wconf 84' lang='lat' dir='ltr'>principes</span> <span class='ocrx_word' id='word_1_72' title='bbox 448 814 480 840; x_wconf 90' lang='lat' dir='ltr'>et</span> <span class='ocrx_word' id='word_1_73' title='bbox 502 807 669 852; x_wconf 89' lang='lat' dir='ltr'>populos:</span> <span class='ocrx_word' id='word_1_74' title='bbox 704 807 785 852; x_wconf 88' lang='lat' dir='ltr'>quia</span> <span class='ocrx_word' id='word_1_75' title='bbox 809 808 966 852; x_wconf 88' lang='lat' dir='ltr'>utrisque</span> <span class='ocrx_word' id='word_1_76' title='bbox 990 819 1090 851; x_wconf 84' lang='lat' dir='ltr'>prae-</span> 
     </span>
     <span class='ocr_line' id='line_1_14' title="bbox 110 857 1089 901; baseline 0.001 -12"><span class='ocrx_word' id='word_1_77' title='bbox 110 857 255 901; x_wconf 81' lang='lat' dir='ltr'>cipitur,</span> <span class='ocrx_word' id='word_1_78' title='bbox 280 863 319 890; x_wconf 91' lang='lat' dir='ltr'>ut</span> <span class='ocrx_word' id='word_1_79' title='bbox 343 857 573 899; x_wconf 90' lang='lat' dir='ltr'>conveniant,</span> <span class='ocrx_word' id='word_1_80' title='bbox 600 859 633 891; x_wconf 91' lang='lat' dir='ltr'>id</span> <span class='ocrx_word' id='word_1_81' title='bbox 656 865 723 897; x_wconf 84' lang='lat' dir='ltr'>est,</span> <span class='ocrx_word' id='word_1_82' title='bbox 751 865 916 891; x_wconf 90' lang='lat' dir='ltr'>tueantur</span> <span class='ocrx_word' id='word_1_83' title='bbox 933 870 1089 891; x_wconf 86' lang='lat' dir='ltr'>commu-</span> 
     </span>
     <span class='ocr_line' id='line_1_15' title="bbox 108 909 1090 952; baseline 0.001 -12"><span class='ocrx_word' id='word_1_84' title='bbox 108 919 187 940; x_wconf 88' lang='lat' dir='ltr'>nem</span> <span class='ocrx_word' id='word_1_85' title='bbox 208 909 511 952; x_wconf 81' lang='lat' dir='ltr'>congregationem</span> <span class='ocrx_word' id='word_1_86' title='bbox 525 916 557 942; x_wconf 89' lang='lat' dir='ltr'>et</span> <span class='ocrx_word' id='word_1_87' title='bbox 575 909 810 942; x_wconf 87' lang='lat' dir='ltr'>ministerium</span> <span class='ocrx_word' id='word_1_88' title='bbox 829 909 924 942; x_wconf 89' lang='lat' dir='ltr'>vocis</span> <span class='ocrx_word' id='word_1_89' title='bbox 938 909 1090 949; x_wconf 87' lang='lat' dir='ltr'>divinae,</span> 
     </span>
     <span class='ocr_line' id='line_1_16' title="bbox 108 959 1088 997; baseline 0 -6"><span class='ocrx_word' id='word_1_90' title='bbox 108 965 142 992; x_wconf 88' lang='lat' dir='ltr'>et</span> <span class='ocrx_word' id='word_1_91' title='bbox 173 959 310 992; x_wconf 85' lang='lat' dir='ltr'>discant</span> <span class='ocrx_word' id='word_1_92' title='bbox 341 962 457 992; x_wconf 69' lang='lat' dir='ltr'>veram</span> <span class='ocrx_word' id='word_1_93' title='bbox 489 960 705 997; x_wconf 83' lang='lat' dir='ltr'>doctrinam,</span> <span class='ocrx_word' id='word_1_94' title='bbox 741 966 773 993; x_wconf 92' lang='lat' dir='ltr'>et</span> <span class='ocrx_word' id='word_1_95' title='bbox 802 971 884 992; x_wconf 81' lang='lat' dir='ltr'>vero</span> <span class='ocrx_word' id='word_1_96' title='bbox 918 971 1088 992; x_wconf 87' lang='lat' dir='ltr'>consensu</span> 
     </span>
     <span class='ocr_line' id='line_1_17' title="bbox 107 1008 1087 1044; baseline -0.001 -2"><span class='ocrx_word' id='word_1_97' title='bbox 107 1008 221 1042; x_wconf 92' lang='lat' dir='ltr'>Deum</span> <span class='ocrx_word' id='word_1_98' title='bbox 244 1009 409 1044; x_wconf 85' lang='lat' dir='ltr'>invocent</span> <span class='ocrx_word' id='word_1_99' title='bbox 426 1017 459 1044; x_wconf 89' lang='lat' dir='ltr'>et</span> <span class='ocrx_word' id='word_1_100' title='bbox 475 1011 671 1043; x_wconf 79' lang='lat' dir='ltr'>doctrinam</span> <span class='ocrx_word' id='word_1_101' title='bbox 689 1021 893 1043; x_wconf 87' lang='lat' dir='ltr'>conservare</span> <span class='ocrx_word' id='word_1_102' title='bbox 910 1011 1087 1043; x_wconf 80' lang='lat' dir='ltr'>studeant:</span> 
     </span>
     <span class='ocr_line' id='line_1_18' title="bbox 108 1058 1088 1104; baseline 0 -12"><span class='ocrx_word' id='word_1_103' title='bbox 108 1058 224 1093; x_wconf 89' lang='lat' dir='ltr'>Huius</span> <span class='ocrx_word' id='word_1_104' title='bbox 247 1066 361 1094; x_wconf 90' lang='lat' dir='ltr'>autem</span> <span class='ocrx_word' id='word_1_105' title='bbox 388 1061 437 1104; x_wconf 91' lang='lat' dir='ltr'>pii</span> <span class='ocrx_word' id='word_1_106' title='bbox 463 1072 652 1094; x_wconf 86' lang='lat' dir='ltr'>consensus</span> <span class='ocrx_word' id='word_1_107' title='bbox 676 1072 771 1103; x_wconf 83' lang='lat' dir='ltr'>reges</span> <span class='ocrx_word' id='word_1_108' title='bbox 789 1061 917 1093; x_wconf 84' lang='lat' dir='ltr'>debent</span> <span class='ocrx_word' id='word_1_109' title='bbox 935 1072 1006 1093; x_wconf 88' lang='lat' dir='ltr'>esse</span> <span class='ocrx_word' id='word_1_110' title='bbox 1024 1061 1088 1093; x_wconf 87' lang='lat' dir='ltr'>du-</span> 
     </span>
     <span class='ocr_line' id='line_1_19' title="bbox 107 1109 1089 1156; baseline -0.001 -12"><span class='ocrx_word' id='word_1_111' title='bbox 107 1122 161 1144; x_wconf 86' lang='lat' dir='ltr'>ces</span> <span class='ocrx_word' id='word_1_112' title='bbox 184 1117 216 1144; x_wconf 88' lang='lat' dir='ltr'>et</span> <span class='ocrx_word' id='word_1_113' title='bbox 238 1117 392 1144; x_wconf 77' lang='lat' dir='ltr'>autores:</span> <span class='ocrx_word' id='word_1_114' title='bbox 423 1112 501 1144; x_wconf 90' lang='lat' dir='ltr'>ideo</span> <span class='ocrx_word' id='word_1_115' title='bbox 527 1109 583 1144; x_wconf 85' lang='lat' dir='ltr'>hic</span> <span class='ocrx_word' id='word_1_116' title='bbox 605 1123 746 1156; x_wconf 88' lang='lat' dir='ltr'>quoque</span> <span class='ocrx_word' id='word_1_117' title='bbox 764 1110 931 1144; x_wconf 88' lang='lat' dir='ltr'>Salomon</span> <span class='ocrx_word' id='word_1_118' title='bbox 953 1123 987 1143; x_wconf 91' lang='lat' dir='ltr'>se</span> <span class='ocrx_word' id='word_1_119' title='bbox 1005 1123 1089 1143; x_wconf 88' lang='lat' dir='ltr'>con-</span> 
     </span>
     <span class='ocr_line' id='line_1_20' title="bbox 106 1161 1087 1204; baseline 0 -10"><span class='ocrx_word' id='word_1_120' title='bbox 106 1161 319 1194; x_wconf 88' lang='lat' dir='ltr'>cionatorem</span> <span class='ocrx_word' id='word_1_121' title='bbox 345 1162 522 1201; x_wconf 86' lang='lat' dir='ltr'>nominat,</span> <span class='ocrx_word' id='word_1_122' title='bbox 549 1162 748 1204; x_wconf 78' lang='lat' dir='ltr'>significans</span> <span class='ocrx_word' id='word_1_123' title='bbox 771 1173 806 1193; x_wconf 87' lang='lat' dir='ltr'>se</span> <span class='ocrx_word' id='word_1_124' title='bbox 825 1161 913 1193; x_wconf 90' lang='lat' dir='ltr'>velle</span> <span class='ocrx_word' id='word_1_125' title='bbox 932 1169 1087 1194; x_wconf 88' lang='lat' dir='ltr'>autorem</span> 
     </span>
     <span class='ocr_line' id='line_1_21' title="bbox 107 1210 1089 1255; baseline 0 -11"><span class='ocrx_word' id='word_1_126' title='bbox 107 1223 178 1244; x_wconf 90' lang='lat' dir='ltr'>esse</span> <span class='ocrx_word' id='word_1_127' title='bbox 205 1211 254 1255; x_wconf 87' lang='lat' dir='ltr'>pii</span> <span class='ocrx_word' id='word_1_128' title='bbox 277 1224 465 1246; x_wconf 84' lang='lat' dir='ltr'>consensus</span> <span class='ocrx_word' id='word_1_129' title='bbox 492 1213 527 1244; x_wconf 92' lang='lat' dir='ltr'>in</span> <span class='ocrx_word' id='word_1_130' title='bbox 554 1210 706 1245; x_wconf 80' lang='lat' dir='ltr'>Ecclesia</span> <span class='ocrx_word' id='word_1_131' title='bbox 730 1218 761 1244; x_wconf 88' lang='lat' dir='ltr'>et</span> <span class='ocrx_word' id='word_1_132' title='bbox 787 1212 964 1244; x_wconf 79' lang='lat' dir='ltr'>custodem</span> <span class='ocrx_word' id='word_1_133' title='bbox 989 1224 1089 1245; x_wconf 80' lang='lat' dir='ltr'>verae</span> 
     </span>
     <span class='ocr_line' id='line_1_22' title="bbox 107 1262 296 1296; baseline 0 -1"><span class='ocrx_word' id='word_1_134' title='bbox 107 1262 296 1296; x_wconf 88' lang='lat' dir='ltr'>doctrinae.</span> 
     </span>
    </p>
   </div>
   <div class='ocr_carea' id='block_1_3' title="bbox 100 1376 1092 2662">
    <p class='ocr_par' dir='ltr' id='par_1_3' title="bbox 161 1376 1092 1479">
     <span class='ocr_line' id='line_1_23' title="bbox 161 1376 1092 1425; baseline -0.002 -12"><span class='ocrx_word' id='word_1_135' title='bbox 161 1378 325 1414; x_wconf 82' lang='lat' dir='ltr'>Vanilas</span> <span class='ocrx_word' id='word_1_136' title='bbox 341 1380 546 1414; x_wconf 69' lang='lat' dir='ltr'>vanitatum</span> <span class='ocrx_word' id='word_1_137' title='bbox 560 1409 567 1421; x_wconf 94' lang='lat'>,</span> <span class='ocrx_word' id='word_1_138' title='bbox 595 1385 625 1414; x_wconf 83' lang='lat' dir='ltr'>et</span> <span class='ocrx_word' id='word_1_139' title='bbox 643 1380 766 1414; x_wconf 81' lang='lat' dir='ltr'>omnia</span> <span class='ocrx_word' id='word_1_140' title='bbox 787 1379 942 1413; x_wconf 64' lang='lat' dir='ltr'>vanitas.</span> <span class='ocrx_word' id='word_1_141' title='bbox 988 1376 1092 1425; x_wconf 73' lang='lat' dir='ltr'>Quid</span> 
     </span>
     <span class='ocr_line' id='line_1_24' title="bbox 208 1428 1091 1479; baseline -0.003 -15"><span class='ocrx_word' id='word_1_142' title='bbox 208 1428 317 1465; x_wconf 81' lang='lat' dir='ltr'>habel</span> <span class='ocrx_word' id='word_1_143' title='bbox 334 1428 442 1465; x_wconf 76' lang='lat' dir='ltr'>homo</span> <span class='ocrx_word' id='word_1_144' title='bbox 454 1429 616 1479; x_wconf 68' lang='lat' dir='ltr'>amplius·</span> <span class='ocrx_word' id='word_1_145' title='bbox 630 1429 671 1465; x_wconf 76' lang='lat' dir='ltr'>de</span> <span class='ocrx_word' id='word_1_146' title='bbox 684 1431 849 1465; x_wconf 58' lang='lat' dir='ltr'>universo</span> <span class='ocrx_word' id='word_1_147' title='bbox 862 1429 987 1463; x_wconf 79' lang='lat' dir='ltr'>labore</span> <span class='ocrx_word' id='word_1_148' title='bbox 997 1442 1063 1463; x_wconf 80' lang='lat' dir='ltr'>suo</span> <span class='ocrx_word' id='word_1_149' title='bbox 1073 1429 1091 1460; x_wconf 72' lang='grc' dir='ltr'><em>Ρ</em></span> 
     </span>
    </p>

    <p class='ocr_par' dir='ltr' id='par_1_4' title="bbox 100 1505 1088 2662">
     <span class='ocr_line' id='line_1_25' title="bbox 206 1505 1088 1547; baseline -0.002 -7"><span class='ocrx_word' id='word_1_150' title='bbox 206 1506 363 1540; x_wconf 79' lang='lat' dir='ltr'>Prin-‚um</span> <span class='ocrx_word' id='word_1_151' title='bbox 389 1508 476 1541; x_wconf 91' lang='lat' dir='ltr'>scias</span> <span class='ocrx_word' id='word_1_152' title='bbox 500 1519 572 1540; x_wconf 92' lang='lat' dir='ltr'>non</span> <span class='ocrx_word' id='word_1_153' title='bbox 597 1505 664 1540; x_wconf 86' lang='lat' dir='ltr'>hoc</span> <span class='ocrx_word' id='word_1_154' title='bbox 689 1507 780 1547; x_wconf 90' lang='lat' dir='ltr'>dici,</span> <span class='ocrx_word' id='word_1_155' title='bbox 808 1518 861 1539; x_wconf 88' lang='lat' dir='ltr'>res</span> <span class='ocrx_word' id='word_1_156' title='bbox 879 1517 950 1538; x_wconf 86' lang='lat' dir='ltr'>esse</span> <span class='ocrx_word' id='word_1_157' title='bbox 968 1506 1088 1547; x_wconf 84' lang='lat' dir='ltr'>malas,</span> 
     </span>
     <span class='ocr_line' id='line_1_26' title="bbox 106 1557 1086 1591; baseline -0.001 0"><span class='ocrx_word' id='word_1_158' title='bbox 106 1559 164 1591; x_wconf 87' lang='lat' dir='ltr'>sed</span> <span class='ocrx_word' id='word_1_159' title='bbox 191 1558 360 1591; x_wconf 90' lang='lat' dir='ltr'>sententia</span> <span class='ocrx_word' id='word_1_160' title='bbox 387 1559 423 1591; x_wconf 94' lang='lat' dir='ltr'>in</span> <span class='ocrx_word' id='word_1_161' title='bbox 444 1557 574 1591; x_wconf 87' lang='lat' dir='ltr'>Genesi</span> <span class='ocrx_word' id='word_1_162' title='bbox 598 1558 794 1590; x_wconf 88' lang='lat' dir='ltr'>firmissime</span> <span class='ocrx_word' id='word_1_163' title='bbox 818 1557 1001 1590; x_wconf 87' lang='lat' dir='ltr'>retinenda</span> <span class='ocrx_word' id='word_1_164' title='bbox 1021 1564 1086 1590; x_wconf 86' lang='lat' dir='ltr'>est:</span> 
     </span>
     <span class='ocr_line' id='line_1_27' title="bbox 107 1607 1087 1653; baseline 0.002 -14"><span class='ocrx_word' id='word_1_165' title='bbox 107 1608 204 1642; x_wconf 83' lang='lat' dir='ltr'>Vidit</span> <span class='ocrx_word' id='word_1_166' title='bbox 229 1607 324 1642; x_wconf 86' lang='lat' dir='ltr'>Deus</span> <span class='ocrx_word' id='word_1_167' title='bbox 351 1610 469 1642; x_wconf 91' lang='lat' dir='ltr'>omnia</span> <span class='ocrx_word' id='word_1_168' title='bbox 501 1621 589 1653; x_wconf 90' lang='lat' dir='ltr'>quae</span> <span class='ocrx_word' id='word_1_169' title='bbox 620 1609 764 1647; x_wconf 81' lang='lat' dir='ltr'>fecerat,</span> <span class='ocrx_word' id='word_1_170' title='bbox 804 1614 837 1640; x_wconf 92' lang='lat' dir='ltr'>et</span> <span class='ocrx_word' id='word_1_171' title='bbox 864 1615 962 1640; x_wconf 84' lang='lat' dir='ltr'>erant</span> <span class='ocrx_word' id='word_1_172' title='bbox 986 1608 1087 1641; x_wconf 89' lang='lat' dir='ltr'>valde</span> 
     </span>
     <span class='ocr_line' id='line_1_28' title="bbox 106 1658 1087 1702; baseline -0.001 -11"><span class='ocrx_word' id='word_1_173' title='bbox 106 1659 216 1698; x_wconf 88' lang='lat' dir='ltr'>bona,</span> <span class='ocrx_word' id='word_1_174' title='bbox 251 1659 287 1691; x_wconf 96' lang='lat' dir='ltr'>id</span> <span class='ocrx_word' id='word_1_175' title='bbox 313 1665 381 1698; x_wconf 79' lang='lat' dir='ltr'>est,</span> <span class='ocrx_word' id='word_1_176' title='bbox 408 1659 568 1692; x_wconf 88' lang='lat' dir='ltr'>ordinata</span> <span class='ocrx_word' id='word_1_177' title='bbox 595 1658 702 1702; x_wconf 88' lang='lat' dir='ltr'>ipsius</span> <span class='ocrx_word' id='word_1_178' title='bbox 726 1658 897 1701; x_wconf 82' lang='lat' dir='ltr'>sapientia</span> <span class='ocrx_word' id='word_1_179' title='bbox 924 1665 956 1690; x_wconf 87' lang='lat' dir='ltr'>et</span> <span class='ocrx_word' id='word_1_180' title='bbox 982 1658 1087 1690; x_wconf 90' lang='lat' dir='ltr'>boni-</span> 
     </span>
     <span class='ocr_line' id='line_1_29' title="bbox 106 1708 1086 1751; baseline -0.001 -10"><span class='ocrx_word' id='word_1_181' title='bbox 106 1715 193 1746; x_wconf 85' lang='lat' dir='ltr'>tate,</span> <span class='ocrx_word' id='word_1_182' title='bbox 220 1709 448 1751; x_wconf 87' lang='lat' dir='ltr'>congruentia</span> <span class='ocrx_word' id='word_1_183' title='bbox 473 1710 514 1741; x_wconf 92' lang='lat' dir='ltr'>ad</span> <span class='ocrx_word' id='word_1_184' title='bbox 537 1709 646 1751; x_wconf 89' lang='lat' dir='ltr'>ipsius</span> <span class='ocrx_word' id='word_1_185' title='bbox 663 1708 889 1751; x_wconf 75' lang='lat' dir='ltr'>sapientiam,</span> <span class='ocrx_word' id='word_1_186' title='bbox 916 1708 1086 1750; x_wconf 84' lang='lat' dir='ltr'>placentia</span> 
     </span>
     <span class='ocr_line' id='line_1_30' title="bbox 106 1757 1087 1801; baseline 0.001 -12"><span class='ocrx_word' id='word_1_187' title='bbox 106 1758 189 1801; x_wconf 86' lang='lat' dir='ltr'>ipsi,</span> <span class='ocrx_word' id='word_1_188' title='bbox 217 1764 250 1790; x_wconf 87' lang='lat' dir='ltr'>et</span> <span class='ocrx_word' id='word_1_189' title='bbox 274 1759 413 1791; x_wconf 87' lang='lat' dir='ltr'>condita</span> <span class='ocrx_word' id='word_1_190' title='bbox 436 1759 480 1791; x_wconf 91' lang='lat' dir='ltr'>ad</span> <span class='ocrx_word' id='word_1_191' title='bbox 505 1769 588 1790; x_wconf 90' lang='lat' dir='ltr'>usus</span> <span class='ocrx_word' id='word_1_192' title='bbox 612 1759 786 1801; x_wconf 86' lang='lat' dir='ltr'>placentes</span> <span class='ocrx_word' id='word_1_193' title='bbox 810 1757 874 1800; x_wconf 91' lang='lat' dir='ltr'>ipsi</span> <span class='ocrx_word' id='word_1_194' title='bbox 897 1764 929 1789; x_wconf 89' lang='lat' dir='ltr'>et</span> <span class='ocrx_word' id='word_1_195' title='bbox 946 1769 1087 1790; x_wconf 88' lang='lat' dir='ltr'>conser-</span> 
     </span>
     <span class='ocr_line' id='line_1_31' title="bbox 104 1806 1086 1849; baseline 0.002 -10"><span class='ocrx_word' id='word_1_196' title='bbox 104 1814 223 1840; x_wconf 82' lang='lat' dir='ltr'>vantes</span> <span class='ocrx_word' id='word_1_197' title='bbox 262 1815 435 1841; x_wconf 85' lang='lat' dir='ltr'>naturam.</span> <span class='ocrx_word' id='word_1_198' title='bbox 498 1806 600 1840; x_wconf 87' lang='lat' dir='ltr'>Hanc</span> <span class='ocrx_word' id='word_1_199' title='bbox 638 1807 962 1849; x_wconf 84' lang='lat' dir='ltr'>interpretationem</span> <span class='ocrx_word' id='word_1_200' title='bbox 999 1809 1086 1841; x_wconf 85' lang='lat' dir='ltr'>bene</span> 
     </span>
     <span class='ocr_line' id='line_1_32' title="bbox 103 1856 1086 1902; baseline 0.001 -12"><span class='ocrx_word' id='word_1_201' title='bbox 103 1858 302 1890; x_wconf 82' lang='lat' dir='ltr'>meminisse</span> <span class='ocrx_word' id='word_1_202' title='bbox 327 1858 428 1891; x_wconf 90' lang='lat' dir='ltr'>initio</span> <span class='ocrx_word' id='word_1_203' title='bbox 452 1865 599 1902; x_wconf 81' lang='lat' dir='ltr'>oportet.</span> <span class='ocrx_word' id='word_1_204' title='bbox 650 1856 696 1891; x_wconf 88' lang='lat' dir='ltr'>Et</span> <span class='ocrx_word' id='word_1_205' title='bbox 715 1856 842 1891; x_wconf 90' lang='lat' dir='ltr'>Genes.</span> <span class='ocrx_word' id='word_1_206' title='bbox 869 1857 1026 1901; x_wconf 88' lang='lat' dir='ltr'>loquitur</span> <span class='ocrx_word' id='word_1_207' title='bbox 1044 1859 1086 1891; x_wconf 88' lang='lat' dir='ltr'>de</span> 
     </span>
     <span class='ocr_line' id='line_1_33' title="bbox 103 1908 1083 1948; baseline 0 -7"><span class='ocrx_word' id='word_1_208' title='bbox 103 1909 207 1942; x_wconf 90' lang='lat' dir='ltr'>rebus</span> <span class='ocrx_word' id='word_1_209' title='bbox 233 1909 384 1942; x_wconf 90' lang='lat' dir='ltr'>conditis</span> <span class='ocrx_word' id='word_1_210' title='bbox 409 1915 441 1942; x_wconf 90' lang='lat' dir='ltr'>et</span> <span class='ocrx_word' id='word_1_211' title='bbox 465 1908 690 1941; x_wconf 89' lang='lat' dir='ltr'>manentibus</span> <span class='ocrx_word' id='word_1_212' title='bbox 714 1908 749 1940; x_wconf 88' lang='lat' dir='ltr'>in</span> <span class='ocrx_word' id='word_1_213' title='bbox 774 1920 836 1941; x_wconf 90' lang='lat' dir='ltr'>suo</span> <span class='ocrx_word' id='word_1_214' title='bbox 853 1908 998 1948; x_wconf 90' lang='lat' dir='ltr'>ordine,</span> <span class='ocrx_word' id='word_1_215' title='bbox 1024 1909 1083 1941; x_wconf 91' lang='lat' dir='ltr'>sed</span> 
     </span>
     <span class='ocr_line' id='line_1_34' title="bbox 103 1956 1084 2004; baseline -0.002 -11"><span class='ocrx_word' id='word_1_216' title='bbox 103 1959 271 1993; x_wconf 87' lang='lat' dir='ltr'>Salomon</span> <span class='ocrx_word' id='word_1_217' title='bbox 296 1960 455 2004; x_wconf 85' lang='lat' dir='ltr'>loquitur</span> <span class='ocrx_word' id='word_1_218' title='bbox 477 1961 519 1992; x_wconf 94' lang='lat' dir='ltr'>de</span> <span class='ocrx_word' id='word_1_219' title='bbox 544 1959 696 2002; x_wconf 77' lang='lat' dir='ltr'>negociis</span> <span class='ocrx_word' id='word_1_220' title='bbox 718 1956 893 1993; x_wconf 79' lang='lat' dir='ltr'>humanis,</span> <span class='ocrx_word' id='word_1_221' title='bbox 955 1957 1006 1991; x_wconf 84' lang='lat' dir='ltr'>Ac</span> <span class='ocrx_word' id='word_1_222' title='bbox 1029 1959 1084 1991; x_wconf 90' lang='lat' dir='ltr'>di-</span> 
     </span>
     <span class='ocr_line' id='line_1_35' title="bbox 103 2009 1084 2056; baseline -0.003 -12"><span class='ocrx_word' id='word_1_223' title='bbox 103 2017 192 2044; x_wconf 88' lang='lat' dir='ltr'>serte</span> <span class='ocrx_word' id='word_1_224' title='bbox 215 2011 348 2056; x_wconf 87' lang='lat' dir='ltr'>inquit,</span> <span class='ocrx_word' id='word_1_225' title='bbox 374 2011 439 2044; x_wconf 90' lang='lat' dir='ltr'>sub</span> <span class='ocrx_word' id='word_1_226' title='bbox 456 2010 554 2050; x_wconf 84' lang='lat' dir='ltr'>Sole,</span> <span class='ocrx_word' id='word_1_227' title='bbox 581 2017 619 2043; x_wconf 93' lang='lat' dir='ltr'>ut</span> <span class='ocrx_word' id='word_1_228' title='bbox 640 2009 809 2052; x_wconf 83' lang='lat' dir='ltr'>significet</span> <span class='ocrx_word' id='word_1_229' title='bbox 834 2021 868 2042; x_wconf 90' lang='lat' dir='ltr'>se</span> <span class='ocrx_word' id='word_1_230' title='bbox 893 2021 964 2042; x_wconf 92' lang='lat' dir='ltr'>non</span> <span class='ocrx_word' id='word_1_231' title='bbox 988 2021 1084 2042; x_wconf 91' lang='lat' dir='ltr'>com—</span> 
     </span>
     <span class='ocr_line' id='line_1_36' title="bbox 100 2059 1083 2105; baseline -0.002 -11"><span class='ocrx_word' id='word_1_232' title='bbox 100 2059 317 2105; x_wconf 88' lang='lat' dir='ltr'>prehendere</span> <span class='ocrx_word' id='word_1_233' title='bbox 343 2062 505 2095; x_wconf 87' lang='lat' dir='ltr'>vanitatis</span> <span class='ocrx_word' id='word_1_234' title='bbox 524 2061 760 2105; x_wconf 82' lang='lat' dir='ltr'>appellatione</span> <span class='ocrx_word' id='word_1_235' title='bbox 776 2059 910 2099; x_wconf 85' lang='lat' dir='ltr'>Deum,</span> <span class='ocrx_word' id='word_1_236' title='bbox 937 2061 1083 2092; x_wconf 83' lang='lat' dir='ltr'>verbum</span> 
     </span>
     <span class='ocr_line' id='line_1_37' title="bbox 100 2111 1085 2157; baseline -0.003 -12"><span class='ocrx_word' id='word_1_237' title='bbox 100 2111 166 2145; x_wconf 86' lang='lat' dir='ltr'>Dei</span> <span class='ocrx_word' id='word_1_238' title='bbox 204 2119 237 2145; x_wconf 91' lang='lat' dir='ltr'>et</span> <span class='ocrx_word' id='word_1_239' title='bbox 274 2112 467 2145; x_wconf 86' lang='lat' dir='ltr'>ministeria</span> <span class='ocrx_word' id='word_1_240' title='bbox 507 2124 751 2157; x_wconf 88' lang='lat' dir='ltr'>quaecunque,</span> <span class='ocrx_word' id='word_1_241' title='bbox 791 2123 880 2156; x_wconf 87' lang='lat' dir='ltr'>quae</span> <span class='ocrx_word' id='word_1_242' title='bbox 914 2117 1085 2153; x_wconf 75' lang='lat' dir='ltr'>reguntur</span> 
     </span>
     <span class='ocr_line' id='line_1_38' title="bbox 102 2161 1083 2208; baseline 0 -15"><span class='ocrx_word' id='word_1_243' title='bbox 102 2164 209 2196; x_wconf 85' lang='lat' dir='ltr'>verbo</span> <span class='ocrx_word' id='word_1_244' title='bbox 225 2161 301 2195; x_wconf 86' lang='lat' dir='ltr'>Dei.</span> <span class='ocrx_word' id='word_1_245' title='bbox 354 2162 442 2196; x_wconf 85' lang='lat' dir='ltr'>Nam</span> <span class='ocrx_word' id='word_1_246' title='bbox 459 2161 542 2196; x_wconf 86' lang='lat' dir='ltr'>baec</span> <span class='ocrx_word' id='word_1_247' title='bbox 557 2175 696 2208; x_wconf 92' lang='lat' dir='ltr'>quoqne</span> <span class='ocrx_word' id='word_1_248' title='bbox 714 2174 790 2194; x_wconf 89' lang='lat' dir='ltr'>cum</span> <span class='ocrx_word' id='word_1_249' title='bbox 808 2173 908 2195; x_wconf 90' lang='lat' dir='ltr'>suum</span> <span class='ocrx_word' id='word_1_250' title='bbox 923 2161 1083 2194; x_wconf 86' lang='lat' dir='ltr'>ordinem</span> 
     </span>
     <span class='ocr_line' id='line_1_39' title="bbox 103 2210 1083 2253; baseline -0.004 -6"><span class='ocrx_word' id='word_1_251' title='bbox 103 2214 272 2253; x_wconf 77' lang='lat' dir='ltr'>retinent,</span> <span class='ocrx_word' id='word_1_252' title='bbox 299 2220 379 2246; x_wconf 78' lang='lat' dir='ltr'>sunt</span> <span class='ocrx_word' id='word_1_253' title='bbox 397 2225 450 2246; x_wconf 88' lang='lat' dir='ltr'>res</span> <span class='ocrx_word' id='word_1_254' title='bbox 470 2213 594 2246; x_wconf 88' lang='lat' dir='ltr'>bonae.</span> <span class='ocrx_word' id='word_1_255' title='bbox 647 2212 714 2246; x_wconf 88' lang='lat' dir='ltr'>Sed</span> <span class='ocrx_word' id='word_1_256' title='bbox 736 2210 792 2244; x_wconf 87' lang='lat' dir='ltr'>hic</span> <span class='ocrx_word' id='word_1_257' title='bbox 811 2213 853 2245; x_wconf 84' lang='lat' dir='ltr'>de</span> <span class='ocrx_word' id='word_1_258' title='bbox 871 2211 1007 2245; x_wconf 85' lang='lat' dir='ltr'>ordinis</span> <span class='ocrx_word' id='word_1_259' title='bbox 1023 2213 1083 2244; x_wconf 94' lang='lat' dir='ltr'>de-</span> 
     </span>
     <span class='ocr_line' id='line_1_40' title="bbox 103 2263 1084 2309; baseline -0.003 -11"><span class='ocrx_word' id='word_1_260' title='bbox 103 2265 308 2309; x_wconf 83' lang='lat' dir='ltr'>pravatione</span> <span class='ocrx_word' id='word_1_261' title='bbox 324 2264 465 2301; x_wconf 85' lang='lat' dir='ltr'>dicitur,</span> <span class='ocrx_word' id='word_1_262' title='bbox 494 2263 529 2295; x_wconf 91' lang='lat' dir='ltr'>id</span> <span class='ocrx_word' id='word_1_263' title='bbox 547 2270 606 2301; x_wconf 86' lang='lat' dir='ltr'>est,</span> <span class='ocrx_word' id='word_1_264' title='bbox 632 2263 790 2308; x_wconf 87' lang='lat' dir='ltr'>loquitur</span> <span class='ocrx_word' id='word_1_265' title='bbox 803 2264 845 2296; x_wconf 90' lang='lat' dir='ltr'>de</span> <span class='ocrx_word' id='word_1_266' title='bbox 862 2263 966 2295; x_wconf 91' lang='lat' dir='ltr'>rebus</span> <span class='ocrx_word' id='word_1_267' title='bbox 979 2269 1010 2295; x_wconf 88' lang='lat' dir='ltr'>et</span> <span class='ocrx_word' id='word_1_268' title='bbox 1022 2274 1084 2295; x_wconf 82' lang='lat' dir='ltr'>ne-</span> 
     </span>
     <span class='ocr_line' id='line_1_41' title="bbox 102 2312 1082 2358; baseline -0.003 -9"><span class='ocrx_word' id='word_1_269' title='bbox 102 2315 209 2358; x_wconf 85' lang='lat' dir='ltr'>gociis</span> <span class='ocrx_word' id='word_1_270' title='bbox 225 2315 360 2348; x_wconf 88' lang='lat' dir='ltr'>collatis</span> <span class='ocrx_word' id='word_1_271' title='bbox 379 2316 420 2346; x_wconf 86' lang='lat' dir='ltr'>ad</span> <span class='ocrx_word' id='word_1_272' title='bbox 440 2326 499 2347; x_wconf 89' lang='lat' dir='ltr'>cor</span> <span class='ocrx_word' id='word_1_273' title='bbox 516 2312 722 2352; x_wconf 85' lang='lat' dir='ltr'>humanum,</span> <span class='ocrx_word' id='word_1_274' title='bbox 750 2314 842 2356; x_wconf 81' lang='lat' dir='ltr'>quod</span> <span class='ocrx_word' id='word_1_275' title='bbox 862 2313 982 2346; x_wconf 84' lang='lat' dir='ltr'>miscet</span> <span class='ocrx_word' id='word_1_276' title='bbox 1000 2325 1082 2346; x_wconf 90' lang='lat' dir='ltr'>con—</span> 
     </span>
     <span class='ocr_line' id='line_1_42' title="bbox 102 2360 1083 2401; baseline -0.004 -1"><span class='ocrx_word' id='word_1_277' title='bbox 102 2366 320 2401; x_wconf 78' lang='lat' dir='ltr'>turbationes</span> <span class='ocrx_word' id='word_1_278' title='bbox 352 2365 499 2399; x_wconf 87' lang='lat' dir='ltr'>ordinis.</span> <span class='ocrx_word' id='word_1_279' title='bbox 564 2363 645 2397; x_wconf 87' lang='lat' dir='ltr'>ldeo</span> <span class='ocrx_word' id='word_1_280' title='bbox 679 2364 781 2396; x_wconf 86' lang='lat' dir='ltr'>dicit:</span> <span class='ocrx_word' id='word_1_281' title='bbox 825 2360 966 2396; x_wconf 81' lang='lat' dir='ltr'>Omnia</span> <span class='ocrx_word' id='word_1_282' title='bbox 998 2367 1083 2396; x_wconf 76' lang='lat' dir='ltr'>sunt</span> 
     </span>
     <span class='ocr_line' id='line_1_43' title="bbox 104 2411 1084 2462; baseline -0.003 -12"><span class='ocrx_word' id='word_1_283' title='bbox 104 2429 219 2458; x_wconf 69' lang='lat' dir='ltr'>vana,</span> <span class='ocrx_word' id='word_1_284' title='bbox 247 2428 334 2462; x_wconf 88' lang='lat' dir='ltr'>quae</span> <span class='ocrx_word' id='word_1_285' title='bbox 360 2417 425 2449; x_wconf 89' lang='lat' dir='ltr'>sub</span> <span class='ocrx_word' id='word_1_286' title='bbox 442 2415 524 2450; x_wconf 91' lang='lat' dir='ltr'>Sole</span> <span class='ocrx_word' id='word_1_287' title='bbox 546 2423 646 2455; x_wconf 90' lang='lat' dir='ltr'>sunt,</span> <span class='ocrx_word' id='word_1_288' title='bbox 675 2415 708 2447; x_wconf 85' lang='lat' dir='ltr'>id</span> <span class='ocrx_word' id='word_1_289' title='bbox 737 2421 803 2452; x_wconf 77' lang='lat' dir='ltr'>est,</span> <span class='ocrx_word' id='word_1_290' title='bbox 830 2415 989 2457; x_wconf 82' lang='lat' dir='ltr'>negocia,</span> <span class='ocrx_word' id='word_1_291' title='bbox 1017 2411 1084 2447; x_wconf 89' lang='lat' dir='ltr'>hn-</span> 
     </span>
     <span class='ocr_line' id='line_1_44' title="bbox 103 2465 1084 2507; baseline -0.004 -5"><span class='ocrx_word' id='word_1_292' title='bbox 103 2480 205 2502; x_wconf 87' lang='lat' dir='ltr'>mana</span> <span class='ocrx_word' id='word_1_293' title='bbox 231 2474 314 2501; x_wconf 85' lang='lat' dir='ltr'>sunt</span> <span class='ocrx_word' id='word_1_294' title='bbox 330 2467 466 2507; x_wconf 85' lang='lat' dir='ltr'>brevia,</span> <span class='ocrx_word' id='word_1_295' title='bbox 493 2467 646 2507; x_wconf 73' lang='lat' dir='ltr'>fugacia,</span> <span class='ocrx_word' id='word_1_296' title='bbox 671 2465 869 2503; x_wconf 81' lang='lat' dir='ltr'>instabilia,</span> <span class='ocrx_word' id='word_1_297' title='bbox 897 2476 1084 2504; x_wconf 80' lang='lat' dir='ltr'>aerumno-</span> 
     </span>
     <span class='ocr_line' id='line_1_45' title="bbox 104 2516 1083 2561; baseline -0.005 -8"><span class='ocrx_word' id='word_1_298' title='bbox 104 2532 157 2557; x_wconf 73' lang='lat' dir='ltr'>sa,</span> <span class='ocrx_word' id='word_1_299' title='bbox 184 2531 254 2552; x_wconf 90' lang='lat' dir='ltr'>non</span> <span class='ocrx_word' id='word_1_300' title='bbox 272 2517 462 2551; x_wconf 79' lang='lat' dir='ltr'>adserentia</span> <span class='ocrx_word' id='word_1_301' title='bbox 481 2524 681 2560; x_wconf 81' lang='lat' dir='ltr'>perpetuam</span> <span class='ocrx_word' id='word_1_302' title='bbox 700 2517 850 2561; x_wconf 78' lang='lat' dir='ltr'>quietem</span> <span class='ocrx_word' id='word_1_303' title='bbox 868 2516 984 2555; x_wconf 83' lang='lat' dir='ltr'>cordi,</span> <span class='ocrx_word' id='word_1_304' title='bbox 1011 2527 1083 2548; x_wconf 90' lang='lat' dir='ltr'>non</span> 
     </span>
     <span class='ocr_line' id='line_1_46' title="bbox 105 2566 1084 2615; baseline -0.006 -10"><span class='ocrx_word' id='word_1_305' title='bbox 105 2571 318 2615; x_wconf 86' lang='lat' dir='ltr'>voluptates,</span> <span class='ocrx_word' id='word_1_306' title='bbox 350 2580 421 2602; x_wconf 91' lang='lat' dir='ltr'>non</span> <span class='ocrx_word' id='word_1_307' title='bbox 447 2568 609 2611; x_wconf 83' lang='lat' dir='ltr'>divitiae,</span> <span class='ocrx_word' id='word_1_308' title='bbox 640 2580 711 2600; x_wconf 86' lang='lat' dir='ltr'>non</span> <span class='ocrx_word' id='word_1_309' title='bbox 738 2566 904 2610; x_wconf 80' lang='lat' dir='ltr'>sapientia</span> <span class='ocrx_word' id='word_1_310' title='bbox 926 2573 956 2600; x_wconf 87' lang='lat' dir='ltr'>et</span> <span class='ocrx_word' id='word_1_311' title='bbox 975 2566 1084 2600; x_wconf 80' lang='lat' dir='ltr'>virtus</span> 
     </span>
     <span class='ocr_line' id='line_1_47' title="bbox 105 2617 1083 2662; baseline -0.005 -7"><span class='ocrx_word' id='word_1_312' title='bbox 105 2620 278 2660; x_wconf 85' lang='lat' dir='ltr'>humana,</span> <span class='ocrx_word' id='word_1_313' title='bbox 321 2632 392 2653; x_wconf 92' lang='lat' dir='ltr'>non</span> <span class='ocrx_word' id='word_1_314' title='bbox 423 2619 551 2662; x_wconf 83' lang='lat' dir='ltr'>gloria,</span> <span class='ocrx_word' id='word_1_315' title='bbox 593 2630 663 2651; x_wconf 89' lang='lat' dir='ltr'>non</span> <span class='ocrx_word' id='word_1_316' title='bbox 697 2618 901 2661; x_wconf 81' lang='lat' dir='ltr'>magnitudo</span> <span class='ocrx_word' id='word_1_317' title='bbox 934 2617 1083 2660; x_wconf 85' lang='lat' dir='ltr'>imperii.</span> 
     </span>
    </p>
   </div>
   <div class='ocr_carea' id='block_1_4' title="bbox 783 106 1575 147">
    <p class='ocr_par' dir='ltr' id='par_1_5' title="bbox 783 106 1575 147">
     <span class='ocr_line' id='line_1_48' title="bbox 783 106 1575 147; baseline 0.006 -5"><span class='ocrx_word' id='word_1_318' title='bbox 783 107 1081 144; x_wconf 83' lang='lat' dir='ltr'><strong>ENARRATIO</strong></span> <span class='ocrx_word' id='word_1_319' title='bbox 1116 106 1165 141; x_wconf 84' lang='lat' dir='ltr'>IN</span> <span class='ocrx_word' id='word_1_320' title='bbox 1199 107 1575 147; x_wconf 86' lang='lat' dir='ltr'>ECCLESIASTEN.</span> 
     </span>
    </p>
   </div>
   <div class='ocr_carea' id='block_1_5' title="bbox 1114 462 1122 1041">
    <p class='ocr_par' dir='ltr' id='par_1_6' title="bbox 1114 462 1122 1041">
     <span class='ocr_line' id='line_1_49' title="bbox 1114 462 1122 1041; baseline 0 0"><span class='ocrx_word' id='word_1_321' title='bbox 1114 462 1122 1041; x_wconf 95' lang='lat' dir='ltr'> </span> 
     </span>
    </p>
   </div>
   <div class='ocr_carea' id='block_1_6' title="bbox 1108 2618 1323 2658">
    <p class='ocr_par' dir='ltr' id='par_1_7' title="bbox 1108 2618 1323 2658">
     <span class='ocr_line' id='line_1_50' title="bbox 1108 2618 1323 2658; baseline 0.005 -9"><span class='ocrx_word' id='word_1_322' title='bbox 1108 2625 1110 2630; x_wconf 83' lang='grc'>’</span> <span class='ocrx_word' id='word_1_323' title='bbox 1134 2624 1166 2650; x_wconf 83' lang='lat' dir='ltr'>et</span> <span class='ocrx_word' id='word_1_324' title='bbox 1197 2618 1323 2658; x_wconf 85' lang='lat' dir='ltr'>stulta,</span> 
     </span>
    </p>
   </div>
   <div class='ocr_carea' id='block_1_7' title="bbox 2058 122 2127 154">
    <p class='ocr_par' dir='ltr' id='par_1_8' title="bbox 2058 122 2127 154">
     <span class='ocr_line' id='line_1_51' title="bbox 2058 122 2127 154; baseline 0.014 -1"><span class='ocrx_word' id='word_1_325' title='bbox 2058 122 2127 154; x_wconf 76' lang='lat'>102</span> 
     </span>
    </p>
   </div>
   <div class='ocr_carea' id='block_1_8' title="bbox 1142 195 2125 899">
    <p class='ocr_par' dir='ltr' id='par_1_9' title="bbox 1147 195 2125 381">
     <span class='ocr_line' id='line_1_52' title="bbox 1149 195 2125 241; baseline 0.015 -16"><span class='ocrx_word' id='word_1_326' title='bbox 1149 204 1292 236; x_wconf 89' lang='lat' dir='ltr'>magnae</span> <span class='ocrx_word' id='word_1_327' title='bbox 1309 195 1468 229; x_wconf 87' lang='lat' dir='ltr'>miseriae</span> <span class='ocrx_word' id='word_1_328' title='bbox 1483 205 1626 241; x_wconf 91' lang='lat' dir='ltr'>propter</span> <span class='ocrx_word' id='word_1_329' title='bbox 1641 197 1825 234; x_wconf 90' lang='lat' dir='ltr'>hominum</span> <span class='ocrx_word' id='word_1_330' title='bbox 1841 202 2125 241; x_wconf 87' lang='lat' dir='ltr'>imbecillitatem.</span> 
     </span>
     <span class='ocr_line' id='line_1_53' title="bbox 1149 242 2125 296; baseline 0.013 -20"><span class='ocrx_word' id='word_1_331' title='bbox 1149 242 1217 277; x_wconf 89' lang='lat' dir='ltr'>Sed</span> <span class='ocrx_word' id='word_1_332' title='bbox 1240 246 1311 278; x_wconf 91' lang='lat' dir='ltr'>sola</span> <span class='ocrx_word' id='word_1_333' title='bbox 1330 245 1395 279; x_wconf 90' lang='lat' dir='ltr'>Dei</span> <span class='ocrx_word' id='word_1_334' title='bbox 1420 247 1656 282; x_wconf 87' lang='lat' dir='ltr'>misericordia</span> <span class='ocrx_word' id='word_1_335' title='bbox 1675 251 1792 293; x_wconf 87' lang='lat' dir='ltr'>agnita</span> <span class='ocrx_word' id='word_1_336' title='bbox 1809 252 1845 284; x_wconf 92' lang='lat' dir='ltr'>in</span> <span class='ocrx_word' id='word_1_337' title='bbox 1865 255 2125 296; x_wconf 90' lang='lat' dir='ltr'>promissionib.</span> 
     </span>
     <span class='ocr_line' id='line_1_54' title="bbox 1147 295 2125 347; baseline 0.014 -21"><span class='ocrx_word' id='word_1_338' title='bbox 1147 295 1259 328; x_wconf 85' lang='lat' dir='ltr'>adfert</span> <span class='ocrx_word' id='word_1_339' title='bbox 1277 296 1411 328; x_wconf 81' lang='lat' dir='ltr'>firmam</span> <span class='ocrx_word' id='word_1_340' title='bbox 1431 303 1462 329; x_wconf 90' lang='lat' dir='ltr'>et</span> <span class='ocrx_word' id='word_1_341' title='bbox 1480 305 1679 341; x_wconf 85' lang='lat' dir='ltr'>perpetuam</span> <span class='ocrx_word' id='word_1_342' title='bbox 1698 303 1986 347; x_wconf 88' lang='lat' dir='ltr'>tranquillitatem</span> <span class='ocrx_word' id='word_1_343' title='bbox 2006 312 2038 339; x_wconf 89' lang='lat' dir='ltr'>et</span> <span class='ocrx_word' id='word_1_344' title='bbox 2055 307 2125 339; x_wconf 85' lang='lat' dir='ltr'>lae-</span> 
     </span>
     <span class='ocr_line' id='line_1_55' title="bbox 1147 345 1512 381; baseline 0.014 -5"><span class='ocrx_word' id='word_1_345' title='bbox 1147 345 1262 377; x_wconf 90' lang='lat' dir='ltr'>ticiam</span> <span class='ocrx_word' id='word_1_346' title='bbox 1282 346 1318 378; x_wconf 93' lang='lat' dir='ltr'>in</span> <span class='ocrx_word' id='word_1_347' title='bbox 1336 347 1512 381; x_wconf 88' lang='lat' dir='ltr'>cordibus.</span> 
     </span>
    </p>

    <p class='ocr_par' dir='ltr' id='par_1_10' title="bbox 1142 394 2124 899">
     <span class='ocr_line' id='line_1_56' title="bbox 1246 394 2124 440; baseline 0.016 -12"><span class='ocrx_word' id='word_1_348' title='bbox 1246 394 1328 429; x_wconf 86' lang='lat' dir='ltr'>Dixi</span> <span class='ocrx_word' id='word_1_349' title='bbox 1344 403 1458 430; x_wconf 82' lang='lat' dir='ltr'>autem</span> <span class='ocrx_word' id='word_1_350' title='bbox 1477 398 1577 431; x_wconf 88' lang='lat' dir='ltr'>initio</span> <span class='ocrx_word' id='word_1_351' title='bbox 1594 396 1687 433; x_wconf 88' lang='lat' dir='ltr'>bunc</span> <span class='ocrx_word' id='word_1_352' title='bbox 1702 401 1830 435; x_wconf 86' lang='lat' dir='ltr'>librum</span> <span class='ocrx_word' id='word_1_353' title='bbox 1848 407 2124 440; x_wconf 88' lang='lat' dir='ltr'>consolationem</span> 
     </span>
     <span class='ocr_line' id='line_1_57' title="bbox 1145 445 2124 499; baseline 0.014 -21"><span class='ocrx_word' id='word_1_354' title='bbox 1145 457 1228 480; x_wconf 88' lang='lat' dir='ltr'>esse.</span> <span class='ocrx_word' id='word_1_355' title='bbox 1283 445 1365 480; x_wconf 89' lang='lat' dir='ltr'>Ideo</span> <span class='ocrx_word' id='word_1_356' title='bbox 1391 459 1469 491; x_wconf 89' lang='lat' dir='ltr'>pars</span> <span class='ocrx_word' id='word_1_357' title='bbox 1493 449 1601 481; x_wconf 86' lang='lat' dir='ltr'>altera</span> <span class='ocrx_word' id='word_1_358' title='bbox 1627 452 1876 493; x_wconf 85' lang='lat' dir='ltr'>propositionis</span> <span class='ocrx_word' id='word_1_359' title='bbox 1901 458 2039 499; x_wconf 83' lang='lat' dir='ltr'>querela</span> <span class='ocrx_word' id='word_1_360' title='bbox 2064 465 2124 498; x_wconf 88' lang='lat' dir='ltr'>est,</span> 
     </span>
     <span class='ocr_line' id='line_1_58' title="bbox 1145 498 2123 548; baseline 0.013 -20"><span class='ocrx_word' id='word_1_361' title='bbox 1145 508 1232 540; x_wconf 87' lang='lat' dir='ltr'>quae</span> <span class='ocrx_word' id='word_1_362' title='bbox 1255 498 1375 531; x_wconf 86' lang='lat' dir='ltr'>recitat</span> <span class='ocrx_word' id='word_1_363' title='bbox 1400 499 1576 538; x_wconf 81' lang='lat' dir='ltr'>miserias,</span> <span class='ocrx_word' id='word_1_364' title='bbox 1605 506 1638 533; x_wconf 94' lang='lat' dir='ltr'>et</span> <span class='ocrx_word' id='word_1_365' title='bbox 1659 502 1826 541; x_wconf 84' lang='lat' dir='ltr'>affirmat,</span> <span class='ocrx_word' id='word_1_366' title='bbox 1853 516 1925 537; x_wconf 91' lang='lat' dir='ltr'>non</span> <span class='ocrx_word' id='word_1_367' title='bbox 1952 519 2048 548; x_wconf 90' lang='lat' dir='ltr'>posse</span> <span class='ocrx_word' id='word_1_368' title='bbox 2067 520 2123 541; x_wconf 89' lang='lat' dir='ltr'>ac-</span> 
     </span>
     <span class='ocr_line' id='line_1_59' title="bbox 1144 546 2122 596; baseline 0.013 -18"><span class='ocrx_word' id='word_1_369' title='bbox 1144 546 1318 591; x_wconf 88' lang='lat' dir='ltr'>quiescere</span> <span class='ocrx_word' id='word_1_370' title='bbox 1341 548 1477 581; x_wconf 88' lang='lat' dir='ltr'>animos</span> <span class='ocrx_word' id='word_1_371' title='bbox 1502 549 1538 581; x_wconf 90' lang='lat' dir='ltr'>in</span> <span class='ocrx_word' id='word_1_372' title='bbox 1563 551 1667 584; x_wconf 89' lang='lat' dir='ltr'>rebus</span> <span class='ocrx_word' id='word_1_373' title='bbox 1690 563 1750 585; x_wconf 92' lang='lat' dir='ltr'>seu</span> <span class='ocrx_word' id='word_1_374' title='bbox 1772 555 1924 596; x_wconf 79' lang='lat' dir='ltr'>negociis</span> <span class='ocrx_word' id='word_1_375' title='bbox 1949 553 2122 592; x_wconf 84' lang='lat' dir='ltr'>humanis.</span> 
     </span>
     <span class='ocr_line' id='line_1_60' title="bbox 1144 596 2124 641; baseline 0.012 -12"><span class='ocrx_word' id='word_1_376' title='bbox 1144 596 1225 630; x_wconf 86' lang='lat' dir='ltr'>Non</span> <span class='ocrx_word' id='word_1_377' title='bbox 1243 598 1349 640; x_wconf 85' lang='lat' dir='ltr'>igitur</span> <span class='ocrx_word' id='word_1_378' title='bbox 1365 600 1605 634; x_wconf 83' lang='lat' dir='ltr'>anteferantur</span> <span class='ocrx_word' id='word_1_379' title='bbox 1621 613 1674 634; x_wconf 90' lang='lat' dir='ltr'>res</span> <span class='ocrx_word' id='word_1_380' title='bbox 1691 610 1749 636; x_wconf 88' lang='lat' dir='ltr'>ant</span> <span class='ocrx_word' id='word_1_381' title='bbox 1766 612 1910 638; x_wconf 83' lang='lat' dir='ltr'>eventus</span> <span class='ocrx_word' id='word_1_382' title='bbox 1923 607 2029 640; x_wconf 86' lang='lat' dir='ltr'>verbo</span> <span class='ocrx_word' id='word_1_383' title='bbox 2040 606 2124 641; x_wconf 87' lang='lat' dir='ltr'>Deo.</span> 
     </span>
     <span class='ocr_line' id='line_1_61' title="bbox 1145 647 2124 701; baseline 0.012 -21"><span class='ocrx_word' id='word_1_384' title='bbox 1145 647 1264 693; x_wconf 77' lang='lat' dir='ltr'>Itaque.</span> <span class='ocrx_word' id='word_1_385' title='bbox 1288 647 1487 682; x_wconf 80' lang='lat' dir='ltr'>Antithesis</span> <span class='ocrx_word' id='word_1_386' title='bbox 1516 652 1675 692; x_wconf 89' lang='lat' dir='ltr'>additur,</span> <span class='ocrx_word' id='word_1_387' title='bbox 1712 665 1800 697; x_wconf 87' lang='lat' dir='ltr'>quae</span> <span class='ocrx_word' id='word_1_388' title='bbox 1827 662 1876 688; x_wconf 90' lang='lat' dir='ltr'>est</span> <span class='ocrx_word' id='word_1_389' title='bbox 1906 657 2012 690; x_wconf 90' lang='lat' dir='ltr'>altera</span> <span class='ocrx_word' id='word_1_390' title='bbox 2046 670 2124 701; x_wconf 89' lang='lat' dir='ltr'>pars</span> 
     </span>
     <span class='ocr_line' id='line_1_62' title="bbox 1143 699 2124 745; baseline 0.012 -15"><span class='ocrx_word' id='word_1_391' title='bbox 1143 699 1396 742; x_wconf 89' lang='lat' dir='ltr'>propositionis</span> <span class='ocrx_word' id='word_1_392' title='bbox 1417 707 1449 733; x_wconf 91' lang='lat' dir='ltr'>et</span> <span class='ocrx_word' id='word_1_393' title='bbox 1473 712 1606 734; x_wconf 89' lang='lat' dir='ltr'>summa</span> <span class='ocrx_word' id='word_1_394' title='bbox 1626 704 1757 745; x_wconf 87' lang='lat' dir='ltr'>operis:</span> <span class='ocrx_word' id='word_1_395' title='bbox 1788 704 1972 740; x_wconf 86' lang='lat' dir='ltr'>Gubernet</span> <span class='ocrx_word' id='word_1_396' title='bbox 1991 716 2124 742; x_wconf 89' lang='lat' dir='ltr'>mentes</span> 
     </span>
     <span class='ocr_line' id='line_1_63' title="bbox 1142 749 2124 796; baseline 0.011 -15"><span class='ocrx_word' id='word_1_397' title='bbox 1142 750 1288 782; x_wconf 88' lang='lat' dir='ltr'>verbum</span> <span class='ocrx_word' id='word_1_398' title='bbox 1312 749 1396 790; x_wconf 93' lang='lat' dir='ltr'>Dei,</span> <span class='ocrx_word' id='word_1_399' title='bbox 1433 751 1693 796; x_wconf 84' lang='lat' dir='ltr'>qualescunque</span> <span class='ocrx_word' id='word_1_400' title='bbox 1726 761 1807 787; x_wconf 88' lang='lat' dir='ltr'>sunt</span> <span class='ocrx_word' id='word_1_401' title='bbox 1831 764 1974 790; x_wconf 86' lang='lat' dir='ltr'>eventus</span> <span class='ocrx_word' id='word_1_402' title='bbox 1999 758 2035 791; x_wconf 90' lang='lat' dir='ltr'>in</span> <span class='ocrx_word' id='word_1_403' title='bbox 2062 771 2124 792; x_wconf 90' lang='lat' dir='ltr'>ne-</span> 
     </span>
     <span class='ocr_line' id='line_1_64' title="bbox 1142 799 2124 845; baseline 0.012 -13"><span class='ocrx_word' id='word_1_404' title='bbox 1142 800 1259 842; x_wconf 81' lang='lat' dir='ltr'>gociis.</span> <span class='ocrx_word' id='word_1_405' title='bbox 1316 799 1367 833; x_wconf 87' lang='lat' dir='ltr'>lta</span> <span class='ocrx_word' id='word_1_406' title='bbox 1393 801 1610 845; x_wconf 85' lang='lat' dir='ltr'>acquiescent</span> <span class='ocrx_word' id='word_1_407' title='bbox 1635 803 1670 835; x_wconf 90' lang='lat' dir='ltr'>in</span> <span class='ocrx_word' id='word_1_408' title='bbox 1696 802 1791 844; x_wconf 82' lang='lat' dir='ltr'>Deo,</span> <span class='ocrx_word' id='word_1_409' title='bbox 1826 807 1913 839; x_wconf 86' lang='lat' dir='ltr'>sicut</span> <span class='ocrx_word' id='word_1_410' title='bbox 1937 815 1969 841; x_wconf 92' lang='lat' dir='ltr'>et</span> <span class='ocrx_word' id='word_1_411' title='bbox 1994 807 2124 843; x_wconf 88' lang='lat' dir='ltr'>Paulus</span> 
     </span>
     <span class='ocr_line' id='line_1_65' title="bbox 1142 850 2039 899; baseline 0.011 -17"><span class='ocrx_word' id='word_1_412' title='bbox 1142 850 1327 894; x_wconf 86' lang='lat' dir='ltr'>praecipit:</span> <span class='ocrx_word' id='word_1_413' title='bbox 1359 850 1543 885; x_wconf 80' lang='lat' dir='ltr'>Gubernet</span> <span class='ocrx_word' id='word_1_414' title='bbox 1560 854 1665 886; x_wconf 87' lang='lat' dir='ltr'>corda</span> <span class='ocrx_word' id='word_1_415' title='bbox 1684 861 1794 887; x_wconf 82' lang='lat' dir='ltr'>vestra</span> <span class='ocrx_word' id='word_1_416' title='bbox 1813 868 1877 899; x_wconf 88' lang='lat' dir='ltr'>pax</span> <span class='ocrx_word' id='word_1_417' title='bbox 1894 856 1958 890; x_wconf 80' lang='lat' dir='ltr'>Dei</span> <span class='ocrx_word' id='word_1_418' title='bbox 1977 866 2039 892; x_wconf 83' lang='lat' dir='ltr'>etc.</span> 
     </span>
    </p>
   </div>
   <div class='ocr_carea' id='block_1_9' title="bbox 1192 931 2121 1034">
    <p class='ocr_par' dir='ltr' id='par_1_11' title="bbox 1192 931 2121 1034">
     <span class='ocr_line' id='line_1_66' title="bbox 1192 931 2121 978; baseline 0.012 -11"><span class='ocrx_word' id='word_1_419' title='bbox 1192 931 1324 968; x_wconf 79' lang='lat' dir='ltr'>Oritur</span> <span class='ocrx_word' id='word_1_420' title='bbox 1342 933 1412 968; x_wconf 87' lang='lat' dir='ltr'>Sol</span> <span class='ocrx_word' id='word_1_421' title='bbox 1436 940 1465 968; x_wconf 79' lang='lat' dir='ltr'>el</span> <span class='ocrx_word' id='word_1_422' title='bbox 1493 935 1639 975; x_wconf 74' lang='lat' dir='ltr'>occidit,</span> <span class='ocrx_word' id='word_1_423' title='bbox 1673 942 1703 971; x_wconf 83' lang='lat' dir='ltr'>el</span> <span class='ocrx_word' id='word_1_424' title='bbox 1728 937 1782 971; x_wconf 83' lang='lat' dir='ltr'>ad</span> <span class='ocrx_word' id='word_1_425' title='bbox 1802 938 1917 974; x_wconf 79' lang='lat' dir='ltr'>locum</span> <span class='ocrx_word' id='word_1_426' title='bbox 1942 954 2047 976; x_wconf 78' lang='lat' dir='ltr'>Suum</span> <span class='ocrx_word' id='word_1_427' title='bbox 2069 957 2121 978; x_wconf 85' lang='lat' dir='ltr'>re-</span> 
     </span>
     <span class='ocr_line' id='line_1_67' title="bbox 1244 983 1998 1034; baseline 0.013 -17"><span class='ocrx_word' id='word_1_428' title='bbox 1244 983 1316 1024; x_wconf 77' lang='lat' dir='ltr'>dit,</span> <span class='ocrx_word' id='word_1_429' title='bbox 1346 986 1642 1034; x_wconf 79' lang='lat' dir='ltr'>omniaflumz&#39;na</span> <span class='ocrx_word' id='word_1_430' title='bbox 1663 988 1804 1023; x_wconf 77' lang='lat' dir='ltr'>intrant</span> <span class='ocrx_word' id='word_1_431' title='bbox 1823 1004 1923 1025; x_wconf 82' lang='lat' dir='ltr'>mare</span> <span class='ocrx_word' id='word_1_432' title='bbox 1938 997 1998 1028; x_wconf 81' lang='lat' dir='ltr'>etc.</span> 
     </span>
    </p>
   </div>
   <div class='ocr_carea' id='block_1_10' title="bbox 1133 1051 2121 2611">
    <p class='ocr_par' dir='ltr' id='par_1_12' title="bbox 1133 1051 2121 2611">
     <span class='ocr_line' id='line_1_68' title="bbox 1242 1051 2121 1095; baseline 0.013 -11"><span class='ocrx_word' id='word_1_433' title='bbox 1242 1051 1364 1085; x_wconf 82' lang='lat' dir='ltr'>Postea</span> <span class='ocrx_word' id='word_1_434' title='bbox 1390 1053 1487 1085; x_wconf 86' lang='lat' dir='ltr'>addit</span> <span class='ocrx_word' id='word_1_435' title='bbox 1514 1052 1781 1088; x_wconf 87' lang='lat' dir='ltr'>similitudinem</span> <span class='ocrx_word' id='word_1_436' title='bbox 1807 1065 1956 1092; x_wconf 89' lang='lat' dir='ltr'>sumtam</span> <span class='ocrx_word' id='word_1_437' title='bbox 1983 1064 2121 1095; x_wconf 85' lang='lat' dir='ltr'>amoti-</span> 
     </span>
     <span class='ocr_line' id='line_1_69' title="bbox 1141 1101 2120 1156; baseline 0.012 -22"><span class='ocrx_word' id='word_1_438' title='bbox 1141 1103 1205 1134; x_wconf 91' lang='lat' dir='ltr'>bus</span> <span class='ocrx_word' id='word_1_439' title='bbox 1223 1101 1316 1135; x_wconf 87' lang='lat' dir='ltr'>Solis</span> <span class='ocrx_word' id='word_1_440' title='bbox 1340 1110 1373 1136; x_wconf 89' lang='lat' dir='ltr'>ct</span> <span class='ocrx_word' id='word_1_441' title='bbox 1396 1115 1585 1147; x_wconf 84' lang='lat' dir='ltr'>aquarum,</span> <span class='ocrx_word' id='word_1_442' title='bbox 1614 1105 1713 1138; x_wconf 89' lang='lat' dir='ltr'>cuius</span> <span class='ocrx_word' id='word_1_443' title='bbox 1737 1111 2010 1144; x_wconf 88' lang='lat' dir='ltr'>accommodatio</span> <span class='ocrx_word' id='word_1_444' title='bbox 2036 1125 2120 1156; x_wconf 90' lang='lat' dir='ltr'>pru-</span> 
     </span>
     <span class='ocr_line' id='line_1_70' title="bbox 1141 1153 2120 1205; baseline 0.013 -21"><span class='ocrx_word' id='word_1_445' title='bbox 1141 1154 1264 1185; x_wconf 87' lang='lat' dir='ltr'>denter</span> <span class='ocrx_word' id='word_1_446' title='bbox 1291 1153 1544 1188; x_wconf 84' lang='lat' dir='ltr'>consideretur.</span> <span class='ocrx_word' id='word_1_447' title='bbox 1607 1154 1762 1189; x_wconf 89' lang='lat' dir='ltr'>Tantum</span> <span class='ocrx_word' id='word_1_448' title='bbox 1790 1159 1882 1191; x_wconf 88' lang='lat' dir='ltr'>enim</span> <span class='ocrx_word' id='word_1_449' title='bbox 1909 1164 2120 1205; x_wconf 89' lang='lat' dir='ltr'>proponitur</span> 
     </span>
     <span class='ocr_line' id='line_1_71' title="bbox 1140 1204 2121 1247; baseline 0.01 -11"><span class='ocrx_word' id='word_1_450' title='bbox 1140 1210 1304 1247; x_wconf 85' lang='lat' dir='ltr'>tanquam</span> <span class='ocrx_word' id='word_1_451' title='bbox 1331 1204 1444 1247; x_wconf 83' lang='lat' dir='ltr'>imago</span> <span class='ocrx_word' id='word_1_452' title='bbox 1469 1204 1706 1239; x_wconf 82' lang='lat' dir='ltr'>instabilitatis</span> <span class='ocrx_word' id='word_1_453' title='bbox 1725 1214 1756 1240; x_wconf 92' lang='lat' dir='ltr'>et</span> <span class='ocrx_word' id='word_1_454' title='bbox 1774 1210 2003 1245; x_wconf 86' lang='lat' dir='ltr'>revolutionis</span> <span class='ocrx_word' id='word_1_455' title='bbox 2021 1213 2121 1246; x_wconf 88' lang='lat' dir='ltr'>simi-</span> 
     </span>
     <span class='ocr_line' id='line_1_72' title="bbox 1142 1254 2119 1306; baseline 0.012 -21"><span class='ocrx_word' id='word_1_456' title='bbox 1142 1254 1225 1286; x_wconf 90' lang='lat' dir='ltr'>lium</span> <span class='ocrx_word' id='word_1_457' title='bbox 1256 1255 1472 1286; x_wconf 84' lang='lat' dir='ltr'>miseriarum</span> <span class='ocrx_word' id='word_1_458' title='bbox 1501 1255 1535 1287; x_wconf 89' lang='lat' dir='ltr'>in</span> <span class='ocrx_word' id='word_1_459' title='bbox 1563 1257 1715 1298; x_wconf 84' lang='lat' dir='ltr'>negociis</span> <span class='ocrx_word' id='word_1_460' title='bbox 1741 1256 1923 1302; x_wconf 79' lang='lat' dir='ltr'>humanis,</span> <span class='ocrx_word' id='word_1_461' title='bbox 1956 1269 1988 1296; x_wconf 86' lang='lat' dir='ltr'>et</span> <span class='ocrx_word' id='word_1_462' title='bbox 2011 1263 2119 1306; x_wconf 80' lang='lat' dir='ltr'>signi-</span> 
     </span>
     <span class='ocr_line' id='line_1_73' title="bbox 1141 1304 2119 1355; baseline 0.012 -20"><span class='ocrx_word' id='word_1_463' title='bbox 1141 1304 1216 1337; x_wconf 85' lang='lat' dir='ltr'>ficat</span> <span class='ocrx_word' id='word_1_464' title='bbox 1248 1316 1303 1337; x_wconf 92' lang='lat' dir='ltr'>eas</span> <span class='ocrx_word' id='word_1_465' title='bbox 1330 1305 1485 1337; x_wconf 74' lang='lat' dir='ltr'>miserias</span> <span class='ocrx_word' id='word_1_466' title='bbox 1510 1318 1573 1338; x_wconf 89' lang='lat' dir='ltr'>nec</span> <span class='ocrx_word' id='word_1_467' title='bbox 1597 1308 1743 1341; x_wconf 84' lang='lat' dir='ltr'>consilio</span> <span class='ocrx_word' id='word_1_468' title='bbox 1769 1321 1834 1343; x_wconf 89' lang='lat' dir='ltr'>nec</span> <span class='ocrx_word' id='word_1_469' title='bbox 1858 1312 2025 1355; x_wconf 83' lang='lat' dir='ltr'>sapientia</span> <span class='ocrx_word' id='word_1_470' title='bbox 2053 1313 2119 1348; x_wconf 86' lang='lat' dir='ltr'>bu-</span> 
     </span>
     <span class='ocr_line' id='line_1_74' title="bbox 1139 1355 2118 1406; baseline 0.013 -21"><span class='ocrx_word' id='word_1_471' title='bbox 1139 1366 1240 1386; x_wconf 88' lang='lat' dir='ltr'>mana</span> <span class='ocrx_word' id='word_1_472' title='bbox 1261 1355 1423 1397; x_wconf 87' lang='lat' dir='ltr'>impediri</span> <span class='ocrx_word' id='word_1_473' title='bbox 1444 1367 1553 1398; x_wconf 85' lang='lat' dir='ltr'>posse.</span> <span class='ocrx_word' id='word_1_474' title='bbox 1607 1356 1654 1390; x_wconf 83' lang='lat' dir='ltr'>Ut</span> <span class='ocrx_word' id='word_1_475' title='bbox 1671 1370 1747 1390; x_wconf 86' lang='lat' dir='ltr'>cum</span> <span class='ocrx_word' id='word_1_476' title='bbox 1765 1360 1910 1394; x_wconf 77' lang='lat' dir='ltr'>fuissent</span> <span class='ocrx_word' id='word_1_477' title='bbox 1928 1365 2046 1406; x_wconf 85' lang='lat' dir='ltr'>magni</span> <span class='ocrx_word' id='word_1_478' title='bbox 2064 1372 2118 1399; x_wconf 90' lang='lat' dir='ltr'>tu-</span> 
     </span>
     <span class='ocr_line' id='line_1_75' title="bbox 1139 1405 2117 1454; baseline 0.009 -16"><span class='ocrx_word' id='word_1_479' title='bbox 1139 1405 1270 1438; x_wconf 88' lang='lat' dir='ltr'>multus</span> <span class='ocrx_word' id='word_1_480' title='bbox 1289 1412 1321 1439; x_wconf 86' lang='lat' dir='ltr'>et</span> <span class='ocrx_word' id='word_1_481' title='bbox 1338 1406 1478 1438; x_wconf 90' lang='lat' dir='ltr'>crebrae</span> <span class='ocrx_word' id='word_1_482' title='bbox 1494 1407 1682 1440; x_wconf 89' lang='lat' dir='ltr'>seditiones</span> <span class='ocrx_word' id='word_1_483' title='bbox 1701 1409 1737 1440; x_wconf 91' lang='lat' dir='ltr'>in</span> <span class='ocrx_word' id='word_1_484' title='bbox 1748 1408 1944 1454; x_wconf 81' lang='lat' dir='ltr'>Republica</span> <span class='ocrx_word' id='word_1_485' title='bbox 1955 1412 2117 1449; x_wconf 86' lang='lat' dir='ltr'>Romana</span> 
     </span>
     <span class='ocr_line' id='line_1_76' title="bbox 1138 1455 2118 1505; baseline 0.011 -17"><span class='ocrx_word' id='word_1_486' title='bbox 1138 1456 1204 1488; x_wconf 91' lang='lat' dir='ltr'>sub</span> <span class='ocrx_word' id='word_1_487' title='bbox 1232 1455 1330 1491; x_wconf 89' lang='lat' dir='ltr'>Coss.</span> <span class='ocrx_word' id='word_1_488' title='bbox 1360 1463 1391 1490; x_wconf 87' lang='lat' dir='ltr'>et</span> <span class='ocrx_word' id='word_1_489' title='bbox 1418 1455 1609 1498; x_wconf 86' lang='lat' dir='ltr'>Tribunis,</span> <span class='ocrx_word' id='word_1_490' title='bbox 1647 1465 1763 1501; x_wconf 85' lang='lat' dir='ltr'>postea</span> <span class='ocrx_word' id='word_1_491' title='bbox 1795 1462 1942 1505; x_wconf 86' lang='lat' dir='ltr'>expetita</span> <span class='ocrx_word' id='word_1_492' title='bbox 1970 1471 2018 1498; x_wconf 82' lang='lat' dir='ltr'>est</span> <span class='ocrx_word' id='word_1_493' title='bbox 2042 1478 2118 1501; x_wconf 90' lang='lat' dir='ltr'>mo—</span> 
     </span>
     <span class='ocr_line' id='line_1_77' title="bbox 1138 1504 2115 1551; baseline 0.012 -12"><span class='ocrx_word' id='word_1_494' title='bbox 1138 1504 1302 1547; x_wconf 82' lang='lat' dir='ltr'>narchia,</span> <span class='ocrx_word' id='word_1_495' title='bbox 1346 1513 1378 1540; x_wconf 92' lang='lat' dir='ltr'>et</span> <span class='ocrx_word' id='word_1_496' title='bbox 1415 1507 1597 1541; x_wconf 86' lang='lat' dir='ltr'>redierunt</span> <span class='ocrx_word' id='word_1_497' title='bbox 1629 1515 1746 1542; x_wconf 88' lang='lat' dir='ltr'>tamen</span> <span class='ocrx_word' id='word_1_498' title='bbox 1776 1511 1908 1545; x_wconf 85' lang='lat' dir='ltr'>similes</span> <span class='ocrx_word' id='word_1_499' title='bbox 1941 1515 2115 1551; x_wconf 85' lang='lat' dir='ltr'>miseriae:</span> 
     </span>
     <span class='ocr_line' id='line_1_78' title="bbox 1139 1557 2115 1609; baseline 0.012 -20"><span class='ocrx_word' id='word_1_500' title='bbox 1139 1557 1183 1590; x_wconf 88' lang='lat' dir='ltr'>ita</span> <span class='ocrx_word' id='word_1_501' title='bbox 1215 1557 1250 1589; x_wconf 89' lang='lat' dir='ltr'>in</span> <span class='ocrx_word' id='word_1_502' title='bbox 1279 1557 1400 1595; x_wconf 69' lang='lat' dir='ltr'>lsrael,</span> <span class='ocrx_word' id='word_1_503' title='bbox 1440 1570 1517 1590; x_wconf 90' lang='lat' dir='ltr'>cum</span> <span class='ocrx_word' id='word_1_504' title='bbox 1548 1559 1585 1591; x_wconf 92' lang='lat' dir='ltr'>in</span> <span class='ocrx_word' id='word_1_505' title='bbox 1608 1557 1837 1595; x_wconf 88' lang='lat' dir='ltr'>Aristocratia</span> <span class='ocrx_word' id='word_1_506' title='bbox 1869 1570 1949 1597; x_wconf 88' lang='lat' dir='ltr'>ante</span> <span class='ocrx_word' id='word_1_507' title='bbox 1971 1577 2115 1609; x_wconf 86' lang='lat' dir='ltr'>regnum</span> 
     </span>
     <span class='ocr_line' id='line_1_79' title="bbox 1137 1609 2117 1657; baseline 0.013 -18"><span class='ocrx_word' id='word_1_508' title='bbox 1137 1619 1282 1651; x_wconf 86' lang='lat' dir='ltr'>magnae</span> <span class='ocrx_word' id='word_1_509' title='bbox 1315 1609 1527 1642; x_wconf 83' lang='lat' dir='ltr'>calamitates</span> <span class='ocrx_word' id='word_1_510' title='bbox 1561 1610 1783 1652; x_wconf 87' lang='lat' dir='ltr'>accidissent,</span> <span class='ocrx_word' id='word_1_511' title='bbox 1825 1615 1974 1657; x_wconf 89' lang='lat' dir='ltr'>populus</span> <span class='ocrx_word' id='word_1_512' title='bbox 2005 1619 2117 1653; x_wconf 86' lang='lat' dir='ltr'>voluit</span> 
     </span>
     <span class='ocr_line' id='line_1_80' title="bbox 1137 1659 2117 1702; baseline 0.005 -12"><span class='ocrx_word' id='word_1_513' title='bbox 1137 1670 1281 1701; x_wconf 82' lang='lat' dir='ltr'>regnum</span> <span class='ocrx_word' id='word_1_514' title='bbox 1305 1659 1491 1698; x_wconf 87' lang='lat' dir='ltr'>constitui,</span> <span class='ocrx_word' id='word_1_515' title='bbox 1518 1671 1557 1691; x_wconf 91' lang='lat' dir='ltr'>ac</span> <span class='ocrx_word' id='word_1_516' title='bbox 1579 1662 1739 1702; x_wconf 84' lang='lat' dir='ltr'>sperabat</span> <span class='ocrx_word' id='word_1_517' title='bbox 1757 1670 1885 1695; x_wconf 85' lang='lat' dir='ltr'>mutata</span> <span class='ocrx_word' id='word_1_518' title='bbox 1903 1666 2012 1699; x_wconf 82' lang='lat' dir='ltr'>forma</span> <span class='ocrx_word' id='word_1_519' title='bbox 2030 1667 2117 1702; x_wconf 73' lang='lat' dir='ltr'>Rei-</span> 
     </span>
     <span class='ocr_line' id='line_1_81' title="bbox 1137 1708 2114 1761; baseline 0.012 -23"><span class='ocrx_word' id='word_1_520' title='bbox 1137 1708 1296 1750; x_wconf 90' lang='lat' dir='ltr'>publicae</span> <span class='ocrx_word' id='word_1_521' title='bbox 1328 1708 1519 1740; x_wconf 82' lang='lat' dir='ltr'>feliciorem</span> <span class='ocrx_word' id='word_1_522' title='bbox 1553 1715 1679 1741; x_wconf 86' lang='lat' dir='ltr'>statum</span> <span class='ocrx_word' id='word_1_523' title='bbox 1713 1711 1804 1752; x_wconf 85' lang='lat' dir='ltr'>fore,</span> <span class='ocrx_word' id='word_1_524' title='bbox 1840 1714 1897 1745; x_wconf 85' lang='lat' dir='ltr'>sed</span> <span class='ocrx_word' id='word_1_525' title='bbox 1933 1715 2114 1761; x_wconf 88' lang='lat' dir='ltr'>aliquanto</span> 
     </span>
     <span class='ocr_line' id='line_1_82' title="bbox 1136 1759 2114 1803; baseline 0.009 -13"><span class='ocrx_word' id='word_1_526' title='bbox 1136 1764 1213 1800; x_wconf 86' lang='lat' dir='ltr'>post</span> <span class='ocrx_word' id='word_1_527' title='bbox 1244 1764 1379 1791; x_wconf 91' lang='lat' dir='ltr'>secutae</span> <span class='ocrx_word' id='word_1_528' title='bbox 1407 1765 1489 1791; x_wconf 89' lang='lat' dir='ltr'>sunt</span> <span class='ocrx_word' id='word_1_529' title='bbox 1520 1759 1667 1791; x_wconf 85' lang='lat' dir='ltr'>maiores</span> <span class='ocrx_word' id='word_1_530' title='bbox 1698 1761 1973 1798; x_wconf 87' lang='lat' dir='ltr'>dilacerationes.</span> <span class='ocrx_word' id='word_1_531' title='bbox 2025 1767 2114 1803; x_wconf 86' lang='lat' dir='ltr'>Cum</span> 
     </span>
     <span class='ocr_line' id='line_1_83' title="bbox 1137 1807 2115 1854; baseline 0.015 -15"><span class='ocrx_word' id='word_1_532' title='bbox 1137 1808 1243 1849; x_wconf 83' lang='lat' dir='ltr'>igitur</span> <span class='ocrx_word' id='word_1_533' title='bbox 1276 1808 1453 1841; x_wconf 86' lang='lat' dir='ltr'>instabilia</span> <span class='ocrx_word' id='word_1_534' title='bbox 1486 1808 1556 1841; x_wconf 91' lang='lat' dir='ltr'>sint</span> <span class='ocrx_word' id='word_1_535' title='bbox 1588 1807 1759 1851; x_wconf 84' lang='lat' dir='ltr'>humana,</span> <span class='ocrx_word' id='word_1_536' title='bbox 1793 1819 1825 1846; x_wconf 90' lang='lat' dir='ltr'>et</span> <span class='ocrx_word' id='word_1_537' title='bbox 1855 1826 1926 1846; x_wconf 91' lang='lat' dir='ltr'>non</span> <span class='ocrx_word' id='word_1_538' title='bbox 1955 1818 2115 1854; x_wconf 85' lang='lat' dir='ltr'>adferant</span> 
     </span>
     <span class='ocr_line' id='line_1_84' title="bbox 1136 1859 2114 1905; baseline 0.013 -16"><span class='ocrx_word' id='word_1_539' title='bbox 1136 1859 1298 1902; x_wconf 83' lang='lat' dir='ltr'>quietem,</span> <span class='ocrx_word' id='word_1_540' title='bbox 1318 1859 1370 1891; x_wconf 86' lang='lat' dir='ltr'>sac</span> <span class='ocrx_word' id='word_1_541' title='bbox 1387 1859 1577 1891; x_wconf 85' lang='lat' dir='ltr'>necessaria</span> <span class='ocrx_word' id='word_1_542' title='bbox 1595 1867 1626 1892; x_wconf 90' lang='lat' dir='ltr'>et</span> <span class='ocrx_word' id='word_1_543' title='bbox 1642 1861 1838 1905; x_wconf 88' lang='lat' dir='ltr'>acquiescas</span> <span class='ocrx_word' id='word_1_544' title='bbox 1856 1864 1889 1896; x_wconf 89' lang='lat' dir='ltr'>in</span> <span class='ocrx_word' id='word_1_545' title='bbox 1902 1864 1988 1900; x_wconf 83' lang='lat' dir='ltr'>Deo.</span> <span class='ocrx_word' id='word_1_546' title='bbox 2019 1868 2114 1902; x_wconf 89' lang='lat' dir='ltr'>Sim-</span> 
     </span>
     <span class='ocr_line' id='line_1_85' title="bbox 1136 1909 2114 1955; baseline 0.015 -16"><span class='ocrx_word' id='word_1_547' title='bbox 1136 1909 1323 1951; x_wconf 84' lang='lat' dir='ltr'>plicissima</span> <span class='ocrx_word' id='word_1_548' title='bbox 1347 1909 1452 1951; x_wconf 81' lang='lat' dir='ltr'>igitur</span> <span class='ocrx_word' id='word_1_549' title='bbox 1475 1912 1749 1945; x_wconf 84' lang='lat' dir='ltr'>accommodatio</span> <span class='ocrx_word' id='word_1_550' title='bbox 1772 1913 2013 1951; x_wconf 90' lang='lat' dir='ltr'>similitudinis</span> <span class='ocrx_word' id='word_1_551' title='bbox 2030 1916 2114 1955; x_wconf 89' lang='lat' dir='ltr'>haec</span> 
     </span>
     <span class='ocr_line' id='line_1_86' title="bbox 1135 1958 2112 2013; baseline 0.011 -22"><span class='ocrx_word' id='word_1_552' title='bbox 1135 1966 1200 1992; x_wconf 86' lang='lat' dir='ltr'>est:</span> <span class='ocrx_word' id='word_1_553' title='bbox 1229 1958 1325 1992; x_wconf 90' lang='lat' dir='ltr'>Sicut</span> <span class='ocrx_word' id='word_1_554' title='bbox 1343 1959 1404 1993; x_wconf 93' lang='lat' dir='ltr'>Sol</span> <span class='ocrx_word' id='word_1_555' title='bbox 1429 1967 1461 1993; x_wconf 90' lang='lat' dir='ltr'>et</span> <span class='ocrx_word' id='word_1_556' title='bbox 1483 1971 1571 2005; x_wconf 89' lang='lat' dir='ltr'>aqua</span> <span class='ocrx_word' id='word_1_557' title='bbox 1599 1958 1729 1996; x_wconf 85' lang='lat' dir='ltr'>habent</span> <span class='ocrx_word' id='word_1_558' title='bbox 1747 1964 1902 1998; x_wconf 88' lang='lat' dir='ltr'>assiduas</span> <span class='ocrx_word' id='word_1_559' title='bbox 1918 1967 2112 2013; x_wconf 74' lang='lat' dir='ltr'>circumgy-</span> 
     </span>
     <span class='ocr_line' id='line_1_87' title="bbox 1135 2010 2111 2060; baseline 0.014 -19"><span class='ocrx_word' id='word_1_560' title='bbox 1135 2010 1287 2043; x_wconf 89' lang='lat' dir='ltr'>rationes</span> <span class='ocrx_word' id='word_1_561' title='bbox 1313 2017 1345 2043; x_wconf 90' lang='lat' dir='ltr'>et</span> <span class='ocrx_word' id='word_1_562' title='bbox 1369 2010 1618 2050; x_wconf 83' lang='lat' dir='ltr'>revolvuntur,</span> <span class='ocrx_word' id='word_1_563' title='bbox 1648 2012 1693 2045; x_wconf 85' lang='lat' dir='ltr'>ita</span> <span class='ocrx_word' id='word_1_564' title='bbox 1713 2010 1864 2047; x_wconf 84' lang='lat' dir='ltr'>humana</span> <span class='ocrx_word' id='word_1_565' title='bbox 1885 2020 2024 2060; x_wconf 81' lang='lat' dir='ltr'>negocia</span> <span class='ocrx_word' id='word_1_566' title='bbox 2043 2011 2111 2056; x_wconf 79' lang='lat' dir='ltr'>una</span> 
     </span>
     <span class='ocr_line' id='line_1_88' title="bbox 1135 2060 2111 2113; baseline 0.013 -21"><span class='ocrx_word' id='word_1_567' title='bbox 1135 2072 1211 2092; x_wconf 90' lang='lat' dir='ltr'>cum</span> <span class='ocrx_word' id='word_1_568' title='bbox 1246 2060 1395 2092; x_wconf 90' lang='lat' dir='ltr'>miseriis</span> <span class='ocrx_word' id='word_1_569' title='bbox 1426 2072 1513 2105; x_wconf 78' lang='lat' dir='ltr'>quae</span> <span class='ocrx_word' id='word_1_570' title='bbox 1538 2061 1711 2095; x_wconf 84' lang='lat' dir='ltr'>admixtae</span> <span class='ocrx_word' id='word_1_571' title='bbox 1737 2071 1835 2103; x_wconf 91' lang='lat' dir='ltr'>sunt,</span> <span class='ocrx_word' id='word_1_572' title='bbox 1870 2069 2111 2113; x_wconf 88' lang='lat' dir='ltr'>revolvuntur,</span> 
     </span>
     <span class='ocr_line' id='line_1_89' title="bbox 1135 2111 2110 2162; baseline 0.014 -21"><span class='ocrx_word' id='word_1_573' title='bbox 1135 2122 1197 2143; x_wconf 90' lang='lat' dir='ltr'>nec</span> <span class='ocrx_word' id='word_1_574' title='bbox 1224 2111 1371 2143; x_wconf 89' lang='lat' dir='ltr'>consilio</span> <span class='ocrx_word' id='word_1_575' title='bbox 1404 2117 1462 2144; x_wconf 91' lang='lat' dir='ltr'>aut</span> <span class='ocrx_word' id='word_1_576' title='bbox 1496 2111 1663 2154; x_wconf 88' lang='lat' dir='ltr'>sapientia</span> <span class='ocrx_word' id='word_1_577' title='bbox 1690 2111 1842 2148; x_wconf 87' lang='lat' dir='ltr'>bumana</span> <span class='ocrx_word' id='word_1_578' title='bbox 1869 2117 2031 2162; x_wconf 87' lang='lat' dir='ltr'>impediri</span> <span class='ocrx_word' id='word_1_579' title='bbox 2054 2134 2110 2155; x_wconf 90' lang='lat' dir='ltr'>ae-</span> 
     </span>
     <span class='ocr_line' id='line_1_90' title="bbox 1134 2161 2109 2210; baseline 0.014 -18"><span class='ocrx_word' id='word_1_580' title='bbox 1134 2172 1279 2193; x_wconf 85' lang='lat' dir='ltr'>rumnae</span> <span class='ocrx_word' id='word_1_581' title='bbox 1304 2161 1339 2193; x_wconf 89' lang='lat' dir='ltr'>in</span> <span class='ocrx_word' id='word_1_582' title='bbox 1363 2161 1566 2194; x_wconf 84' lang='lat' dir='ltr'>universum</span> <span class='ocrx_word' id='word_1_583' title='bbox 1591 2171 1745 2205; x_wconf 88' lang='lat' dir='ltr'>possunt.</span> <span class='ocrx_word' id='word_1_584' title='bbox 1799 2165 1838 2198; x_wconf 89' lang='lat' dir='ltr'>ln</span> <span class='ocrx_word' id='word_1_585' title='bbox 1864 2169 2008 2210; x_wconf 88' lang='lat' dir='ltr'>privatis</span> <span class='ocrx_word' id='word_1_586' title='bbox 2024 2179 2056 2206; x_wconf 87' lang='lat' dir='ltr'>et</span> <span class='ocrx_word' id='word_1_587' title='bbox 2073 2174 2109 2206; x_wconf 91' lang='lat' dir='ltr'>in</span> 
     </span>
     <span class='ocr_line' id='line_1_91' title="bbox 1134 2211 2110 2257; baseline 0.015 -14"><span class='ocrx_word' id='word_1_588' title='bbox 1134 2211 1284 2255; x_wconf 84' lang='lat' dir='ltr'>publicis</span> <span class='ocrx_word' id='word_1_589' title='bbox 1312 2212 1466 2254; x_wconf 85' lang='lat' dir='ltr'>negociis</span> <span class='ocrx_word' id='word_1_590' title='bbox 1494 2213 1644 2246; x_wconf 82' lang='lat' dir='ltr'>subinde</span> <span class='ocrx_word' id='word_1_591' title='bbox 1673 2214 1739 2247; x_wconf 87' lang='lat' dir='ltr'>alia</span> <span class='ocrx_word' id='word_1_592' title='bbox 1769 2217 1912 2251; x_wconf 85' lang='lat' dir='ltr'>consilia</span> <span class='ocrx_word' id='word_1_593' title='bbox 1937 2226 2110 2257; x_wconf 86' lang='lat' dir='ltr'>tentamus</span> 
     </span>
     <span class='ocr_line' id='line_1_92' title="bbox 1133 2262 2108 2308; baseline 0.007 -14"><span class='ocrx_word' id='word_1_594' title='bbox 1133 2263 1175 2294; x_wconf 89' lang='lat' dir='ltr'>ad</span> <span class='ocrx_word' id='word_1_595' title='bbox 1209 2262 1428 2296; x_wconf 78' lang='lat' dir='ltr'>efficiendum</span> <span class='ocrx_word' id='word_1_596' title='bbox 1460 2269 1587 2295; x_wconf 90' lang='lat' dir='ltr'>statum</span> <span class='ocrx_word' id='word_1_597' title='bbox 1620 2265 1818 2308; x_wconf 85' lang='lat' dir='ltr'>meliorem,</span> <span class='ocrx_word' id='word_1_598' title='bbox 1852 2275 1884 2302; x_wconf 85' lang='lat' dir='ltr'>et</span> <span class='ocrx_word' id='word_1_599' title='bbox 1914 2276 2029 2305; x_wconf 87' lang='lat' dir='ltr'>tamen</span> <span class='ocrx_word' id='word_1_600' title='bbox 2055 2286 2108 2307; x_wconf 78' lang='lat' dir='ltr'>re-</span> 
     </span>
     <span class='ocr_line' id='line_1_93' title="bbox 1133 2313 2110 2357; baseline 0.013 -13"><span class='ocrx_word' id='word_1_601' title='bbox 1133 2314 1240 2346; x_wconf 88' lang='lat' dir='ltr'>deunt</span> <span class='ocrx_word' id='word_1_602' title='bbox 1266 2313 1397 2346; x_wconf 89' lang='lat' dir='ltr'>similes</span> <span class='ocrx_word' id='word_1_603' title='bbox 1421 2313 1591 2346; x_wconf 87' lang='lat' dir='ltr'>miseriae.</span> <span class='ocrx_word' id='word_1_604' title='bbox 1648 2313 1687 2347; x_wconf 87' lang='lat' dir='ltr'>In</span> <span class='ocrx_word' id='word_1_605' title='bbox 1714 2313 1803 2350; x_wconf 88' lang='lat' dir='ltr'>banc</span> <span class='ocrx_word' id='word_1_606' title='bbox 1827 2321 2033 2355; x_wconf 87' lang='lat' dir='ltr'>sententiam</span> <span class='ocrx_word' id='word_1_607' title='bbox 2055 2326 2110 2357; x_wconf 85' lang='lat' dir='ltr'>di-</span> 
     </span>
     <span class='ocr_line' id='line_1_94' title="bbox 1134 2361 2106 2409; baseline 0.012 -13"><span class='ocrx_word' id='word_1_608' title='bbox 1134 2364 1196 2396; x_wconf 82' lang='lat' dir='ltr'>cit:</span> <span class='ocrx_word' id='word_1_609' title='bbox 1225 2361 1343 2397; x_wconf 80' lang='lat' dir='ltr'><em>Nihil</em></span> <span class='ocrx_word' id='word_1_610' title='bbox 1357 2362 1522 2397; x_wconf 74' lang='lat' dir='ltr'>novisub</span> <span class='ocrx_word' id='word_1_611' title='bbox 1533 2362 1629 2405; x_wconf 83' lang='lat' dir='ltr'>Sole,</span> <span class='ocrx_word' id='word_1_612' title='bbox 1656 2372 1690 2399; x_wconf 86' lang='lat' dir='ltr'>et</span> <span class='ocrx_word' id='word_1_613' title='bbox 1706 2373 1822 2409; x_wconf 91' lang='lat' dir='ltr'>postea</span> <span class='ocrx_word' id='word_1_614' title='bbox 1842 2370 1939 2404; x_wconf 88' lang='lat' dir='ltr'>addit</span> <span class='ocrx_word' id='word_1_615' title='bbox 1956 2384 2106 2407; x_wconf 86' lang='lat' dir='ltr'>causam:</span> 
     </span>
     <span class='ocr_line' id='line_1_95' title="bbox 1133 2411 2107 2462; baseline 0.011 -16"><span class='ocrx_word' id='word_1_616' title='bbox 1133 2411 1299 2447; x_wconf 70' lang='lat' dir='ltr'>Per-versi</span> <span class='ocrx_word' id='word_1_617' title='bbox 1332 2411 1533 2462; x_wconf 71' lang='lat' dir='ltr'>dtsficulter</span> <span class='ocrx_word' id='word_1_618' title='bbox 1563 2415 1814 2461; x_wconf 79' lang='lat' dir='ltr'>corriguntur,</span> <span class='ocrx_word' id='word_1_619' title='bbox 1854 2424 1884 2452; x_wconf 84' lang='lat' dir='ltr'>et</span> <span class='ocrx_word' id='word_1_620' title='bbox 1913 2420 2107 2458; x_wconf 80' lang='lat' dir='ltr'>stultorum</span> 
     </span>
     <span class='ocr_line' id='line_1_96' title="bbox 1135 2461 2108 2516; baseline 0.013 -20"><span class='ocrx_word' id='word_1_621' title='bbox 1135 2461 1302 2510; x_wconf 80' lang='lat' dir='ltr'>infinitus</span> <span class='ocrx_word' id='word_1_622' title='bbox 1334 2470 1383 2498; x_wconf 78' lang='lat' dir='ltr'>est</span> <span class='ocrx_word' id='word_1_623' title='bbox 1416 2476 1607 2506; x_wconf 81' lang='lat' dir='ltr'>numerus,</span> <span class='ocrx_word' id='word_1_624' title='bbox 1637 2467 1672 2499; x_wconf 91' lang='lat' dir='ltr'>id</span> <span class='ocrx_word' id='word_1_625' title='bbox 1708 2475 1775 2509; x_wconf 84' lang='lat' dir='ltr'>est,</span> <span class='ocrx_word' id='word_1_626' title='bbox 1813 2470 1906 2503; x_wconf 88' lang='lat' dir='ltr'>nulla</span> <span class='ocrx_word' id='word_1_627' title='bbox 1939 2473 2108 2516; x_wconf 85' lang='lat' dir='ltr'>sapientia</span> 
     </span>
     <span class='ocr_line' id='line_1_97' title="bbox 1134 2513 2110 2569; baseline 0.011 -21"><span class='ocrx_word' id='word_1_628' title='bbox 1134 2513 1286 2549; x_wconf 84' lang='lat' dir='ltr'>bumana</span> <span class='ocrx_word' id='word_1_629' title='bbox 1311 2513 1498 2559; x_wconf 86' lang='lat' dir='ltr'>probibere</span> <span class='ocrx_word' id='word_1_630' title='bbox 1523 2523 1582 2550; x_wconf 91' lang='lat' dir='ltr'>aut</span> <span class='ocrx_word' id='word_1_631' title='bbox 1605 2517 1713 2550; x_wconf 88' lang='lat' dir='ltr'>vitare</span> <span class='ocrx_word' id='word_1_632' title='bbox 1732 2525 1842 2561; x_wconf 88' lang='lat' dir='ltr'>potest</span> <span class='ocrx_word' id='word_1_633' title='bbox 1859 2532 1979 2555; x_wconf 88' lang='lat' dir='ltr'>omnes</span> <span class='ocrx_word' id='word_1_634' title='bbox 1995 2524 2110 2569; x_wconf 88' lang='lat' dir='ltr'>lapsus</span> 
     </span>
     <span class='ocr_line' id='line_1_98' title="bbox 1135 2565 2110 2611; baseline 0.013 -13"><span class='ocrx_word' id='word_1_635' title='bbox 1135 2574 1167 2600; x_wconf 89' lang='lat' dir='ltr'>et</span> <span class='ocrx_word' id='word_1_636' title='bbox 1191 2567 1305 2600; x_wconf 83' lang='lat' dir='ltr'>tristes</span> <span class='ocrx_word' id='word_1_637' title='bbox 1330 2578 1439 2601; x_wconf 90' lang='lat' dir='ltr'>casus.</span> <span class='ocrx_word' id='word_1_638' title='bbox 1492 2566 1584 2609; x_wconf 86' lang='lat' dir='ltr'>Quia</span> <span class='ocrx_word' id='word_1_639' title='bbox 1611 2565 1694 2601; x_wconf 88' lang='lat' dir='ltr'>haec</span> <span class='ocrx_word' id='word_1_640' title='bbox 1721 2576 1843 2602; x_wconf 85' lang='lat' dir='ltr'>natura</span> <span class='ocrx_word' id='word_1_641' title='bbox 1867 2578 1916 2604; x_wconf 91' lang='lat' dir='ltr'>est</span> <span class='ocrx_word' id='word_1_642' title='bbox 1936 2573 2110 2611; x_wconf 87' lang='lat' dir='ltr'>imbecilla</span> 
     </span>
    </p>
   </div>
   <div class='ocr_carea' id='block_1_11' title="bbox 1372 2617 2111 2663">
    <p class='ocr_par' dir='ltr' id='par_1_13' title="bbox 1372 2617 2111 2663">
     <span class='ocr_line' id='line_1_99' title="bbox 1372 2617 2111 2663; baseline 0.009 -14"><span class='ocrx_word' id='word_1_643' title='bbox 1372 2618 1450 2650; x_wconf 87' lang='lat' dir='ltr'>ideo</span> <span class='ocrx_word' id='word_1_644' title='bbox 1478 2617 1594 2662; x_wconf 89' lang='lat' dir='ltr'>qualia</span> <span class='ocrx_word' id='word_1_645' title='bbox 1625 2617 1825 2654; x_wconf 88' lang='lat' dir='ltr'>acciderunt</span> <span class='ocrx_word' id='word_1_646' title='bbox 1857 2629 1978 2663; x_wconf 88' lang='lat' dir='ltr'>antea,</span> <span class='ocrx_word' id='word_1_647' title='bbox 2031 2628 2111 2661; x_wconf 66' lang='lat' dir='ltr'>talia</span> 
     </span>
    </p>
   </div>
   <div class='ocr_carea' id='block_1_12' title="bbox 106 2668 2112 2718">
    <p class='ocr_par' dir='ltr' id='par_1_14' title="bbox 106 2668 2112 2718">
     <span class='ocr_line' id='line_1_100' title="bbox 106 2668 2112 2718; baseline 0 -12"><span class='ocrx_word' id='word_1_648' title='bbox 106 2671 170 2706; x_wconf 83' lang='lat' dir='ltr'>His</span> <span class='ocrx_word' id='word_1_649' title='bbox 194 2673 296 2705; x_wconf 73' lang='lat' dir='ltr'>rebus</span> <span class='ocrx_word' id='word_1_650' title='bbox 321 2679 354 2705; x_wconf 90' lang='lat' dir='ltr'>et</span> <span class='ocrx_word' id='word_1_651' title='bbox 378 2670 530 2713; x_wconf 87' lang='lat' dir='ltr'>negociis</span> <span class='ocrx_word' id='word_1_652' title='bbox 556 2669 721 2702; x_wconf 87' lang='lat' dir='ltr'>omnibus</span> <span class='ocrx_word' id='word_1_653' title='bbox 744 2669 936 2701; x_wconf 85' lang='lat' dir='ltr'>miscentur</span> <span class='ocrx_word' id='word_1_654' title='bbox 956 2668 1084 2702; x_wconf 88' lang='lat' dir='ltr'>multae</span> <span class='ocrx_word' id='word_1_655' title='bbox 1108 2686 1110 2707; x_wconf 60' lang='lat'>2</span> <span class='ocrx_word' id='word_1_656' title='bbox 1135 2668 1303 2701; x_wconf 77' lang='lat' dir='ltr'>omnibus</span> <span class='ocrx_word' id='word_1_657' title='bbox 1331 2668 1501 2702; x_wconf 89' lang='lat' dir='ltr'>aetatibus</span> <span class='ocrx_word' id='word_1_658' title='bbox 1531 2674 1563 2700; x_wconf 89' lang='lat' dir='ltr'>et</span> <span class='ocrx_word' id='word_1_659' title='bbox 1599 2675 1715 2711; x_wconf 89' lang='lat' dir='ltr'>postea</span> <span class='ocrx_word' id='word_1_660' title='bbox 1747 2671 1903 2706; x_wconf 86' lang='lat' dir='ltr'>accident</span> <span class='ocrx_word' id='word_1_661' title='bbox 1928 2674 1963 2706; x_wconf 93' lang='lat' dir='ltr'>in</span> <span class='ocrx_word' id='word_1_662' title='bbox 1989 2686 2112 2718; x_wconf 74' lang='lat' dir='ltr'>genere</span> 
     </span>
    </p>
   </div>
   <div class='ocr_carea' id='block_1_13' title="bbox 1444 2716 1501 2750">
    <p class='ocr_par' dir='ltr' id='par_1_15' title="bbox 1444 2716 1501 2750">
     <span class='ocr_line' id='line_1_101' title="bbox 1444 2716 1501 2750; baseline 0 -16"><span class='ocrx_word' id='word_1_663' title='bbox 1444 2716 1501 2750; x_wconf 68' lang='lat'>7*</span> 
     </span>
    </p>
   </div>
  </div>
 </body>
</html>
