2409 2915
36 2327 39 2330 Α
87 2294 266 2339 erumpit?

79 142 152 178 697
329 139 411 176 XII.

182 228 238 261 Ad
265 225 357 260 hanc
381 225 489 271 igitur
511 235 648 258 crucem
671 229 876 268 praeparate
902 235 963 257 vos
985 224 1065 264 fide,

81 291 120 314 ac
140 279 248 324 petite
269 290 287 312 a
305 279 380 312 Deo
403 275 660 319 mitigationem
683 286 944 310 aerumnarum.
997 273 1064 308 Ca-

81 338 158 364 vete
183 337 298 364 autem
321 340 364 362 ne
387 326 586 361 curiositate
610 337 671 359 seu
695 326 1010 371 polypragmosyne
1034 332 1066 359 et

82 381 330 427 inquietudine
352 377 480 417 animi,
507 376 683 421 quaeratis
701 377 840 420 negotia
858 389 931 410 non
948 388 1066 410 neces-

83 433 192 473 saria,
220 438 252 465 et
276 430 389 464 aliena
415 440 433 461 a
460 427 661 468 vocatione,
688 439 752 461 nec
775 428 854 472 plus
878 428 1066 461 difficulta-

84 490 178 524 tum,
205 480 442 515 molestiarum
467 485 500 512 et
523 479 742 512 miseriarum
768 479 868 512 vobis
892 479 1067 519 accersite,

85 546 188 580 quam
213 539 347 575 tempus
370 536 403 563 et
421 540 583 574 praesens
602 530 736 563 occasio
754 530 854 563 vobis
870 530 992 571 offert,
1028 536 1067 563 ut

84 583 190 618 Iosias
211 583 290 626 pius
312 588 346 615 et
369 587 509 614 sanctus
531 592 608 621 rex,
635 582 720 614 dum
735 581 954 615 securitatem
972 581 1068 613 alens

83 634 232 668 somniat
255 644 289 665 se
314 639 384 666 tam
408 631 506 675 pium
529 643 567 664 ac
586 632 675 665 bene
692 632 856 665 meritum
875 632 1067 676 principem

82 684 198 718 nullas
215 682 444 722 offensiones,
471 683 529 715 sed
548 694 724 716 successus
739 690 926 726 perpetuos
940 690 971 716 et
993 683 1067 727 pla-

82 735 178 768 cidos
207 734 317 767 exitus
348 731 553 767 habiturum
582 745 670 774 esse,
704 746 935 778 quaecunque
960 739 1069 767 tentet

81 797 119 820 ac
142 785 329 825 moliatur,
363 784 473 817 movit
496 785 627 817 bellum
651 797 724 818 non
749 785 981 818 necessarium
1006 785 1069 817 ad-

84 847 204 869 versus
224 847 341 879 regem
357 834 591 880 Aegyptium,
619 836 656 868 in
680 848 749 880 quo
769 846 847 868 cum
867 836 995 869 vulnus
1013 846 1068 868 ac-

82 887 246 932 cepisset,
289 886 469 931 aliquanto
502 893 580 930 post
611 893 772 920 mortuus
806 894 866 921 est.
933 885 1069 930 Cogitet

83 937 329 983 unusquisque
361 943 535 977 vestrum,
569 938 809 982 memoriaque
835 944 967 982 repetat
990 948 1070 969 suae

81 989 172 1022 vitae
197 988 432 1028 curriculum,
460 994 545 1021 tunc
570 987 808 1033 deprehendet
832 986 926 1021 haud
950 988 1069 1030 dubie,

82 1050 118 1072 se
138 1039 252 1084 ipsum
280 1039 492 1084 quibusdam
519 1051 590 1072 non
608 1039 812 1072 necessariis
827 1039 1069 1084 occupationi-

81 1090 149 1124 bus
167 1090 359 1134 plurimum
379 1089 445 1122 sibi
464 1101 676 1132 poenarum,
703 1090 942 1134 periculorum
959 1097 991 1122 et
1007 1090 1069 1122 tri-

83 1141 316 1175 stissimorum
336 1151 478 1173 casuum
497 1141 677 1173 attraxisse
693 1148 725 1174 ct
742 1141 979 1181 accersivisse,
1007 1140 1068 1173 ubi

83 1192 112 1225 si
139 1191 328 1236 quievisset
352 1190 415 1236 (ut
443 1191 603 1236 loquitur
627 1192 663 1224 in
688 1192 867 1225 comoedia
892 1189 1070 1237 servulus)

82 1240 176 1275 nihil
193 1241 361 1275 evenisset
380 1242 473 1276 mali.

186 1299 427 1343 Quamobrem
459 1306 620 1333 teneatur
649 1297 734 1332 haec
765 1311 906 1344 quoque
932 1300 1069 1342 regula:

84 1349 124 1384 In
139 1351 274 1394 magnis
291 1351 395 1383 rebus
411 1350 567 1383 facienda
585 1357 667 1383 sunt
681 1350 754 1383 sola
772 1349 982 1389 necessaria,
1008 1362 1071 1382 nec

82 1413 239 1446 unquam
257 1400 385 1434 tentari
399 1400 454 1432 vel
471 1400 601 1444 suscipi
619 1400 720 1433 debet
739 1400 946 1444 quicquam,
975 1400 1070 1444 quod

81 1463 154 1485 non
174 1457 224 1484 est
244 1451 490 1484 necessarium.

186 1509 256 1544 Sed
273 1506 331 1542 hie
346 1509 544 1542 occurritur
560 1508 660 1541 vobis
676 1509 936 1553 quaerentibus,
965 1522 1071 1555 quae-

83 1572 164 1594 nam
182 1560 252 1594 sint
268 1560 462 1593 necessaria
474 1586 483 1600 ,
511 1571 643 1604 quaeve
661 1571 734 1592 non
752 1560 959 1593 necessaria.

184 1625 398 1670 Respondeo
431 1632 546 1659 autem
572 1626 685 1666 clare,
722 1626 931 1673 simpliciter
956 1633 990 1660 et
1014 1638 1072 1659 ex-

83 1678 221 1722 plicate.
275 1674 395 1720 Opera
421 1682 455 1709 et
476 1676 616 1719 negotia
641 1683 724 1709 sunt
746 1677 956 1715 necessaria,
983 1688 1072 1721 quae

82 1727 180 1763 Deus
203 1727 269 1762 tibi
292 1727 490 1775 praecepit,
518 1739 677 1771 quaeque
700 1727 753 1760 tui
780 1727 886 1760 officii
903 1728 992 1761 ratio
1009 1739 1074 1771 po-

85 1780 204 1817 stulat,
231 1789 289 1811 seu
308 1777 420 1811 officia
438 1778 579 1822 propria
591 1785 670 1811 tuae
683 1778 889 1816 vocationis,
916 1779 953 1811 in
967 1790 1071 1823 quam

85 1842 104 1864 a
120 1830 199 1864 Deo
224 1829 414 1862 collocatus
432 1840 476 1861 es.
531 1826 562 1862 E
576 1829 739 1872 regione,
769 1841 840 1862 non
859 1829 1073 1862 necessariae

85 1881 240 1915 actiones
265 1886 298 1913 et
317 1879 562 1922 occupationes
579 1886 678 1919 sunt,
703 1881 854 1924 quadam
872 1880 1073 1913 curiositate

84 1931 141 1965 vel
171 1930 366 1964 ambitione
395 1936 490 1964 extra
514 1937 609 1963 tuam
633 1931 852 1964 vocationem
876 1942 1073 1975 erumpere,

85 1989 119 2016 et
145 1981 321 2033 suscipere
353 1980 466 2014 aliena
498 1987 619 2015 contra
651 1982 858 2014 mandatum
881 1980 966 2020 Dei,
1004 1993 1074 2022 seu,

86 2033 243 2076 ingerere
259 2039 292 2066 te
308 2031 433 2065 alienis
449 2032 708 2068 vocationibus.
760 2030 925 2076 Exempli
943 2044 1055 2066 causa.

189 2090 286 2134 Quid
309 2102 437 2136 quaeso
456 2091 607 2135 pertinet
626 2092 668 2124 ad
688 2091 910 2125 vocationem
930 2104 989 2125 seu
1006 2091 1074 2124 mi-

88 2141 273 2176 nisterium
298 2139 458 2174 Thomae
473 2141 665 2176 Monetarii
690 2143 802 2176 forma
828 2142 1074 2186 gubernatoris

86 2193 125 2226 in
148 2192 318 2236 regimine
341 2191 510 2234 politico?
561 2191 634 2226 Cur
652 2193 712 2226 ille
728 2193 890 2236 ingerens
905 2205 940 2226 se
958 2194 1073 2226 admi-

87 2243 291 2277 nistrationi
323 2241 479 2282 alienae,
514 2250 608 2277 extra
642 2250 749 2277 metas
772 2255 853 2276 suae
880 2243 1075 2277 functionis

320 2293 395 2327 Cur
412 2293 562 2326 alterum
581 2294 703 2337 pedem
725 2294 761 2326 in
781 2294 896 2332 curia,
925 2294 1074 2328 alterum

88 2345 127 2379 in
142 2344 274 2389 templo
288 2341 418 2377 habet?
445 2342 687 2387 Quamobrem
707 2345 782 2378 vult
800 2356 918 2389 regere
936 2345 1074 2388 negotia

90 2395 228 2437 civilia,
262 2395 473 2429 constituere
501 2407 629 2428 novam
655 2395 804 2428 formam
832 2396 990 2439 imperii,
1017 2408 1075 2429 or-

89 2446 212 2481 dinare
229 2457 343 2480 novos
364 2445 582 2490 principatus
598 2446 633 2478 in
653 2445 871 2479 Germania?
897 2453 964 2480 etc.

191 2504 341 2540 Sanctus
364 2511 399 2538 et
413 2505 552 2549 sapiens
570 2503 763 2549 Apostolus
781 2504 912 2539 Paulus
929 2507 1075 2539 eandem

90 2556 366 2590 admonitionem
393 2555 510 2589 verbis
533 2555 730 2600 insignibus
747 2562 779 2589 et
798 2555 1076 2599 significantibus

93 2607 236 2651 repetit,
263 2619 301 2640 ac
318 2606 487 2650 praecipit
506 2607 759 2648 eruditissime,
788 2608 820 2643 1.
839 2605 998 2643 Thessal.
1019 2607 1074 2642 4.;

94 2654 335 2692 Adhortamur
355 2663 394 2691 ut
417 2657 453 2690 in
476 2655 539 2690 hac
562 2670 598 2690 re
623 2658 789 2692 excellere
807 2659 978 2702 singulari
993 2660 1076 2693 dili-

95 2707 207 2750 gentia
229 2708 422 2752 conemini,
451 2720 487 2742 ac
511 2709 546 2741 in
565 2721 604 2742 eo
623 2709 696 2742 sitis
715 2709 911 2751 ambitiosi,
938 2718 976 2745 ut
995 2721 1075 2754 aga-

463 134 852 174 ANNOTATIONES
878 134 945 172 ET
972 133 1252 172 CONCIONES
1280 135 1330 170 IN
1357 133 1540 172 EVANG.
1568 137 1845 173 MATTHAEI.

2027 139 2100 173 698

1116 222 1161 256 tis
1183 222 1325 266 propria
1348 229 1382 256 et
1406 222 1609 267 quiescatis,
1637 236 1701 257 nec
1719 230 1812 258 extra
1831 230 1937 258 metas
1955 225 2102 258 curratis

1117 273 1285 306 irruendo
1303 273 1341 306 in
1355 273 1486 306 alienas
1501 274 1710 309 vocationes.

1220 321 1272 356 Ac
1295 323 1332 356 in
1358 335 1514 362 summa,
1542 325 1859 370 polypragmosyne
1882 337 1942 359 seu
1961 326 2103 359 temeri—

1118 381 1169 409 tas
1188 374 1411 408 molientium
1430 386 1502 407 non
1521 376 1709 408 necessaria
1729 376 1783 408 vel
1800 376 1999 410 curiositate
2012 404 2020 417 ,
2048 377 2102 409 vel

1118 433 1214 460 metu
1246 426 1356 459 futuri
1387 425 1556 468 periculi,
1591 427 1648 459 vel
1677 426 1781 460 stulta
1813 439 1871 471 spe
1897 427 2104 471 perniciosa,

1120 488 1256 520 semper
1281 482 1315 509 et
1338 476 1578 510 infelicissima
1601 483 1669 517 est,
1704 477 1776 509 sive
1802 477 1837 509 in
1862 478 2007 511 summis
2034 478 2105 511 sive

1121 528 1157 560 in
1183 527 1312 560 infimis
1335 527 1522 560 ordinibus
1541 527 1664 561 existat
1680 524 1764 561 haec
1779 529 2002 561 vocationum
2021 541 2105 562 con-

1119 577 1210 612 fusio
1229 585 1262 612 et
1277 578 1473 611 officiorum
1494 578 1728 613 conturbatio.

1223 628 1319 663 Haec
1333 629 1453 674 itaque
1469 629 1656 672 singularis
1673 629 1841 673 sapientia
1856 629 1970 663 vitans
1988 629 2105 663 curio—

1121 681 1278 721 sitatem,
1304 680 1647 726 polypragmosynen
1675 687 1708 713 et
1733 680 1983 720 ambitionem,
2012 693 2106 713 com-

1122 733 1310 764 mendatur
1340 729 1406 764 hoc
1432 729 1561 765 Christi
1591 732 1700 765 dicto:
1737 730 1920 765 Crastinus
1943 731 2017 764 dies
2042 743 2106 775 pro

1122 794 1195 815 sese
1219 781 1378 816 solicitus
1399 782 1483 822 erit,
1510 782 1637 815 sufficit
1654 782 1724 815 diei
1742 782 1886 815 afflictio
1902 793 1983 822 sua,
2009 782 2107 827 quasi

1122 833 1230 867 dicat:
1264 832 1385 866 Facito
1411 833 1600 866 necessaria
1626 833 1663 865 in
1686 833 1898 877 praesentia,
1935 845 2023 877 quae
2047 845 2109 876 per

1123 895 1194 917 sese
1227 884 1308 917 satis
1342 881 1525 917 habebunt
1559 884 1826 924 difficultatum,
1868 895 1931 916 nec
1965 883 2107 927 propria

1123 935 1324 968 curiositate
1349 935 1510 978 ingerens
1534 941 1566 968 te
1584 935 1707 968 alienis
1724 935 1969 968 vocationibus
1986 946 2110 967 cumu-

1123 986 1193 1019 lato
1209 985 1272 1019 tibi
1292 986 1488 1025 molestias,
1515 997 1662 1028 angores
1679 992 1711 1019 et
1727 997 1921 1018 aerumnas.

1226 1035 1303 1070 Rex
1318 1037 1432 1069 bonus
1449 1043 1481 1069 et
1498 1036 1661 1080 inprimis
1678 1036 1839 1069 laudatus
1851 1034 1974 1074 Osias,
1999 1034 2110 1069 2.Ρῆ-

1123 1087 1224 1131 ralip.
1238 1087 1299 1122 26.
1329 1088 1469 1121 volebat
1490 1087 1605 1120 officio
1629 1087 1728 1129 fungi
1749 1086 1968 1127 Sacerdotis,
1995 1094 2027 1120 et
2049 1098 2111 1130 per

1124 1150 1195 1171 sese
1222 1138 1415 1171 sacrificare
1439 1138 1476 1170 iu
1499 1138 1629 1182 templo
1652 1144 1771 1171 contra
1789 1138 1946 1170 divinam
1965 1138 2111 1170 ordina-

1124 1189 1276 1229 tionem,
1311 1190 1369 1221 scd
1402 1190 1553 1221 eundem
1575 1188 1687 1229 Deus,
1722 1200 1833 1231 poena
1857 1188 1971 1221 subita
1996 1188 2111 1221 decla-

1125 1251 1207 1272 rans
1240 1240 1328 1271 iram
1359 1251 1476 1277 suam,
1515 1239 1684 1282 percussit
1713 1239 1827 1283 lepra,
1865 1239 1909 1272 ita
1943 1245 2111 1283 perpetuo

1126 1289 1334 1332 multiplicia
1376 1290 1601 1322 incommoda
1642 1297 1673 1323 et
1709 1290 1864 1322 exitiales
1895 1302 2027 1334 poenae
2058 1301 2112 1322 se-

1125 1346 1284 1384 quuntur
1308 1339 1666 1385 polypragmosynen,
1694 1353 1754 1373 seu
1778 1341 1923 1373 consilia
1950 1349 1981 1375 et
2007 1352 2113 1373 cona—

1126 1397 1181 1423 tus
1206 1402 1348 1428 eorum,
1383 1391 1444 1435 qui
1471 1391 1526 1423 vel
1553 1398 1688 1424 tentant
1709 1391 1863 1424 actiones
1890 1398 1985 1424 extra
2010 1403 2114 1424 voca—

1125 1441 1277 1481 tionem,
1305 1441 1360 1474 vel
1382 1441 1585 1485 irrumpunt
1604 1442 1640 1474 in
1660 1441 1792 1475 alienas
1810 1442 2027 1482 functiones,
2055 1448 2114 1475 aut

1125 1492 1327 1525 curiositate
1339 1519 1347 1532 ,
1375 1500 1435 1525 aut
1452 1493 1646 1526 ambitione
1663 1493 1816 1537 propria.

1229 1542 1267 1576 Si
1294 1543 1373 1587 quis
1400 1543 1508 1585 igitur
1532 1551 1622 1578 recte
1648 1544 1725 1577 vult
1742 1544 1877 1583 vivere,
1904 1550 1943 1577 ut
1960 1542 2114 1576 retinens

1126 1594 1255 1627 bonam
1268 1593 1516 1627 conscientiam
1529 1595 1637 1638 possit
1650 1595 1684 1627 in
1697 1595 1768 1628 suis
1778 1594 1963 1627 laboribus
1974 1621 1981 1634 ,
2006 1593 2114 1626 actio-

1126 1645 1231 1677 nibus
1247 1651 1279 1677 et
1296 1645 1445 1687 negotiis
1458 1651 1574 1687 petere
1585 1652 1616 1678 et
1629 1651 1826 1688 exspectare
1839 1645 2000 1677 divinum
2015 1644 2114 1677 auxi-

1127 1695 1234 1735 lium,
1270 1695 1298 1727 is
1330 1702 1443 1728 servet
1467 1703 1497 1728 et
1525 1702 1692 1739 sequatur
1717 1693 1808 1728 hanc
1833 1695 1923 1728 vitae
1948 1695 2115 1738 regulam,

1127 1757 1232 1790 quam
1270 1745 1377 1778 tradit
1407 1758 1445 1778 ac
1479 1746 1686 1789 praescribit
1718 1743 1784 1779 hoc
1818 1746 1893 1779 loco
1924 1744 2112 1779 Dominus.

1130 1795 1235 1828 Initio
1260 1808 1388 1840 quaere
1415 1807 1561 1839 regnum
1582 1795 1666 1836 Dei,
1696 1794 1761 1829 hoc
1785 1804 1852 1835 est,
1881 1797 1975 1829 disce
1997 1808 2112 1829 veram

1126 1845 1193 1880 Dei
1217 1846 1452 1889 agnitionem,
1488 1854 1522 1880 et
1546 1858 1735 1880 conversus
1760 1849 1802 1879 ad
1828 1846 1943 1881 Deum
1967 1848 2034 1879 fide
2057 1858 2113 1880 ac-

1128 1897 1285 1943 quiescas
1306 1897 1342 1929 in
1361 1896 1435 1930 Deo
1454 1904 1596 1941 propter
1616 1898 1856 1931 mediatorem.
1909 1896 2047 1931 Deinde
2062 1899 2116 1930 sac

1127 1959 1231 1992 opera
1257 1954 1335 1980 tuae
1355 1948 1570 1986 vocationis,
1596 1954 1629 1981 et
1647 1948 1684 1980 in
1700 1948 1881 1982 laboribus
1900 1949 1963 1982 tibi
1984 1949 2115 1981 divini-

1128 2005 1182 2032 tus
1198 1998 1373 2032 mandatis
1390 2010 1508 2031 exerce
1525 1999 1783 2032 invocationem
1800 1998 1886 2039 Dei,
1914 2006 2018 2044 atque
2035 2012 2115 2044 per-

1127 2050 1180 2082 fer
1208 2049 1327 2081 animo
1361 2050 1556 2094 tranquillo
1586 2050 1827 2091 difficultates,
1857 2051 1894 2083 in
1925 2051 2053 2095 quilius
2084 2058 2116 2084 et

1128 2107 1240 2133 statue
1261 2100 1373 2133 iuvari
1391 2107 1423 2133 te
1438 2100 1621 2141 divinitus,
1648 2108 1683 2135 et
1700 2101 1812 2135 laetus
1828 2108 1984 2145 exspecta
2003 2103 2114 2134 bonos

1130 2157 1292 2189 eventus,
1317 2162 1381 2183 nec
1399 2152 1565 2185 exstincta
1582 2152 1658 2185 luce
1674 2152 1755 2185 fidei
1774 2152 1828 2185 vel
1847 2152 1939 2185 curis
1957 2164 1994 2185 ac
2013 2152 2114 2185 dolo-

1129 2201 1228 2235 ribus
1258 2201 1471 2243 conficiatis,
1513 2203 1565 2235 vel
1598 2202 1770 2246 frangaris
1803 2202 2047 2246 desperatione
2082 2210 2114 2236 et

1129 2251 1360 2296 impatientia.

1234 2301 1336 2337 Hanc
1361 2311 1469 2338 artem
1494 2304 1585 2337 vitae
1608 2303 1635 2336 si
1658 2303 1824 2336 didiceris
1847 2315 1886 2337 ac
1910 2304 2115 2343 exercueris,

1130 2354 1316 2398 experieris
1339 2367 1377 2388 re
1401 2355 1473 2399 ipsa
1501 2352 1614 2387 Deum
1639 2354 1702 2387 tibi
1725 2354 1917 2388 affuturum
1942 2362 1974 2388 et
1997 2355 2115 2399 opitu-

1130 2406 1283 2439 laturum
1318 2417 1408 2446 esse,
1446 2412 1659 2449 eventusque
1687 2405 1909 2448 negotiorum
1936 2418 1974 2438 ac
1998 2406 2114 2438 consi-

1129 2456 1257 2489 liorum
1281 2457 1356 2489 sore
1383 2456 1557 2500 placidos,
1590 2456 1722 2490 faustos
1745 2463 1777 2489 et
1803 2456 1991 2497 salutares,
2020 2456 2113 2489 iuxta

1128 2506 1261 2542 Psalmi
1291 2507 1444 2540 dictum:
1478 2506 1649 2540 Subditus
1673 2513 1744 2540 esto
1767 2506 1862 2547 Deo,
1896 2513 1928 2540 et
1952 2518 2049 2554 spera
2076 2507 2113 2540 in

1129 2570 1221 2592 eurr.
1274 2558 1433 2591 Eandem
1453 2557 1648 2590 doctrinam
1668 2558 1791 2601 rvpetit
1810 2557 1965 2591 eiusdem
1984 2557 2113 2591 Psalmi

1129 2609 1330 2643 dulcissima
1361 2620 1503 2652 gnome:
1540 2607 1755 2642 Commenda
1778 2606 1853 2641 Deo
1884 2610 1975 2642 viam
2008 2616 2114 2649 tuam,

1129 2666 1163 2694 et
1187 2671 1285 2704 spera
1313 2660 1350 2692 in
1374 2671 1470 2698 eum,
1506 2665 1539 2693 et
1562 2659 1634 2702 ipse
1658 2659 1771 2692 faciet.
1823 2658 1926 2692 Viam
1953 2660 2114 2696 nominat

1129 2711 1408 2755 uniuscuiusque
1435 2710 1626 2752 legitimam
1651 2721 1712 2744 seu
1739 2710 1864 2744 iustam
1884 2711 2114 2747 vocationem.
