2409 2915
81 119 153 154 229

81 205 130 238 sic
147 204 282 244 vivunt,
311 215 433 238 omnes
446 207 618 250 quaerunt
635 212 728 244 opes,
755 206 794 233 ut
810 198 960 234 habeant
976 208 1067 234 certa

81 255 211 289 auxilia
236 255 272 287 in
301 261 486 298 conspectu
509 260 542 285 et
562 253 597 284 iu
615 258 774 295 promtu,
802 258 833 283 et
853 252 987 284 ridetur
1004 254 1061 284 do-

83 306 194 340 ctrina
218 303 366 338 Christi:
396 303 552 336 Primum
578 302 734 347 quaerite
759 313 903 344 regnum
924 301 1009 341 Dei,
1035 309 1066 334 et

83 363 216 389 caetera
237 356 447 388 adiicientur
466 353 576 386 vobis.

527 434 624 470 VII.

446 493 492 517 De
532 494 700 518 secunda.

635 118 716 154 XII.
755 115 1145 153 ANNOTATIONES
1173 115 1223 150 IN
1250 114 1550 152 EVANGELIA.

185 545 286 580 Ordo
317 543 544 579 historiarum
573 546 726 579 ostendit
758 552 836 589 post
868 546 1089 589 corporales

82 597 281 631 vexationes
297 596 476 629 accessisse
491 595 661 636 haereses,
676 597 772 629 -sicut
791 594 846 629 hic
862 604 939 640 apte
955 596 1064 638 sigui—
1088 628 1089 639 χ

81 649 214 682 fleatur.

81 750 227 792 dogma,
261 748 336 780 sine
368 749 473 780 verbo
505 747 586 787 Dei,
622 754 732 780 tentat
763 747 888 782 Deum.
957 747 1060 780 Tales

79 799 240 839 fuerunt,
271 806 352 832 sunt
382 805 414 831 et
438 805 541 830 erunt
565 797 728 841 plurimi,
762 800 818 830 sed
846 805 928 830 tnnc
953 805 1060 835 erant,

79 848 219 888 Ebion,
245 846 452 887 Cerinffius,
481 847 666 890 Marcion,
696 848 837 888 Manes,
865 849 1060 882 samosate-

78 911 163 941 nuS,
189 897 314 939 Arius,
342 899 520 941 Pelagius,
548 906 578 931 et
598 899 736 932 similes,

181 949 334 983 Tentare
354 949 463 982 Deum
487 949 648 992 proprie,
675 956 722 982 est
743 955 873 981 certare
891 960 967 981 cum
986 946 1059 980 Deo

79 1000 206 1034 fiducia
240 1001 402 1044 propriae
432 1000 640 1042 sapientiae,
676 999 832 1032 iusticiae
861 1006 893 1031 et
919 999 1060 1034 virium,

79 1062 118 1083 ac
141 1051 236 1083 nolle
263 1051 334 1094 regi
361 1050 469 1092 ipsius
487 1050 551 1082 Dei
576 1051 702 1090 verbo,
730 1062 767 1082 ac
786 1049 1009 1082 ordinatione
1030 1055 1059 1080 et

80 1101 276 1135 vocatione.
330 1101 398 1133 Sed
426 1098 478 1132 his
503 1101 738 1143 spretis‘aliud
761 1111 943 1144 quaerere,
970 1099 1058 1131 fidu-

79 1151 131 1183 cia
156 1158 293 1184 nostrae
319 1151 529 1194 sapientiae,
556 1152 648 1195 quod
676 1151 778 1183 nobis
804 1150 911 1192 magis
937 1150 1060 1192 placet.

80 1200 127 1234 Ut
150 1199 300 1234 humana
324 1201 492 1244 sapientia
514 1200 699 1233 Pontifices
721 1201 935 1233 mandarunt
954 1200 1059 1232 coeli-

79 1251 219 1291 batum,
247 1251 493 1285 Samosatenus
519 1251 673 1294 corrupit
696 1250 890 1283 doctrinam
909 1251 951 1282 de
969 1250 1060 1282 Filio

78 1299 163 1341 Dei,
206 1309 239 1334 et
271 1302 459 1345 quaerebat
490 1301 585 1333 aliud
618 1300 835 1334 concinnius.
904 1299 1060 1332 Pseudo-

78 1351 226 1393 apostoli
253 1352 468 1395 quaerebant
484 1348 638 1383 humano
658 1351 789 1383 iudicio
808 1349 941 1394 aliquid
962 1350 1059 1392 plau-

78 1401 215 1434 sibilius
240 1414 319 1434 cum
345 1402 454 1444 legem
480 1401 639 1443 abrogari
666 1401 814 1435 nollent.
867 1399 949 1432 ldeo
978 1401 1061 1433 dicit

78 1450 220 1485 Petrus:
263 1450 360 1494 Quid
393 1451 534 1484 tentatis
565 1449 704 1484 Deum?
754 1451 788 1483 id
823 1457 891 1490 est,
935 1451 1059 1482 fidncia

77 1509 212 1535 vestrae
239 1502 428 1545 sapientiae
453 1510 485 1535 et
503 1500 737 1534 humanarum
755 1501 932 1534 rationum
951 1508 1060 1533 certa-

76 1553 122 1586 tis
141 1564 220 1585 cum
238 1551 332 1590 Deo,
361 1552 537 1585 disceditis
556 1553 599 1584 ab
618 1553 690 1585 eius
708 1553 828 1585 verbo.
882 1551 925 1585 Et
945 1559 1059 1594 postea

76 1602 264 1635 Pontifices
288 1603 441 1646 profecto
465 1601 684 1636 horribiliter
707 1609 929 1635 tentaverunt
947 1601 1059 1634 Deum

269 646 373 680 Stans
395 646 433 679 in
456 647 593 689 fastigio
619 647 758 690 templi,
787 654 835 680 est
859 647 985 691 aliquis
1006 659 1062 679 ex·
1087 645 1089 676 j

81 699 210 732 cellens
227 697 405 738 doctrina,
432 697 466 730 Is
482 709 516 730 se
535 697 720 737 deiiciens,
748 697 780 729 id
801 704 872 736 est,
899 709 1062 741 spargens
1088 719 1089 722 =

1088 1481 1089 1486 ¹
1115 1474 1256 1505 missum
1282 1484 1354 1504 esse
1378 1483 1395 1504 a
1421 1472 1509 1505 Deo.

2022 119 2096 154 230

1224 195 1405 230 flIiserere
1420 198 1490 230 mei
1503 195 1738 243 Dominefili
1749 196 1897 239 David,
1911 196 2005 242 filia
2022 210 2100 232 mea

1222 261 1245 280 α
1264 246 1456 280 daemonio
1472 247 1568 281 mule.
1586 265 1594 279 ι
1607 254 1748 284 ematur.
1800 247 1876 282 Ille
1892 253 2011 282 aulem
2030 261 2102 281 non

1223 296 1408 339 respondit
1433 298 1466 330 ei
1487 297 1640 333 verbum.
1693 298 1745 332 Et
1767 297 1968 333 accedentes
1992 297 2102 332 disci.

1217 348 1302 393 puli
1319 348 1406 387 eius,
1436 347 1618 392 rogabant
1635 360 1723 389 enm,
1746 348 1916 383 dicentes:
1943 348 2102 382 Dimitte

1220 410 1318 437 cam,
1351 400 1439 444 quia
1466 397 1602 431 clamat
1626 404 1707 444 post
1732 412 1809 433 nos.
1872 399 1956 447 Ipse
1980 405 2100 433 aulem

1221 446 1438 495 respondens
1465 448 1539 481 ait:
1575 446 1662 482 [νυνι
1687 461 1766 481 sum
1793 449 1926 483 missus
1952 450 2028 483 nisi
2050 448 2103 482 ad

1220 511 1317 538 oves,
1345 511 1437 546 quae
1453 501 1654 545 perierunt,
1683 497 1812 532 domus
1829 498 1964 533 lsrael.

1169 549 1214 584 A!
1232 549 1301 582 illa
1321 551 1414 582 venit
1431 554 1461 582 al
1476 548 1647 583 adorari!
1665 562 1754 588 eum,
1777 547 1914 582 dicens:
1938 548 2102 582 Domine

1217 598 1354 633 adiuva
1385 612 1448 632 me.
1520 599 1594 633 Ille
1624 604 1743 633 autem
1776 598 1996 646 respondens
2028 599 2100 632 ait.-

1250 648 1305 683 ⁷on
1329 655 1378 683 ast
1398 649 1531 683 bonum
1549 662 1687 684 sumere
1701 648 2030 696 panemfiliorum‚
2058 661 2101 683 ac

1215 701 1389 746 prolicere
1419 700 1573 736 catellis.
1632 701 1680 734 At
1712 700 1783 733 illa
1815 700 1933 733 dia-it.-
1968 699 2101 733 Etiam

1214 750 1386 790 Domine,
1416 749 1490 784 Sed
1506 750 1599 783 enim
1617 756 1647 783 el
1664 750 1790 784 catelli
1804 749 1912 783 edunt
1929 749 1970 783 de
1988 749 2102 790 micis,

1215 814 1308 849 quae
1333 799 1468 834 cadunt
1493 799 1534 834 de
1556 814 1677 834 mensa
1695 799 1925 834 dominorum
1941 813 2102 834 suorum.

1216 850 1321 885 Tunc
1338 850 1558 898 respondens
1577 850 1700 888 Iesus,
1728 852 1782 883 ail
1800 851 1876 884 illi:
1905 848 1939 883 Ο
1957 850 2099 887 mulier,

1215 915 1351 948 magna
1369 908 1418 935 es!
1429 900 1522 945 fides
1540 907 1622 941 tna,
1638 899 1716 945 flat
1735 901 1804 934 lt'hi
1818 901 1909 934 sicut
1930 901 1992 937 vis.
2046 900 2099 933 Et

1215 959 1353 986 sanata
1374 950 1522 996 estfilia
1541 954 1616 985 eius
1635 963 1680 985 ea:
1699 951 1770 985 illa
1789 949 1897 986 hora.

1163 1019 1247 1052 Loci
1270 1019 1447 1062 praecipui
1465 1022 1536 1051 tres
1555 1025 1645 1052 sunt.

1268 1086 1293 1120 I.
1348 1086 1479 1124 Locus,
1508 1085 1559 1118 De
1577 1085 1766 1118 miraculis.

1266 1137 1310 1171 ll.
1364 1137 1419 1169 De
1436 1137 1690 1170 tentationibus
1704 1147 1790 1180 quae
1802 1135 2007 1179 obstrepunt
2022 1147 2101 1180 pre-

1320 1195 1423 1220 cantu.

1269 1236 1330 1271 lll.
1384 1236 1436 1270 De
1453 1236 1520 1268 fide
1537 1243 1569 1268 et
1589 1235 1776 1279 praecipuo
1795 1236 1902 1270 cultu.

1504 1319 1551 1342 De
1583 1317 1703 1348 primo.

1216 1370 1375 1404 Primum
1394 1368 1450 1402 hic
1467 1370 1638 1412 generalis
1654 1369 1813 1401 doctrina
1832 1369 2022 1411 repetenda
2039 1376 2101 1409 est,

1114 1423 1207 1467 qnod
1228 1422 1395 1454 miracula
1413 1421 1482 1453 sint
1501 1419 1699 1452 testimonia
1717 1416 1811 1451 hunc
1825 1420 2004 1451 doctorem
2020 1431 2100 1451 vere

1574 1469 1678 1509 Item,
1713 1470 1806 1513 quod
1831 1466 1889 1501 hic
1911 1470 2035 1502 doctor
2056 1470 2100 1502 sit

1086 1537 1090 1559 ·,
1114 1522 1307 1562 Dominus,
1333 1530 1365 1555 et
1386 1521 1577 1565 promissus
1596 1520 1763 1559 salvator,
1791 1520 1928 1564 qualem
1947 1531 1982 1552 se
2000 1531 2100 1563 prae-

1087 1598 1089 1600 -
1113 1574 1224 1613 dicat,
1252 1574 1436 1606 destruens
1452 1583 1554 1615 opera
1575 1570 1727 1610 diaboli,
1753 1579 1952 1614 peccatum,
1980 1577 2099 1615 tyran-

78 1653 200 1686 multis
223 1653 339 1696 pravis
365 1654 604 1695 dogmatibus.
630 1654 672 1685 de
697 1654 808 1685 abusu
826 1660 1060 1685 sacramento-
1087 1682 1089 1685 .

76 1715 176 1743 rum,
215 1704 257 1735 de
282 1703 500 1745 ignoratione
526 1703 604 1735 fidei
632 1710 664 1736 et
689 1715 788 1735 verae
815 1703 1061 1741 invocationis,

77 1754 120 1786 de
140 1754 341 1787 monasticis
359 1754 520 1787 cultibus.

512 1835 634 1871 VIII.

475 1895 521 1919 De
546 1895 667 1919 tertia.

181 1946 357 1980 Postrema
386 1948 551 1987 tentatio,
585 1956 634 1980 est
665 1947 763 1990 regni
790 1959 890 1980 causa
915 1947 1060 1979 manife-

77 2006 165 2032 stam
193 1999 391 2031 idolatriam
418 1999 629 2031 constituere
656 2005 687 2030 et
713 1996 909 2030 defendere.
964 1996 1058 2029 Sicut

79 2100 199 2143 cipuos
233 2111 375 2138 nervos,
412 2106 538 2132 terram
572 2099 784 2132 idolatriam.
854 2098 1060 2131 praemonet

78 2151 187 2193 igitur
212 2161 276 2182 nos
293 2147 476 2187 Christus,
503 2157 541 2183 ut
568 2148 650 2182 haec
675 2161 779 2191 regna
804 2156 977 2192 postrema
998 2160 1059 2190 op-

78 2212 237 2244 pressura
261 2197 472 2238 Ecclesiam,
508 2200 663 2232 indicare.
690 2201 883 2238 discamus,
919 2207 950 2232 et
975 2198 1062 2230 vite—

79 2301 292 2345 significatur
309 2301 419 2334 exitus
436 2300 679 2334 certaminum.

286 2419 506 2459 Dominica
558 2419 856 2459 Reminiscere.

340 2492 572 2537 Evangelium
596 2489 724 2527 Matth.
748 2491 801 2526 15.

132 2567 186 2602 Et
203 2579 365 2614 egressus
383 2565 467 2600 inde
481 2565 594 2603 Iesus,
621 2566 763 2599 secessit
784 2565 820 2598 in
837 2570 959 2609 parles
968 2562 1065 2610 Tyri

1115 1624 1232 1656 uidem
1252 1623 1384 1656 diaboli
1398 1649 1407 1663 ,
1433 1629 1465 1654 et
1484 1629 1643 1656 mortem.

1487 1704 1534 1727 De
1560 1703 1723 1727 secundo.

1217 1756 1406 1791 Pcculiaris
1432 1755 1544 1797 imago
1567 1752 1623 1786 hic
1643 1753 1861 1797 proponitur.
1915 1752 2095 1798 Nusquam

1116 1811 1203 1841 adeo
1230 1808 1366 1841 duriter
1388 1805 1570 1850 praeterit,
1596 1811 1655 1836 aut
1679 1804 1791 1836 reiicit
1811 1815 1928 1846 preces
1946 1810 2038 1837 ortas
2056 1816 2096 1837 ex

1116 1872 1197 1892 vero
1223 1866 1253 1891 et
1280 1866 1405 1899 magno
1425 1856 1566 1895 dolore,
1594 1861 1632 1887 ut
1651 1852 1717 1886 hic.
1769 1851 1816 1886 Et
1834 1855 1904 1885 duo
1921 1854 2097 1886 obiiciun-

1233 1908 1410 1943 Primum,
1436 1906 1529 1950 quod
1547 1917 1617 1937 non
1634 1905 1674 1936 sit
1693 1916 1732 1936 ex
1752 1902 1868 1936 lsrae'l.
1922 1904 2097 1943 Secundo,

1699 1952 1752 1986 Ex
1773 1951 1827 1986 his
1844 1955 2097 1988 tentationibus

1115 1918 1180 1943 tur.

1114 1961 1206 2005 quod
1227 1959 1270 1993 sit
1290 1958 1454 1999 indigna,
1482 1963 1520 1990 ut
1539 1955 1644 1988 canis.

1087 2023 1089 2041 2
1114 2012 1185 2053 ipsa
1216 2017 1334 2043 tamen
1367 2007 1555 2045 eluctatur,
1591 2013 1623 2038 et
1652 2006 1794 2038 tandem
1829 2004 1896 2035 fide
1923 2004 2096 2047 impetrat,

78 2057 257 2093 utrunque
280 2060 425 2091 regnum
446 2048 559 2092 Papae
577 2056 606 2080 et
625 2046 819 2081 Mnbometi
839 2046 943 2081 habet
963 2059 1060 2090 prae—
1088 2054 1089 2059 ¹

1087 2141 1089 2151 ,
1114 2123 1187 2143 mos
1205 2108 1398 2153 oppugnari
1417 2107 1591 2151 similibus
1611 2105 1874 2139 tentationibus.

1384 2056 1450 2089 llic
1467 2056 1573 2097 igitur
1590 2056 1762 2088 discamus
1779 2054 1999 2096 singulorum
2019 2055 2095 2087 ani-

1115 2062 1206 2105 quod
1234 2059 1328 2103 petit.

1929 2104 1998 2137 Noc
2015 2117 2096 2147 pro-

1087 2156 1089 2192 }
1115 2169 1228 2204 pterea
1252 2160 1354 2192 fidem
1378 2157 1610 2191 abiiciendam
1631 2168 1722 2197 esse,
1749 2157 1806 2188 sed
1826 2155 1941 2198 potius
1960 2155 2096 2197 erigen-

1088 2244 1089 2247 ,
1114 2213 1192 2244 (lam
1210 2211 1302 2243 inter
1318 2207 1381 2242 hos
1400 2209 1537 2240 fluctus.

78 2262 157 2284 mus
182 2251 380 2289 idolatrias,
408 2257 440 2283 et
463 2262 534 2282 non
559 2251 778 2293 defugiamus
795 2250 1003 2288 certamina,
1031 2255 1060 2280 et
1087 2265 1090 2275 ι

1087 2290 1090 2347 ἶ

1087 2405 1090 2425 t

1088 2454 1090 2468 r

1087 2491 1090 2507 t

1087 2511 1089 2519 ¹
1113 2527 1216 2558 gnos,
1245 2513 1398 2557 pollutos
1422 2517 1454 2544 et
1479 2509 1631 2542 abiectos
1646 2519 1717 2541 esse
1731 2509 1817 2540 sicut
1836 2517 1948 2540 canes.

1216 2260 1307 2295 Sunt
1329 2267 1444 2292 autem
1471 2259 1560 2291 duae
1583 2256 1767 2300 praecipue
1785 2255 2013 2288 tentationes:
2042 2256 2094 2287 al-

1115 2320 1185 2345 tera
1210 2313 1253 2344 (le
1270 2310 1497 2353 indignitate,
1522 2308 1628 2340 altera
1646 2308 1687 2339 de
1705 2305 1883 2338 electione.
1939 2305 2039 2338 Prior
2055 2318 2093 2338 ex

1115 2364 1187 2405 lege
1210 2362 1334 2395 oritur.
1401 2360 1547 2402 Semper
1571 2357 1665 2390 enim
1690 2356 1844 2389 clamitat
1871 2356 1923 2388 lex
1949 2356 1983 2387 in
2010 2367 2093 2388 con-

1088 2428 1089 2432 *
1114 2413 1269 2447 scientiis
1298 2411 1427 2444 nostris
1451 2408 1562 2442 Deum
1589 2407 1778 2451 respicere,
1812 2406 1992 2445 exaudire,
2025 2406 2094 2438 sal-

1598 2458 1668 2491 Nos
1693 2469 1774 2489 vero
1799 2456 1963 2496 iniustos,
1999 2455 2094 2488 indi-

2001 2504 2092 2539 Huic

1114 2476 1195 2497 vare
1226 2464 1372 2504 dignos,
1407 2461 1528 2493 iustos.

1088 2560 1089 2565 ¹
1113 2564 1298 2599 tentationi
1317 2563 1418 2595 debet
1434 2560 1563 2604 opponi
1583 2558 1739 2591 doctrina
1757 2555 1939 2599 Evangelii
1957 2556 1999 2588 de
2016 2567 2093 2599 gra-

183 2623 213 2652 el
225 2616 388 2651 Sidonis,
417 2617 469 2650 E!
486 2629 556 2651 ecce
571 2614 917 2650 mulierCananaeu
937 2613 1063 2660 asini·
1086 2639 1089 2642 ι

185 2669 250 2703 bus
269 2667 349 2701 illis
367 2680 527 2713 egressu,
554 2667 726 2701 clummi!
744 2665 797 2701 ad
811 2679 900 2707 eum,
927 2665 1061 2700 dicens:

1113 2617 1200 2649 tuita
1233 2612 1494 2651 iustificatione,
1528 2617 1560 2643 et
1592 2611 1635 2640 de
1662 2607 1853 2645 exclusiva,
1889 2605 2026 2646 Gratis,
2061 2613 2093 2640 et

1114 2665 1231 2709 colligi
1255 2662 1562 2743 testimoni5a*quae
1579 2657 1969 2700 ostenduntindignos,
1997 2656 2093 2690 iniu-

1399 2713 1415 2744 1
