2409 2915
278 92 351 128 999

874 82 1000 120 PHIL.
1027 81 1143 119 MEL.
1177 80 1388 118 SCRIPTA
1420 77 1720 116 EXEGETICA.

383 175 427 209 Et
443 173 667 207 manifestum
683 177 735 205 est
751 169 871 214 vagari
897 178 1027 213 poenas
1042 179 1104 212 per
1118 167 1270 201 familias
1321 165 1388 201 Sed
1407 165 1533 209 cogitet
1547 163 1639 200 hanc
1662 175 1813 210 poenam
1828 175 1901 198 esse
1916 163 1965 198 sic
1982 174 2000 197 a
2015 162 2091 198 Deo
2107 162 2309 197 ordinatam

281 226 484 269 Principum
503 232 535 258 et
550 223 687 265 Regum
699 248 708 262 ,
734 221 817 266 quia
833 221 980 254 suerunt
994 219 1158 261 adulteri,
1183 219 1272 252 sicut

281 279 412 322 ubique
434 275 593 308 videmus
611 271 779 316 exempla.

391 334 492 367 Hanc
526 331 723 366 doctrinam
764 330 900 364 discant
944 340 1066 362 omnes
1099 326 1273 370 homines,

286 386 379 432 quod
406 384 637 418 certissimum
664 382 725 420 sit,
760 380 880 425 puniri
905 379 942 412 in
967 377 1032 413 hac
1053 379 1124 413 vita
1149 378 1274 411 delicta

285 445 407 470 contra
423 433 692 472 conscientiam,
721 438 755 466 et
777 430 912 465 maiora
933 430 1059 464 delicta
1081 429 1276 463 maioribus

288 487 412 532 poenis
429 485 561 529 puniri.

390 543 605 588 Quanquam
637 547 752 575 autem
782 539 887 573 multi
912 537 1003 573 hanc
1029 538 1185 581 regulam
1215 549 1277 570 ne-

290 596 426 638 gligunt
443 601 475 627 et
489 593 662 631 derident,
687 598 803 625 tamen
821 590 944 624 scitote
961 590 1178 623 verissimam
1195 600 1279 627 esse,

289 653 323 680 et
337 657 437 689 saepe
455 642 539 677 haec
561 643 678 685 regula
694 641 861 675 omnibus
878 638 1083 674 hominibus
1101 639 1280 672 recitanda

290 702 352 730 est.
404 693 451 728 Et
482 693 576 728 Dens
608 704 683 726 eam
715 692 847 736 populo
878 691 1032 724 declarat
1061 690 1280 723 terribilibus

290 745 475 789 exemplis,
509 743 687 788 patibulo,
719 749 753 776 et
776 742 896 775 multis
926 740 1108 784 suppliciis
1130 738 1281 773 homici-

291 797 435 836 darum,
462 801 495 828 et
513 795 591 828 aliis
610 793 725 827 modis
742 804 946 838 poenarum.
983 791 1078 824 Haec
1097 791 1281 834 cogitanda

291 846 427 881 suntin
445 845 542 879 omni
567 844 653 883 vita,
680 851 713 878 et
732 843 935 881 sciendum,
969 842 1065 887 quod
1089 842 1175 875 tales
1197 852 1282 886 poe—

292 909 358 931 nae
375 908 447 930 non
467 896 627 930 accidunt
642 894 718 928 sine
733 893 883 927 consilio
899 891 976 925 Dei.

394 953 463 987 Hic
485 960 599 987 autem
624 952 727 985 etiam
751 949 885 983 sciatis:
923 949 1024 992 Quae
1045 956 1127 983 sunt
1150 961 1286 990 causae,

295 1016 402 1050 quare
426 1003 522 1037 Deus
546 1004 582 1036 iu
608 1000 674 1036 hac
697 1003 766 1035 vita
790 1000 911 1045 punit,
946 1012 1025 1034 cuni
1044 996 1138 1033 'velit
1167 1008 1284 1045 postea

294 1054 446 1099 punire?

396 1111 625 1156 Respondeo:
652 1107 787 1144 Causae
807 1119 999 1153 poenarum
1017 1114 1099 1141 sunt
1116 1108 1286 1153 quinque.

398 1178 516 1212 Prima
535 1183 584 1211 est
610 1176 742 1210 iustitia
759 1174 842 1208 Dei:
877 1175 959 1220 quia
983 1174 1079 1208 Deus
1101 1176 1178 1210 vult
1201 1187 1286 1209 con-

297 1231 383 1275 spici
403 1236 434 1263 et
452 1227 592 1272 agnosci
610 1226 778 1261 iustitiam
798 1226 834 1258 in
852 1237 976 1268 genere
1000 1223 1156 1259 humano
1182 1227 1286 1260 etiam

298 1283 335 1314 in
353 1279 416 1314 hac
432 1280 512 1313 vita.
567 1277 649 1311 ldeo
667 1275 886 1310 horribiliter
903 1276 1006 1320 punit
1022 1277 1206 1310 manifesta
1227 1279 1288 1310 de-

299 1333 399 1369 licta,
441 1337 480 1364 ut
503 1330 665 1363 ostendat
688 1339 724 1361 se
747 1338 820 1360 esse
844 1327 996 1368 iustum,
1035 1333 1069 1360 et
1100 1328 1202 1361 irasci
1230 1328 1287 1360 in-

299 1382 463 1417 iustitiae·

403 1439 565 1473 Secunda
592 1448 693 1470 causa
721 1441 772 1469 est
806 1446 871 1479 pax
897 1434 1055 1479 publica:
1096 1433 1178 1479 quia
1213 1433 1289 1467 vult

301 1491 452 1525 coerceri
478 1487 573 1522 Deus
603 1488 696 1531 ipsos
731 1486 987 1531 delinquentes.
1038 1484 1077 1518 si
1099 1485 1192 1518 fures
1215 1496 1288 1517 non

301 1542 618 1585 suspenderentur,
645 1549 717 1570 non
742 1537 944 1569 desinerent
970 1535 1097 1574 furari,
1133 1541 1167 1568 et
1191 1535 1290 1568 nulla

302 1604 368 1637 pax
394 1597 491 1624 esset.

404 1648 526 1682 Tertia
545 1657 646 1681 causa
673 1652 723 1679 est
750 1644 968 1689 exemplum:
997 1643 1079 1688 quia
1096 1643 1194 1677 Deus
1211 1643 1292 1678 tali-

303 1703 369 1736 bus
394 1699 516 1745 poenis
555 1697 642 1731 alios
672 1697 841 1736 deterret,
892 1701 923 1728 et
947 1694 1057 1739 aliqui
1093 1700 1292 1733 moventur,

304 1751 437 1786 etiarnsi
455 1761 528 1783 non
544 1754 732 1782 moventur
749 1757 890 1787 omnes,
915 1743 1018 1779 Deut.
1041 1743 1098 1779 17.
1116 1751 1149 1778 et
1170 1742 1224 1778 19.

408 1816 543 1859 Quarta
573 1825 675 1848 causa
702 1820 770 1852 est,
813 1812 894 1858 quia
920 1810 1016 1845 Deus
1045 1811 1216 1855 significat
1239 1810 1295 1846 his

307 1868 431 1913 poenis
463 1865 723 1910 corporalibus,
765 1862 955 1897 certissime
986 1869 1114 1896 restare
1134 1863 1294 1897 futurum

309 1919 501 1957 iudicium,
526 1916 607 1961 quia
633 1913 698 1948 hae
719 1915 842 1947 breves
866 1924 998 1956 poenae
1022 1912 1058 1945 in
1085 1913 1203 1956 impiis
1223 1926 1292 1946 non

309 1976 391 2003 sunt
414 1967 575 2013 aequales
607 1965 754 2009 peccatis
786 1964 996 2006 impiorum,
1029 1963 1088 2007 qui
1112 1975 1185 1996 non
1209 1976 1294 1997 con-

307 2026 507 2053 vertuntur.
550 2016 618 2051 Sed
639 2022 775 2059 peccata
794 2014 916 2047 talium
931 2020 1011 2046 sunt
1029 2014 1165 2047 infinita
1178 2041 1187 2055 ,
1216 2014 1294 2048 ideo

308 2072 395 2105 ordo
421 2069 572 2103 iustitiae
596 2066 744 2111 imponit
769 2065 817 2098 eis
843 2075 972 2109 poenas
1001 2071 1176 2106 aeternas,
1211 2062 1295 2099 haec

309 2123 397 2155 bene
414 2117 667 2153 consideranda
687 2122 780 2150 sunt.

413 2179 479 2214 §Die
506 2177 608 2213 &tino
642 2176 675 2209 in
708 2177 764 2210 ben
791 2172 961 2214 &otttofcn
993 2174 1041 2208 bic
1070 2171 1151 2217 nid>t
1179 2173 1295 2208 beteret

311 2233 456 2270 meroen,
484 2229 518 2270 ist
535 2228 567 2269 so
585 2230 676 2271 gross,
705 2229 765 2261 bas
784 2225 812 2268 it
831 2225 914 2259 {cine
931 2224 1063 2268 geitlidn
1079 2224 1182 2267 ssraffc
1199 2226 1294 2270 guid>

310 2282 368 2324 ist,
402 2281 513 2323 fonbct
536 2279 574 2321 fic
597 2277 632 2319 is}
655 2276 881 2317 nncrmestid„
929 2277 992 2310 nnb
1023 2277 1135 2319 gcbiirt
1159 2280 1293 2321 bageam

311 2334 407 2377 cmigc
432 2334 495 2366 vrit>
526 2329 749 2369 nncrmcsslidn
773 2326 894 2370 stt-affe,
930 2327 1011 2368 nicht
1041 2328 1135 2360 aucin
1162 2328 1295 2370 zeitlidn¹

310 2383 434 2426 stmffe,
462 2383 509 2417 bie
525 2382 573 2416 ein
591 2382 665 2415 enbe
683 2381 790 2414 nimct.
844 2377 930 2413 &ott
956 2378 1051 2421 bcbfit
1077 2381 1140 2412 vno
1164 2377 1215 2419 fiir
1234 2379 1293 2422 fot:

311 2435 390 2480 d>cm
406 2433 597 2480 grauiumcn
617 2431 727 2474 iamet.

411 2493 544 2536 Quinta
560 2503 660 2525 causa
684 2497 751 2530 est,
778 2487 858 2535 quia
877 2485 972 2521 Deus
988 2486 1062 2520 vult
1085 2484 1147 2520 has
1164 2500 1292 2531 poenas

307 2557 379 2579 esse
421 2545 520 2590 signa
570 2538 782 2575 retrahentia
834 2550 898 2572 nos
940 2539 982 2571 ad
1027 2538 1289 2582 poenitentiam.

306 2596 459 2639 Quando
483 2595 539 2626 sur
561 2592 702 2626 ducitur
723 2591 765 2624 ad
792 2589 1008 2635 patibulum,
1049 2588 1133 2623 sciat
1155 2600 1190 2622 se
1217 2603 1286 2623 non

304 2653 485 2692 propterea
511 2643 690 2684 damnari,
728 2641 756 2676 si
790 2642 896 2675 modo
924 2640 993 2685 agit
1022 2640 1287 2685 poenitentiam,

1325 224 1469 261 propter
1485 228 1602 260 pacem
1622 216 1824 261 politicam,
1850 221 1883 248 et
1906 214 2031 255 simul,
2057 220 2097 249 ut
2121 213 2166 247 sit
2189 214 2312 247 admo-

1324 267 1389 302 niti
1407 264 1588 300 retrahens
1604 268 1645 300 ad
1664 265 1929 311 poenitentiam.
1974 263 2048 298 Has
2065 276 2205 311 quoque
2229 275 2313 298 cau-

1325 329 1378 352 sas
1393 328 1494 362 saepe
1510 317 1656 352 recitare
1673 323 1706 351 et
1723 317 1874 360 cogitare
1890 315 1976 350 utile
1992 321 2054 352 est.

1641 423 1767 449 Tertia
1790 423 1997 449 admonitio.

1433 484 1508 520 Iam
1535 485 1598 519 ubi
1618 496 1682 518 nec
1706 485 1866 519 doctrina
1891 484 1976 526 Dei,
2002 496 2066 518 nec
2090 495 2222 529 poenae
2239 497 2319 520 cor·
2378 518 2382 532 ,

1332 537 1470 582 porales
1502 536 1648 570 flectunt
1678 533 1840 569 homines
1872 536 1915 569 ad
1946 535 2221 580 poenitentiam,
2263 547 2318 570 se-

1331 594 1490 634 quuntur
1510 597 1644 631 poenae
1668 593 1745 631 post
1768 583 1860 620 hanc
1883 585 2012 628 vitam,
2043 588 2087 620 de
2112 586 2241 631 quibus
2260 583 2319 620 hie
2375 587 2379 618 ὶ

1331 639 1429 674 dicit.
1486 635 1533 671 Et
1562 643 1674 672 textus
1702 648 1775 670 non
1805 636 1940 680 indiget
1967 637 2040 670 ulla
2072 637 2320 672 declaratione.

1332 688 1380 724 Et
1404 695 1485 723 sunt
1509 699 1644 732 poenae
1679 685 1898 726 horrendae,
1940 699 2029 732 quae
2057 695 2207 733 quantae
2238 688 2321 728 sint,

1333 740 1449 774 verbis
1465 739 1534 773 dici
1558 750 1631 772 non
1652 745 1775 782 potest.
1827 737 1918 772 Sunt
1940 737 2031 781 ignis
2054 744 2233 779 aeternus,
2260 750 2322 783 pa-

1334 803 1398 824 vor
1419 796 1453 823 et
1476 789 1581 823 dolor
1603 789 1716 822 maior
1739 801 1844 834 quam
1867 788 1932 822 ulli
1956 789 2096 822 dolores
2119 800 2322 832 corporum,

1335 848 1368 875 et
1393 840 1525 875 vellent
1555 839 1714 874 damnati
1753 839 1865 883 redigi
1898 839 1935 872 in
1970 836 2144 881 nihilum,
2184 839 2213 873 si
2246 839 2322 874 fieri

1338 898 1465 937 posset.

1642 974 1778 1004 Quarta
1802 972 2008 999 admonitio.

1439 1033 1508 1069 Sed
1520 1041 1663 1080 quaerat
1678 1034 1819 1079 aliquis:
1837 1033 1909 1077 Qui
1927 1041 2010 1069 sunt
2026 1034 2210 1068 salvandi?
2236 1034 2327 1079 Quis

1340 1091 1452 1129 potest
1476 1085 1610 1126 dicere,
1644 1086 1738 1130 quod
1762 1085 1966 1119 satisfecerit
1990 1083 2046 1118 his
2071 1086 2211 1120 verbis'.>
2236 1086 2329 1121 Esu-
2376 1094 2383 1103 “

1340 1136 1426 1177 rivi,
1452 1143 1485 1170 et
1502 1136 1648 1169 dedistis
1665 1133 1752 1168 mibi
1771 1136 1907 1177 cibum,
1941 1143 2004 1171 etc.

1443 1193 1674 1239 Respondeo:
1702 1193 1771 1227 Hic
1786 1200 1924 1238 oportet
1947 1207 2009 1228 vos
2025 1201 2204 1242 utrunque
2227 1196 2330 1239 scire,

1342 1245 1538 1279 doctrinam
1557 1246 1600 1278 de
1619 1245 1704 1285 fide,
1731 1251 1764 1278 et
1779 1245 1821 1278 de
1837 1245 1941 1278 bonis
1959 1246 2136 1289 operibus.

1444 1310 1686 1345 Certissimum
1716 1317 1787 1351 est,
1829 1312 1921 1356 quod
1951 1312 2022 1346 vita
2054 1319 2195 1346 aeterna
2224 1314 2329 1349 datur

1344 1367 1490 1409 propter
1513 1361 1710 1394 Dominum
1735 1367 1894 1394 nostrum
1921 1361 2035 1395 Iesum
2051 1360 2230 1397 Christum
2255 1377 2332 1399 cre-

1343 1412 1529 1450 dentibus,
1574 1411 1663 1444 sicut
1686 1411 1773 1444 dixit
1797 1418 1926 1445 textus:
1970 1411 2066 1446 Haec
2092 1419 2143 1447 est
2166 1414 2330 1450 voluntas

1344 1462 1475 1502 Patris,
1507 1468 1547 1495 ut
1570 1461 1705 1502 omnis,
1738 1462 1800 1507 qui
1825 1462 1934 1496 credit
1962 1463 1998 1496 in
2021 1463 2173 1506 Fitium,
2205 1462 2332 1501 habeat

1346 1520 1452 1546 vitam
1470 1519 1660 1546 aeternam.
1894 1542 1896 1544 ,

1450 1568 1552 1602 Hanc
1569 1568 1845 1602 consolationem
1864 1576 2001 1613 oportet
2025 1582 2089 1604 nos
2113 1571 2221 1613 scire,
2247 1570 2333 1608 haec

1346 1626 1397 1654 est
1414 1632 1479 1653 vox
1499 1619 1638 1663 propria
1657 1617 1854 1662 Evangelii.
1908 1619 1959 1654 lta
1984 1618 2040 1655 hic
2067 1622 2168 1657 dicit:
2203 1622 2333 1659 Venite

1346 1670 1523 1704 benedicti
1542 1669 1655 1703 Patris
1672 1669 1760 1710 mei,
1787 1677 1848 1703 etc.
1902 1670 1994 1705 Sunt
2019 1679 2134 1707 autem
2155 1674 2332 1710 benedicti

1348 1733 1410 1766 per
1426 1732 1544 1755 semen
1563 1717 1727 1754 Abrahae
1745 1726 1808 1754 etc.

1450 1779 1590 1812 Deinde
1607 1791 1690 1812 vero
1707 1786 1844 1823 oportet
1861 1779 1962 1823 sciri,
1990 1783 2084 1827 quod
2107 1782 2210 1818 etiam
2233 1789 2332 1832 sequi

1349 1831 1442 1864 bona
1459 1842 1564 1874 opera
1589 1837 1765 1874 oporteat,
1801 1837 1831 1864 et
1858 1833 1952 1876 quod
1977 1829 2061 1867 haec
2086 1834 2245 1877 placeant
2257 1835 2333 1872 Deo

1350 1894 1411 1926 per
1435 1882 1539 1915 fidem
1565 1888 1706 1925 propter
1730 1878 1931 1925 Christum,
1958 1883 2093 1917 etiamsi
2116 1893 2196 1920 sunt
2220 1887 2334 1923 insus—

1349 1932 1512 1967 ficientia.
1564 1931 1632 1965 Sed
1657 1938 1774 1965 tamen
1801 1939 1937 1976 oportet
1962 1945 2025 1966 nos
2047 1935 2133 1976 tales
2162 1948 2254 1979 esse,
2290 1952 2334 1974 ne

1351 1994 1610 2027 perseveremus
1636 1981 1672 2014 in
1694 1983 1786 2016 malo
1810 1983 1990 2028 proposito
2012 1993 2133 2020 contra
2151 1989 2334 2023 conscien-

1350 2034 1445 2069 tiam.

1452 2091 1603 2125 Econtra
1623 2091 1721 2136 impii
1738 2099 1817 2126 sunt
1835 2093 1910 2125 sine
1935 2094 2022 2134 fide,
2048 2103 2080 2130 et
2106 2094 2235 2132 habent
2259 2112 2335 2134 ma..

1351 2143 1423 2176 lum
1440 2143 1683 2188 propositum,
1716 2155 1787 2176 non
1814 2144 1930 2178 cibant
1958 2145 2167 2187 Ecclesiam,
2193 2150 2250 2183 sed
2278 2151 2334 2185 in-

1349 2195 1522 2227 terficiunt
1552 2194 1710 2228 Sanctus.
1776 2193 1854 2228 Non
1886 2203 2006 2239 potant
2029 2196 2239 2241 Ecclesiam.
2274 2204 2334 2236 sed

1348 2246 1445 2278 omni
1466 2257 1590 2288 genere
1609 2245 1824 2279 crudelitatis
1847 2258 1922 2279 eam
1940 2249 2137 2283 excruciare
2163 2259 2336 2287 conantur

1348 2302 1413 2331 ete.
1469 2296 1512 2330 lit
1536 2296 1634 2329 facile
1659 2296 1814 2339 conspici
1840 2305 1985 2341 possunt
2014 2300 2154 2346 utrique
2179 2300 2215 2334 in
2248 2315 2334 2337 con-

1348 2346 1498 2380 sessione
1518 2355 1551 2381 et
1568 2347 1818 2391 persecutione.

1449 2406 1642 2440 Credentes
1659 2405 1871 2439 confitentur
1889 2406 2003 2446 fidem,
2019 2413 2050 2441 et
2071 2408 2202 2444 faciunt
2222 2413 2333 2448 multa

1348 2457 1437 2490 bona
1455 2470 1571 2502 opera.
1624 2457 1692 2490 Sed
1710 2456 1810 2500 impii
1827 2457 1951 2491 ardent
1967 2457 2076 2500 odiis,
2100 2466 2131 2493 et
2158 2471 2331 2507 quaerunt

1343 2508 1542 2542 occasiones
1572 2507 1783 2541 exercendae
1814 2508 2042 2543 crudelitatis.
2114 2509 2166 2546 lta
2189 2513 2331 2560 utrique

1342 2558 1493 2593 discerni
1511 2564 1668 2605 possunt.

2210 76 2309 114 1000
2362 96 2367 103 ·
