2409 2915
213 101 289 136 775

222 188 295 220 loca
324 185 554 218 Sanctorum,
596 184 629 210 et
661 172 990 210 concursationibus
1019 171 1063 204 ad
1095 175 1206 203 certas

223 244 371 272 statuas,
400 239 462 266 etc.
524 229 631 268 Item,
658 225 885 259 manifestum
904 221 1128 255 mendacium
1147 225 1209 258 est,

226 295 257 320 et
275 283 459 318 horribilis
479 279 692 320 idololatria,
717 276 812 321 quod
829 273 940 307 sancti
957 270 1132 308 homines,
1148 269 1209 314 qui

227 350 266 369 ex
291 334 355 368 hac
380 334 449 366 vita
473 332 724 367 discesserunt,
758 325 948 359 invocandi
975 325 1057 358 sint.
1111 320 1210 359 Item,

227 393 380 432 quantus
416 385 516 417 furor
558 380 625 415 est!
679 389 784 422 quam
817 375 1001 408 manifesta
1033 370 1210 417 impietas!

228 449 333 482 quam
367 442 452 468 tetra
484 430 684 466 idololatria
709 440 768 461 seu
793 424 1023 460 idolomania!
1059 423 1154 468 quod
1178 421 1214 453 in

230 485 409 522 theatricis
434 483 572 528 pompis
597 479 858 518 circumfertur,
897 481 1111 512 ostentatur,
1154 473 1215 505 ad-

232 545 371 577 oratur,
398 543 431 570 ct
447 536 631 567 invocatur
647 528 781 569 hostia,
807 539 868 561 seu
891 527 992 571 panis
1014 526 1073 558 ille
1096 534 1218 557 conse-

234 595 367 628 cratus,
403 587 479 619 loco
496 581 648 625 Christi,
684 592 786 625 quem
812 579 958 622 alligant
982 577 1030 609 ibi
1049 575 1220 618 Papistae,

236 646 356 673 contra
375 637 546 670 rationem
564 631 803 671 sacramenti,
838 641 899 662 seu
922 635 1016 662 extra
1035 633 1068 659 et
1087 630 1222 669 praeter

236 690 382 723 verbum
399 687 484 726 Dei,
511 686 659 729 loquens
684 692 841 726 expresse
863 680 906 713 de
925 678 1122 716 sumtione,
1148 687 1223 708 non

238 744 281 773 de
300 739 382 773 ullis
400 735 606 781 spectaculis
622 733 672 767 rei
691 739 785 765 extra
803 743 905 765 usum
927 728 1099 762 divinitus
1122 726 1224 759 insti-

240 798 369 825 tutum.
422 787 528 826 Item,
558 791 731 832 quantum
759 783 961 815 manifestae
983 777 1227 822 turpitudinis,

241 849 273 874 et
307 839 497 882 insignium
532 834 798 869 mendaciorum
835 831 1036 865 continetur
1075 829 1112 860 in
1152 828 1227 870 lege

242 890 427 925 pontificia
443 890 486 922 de
508 885 700 921 coelibatu!
738 895 806 929 qua
830 881 1070 915 sacerdotibus
1092 885 1125 912 et
1150 878 1238 924 aliis³

244 941 382 975 idoneis
398 941 440 973 ad
459 938 660 980 coniugium
691 933 922 978 praecipitur,
961 943 1004 964 ne
1020 931 1057 962 in
1072 929 1228 972 legitimo

242 992 407 1035 coniugio
431 997 521 1023 caste
545 989 676 1020 vivant.
739 984 846 1024 Item,
879 982 1104 1015 manifestum
1130 991 1230 1012 men-

244 1044 384 1077 dacium
402 1048 434 1074 et
451 1038 634 1072 horribilis
659 1048 757 1069 error
780 1041 846 1074 est,
880 1033 974 1078 quod
991 1031 1152 1074 Papistae
1174 1030 1231 1062 iu-

245 1096 330 1128 bent
356 1090 518 1125 homiues
543 1094 710 1133 perpetuo
734 1086 916 1123 dubitare,
942 1095 986 1116 au
1007 1080 1162 1115 habeant
1176 1092 1232 1113 re-

245 1143 447 1178 missionem
466 1147 706 1185 peccatorum‚
734 1143 766 1170 et
782 1148 827 1168 au
845 1135 1003 1179 placeant
1014 1132 1099 1166 Deo.
1135 1131 1234 1172 Item,

245 1205 400 1228 crassum
417 1200 450 1226 et
473 1191 697 1224 manifestum
714 1186 938 1220 mendacium
958 1191 1024 1225 est,
1051 1183 1146 1229 quod
1170 1182 1233 1214 ssa-

247 1246 359 1290 gitant
376 1245 413 1277 in
431 1241 668 1278 consessione,
695 1239 786 1283 apud
805 1235 1092 1270 administrantes
1109 1232 1234 1267 Sacra-

246 1303 385 1336 menta,
423 1293 726 1327 enumerationem
758 1287 980 1331 singulorum
1012 1285 1235 1323 delictorum,

245 1355 415 1393 tanquam
433 1343 683 1381 necessariam,
711 1352 771 1373 seu
786 1339 987 1371 mandatam
1006 1336 1081 1368 iure
1102 1335 1236 1367 divino.

247 1397 412 1442 Denique
430 1393 632 1439 superstitio
649 1399 681 1425 et
699 1390 922 1423 manifestum
940 1385 1165 1419 mendacium
1176 1391 1237 1421 est,

252 1449 348 1493 quod
374 1446 549 1479 affirmant
566 1443 746 1487 Papistae,
774 1438 978 1473 discrimina
996 1437 1177 1472 ciborum,
1206 1441 1239 1467 et

250 1498 419 1532 similium
443 1496 596 1534 rituum,
628 1492 812 1527 autoritate
839 1488 992 1523 bumana
1018 1487 1055 1519 in
1081 1484 1239 1519 Ecclesia

251 1549 513 1586 institutorum,
548 1543 832 1581 observationes,
868 1550 940 1572 esse
964 1537 1156 1582 peculiares
1173 1534 1239 1568 Dei

251 1600 385 1639 cultus,
409 1604 442 1631 et
461 1607 566 1640 opera
582 1593 793 1631 necessaria,
820 1601 883 1622 nec
901 1588 1017 1621 omitti
1042 1598 1142 1634 posse
1166 1586 1241 1619 sine

252 1657 409 1694 peccato,
437 1647 540 1681 etiam
557 1652 651 1678 extra
669 1654 786 1677 casum
801 1639 974 1679 scandali,
1001 1645 1065 1672 etc.

352 1698 450 1733 Haec
467 1698 546 1731 ideo
564 1695 735 1741 prolixius
750 1689 974 1730 enumeravi,
1001 1689 1156 1737 primum
1168 1713 1177 1726 ‚
1203 1693 1241 1720 ut

253 1753 289 1784 in
306 1749 461 1796 publicis
476 1746 757 1782 dissensionibus
773 1745 816 1776 de
834 1741 1014 1778 demina,
1043 1738 1242 1773 considere-

253 1803 298 1837 tis
312 1807 461 1838 attente,
489 1800 532 1832 de
550 1797 680 1844 quibus
696 1794 852 1830 articulis
871 1791 1076 1826 exoriantur
1100 1795 1244 1823 contro-

255 1853 406 1892 versiae,
455 1858 489 1885 et
527 1854 736 1882 moveantur
767 1857 806 1879 ac
837 1849 1001 1877 maneant
1035 1839 1243 1879 certamina3

253 1904 400 1943 deiude,
441 1908 480 1934 ut
507 1898 572 1933 hac
597 1896 838 1932 consolatione
865 1894 1001 1926 animos
1031 1890 1244 1924 confirmetis

254 1961 287 1987 et
307 1953 494 1991 muniatis,
527 1951 622 1995 quod
650 1949 695 1982 sit
720 1947 905 1979 immotum
929 1949 961 1976 ct
984 1941 1243 1975 severissimum

255 2003 320 2038 Dei
348 2003 575 2038 mandatum,
617 2006 655 2033 ut
685 1997 815 2040 singuli
840 1994 1022 2028 veritatem
1047 2004 1107 2025 seu
1133 1991 1244 2025 coele-

256 2063 342 2089 stem
373 2052 571 2087 doctrinam
604 2059 870 2093 cognoscamus,
903 2044 1177 2088 amplectamur,
1212 2049 1245 2076 et

256 2106 504 2143 conliteamur,
531 2102 697 2147 quodque
716 2110 853 2132 necesse
871 2096 927 2135 sit,
956 2095 1061 2132 idota,
1086 2100 1119 2127 et
1137 2093 1244 2137 impia
1269 2126 1271 2133 ,

257 2169 316 2190 seu
333 2157 418 2189 salsa
437 2156 599 2196 dogmata
618 2151 747 2188 taxari,
776 2146 988 2193 improbari,
1015 2144 1179 2182 refutari,
1207 2157 1245 2177 ac

256 2209 379 2246 vitari,
406 2207 499 2238 iuxta
518 2215 636 2237 vocem
657 2201 761 2247 primi
781 2198 969 2244 praecepti:
1000 2196 1079 2229 Non
1100 2193 1246 2228 habebis

257 2258 351 2291 Deos
369 2257 512 2290 alienos.
567 2253 644 2287 Iloc
666 2253 819 2297 primum
838 2257 870 2284 et
895 2259 1070 2281 summum
1098 2248 1245 2279 manda-

260 2318 334 2342 tum
356 2319 497 2352 prorsus
515 2312 563 2338 est
584 2303 815 2340 immutabile,
843 2308 875 2335 et
894 2297 1179 2340 inilispensaliile‚
1208 2309 1246 2330 ac

258 2361 360 2402 longe
377 2358 642 2391 anteseremlum
662 2353 854 2399 potentiae,
881 2349 1079 2387 autoritati,
1105 2349 1246 2392 sapien-

259 2412 344 2451 tiae,
375 2409 510 2450 legibus
528 2415 557 2440 et
577 2405 826 2440 traditionibus
846 2402 1004 2436 omnium
1025 2396 1225 2433 hominum.

816 87 940 122 PHIL.
969 84 1083 120 MEL.
1113 79 1320 119 SCRIPTA
1349 77 1645 115 EXEGETICA.

1270 2375 1271 2386 ἵ
1296 2337 1446 2382 quisque
1480 2342 1656 2374 vestrum,

1269 2390 1272 2444 j
1296 2394 1615 2433 quae-sequentur,
1642 2387 1780 2420 assidua
1797 2385 2044 2423 meditatione.
2072 2386 2169 2420 velut
2191 2386 2278 2422 inti-

2165 75 2242 112 ⁷76

1260 173 1329 200 tate
1347 172 1379 199 et
1395 164 1630 208 gratitudine,
1666 163 1758 196 veris
1784 161 1908 196 officiis
1931 168 1965 196 et
1988 160 2185 198 honoribus
2206 165 2244 197 in

1260 217 1359 250 omni
1381 215 1586 249 aeternitate
1611 215 1782 247 colamus:
1821 213 2117 258 quemadmodum
2141 215 2249 260 paulo

1262 274 1343 301 ante
1361 277 1508 310 agonem
1534 272 1694 313 precatus
1720 271 1770 298 est
1795 264 1869 308 ipse
1896 263 2247 306 aeternumZPatrem,

1265 315 1416 351 loliano.
1435 315 1509 350 17.:
1545 314 1669 360 Pater,
1691 314 1868 349 sanctifica
1884 325 1944 349 eos
1963 315 2001 347 in
2017 314 2163 350 veritate
2180 321 2251 356 tua,

1266 380 1380 402 sermo
1399 373 1480 401 tuus
1497 372 1548 400 est
1563 366 1712 408 veritas,
1739 364 1864 401 Amen.

1370 439 1460 477 Non
1477 439 1614 482 omnis,
1640 440 1706 488 qui
1720 437 1808 474 dicit
1825 437 1934 474 mihi:
1962 438 2144 480 Domine,
2170 438 2255 474 Do-

1270 493 1386 535 mine,
1414 490 1570 525 intrabit
1587 491 1626 524 in
1642 502 1791 536 regnum
1808 490 2004 530 coelorum,
2032 493 2096 526 sed
2109 491 2255 540 quisa-

1273 544 1318 579 cil
1337 538 1695 577 voluntatemPatris
1711 541 1797 583 mei,
1822 543 1887 590 qui
1903 542 1942 575 in
1961 541 2068 576 coelis
2086 547 2155 585 est,
2183 542 2258 590 ipse

1275 594 1431 629 intrabit
1449 593 1487 626 in
1504 605 1654 639 regnum
1672 590 1872 636 coelorum,
1900 597 1960 629 etc.

1376 652 1559 688 Carissimi
1584 653 1779 687 auditores:
1810 652 1868 686 Ad
1884 650 1976 686 hanc
1991 653 2073 687 satis
2088 653 2262 697 prolixam

1277 705 1484 739 concionem
1501 704 1545 738 ab
1557 702 1784 747 Evangelista
1793 700 1974 737 Matthaeo
1990 703 2188 738 luculenter
2204 701 2263 738 hic

1278 756 1506 800 descriptam,
1540 761 1574 788 et
1597 766 1615 788 a
1631 753 1789 788 Domino
1814 751 1909 787 haud
1931 754 2037 788 dubie
2062 755 2185 788 crebro
2207 767 2264 788 re-

1279 807 1443 852 petitam,
1477 805 1566 839 circa
1592 806 1716 843 finem,
1753 805 1831 838 loco
1858 805 2111 849 perorationis,
2138 807 2264 840 attexi-

1281 866 1355 898 tur,
1387 857 1484 890 velut
1505 853 1739 901 epiphonema
1763 855 1965 900 quoddam,
1995 855 2145 900 insignis
2169 869 2267 890 com-

1281 907 1492 942 monefactio
1509 918 1569 940 seu
1586 907 1765 947 doctrina,
1794 907 1838 939 de
1861 905 2063 940 discrimine
2087 908 2178 941 inter
2200 905 2266 953 hy-

1283 959 1437 1003 pocrisin
1463 965 1495 991 et
1512 969 1630 991 veram
1650 956 1901 1001 poenitentiam
1922 967 1982 990 seu
2001 959 2267 999 conversionem

1283 1011 1324 1043 ad
1344 1009 1470 1043 Deum.
1524 1008 1576 1041 Ac
1595 1009 1637 1041 de
1653 1008 1812 1053 utrisque
1829 1007 1971 1048 scilicet,
1998 1005 2208 1053 hypocritis,
2235 1016 2269 1043 et

1284 1072 1365 1093 vere
1387 1059 1582 1100 conversis,
1609 1070 1670 1092 seu
1686 1059 1836 1099 renatis,
1861 1059 2070 1103 pronuntiat
2087 1067 2190 1105 atque
2207 1061 2270 1094 de-

1285 1111 1397 1144 cernit
1410 1109 1587 1143 Dominus
1604 1107 1671 1142 hoc
1687 1110 1793 1143 modo
1812 1116 1846 1143 et
1868 1109 1906 1142 in
1927 1106 2019 1142 hanc
2042 1111 2270 1145 sententiam:

1285 1161 1498 1207 Hypocritas
1519 1172 1742 1206 nequaquam
1759 1160 1896 1204 placere
1913 1157 2008 1199 Deo,
2035 1161 2094 1194 sed
2112 1168 2273 1206 acceptos

1287 1224 1359 1246 esse
1382 1223 1461 1245 vere
1485 1211 1580 1255 pios,
1608 1212 1643 1243 id
1669 1218 1738 1251 est,
1765 1210 1968 1254 incorrupta
1994 1211 2061 1244 fide
2076 1209 2191 1245 Deum
2216 1211 2274 1246 in-

1287 1269 1470 1302 vocantes,
1497 1262 1618 1307 quales
1634 1268 1716 1296 sunt
1737 1272 1875 1302 omnes,
1902 1261 1963 1305 qui
1987 1269 2188 1296 reverenter
2210 1274 2275 1297 au-

1287 1314 1391 1347 diunt
1425 1313 1571 1345 verbum
1594 1310 1681 1350 Dei,
1723 1312 1830 1356 idque
1863 1311 1955 1344 veris
1981 1312 2092 1344 animi
2120 1298 2277 1347 motibus

1288 1363 1568 1448 argipllectuntur,
1595 1368 1627 1395 et
1644 1362 1738 1396 iuxta
1755 1374 1830 1395 eam
1854 1373 2015 1395 normam
2032 1361 2108 1396 Deo
2133 1365 2276 1398 student

1289 1428 1309 1448 o
1338 1426 1354 1447 e
1385 1425 1445 1446 ire.

1390 1472 1487 1506 Ilaec
1512 1471 1802 1506 commonefactio
1835 1469 2148 1516 comprehenditur
2174 1479 2208 1506 et
2240 1473 2277 1506 in

1290 1524 1405 1568 primo
1422 1529 1607 1568 praecepto
1628 1523 1816 1565 Decalogi,
1849 1523 1936 1556 etin
1963 1523 2068 1555 sacris
2086 1523 2199 1556 literis
2222 1535 2279 1556 re-

1291 1574 1399 1618 petita
1422 1574 1590 1614 subinde,
1630 1573 1863 1606 concionibus
1884 1571 2104 1617 Propheticis
2124 1580 2160 1607 et
2180 1573 2280 1618 Apo-

1292 1624 1423 1657 stolicis
1449 1624 1576 1668 passim
1600 1624 1653 1656 vel
1677 1624 1901 1667 adiungitur,
1940 1624 1995 1657 vel
2027 1624 2280 1668 interponitur,

1291 1682 1329 1708 ut
1345 1673 1538 1708 Deuteron.
1551 1674 1602 1709 6.:
1631 1673 1766 1717 Diliges
1775 1675 1972 1709 Dominum
1988 1673 2102 1709 Deum
2119 1682 2218 1709 tuum
2236 1688 2276 1709 ex

1293 1733 1366 1759 toto
1384 1727 1488 1758 corde
1506 1733 1585 1759 tuo:
1612 1731 1675 1758 etc.
1732 1724 1819 1758 Item
1841 1724 1904 1758 lob
1926 1725 2000 1760 13.:
2029 1724 2109 1758 Non
2132 1726 2280 1760 intrabit

1293 1789 1410 1810 coram
1431 1775 1504 1810 Deo
1523 1775 1617 1809 ullus
1633 1773 1828 1821 hypocrita.
1867 1774 2068 1809 Constituto
2084 1783 2199 1810 autem
2215 1774 2281 1810 hac

1295 1827 1430 1870 regula,
1465 1827 1559 1872 quod
1584 1826 1703 1859 reiecti
1727 1826 1796 1860 sint
1817 1823 2040 1871 hypocritae,
2075 1827 2169 1871 quod
2186 1826 2281 1861 Deus

1294 1878 1450 1923 requirat
1468 1890 1506 1911 ac
1523 1877 1675 1922 postulet
1693 1877 1879 1910 interiores
1897 1884 2014 1910 motus
2031 1877 2225 1911 voluntatis
2247 1884 2280 1912 et

1295 1929 1428 1968 cordis,
1456 1929 1551 1973 quod
1569 1927 1636 1961 coli
1665 1935 1696 1961 et
1722 1927 1880 1960 invocari
1902 1928 2009 1967 velit,
2042 1939 2114 1961 non
2139 1935 2281 1963 externa

1295 1979 1518 2013 simulatione
1547 1985 1706 2021 gestuum
1737 1985 1769 2011 et
1798 1979 2095 2016 ceremoniarum,
2135 1980 2195 2011 sed
2225 1991 2282 2013 ar-

1295 2030 1393 2063 denti
1412 2037 1445 2063 et
1461 2040 1541 2063 vera
1557 2030 1642 2069 tide,
1670 2041 1737 2074 qua
1757 2041 1816 2062 cor
1834 2029 1869 2061 iu
1888 2029 2102 2072 poenitentia
2120 2030 2232 2065 credit
2246 2042 2283 2064 se

1295 2081 1401 2124 recipi
1426 2088 1459 2114 et
1484 2080 1640 2113 exaudiri
1667 2087 1810 2124 propter
1836 2079 2090 2114 Mediator-em:
2125 2080 2194 2114 iam
2218 2093 2283 2115 ne-

1296 2132 1444 2165 cessario
1463 2132 1636 2175 explicare
1660 2143 1725 2164 nos
1752 2128 1842 2164 banc
1865 2131 2108 2176 quaestionem
2131 2138 2280 2176 oportet.

1296 2183 1452 2226 Quinam
1472 2183 1542 2216 sint
1562 2179 1786 2228 hypocritae,
1815 2194 1853 2215 ac
1877 2194 1895 2214 e
1921 2182 2081 2225 regione,
2115 2182 2175 2228 qui
2202 2194 2284 2216 vere

1296 2234 1365 2268 sint
1384 2234 1452 2278 pii,
1480 2234 1661 2267 credentes
1676 2245 1714 2267 ac
1733 2241 1826 2266 sanct
1835 2233 1855 2266 i.
1906 2232 2091 2267 Caeterum
2111 2245 2181 2278 quo
2198 2233 2284 2267 saci·

1297 2286 1382 2322 lius.
1406 2292 1439 2318 et
1458 2284 1598 2328 planius
1615 2281 1706 2318 hanc
1725 2284 1965 2330 quaestionem
1981 2283 2150 2317 diiudicet
2174 2294 2284 2319 unus-

1708 2346 1836 2379 operae
1868 2335 2021 2379 pretium
2052 2334 2156 2369 suerit
2188 2332 2285 2377 haec,

363 2461 473 2494 Filius
484 2457 548 2493 Dei
562 2485 570 2497 ,
598 2458 771 2491 Dominus
788 2467 825 2488 ac
838 2454 1000 2489 Salvator
1016 2457 1135 2483 noster
1152 2448 1246 2483 lesus
1268 2447 1272 2482 i
1295 2439 1362 2472 '¹¹3⁵
1379 2438 1490 2471 animi
1507 2438 1669 2471 ⁵⁰¹¹⁵3bu⁵
1685 2437 1838 2480 infig‘fe·

258 2511 436 2547 (Eliristus.
481 2517 649 2554 perpetuo
673 2507 775 2541 uobis
801 2505 890 2539 adsit
915 2501 1119 2547 impertiens
1148 2513 1244 2533 suam
1270 2538 1271 2542 Ἰ

257 2563 401 2604 gratiam
420 2561 555 2605 Spiritu
574 2567 692 2594 sancto
712 2559 747 2591 in
765 2564 903 2602 pectora
921 2556 1050 2592 effuso,
1077 2560 1114 2586 ut
1134 2552 1244 2584 lucem

258 2627 295 2647 ac
314 2614 491 2646 veritatem
512 2612 734 2655 incorruptae
755 2608 935 2642 doctrinae.
957 2607 1054 2639 firma
1073 2604 1139 2636 fule
1160 2616 1243 2636 con-

1398 2496 1521 2543 Itaque
1539 2497 1691 2542 primum
1707 2495 1927 2533 memineris,
1948 2496 2107 2539 singulo·
2123 2493 2285 2529 homines

1297 2561 1369 2583 non
1389 2549 1548 2592 exiguam
1571 2554 1704 2590 partem
1731 2543 1967 2592 hypocriticae
1994 2546 2229 2581 simulationis
2251 2554 2286 2582 et

1269 2614 1272 2660 ὲ
1297 2600 1492 2633 securitatis
1517 2598 1759 2634 circumferre-2
1804 2610 1842 2631 ac
1870 2598 1900 2631 si
1925 2599 2067 2644 quando
2092 2597 2146 2631 vel
2174 2608 2285 2643 quae·

256 2677 433 2698 servo—num
457 2670 561 2708 atquc·
590 2663 819 2700 retineamus,
854 2659 1040 2707 ipsumque
1065 2667 1143 2688 vera
1171 2654 1245 2698 pie-
1270 2667 1273 2688 ι
1299 2663 1391 2688 rere.
1420 2650 1473 2684 vel
1491 2661 1607 2684 coram
1626 2648 1755 2683 intueri
1782 2648 1906 2683 libebit
1933 2648 2172 2694 hypocritam,
2199 2660 2282 2682 con-

2402 634 2409 950 aqu-numm„
