2409 2915
203 70 298 106 1207

205 157 316 190 libera
332 166 400 189 me.
445 153 493 186 Et
509 161 610 193 saepe
625 149 663 182 in
680 147 863 192 scripturis
878 147 915 180 in
931 145 1076 180 nomine
1085 142 1191 180 Chri-

206 207 249 241 sti
268 206 411 239 eiiciunt
427 201 634 241 daemonia,
660 200 697 232 id
713 206 784 239 est,
811 199 847 231 in
864 197 1018 242 potentia
1037 196 1192 230 nominis

801 61 926 96 PHlL.
954 59 1070 95 MEL.
1099 58 1308 95 SCRIPTA
1335 55 1633 93 ExEGETtCA.

2131 63 2227 99 1208

1245 145 1282 177 in
1315 144 1462 177 veritate
1491 143 1770 183 sanctificentur,
1806 145 1829 181 i.
1853 157 1881 181 e.
1911 153 1953 181 ut
1973 147 2233 183 sanctificentur

1246 206 1319 228 non
1343 194 1577 234 extrinsecus,
1601 196 1660 228 sed
1679 202 1719 230 ut
1744 207 1824 230 vera
1849 197 1973 232 divina
1998 198 2233 233 instrumenta

207 255 352 291 Chrjsfi,
405 254 463 287 Sic
484 252 609 286 Petrus
641 250 679 283 in
704 249 802 283 Actis
825 261 899 293 cap.
918 247 996 281 1v.:
1031 246 1110 280 Non
1143 253 1192 280 est
1246 245 1352 286 fiant,
1379 252 1418 279 ut
1441 256 1544 278 verae
1569 241 1702 279 hostiae
1729 247 1834 288 fiant,
1861 245 1928 282 hoc
1951 255 2021 291 est,
2049 260 2135 295 quas
2152 261 2233 283 vere

209 308 304 341 aliud
335 316 464 338 nomen
492 303 557 336 sub
589 301 683 342 sole,
721 300 759 333 in
789 312 859 345 quo
891 305 1050 343 oporteat
1080 298 1194 331 salvos

210 357 294 391 sieri.

211 415 280 448 cst,
309 407 404 439 effice
429 412 468 439 ut
490 415 619 437 nomen
645 409 766 440 tuum,
792 402 848 435 cui
873 401 1044 440 credunt,
1071 410 1195 444 potens

210 460 255 492 sit
280 458 314 490 in
341 458 400 491 eis.
454 455 541 489 Nam
563 454 690 487 salvari
709 452 853 486 nomine
872 452 961 492 Dei,
988 458 1038 485 est
1059 450 1195 484 nomini

350 357 401 389 Ita
427 353 483 387 hic
504 354 568 386 ait:
597 351 705 386 Serva
728 362 786 384 eos
808 351 845 383 in
869 350 1014 383 nomine
1039 361 1135 389 meo,
1158 348 1194 381 id
1220 355 1222 394 t
1248 348 1317 380 bat.

1247 295 1342 330 Deus
1357 295 1545 339 approbet;
1573 307 1655 328 nam
1674 299 1824 338 pecudes
1835 305 1868 333 et
1878 299 2006 334 similia
2018 312 2091 334 non
2104 312 2232 344 appro-

1371 345 1462 382 Psal.
1478 345 1628 380 Xle.:
1655 345 1736 380 Non
1761 349 1798 381 in
1823 350 2001 384 sacrificiis
2021 361 2165 395 arguam
2190 359 2232 385 te.

1247 396 1294 432 Et
1310 396 1467 431 Hierem.
1489 395 1582 432 V11.:
1610 395 1691 430 Non
1716 409 1793 432 sum
1815 399 1952 435 locutus
1974 413 2053 435 cum
2075 401 2234 445 patribus

1249 449 1393 492 vestris,
1419 455 1453 481 et
1476 459 1551 480 non
1575 449 1734 492 praecepi
1758 449 1807 482 eis
1825 451 1868 484 de
1883 452 1990 486 verbo
2008 450 2233 486 holocausto-

210 510 279 544 Dei
304 509 428 546 sidere,
457 506 552 551 qnod
574 517 652 538 cum
676 504 733 544 fit,
760 504 874 546 ipsum
900 514 1029 535 nomen
1050 501 1111 535 Dei
1134 513 1195 544 po-
1222 493 1224 523 '¹
1249 506 1401 538 matum,
1428 498 1451 534 i.
1468 511 1497 533 e.
1522 510 1595 532 non
1615 500 1712 542 exegi
1737 497 1833 534 hunc
1850 501 1981 536 cultum
2001 510 2064 539 etc.
2117 502 2235 546 Pergit

212 568 287 593 tens
311 566 377 599 est,
405 566 437 591 et
459 558 580 590 salvat.
633 552 868 588 Prov.}2V1.:
898 553 1024 586 Turris
1046 551 1196 585 fortissi-

1224 572 1225 578 η
1249 557 1365 583 autem
1385 547 1546 583 Christus
1568 550 1642 593 ipse
1663 550 1854 595 explicare,
1879 555 2056 597 quomodo
2075 554 2134 588 fiat
2151 551 2234 587 haec

211 623 267 644 ina
301 621 431 642 nomen
463 606 617 646 domini,
652 606 693 638 ad
725 606 835 649 ipsam
869 604 979 638 currit
1004 604 1132 643 iustus,
1165 609 1198 635 et
1223 593 1226 618 ¹
1250 601 1497 639 sanctificatio,
1525 612 1604 633 curn
1621 600 1684 635 ait:
1708 601 1832 636 Sermo
1848 609 1929 636 tuus
1944 603 2072 637 veritas
2085 611 2146 645 est,
2175 605 2236 637 i.e.

212 661 430 694 exultabitur.
486 658 594 690 Yides
615 663 731 690 autem
755 655 952 689 cuiusmodi
976 655 1021 688 sit
1039 653 1199 688 consola-

212 713 278 753 tio,
306 723 411 756 quarn
430 708 585 754 impertit
603 714 702 752 pater
717 707 856 740 sanctis.

426 792 478 829 Ut
500 796 574 827 sint
601 804 713 826 unum
736 790 828 825 sicut
852 795 881 825 ct
909 802 986 828 nos,

212 867 248 898 id
267 871 331 903 est,
359 863 480 897 eodem
499 861 636 905 spiritu.
690 858 821 899 Porro,
852 859 944 892 idem
962 857 1104 901 spiritus
1120 856 1202 889 fidei

213 916 385 949 unitatem
404 913 506 957 parit,
534 911 614 944 fidei
632 911 747 944 unitas
763 910 855 954 parit
870 907 1088 943 charitatem.
1133 907 1203 941 lta-

215 979 280 1011 que
305 972 382 999 orat
403 961 584 1002 Christus,
611 968 651 995 ut
676 961 770 993 idem
793 961 838 994 sit
860 960 1022 993 omniurn
1049 959 1204 1002 spiritus,

214 1017 307 1062 quod
335 1014 485 1059 ingeniis
510 1013 595 1047 citra
621 1012 793 1056 Spiritum
817 1017 977 1044 sanctum
1001 1022 1074 1043 non
1095 1010 1204 1054 possit
1226 1012 1227 1019 ¹

215 1067 403 1101 convenire
435 1066 478 1098 de
509 1064 594 1104 fide,
628 1064 719 1096 sicut
748 1068 894 1106 apparet
922 1062 960 1094 in
990 1059 1203 1096 haeresibus,

215 1118 304 1152 Nam
330 1117 392 1151 ubi
415 1128 486 1150 nun
508 1122 557 1147 cst
579 1115 657 1155 lux,
693 1114 857 1147 tenebrae
879 1113 993 1146 varias
1017 1112 1204 1156 opiniones

214 1169 378 1211 pariunt,
411 1168 500 1200 sicut
526 1163 648 1199 Esaias
679 1172 779 1198 vocat
811 1165 975 1208 spiritum
1010 1163 1229 1213 vertiginis:

214 1220 343 1258 Porro,
377 1217 442 1252 hac
463 1217 682 1250 dissensione
706 1216 874 1250 etlabefit
890 1213 1052 1249 charitas.
1115 1214 1203 1249 Cum

214 1282 323 1304 esseni
345 1282 424 1304 cum
448 1269 512 1308 eis,
544 1268 618 1301 scii.
642 1267 819 1311 corporali
846 1266 1051 1311 praesentia.
1122 1266 1203 1299 Ser-

213 1322 338 1355 vabam
371 1332 430 1354 eos
461 1320 498 1352 in
527 1319 671 1352 nomine
701 1327 782 1359 tuo,
822 1319 844 1351 i.
866 1331 895 1354 e.
926 1317 1125 1362 praedicavi
1156 1317 1205 1350 eis

213 1371 467 1415 Evangelium‚
502 1371 558 1403 cui
589 1377 622 1404 et
653 1369 898 1408 crediderunt,
935 1369 1017 1413 quia
1048 1368 1205 1410 potentia

1251 652 1426 685 sanctifica
1449 663 1507 684 eos
1526 664 1624 693 vere,
1651 664 1731 685 vere
1747 659 1863 687 autem
1881 653 2130 693 sanctificabis,
2157 667 2235 688 curn

1252 704 1399 736 verbum
1426 709 1526 735 tuum
1551 703 1651 736 dabis
1674 703 1743 744 eis,
1772 715 1851 737 curn
1874 705 1982 738 verbo
2003 712 2065 738 tuo
2088 705 2237 748 inunges

1252 766 1327 795 eOS,
1359 754 1448 787 sicut
1480 754 1557 787 oleo
1582 754 1846 797 inungebantur
1870 756 2067 790 sacerdotes
2090 756 2127 789 in
2152 756 2238 800 lege.

1254 803 1324 838 lam
1343 805 1451 837 verbo
1466 804 1674 838 sanctificari
1690 813 1739 839 est
1756 807 1914 847 credere,
1938 819 2020 840 nam
2039 807 2148 841 verbo
2164 819 2238 840 cre-

1252 856 1360 890 ditur.
1413 854 1471 888 Sic
1495 855 1614 888 omnia
1637 864 1848 891 revocantur
1868 857 1911 890 ad
1934 857 2057 898 fidem,
2085 864 2119 891 et
2138 869 2179 890 ex
2198 857 2240 890 iis

1252 911 1411 950 apparet,
1444 918 1534 951 qnae
1562 906 1633 940 sint
1658 904 1790 941 hostiae
1813 905 2044 948 christianae,
2074 907 2149 941 scil.
2176 919 2240 940 nos

1252 957 1340 1001 ipsi,
1366 957 1572 991 sanctificati
1597 958 1703 992 verbo
1726 958 1809 992 Dei.
1864 957 2022 1002 Apparet
2046 958 2148 997 item,
2175 955 2242 991 ho-

1252 1009 1334 1042 stias
1364 1007 1469 1051 legis,
1502 1008 1657 1042 iusticias
1688 1010 1804 1043 carnis
1834 1006 1927 1042 nihil
1953 1021 2046 1053 esse,
2079 1010 2139 1043 sed
2161 1021 2241 1042 vere

1254 1057 1386 1093 hostias
1408 1071 1480 1092 esse
1507 1059 1568 1104 qui
1593 1060 1760 1100 credunt,
1787 1060 1877 1094 sicut
1893 1059 2052 1096 Hierein.
2072 1058 2154 1095 VII.
2177 1059 2242 1094 ait:

1253 1110 1331 1144 Hoc
1362 1110 1509 1143 verbum
1540 1111 1700 1155 praecepi
1723 1112 1772 1145 eis
1793 1111 1930 1145 dicens:
1966 1111 2098 1145 Audite
2121 1121 2242 1144 vocem

1254 1174 1384 1202 meam,
1411 1173 1470 1194 ero
1488 1160 1704 1197 vobisDeus.
1727 1181 1773 1188 -
1828 1161 2013 1204 Santifica,
2039 1163 2061 1195 i.
2075 1174 2106 1196 e.
2121 1173 2243 1206 separa

1226 1227 1229 1268 ι
1255 1213 1292 1245 in
1308 1219 1387 1246 tuos
1404 1223 1499 1253 usus,
1524 1219 1564 1245 ut
1581 1212 1665 1246 fiant
1683 1225 1763 1247 vera
1780 1213 2018 1248 instrumenta
2039 1220 2109 1249 tua.
2161 1211 2244 1248 Ser-

1255 1277 1314 1298 mo
1337 1271 1420 1297 tuus
1444 1263 1571 1297 veritas
1589 1271 1656 1302 est,
1686 1264 1708 1297 i.
1726 1277 1757 1298 e.
1777 1265 1898 1306 docet,
1924 1265 2105 1310 quomodo
2121 1275 2246 1309 opere-

1255 1322 1312 1349 tur
1331 1313 1426 1348 Deus
1450 1314 1486 1347 in
1512 1315 1656 1355 sanctisg
1685 1322 1758 1349 tum
1782 1316 1872 1349 fiunt
1897 1328 1978 1349 vera
2002 1315 2250 1356 instrumenta,

1256 1377 1334 1398 cum
1361 1372 1461 1398 tuum
1486 1376 1684 1399 sermonem
1708 1366 1809 1399 dabis
1826 1366 1894 1407 eis,
1921 1373 1959 1400 ut
1978 1367 2133 1402 credant.
2186 1365 2246 1399 Si-

214 1431 264 1457 est
278 1423 308 1466 ³)
328 1423 410 1457 Dei.
462 1420 565 1454 Nunc
587 1427 703 1453 autern
727 1421 771 1452 ad
796 1426 829 1453 te
850 1419 972 1457 venio,
1000 1425 1033 1452 et
1051 1415 1135 1451 haec
1152 1418 1205 1450 lo—
1226 1422 1229 1473 j
1255 1422 1312 1449 cut
1330 1423 1368 1449 tu
1385 1427 1441 1448 me
1459 1415 1583 1448 misisti
1605 1416 1641 1448 in
1660 1417 1851 1456 mundum,
1879 1417 1926 1450 ita
1945 1424 1978 1451 et
1994 1428 2056 1460 ego
2072 1424 2153 1458 etc„
2181 1416 2248 1450 sci-

213 1486 304 1519 quor
321 1474 358 1506 in
376 1472 530 1511 mundo,
557 1470 707 1509 scilicet,
736 1477 774 1503 ut
789 1470 975 1503 manifesto
995 1468 1102 1501 verbo
1120 1480 1205 1501 con-
1227 1505 1229 1517 γ
1255 1467 1354 1505 licet,
1390 1466 1469 1498 ideo
1492 1467 1774 1507 sanctificentur,
1800 1467 1880 1512 quia
1899 1466 2132 1510 Evangetium
2149 1478 2251 1511 prae-

213 1526 372 1558 firmetur
384 1523 468 1556 fides
484 1533 616 1555 eorum.
670 1519 718 1554 Ut
734 1518 887 1553 habeant
903 1520 1070 1563 gandium
1088 1532 1204 1552 meum
1226 1524 1229 1561 i
1255 1517 1442 1555 dicabunt,
1477 1523 1516 1550 ut
1546 1517 1617 1550 sint
1648 1525 1681 1550 et
1713 1517 1779 1562 ipsi
1804 1517 2010 1552 sanctificati
2033 1517 2071 1551 in
2095 1517 2254 1560 veritate,

212 1576 416 1619 impletum,
446 1574 466 1606 i.
485 1585 513 1607 c.
541 1585 610 1618 quo
637 1583 699 1615 ego
723 1568 882 1604 exhilaro
907 1583 976 1606 eos.

213 1627 262 1660 eis
287 1637 483 1659 sermonem
508 1630 608 1657 tuum
633 1623 746 1667 padam
771 1634 877 1656 orans
899 1635 963 1666 pro
987 1622 1055 1659 eis,
1083 1629 1122 1654 ut
1141 1619 1204 1654 ha-

213 1679 318 1712 beant
339 1676 563 1710 nnanis=·smm
589 1674 747 1707 verbum.
800 1672 880 1707 Non
906 1684 990 1714 rogo
1018 1680 1055 1706 ut
1075 1672 1205 1706 tollan—

215 1737 271 1761 tur
294 1730 336 1762 de
359 1728 513 1766 mundo,
541 1737 585 1758 ne
607 1732 809 1765 tententur,
838 1736 881 1757 ne
899 1725 1119 1767 affligantur,
1145 1724 1202 1756 sed

1029 1569 1106 1613 Ego
1123 1570 1204 1603 dedi
1226 1563 1227 1567 ¹
1254 1569 1276 1600 i.
1291 1579 1320 1601 e.
1340 1575 1378 1602 ut
1397 1568 1481 1601 fiant
1501 1579 1579 1601 vere
1597 1567 1844 1603 iustrumenta.

1356 1651 1445 1689 [Yon
1466 1665 1535 1701 pro
1559 1654 1608 1688 eis
1633 1658 1777 1688 lantum
1803 1667 1911 1701 rogo,
1945 1651 2012 1689 sed
2033 1659 2063 1688 el
2085 1659 2146 1690 etc.

1356 1721 1525 1755 precatur
1549 1720 1709 1757 Christus
1731 1736 1796 1768 pro
1818 1723 1983 1757 universa
2008 1721 2184 1764 Ecclesia,
2209 1729 2249 1757 ut

214 1787 248 1813 ut
271 1791 386 1812 serves
404 1790 461 1812 eos
479 1791 497 1811 a
516 1777 626 1815 malo,
663 1776 685 1811 i.
702 1789 731 1810 e.
749 1776 1024 1812 tentationibus,
1052 1787 1096 1808 ne
1112 1775 1205 1807 sinas
1226 1768 1230 1827 l
1254 1785 1366 1807 unum
1385 1773 1455 1807 sint
1472 1774 1538 1806 side
1555 1786 1634 1807 cnm
1644 1773 1720 1808 Deo
1738 1782 1770 1809 et
1786 1772 1955 1808 charitate
1971 1774 2065 1808 inter
2080 1785 2115 1808 se
2129 1773 2249 1808 omnia

213 1831 441 1864 succumbere
457 1841 526 1863 cos.

215 1883 279 1915 ‹lus
297 1881 520 1926 persequitur
537 1891 605 1913 eos.

452 1961 633 2007 λἳίιιιὶιγὶαι
659 1974 714 1996 cos
740 1963 776 1995 ιή
803 1962 961 1996 veritate.

316 2035 542 2068 Sanctificate
558 2045 630 2065 rem
643 2057 652 2070 ,
681 2039 730 2065 cst
747 2043 907 2076 separare
925 2033 965 2064 :ul
985 2032 1204 2064 offerendum

215 2087 267 2119 sel
299 2087 430 2130 alioqui
459 2086 499 2117 :ul
527 2096 641 2117 sacros
667 2095 762 2117 usus.
823 2081 935 2115 Exodi
963 2082 1078 2116 XUL:

214 2139 322 2170 misma
340 2135 426 2169 mihi
445 2149 548 2169 omne
566 2135 676 2179 prima
695 2135 865 2177 genitum.
906 2133 948 2166 Iit
962 2133 1092 2168 ΧΧΧ,;
1115 2134 1204 2167 San-

214 2189 382 2221 stificcnhis
406 2189 526 2221 Aaron
557 2194 589 2219 vt
621 2186 700 2218 titiis
735 2187 819 2220 vius.
873 2183 921 2217 lt,
954 2193 983 2217 et
1019 2182 1075 2216 hi«-
1100 2185 1204 2218 sentit

213 2239 392 2280 (Itnistus,
429 2241 522 2283 quod
551 2250 584 2269 st·
610 2237 816 2276 sanctificet,
853 2236 872 2268 i,
897 2248 922 2270 c.
951 2236 1127 2275 immolet,
1166 2243 1203 2270 ut

213 2292 321 2324 simus
346 2298 378 2324 vt
403 2303 466 2322 nos
492 2289 716 2328 sanctificati,
752 2289 772 2322 i.
792 2300 821 2321 c.
846 2287 994 2330 separati
1022 2289 1061 2318 sn}
1090 2300 1204 2319 meros

597 2341 683 2373 sicut
719 2347 748 2373 vt
786 2336 948 2371 (ihi-istus
982 2337 1093 2371 hastis
1127 2339 1203 2371 fnit.

214 2393 333 2430 Portu,
355 2394 448 2437 quud
469 2394 582 2424 addit:
613 2391 797 2423 Sunt-tisim
817 2403 874 2423 cos
895 2391 929 2422 in
947 2390 1103 2427 veritate„
1132 2390 1202 2421 ‹tis-

903 2440 1021 2474 Aarnn
1048 2442 1199 2483 nngvlm-

213 2504 267 2526 tm<
286 2496 373 2531 mlv-0,
395 2495 578 2527 ‹ussaw-t»
593 2502 660 2526 xtnr
676 2493 780 2525 etism·
798 2492 923 2525 vestitu
943 2494 986 2525 nl»
1005 2493 1092 2532 aliis,
1114 2505 1202 2537 quat·

676 2545 743 2577 Sed
762 2541 816 2577 hic
837 2551 932 2586 rogant
953 2541 1135 2581 Christus.
1165 2551 1199 2576 nt

214 2355 295 2374 usus
334 2349 362 2374 rt
399 2340 550 2376 hostiae„

213 2445 320 2477 rvi-nit
347 2460 363 2476 ,ι
392 2442 726 2476 sanctisimiionibus
750 2441 845 2483 legis,

211 2547 240 2578 vi
265 2547 489 2579 murmuratio
511 2553 618 2577 crant.

242 2666 272 2692 ³,
292 2667 375 2687 Smer
406 2672 451 2694 [ro
472 2667 510 2687 m
533 2666 614 2686 hahet
634 2670 682 2694 rqo

577 1827 657 1861 Non
673 1834 755 1861 sunt
771 1828 813 1860 de
830 1828 978 1869 inundo,
1004 1827 1083 1860 ideo
1101 1838 1205 1859 inun-
1228 1831 1230 1860 ζ
1254 1823 1431 1858 Ecclesiae
1458 1826 1628 1860 membra.

1115 2084 1205 2115 san-

1229 1868 1230 1875 *
1697 1826 1784 1860 Item
1810 1833 1849 1860 ut
1873 1825 2136 1860 sanctificentur
2158 1837 2251 1866 vere,

1229 1885 1231 1923 Ἰ
1255 1876 1291 1908 id
1317 1882 1385 1915 est,
1412 1875 1511 1909 verbi
1536 1877 1620 1917 fidey,
1650 1876 1732 1910 itern
1759 1883 1797 1911 ut
1820 1878 2014 1921 perdurent
2037 1889 2116 1910 cum
2136 1883 2249 1910 tenta-

1256 1927 1400 1961 buntur.
1456 1925 1559 1960 Unde
1583 1928 1684 1961 facile
1709 1928 1871 1971 colliges,
1898 1928 1983 1972 quid
2008 1927 2053 1960 sit
2073 1924 2248 1960 Christia-

1256 1979 1391 2011 nismus
1407 1984 1467 2011 ant
1486 1977 1653 2013 Ecclesia.
1718 1978 1814 2020 Quid
1834 1978 1929 2011 enim
1947 1978 1991 2011 sit
2008 1977 2250 2018 sanctificatio,

1256 2029 1328 2071 ipse
1346 2029 1507 2072 exponit,
1535 2030 1618 2061 dnm
1638 2030 1703 2063 ait:
1734 2029 1919 2062 Sanctifica
1938 2040 1997 2062 eos
2015 2040 2105 2063 vere.
2158 2029 2249 2062 Sen-

1256 2081 1295 2113 tit
1323 2080 1437 2120 eniin,
1466 2080 1780 2114 sanctificatimwm
1805 2093 1877 2113 non
1902 2091 1974 2113 esse
1991 2087 2168 2113 externam
2183 2080 2250 2113 ali·-

1254 2143 1358 2174 quarn
1389 2131 1692 2171 observationi-m,
1726 2133 1784 2164 sed
1818 2144 1912 2169 enin,
1949 2143 2037 2176 quae
2070 2132 2107 2165 fn
2141 2132 2249 2164 verbo

1255 2183 1322 2216 Dei
1358 2183 1394 2214 in
1420 2183 1534 2215 corde.
1599 2182 1709 2215 Modo
1735 2183 1883 2227 explicat
1912 2190 1945 2216 et
1970 2183 2063 2226 ipsc,
2094 2182 2180 2227 quid
2205 2183 2250 2216 sit

1255 2246 1365 2266 unuin
1384 2246 1467 2266 esse.
1522 2232 1567 2267 Ut
1586 2246 1708 2267 onmes
1727 2246 1838 2267 unuin
1857 2234 1938 2272 sint,
1967 2234 2056 2267 sicut
2075 2246 2136 2276 ego
2156 2233 2191 2266 in
2207 2240 2250 2274 te,

1254 2292 1284 2318 vt
1309 2293 1345 2318 tu
1372 2285 1406 2317 in
1434 2298 1508 2325 ine,
1540 2284 1572 2317 id
1599 2293 1666 2322 est.
1695 2286 1785 2319 sicut
1810 2298 1872 2318 nos
1897 2297 1968 2318 uno
1989 2285 2115 2329 spiritu
2138 2296 2248 2318 tinum

1253 2348 1384 2369 sunnis.
1440 2335 1483 2369 [ί
1513 2337 1576 2380 ipsi
1604 2337 1639 2369 in
1668 2337 1769 2370 nohis
1795 2349 1906 2370 unuin
1926 2336 2018 2378 sint,
2049 2336 2068 2368 i.
2087 2349 2113 2371 r.
2131 2343 2166 2369 ut
2185 2332 2248 2368 ha—

1253 2388 1355 2421 beant
1375 2388 1568 2420 (1,ιιίι.ιι«·ιιι
1586 2386 1731 2422 Christi.

1425 2471 1477 2505 Ji!
1503 2485 1566 2519 ego
1589 2471 1774 2518 gloriam,
1808 2485 1920 2521 quam
1946 2478 1984 2505 tu
2012 2477 2072 2507 etc.

1356 2540 1502 2574 (iturine
1527 2542 1737 2575 monimntum
1765 2542 1958 2574 claritatem
1982 2553 2042 2574 scu
2061 2541 2180 2574 tunmn
2199 2541 2247 2573 si—

1251 2593 1411 2633 guith-nt„
1448 2594 1746 2637 qun-nnn!nimiunn
1773 2592 1913 2637 Mopse<
1946 2593 2068 2625 utitur.
2129 2591 2186 2625 Sic
2214 2599 2246 2625 ct

1252 2645 1285 2678 2.
1302 2642 1465 2679 Corinth.
1489 2643 1550 2680 tlt.
1569 2644 1717 2687 gloriani
1738 2645 1856 2678 unitus
1874 2643 1989 2690 Moysi
2003 2670 2010 2683 ,
2041 2644 2062 2678 i.
2079 2656 2107 2678 e.
2126 2643 2246 2686 splen-
