2409 2915
134 118 183 154 45

134 206 252 240 minus
283 213 366 239 sunt
390 206 518 240 intenti
542 205 580 237 in
606 205 711 239 rebus
732 206 936 240 necessariis
963 207 1118 251 agendis.

134 256 223 291 Cum
240 264 355 290 autem
378 263 502 290 natura
519 267 590 289 non
610 268 755 300 prorsus
771 258 887 290 ociosa
906 268 979 290 esse
997 258 1116 302 possit,

134 315 168 342 et
192 320 305 353 prona
328 307 372 340 sit
391 307 435 340 ad
457 307 655 350 voluptates
670 314 703 341 et
722 308 766 341 ad
782 308 885 347 vitia,
912 320 985 341 non
1013 321 1117 343 occu-

132 359 205 402 pati
225 357 426 392 necessariis
442 358 535 390 curis
553 365 663 391 ruunt
675 359 717 391 ad
735 370 861 403 prava,
889 366 929 393 ut
945 357 1033 393 Cato
1051 360 1115 394 ait:

131 409 304 443 Homines
319 406 412 441 nihil
428 409 562 451 agendo
581 409 672 442 mala
691 421 791 452 agere
807 410 960 445 discunt.
1010 409 1113 443 Item:

132 459 220 495 Ocia
237 460 265 492 si
282 459 384 492 tollas
400 460 535 503 periere
546 457 731 503 Cupidinis
749 473 866 501 arcus,
892 461 1116 494 Contemtae-

130 522 196 557 que
211 511 320 550 faces,
348 516 383 543 et
405 510 480 543 sine
496 510 574 544 luce
598 511 724 545 iacent.
776 511 880 545 Item:
909 510 997 545 Ocia
1017 523 1114 545 secu-

128 561 175 594 ris
197 561 364 594 insidiosa
390 568 529 597 nocent.
589 560 703 595 David
728 562 865 596 ociosus
899 563 1053 597 admittit
1079 569 1114 596 et

127 612 190 646 alit
211 612 376 645 incendia
394 613 535 645 amoris.

231 677 315 712 Ideo
332 676 389 712 hic
407 678 553 712 dicitur:
571 677 728 712 Deliciae
740 691 813 713 non
827 681 951 714 decent
967 681 1113 721 fatuum,

127 730 162 763 id
180 736 248 768 est,
277 742 350 763 non
368 730 515 771 domiti,
541 742 614 763 non
631 730 777 764 cicurati
795 738 894 764 antea
907 756 915 769 ‚
945 732 1033 765 fiunt
1049 743 1112 764 au-

128 781 287 814 daciores
309 788 345 815 et
369 781 507 826 peiores
541 781 579 814 in
612 781 717 815 rebus
748 783 927 821 secundis,
968 789 1007 816 ut
1037 781 1112 816 Ro-

124 831 230 865 boam
246 831 286 865 fit
308 832 534 873 insolentior,
561 832 672 866 factus
687 845 746 866 rex
769 833 806 865 in
825 840 919 866 tanta
937 833 1112 877 tranquil-

124 882 234 917 litate.
286 883 328 916 In
352 882 553 917 Alexandro
579 883 688 917 multa
714 884 798 917 vitia
824 891 902 928 post
926 890 978 918 tot
1001 884 1112 917 victo-

124 933 256 968 riarum
275 946 415 968 cursum
432 941 602 968 crescunt.

229 1000 485 1036 Universaliter
499 1002 607 1044 igitur
625 1003 667 1034 de
683 1002 871 1046 disciplina
888 1007 1110 1046 praeceptum

126 1060 176 1087 est
191 1053 229 1086 in
244 1052 403 1087 Siracide
421 1066 495 1097 cap.
509 1053 588 1088 33.:
615 1052 791 1087 Pabulum
804 1080 813 1094 ‚
830 1054 926 1097 virga
940 1078 949 1092 ,
969 1060 1002 1086 et
1021 1065 1111 1087 onus

124 1105 236 1139 asino.
289 1103 347 1138 Sic
377 1104 498 1149 panis,
532 1103 719 1147 disciplina
750 1111 783 1138 et
808 1116 896 1148 opus
921 1115 1039 1145 serm,
1074 1104 1110 1137 id

125 1162 194 1196 est,
228 1152 392 1188 homines
423 1166 496 1188 non
528 1154 598 1188 sint
627 1155 754 1195 ociosi,
788 1156 848 1188 sed
872 1162 965 1188 certo
991 1155 1111 1188 labore

123 1203 273 1240 honesto
292 1206 463 1249 occupati.
503 1205 573 1239 Sed
591 1211 707 1238 tamen
725 1207 851 1239 modus
869 1206 932 1247 sit,
959 1203 1110 1239 habeant

123 1257 313 1302 pabulum,
342 1254 495 1290 habeant
511 1262 627 1289 autem
643 1262 676 1289 et
692 1257 925 1299 inspectores,
954 1257 1016 1301 qui
1040 1257 1110 1290 sint

123 1313 298 1341 exactores
327 1319 514 1351 operarum
547 1313 579 1340 et
603 1303 863 1354 ἐργοδιώκῑαι,
893 1307 928 1340 id
956 1314 1022 1349 cst,
1050 1320 1110 1341 ur-

121 1364 241 1402 gentes
279 1369 424 1402 operas,
459 1364 494 1391 et
523 1357 675 1401 puniant
703 1365 942 1398 contumaces,
977 1366 1016 1394 ut
1049 1359 1109 1392 alii

121 1416 220 1443 metu
236 1420 429 1453 poenarum
444 1408 482 1441 in
494 1409 609 1442 officio
626 1409 886 1443 contineantur.
914 1409 992 1443 Hoc
1010 1422 1110 1454 prae-

122 1466 262 1504 ceptum
294 1460 585 1494 commonefactio
616 1467 684 1500 est,
719 1467 751 1493 et
776 1461 818 1493 de
847 1472 910 1494 suo
941 1461 1109 1507 cuiusque

122 1523 288 1555 corpore,
316 1518 349 1545 et
373 1512 415 1545 de
440 1511 666 1545 oeconomica
692 1512 967 1555 gubernatione,
997 1519 1031 1546 et
1054 1526 1109 1547 re-

122 1562 220 1606 gula:
248 1561 372 1605 Regna
388 1575 461 1596 non
478 1563 551 1596 sint
567 1570 703 1596 tantum
727 1563 950 1597 carnificinae
973 1565 1109 1609 populi,

122 1614 181 1647 sed
197 1613 401 1658 relinquant
418 1614 587 1658 papulum
604 1614 756 1654 civibus,
785 1621 817 1647 et
836 1622 960 1649 curent
983 1622 1022 1649 ut
1039 1616 1110 1650 sint

122 1664 283 1709 occupati
315 1662 473 1698 honestis
506 1664 707 1705 laboribus,
742 1671 775 1698 et
798 1665 949 1709 puniant
982 1673 1108 1700 contu-

119 1727 244 1748 maces.

224 1772 328 1806 Nunc
344 1775 542 1817 plerunque
557 1774 747 1815 negligitur
766 1774 971 1816 disciplina,
990 1779 1024 1806 et
1044 1773 1109 1805 im-

118 1823 310 1857 moderatis
333 1822 607 1867 expilationibus
640 1820 898 1856 exhauriuntur
929 1823 1110 1857 facultates

119 1874 272 1915 civium,
306 1880 347 1907 ut
371 1873 566 1907 mediocres
591 1870 752 1906 homines
782 1884 856 1906 non
882 1871 1036 1908 habeant
1055 1886 1109 1907 res

119 1925 212 1958 vitae
228 1924 440 1958 necessarias
453 1952 462 1965 ,
489 1931 523 1958 et
540 1931 674 1958 sumtus
690 1924 734 1957 ad
753 1924 971 1957 educandam
994 1932 1027 1959 et
1052 1926 1109 1958 in-

121 1976 335 2010 stituendam
359 1975 530 2012 sobolem.
590 1975 660 2010 Sed
686 1987 753 2008 vox
777 1975 899 2008 divina
923 1977 1108 2020 praedixit,

119 2028 156 2060 in
175 2025 240 2061 hac
258 2027 370 2061 delira
386 2027 513 2060 mundi
532 2033 668 2060 senecta
681 2053 689 2067 ‚
718 2026 865 2071 imperia
890 2026 965 2059 sore
990 2027 1109 2060 defor-

119 2079 255 2120 miora,
287 2085 320 2112 et
352 2078 450 2113 iubet
475 2090 539 2112 nos
570 2090 587 2110 a
612 2076 687 2111 Deo
712 2083 828 2122 petere
851 2077 1108 2121 mitigationem

119 2141 312 2175 poenarum
335 2129 558 2174 publicarum
589 2135 623 2162 et
649 2127 882 2173 privatarum,
917 2135 951 2162 et
973 2129 1108 2162 medio-

120 2192 213 2214 crem
244 2181 548 2232 conservationem
582 2177 749 2214 honestae
782 2179 958 2214 societatis
982 2187 1015 2214 et
1037 2181 1109 2214 Ec-

119 2231 254 2266 clesiae.

171 2347 451 2384 Subsannulore
467 2359 636 2396 percusso
653 2347 842 2395 imperitus
862 2349 928 2382 erit
953 2348 1106 2384 cautior.

565 121 607 154 X.
660 117 963 154 EXPLICA'I'IO
991 119 1400 158 PROVERBIORUM
1434 123 1735 162 SALOMONIS.

2108 134 2156 168 46

1169 207 1382 252 vivificator,
1407 216 1440 242 et
1454 219 1600 255 sequuta
1618 220 1669 246 est
1684 225 1788 247 mors.
1841 214 1909 248 Sed
1935 222 2049 249 tamen
2072 219 2152 261 quia

1167 266 1312 303 propter
1342 259 1474 293 Filium
1496 262 1608 296 voluit
1637 264 1736 298 Deus
1765 264 1927 309 colligere
1961 265 2151 300 Ecclesiam

1166 316 1343 343 aeternam
1358 310 1396 343 in
1413 322 1538 354 genere
1556 310 1729 355 humano,
1756 327 1828 349 non
1845 328 1927 350 mox
1945 317 2049 350 deleti
2072 326 2152 352 sunt

1164 361 1270 404 primi
1289 368 1471 404 parentes,
1499 363 1557 395 sed
1576 375 1698 397 rursus
1721 365 1889 400 vivificati
1913 374 2013 406 sunt,
2042 369 2151 402 verbo

1164 411 1292 445 iterum
1311 409 1492 446 habitante
1509 413 1545 446 in
1566 413 1632 454 eis,
1660 415 1751 448 edita
1771 418 2013 460 promissione.

1265 478 1355 513 Cum
1387 481 1495 523 igitur
1527 481 1571 514 sit
1595 492 1704 524 genus
1729 481 1945 525 humanum,
1981 492 2013 518 et
2041 487 2151 520 multa

1163 529 1233 563 sint
1260 537 1415 574 peccata,
1444 533 1670 565 cumulantur
1696 540 1730 567 et
1756 546 1906 577 poenae,
1937 542 1969 568 et
1987 536 2151 570 innume-

1163 581 1292 615 rabiles
1307 582 1520 615 calamitates
1538 590 1686 616 mortem
1710 586 1931 620 antecedunt.

1264 645 1406 693 Physici
1429 661 1567 682 causam
1591 651 1713 684 mortis
1738 658 1771 686 et
1791 653 1983 686 multarum
2011 653 2153 686 calami·

1162 704 1273 732 tatum
1290 700 1414 733 dicunt
1431 711 1503 733 esse
1521 702 1720 739 materiam,
1749 714 1837 747 quae
1862 715 1923 736 sua
1941 711 2085 744 natura,
2112 711 2150 737 ut

1163 749 1199 781 in
1226 750 1341 794 pomis
1364 751 1462 784 arefit
1486 757 1546 784 aut
1570 752 1747 795 putrescit.
1801 751 1934 787 Dicunt
1959 754 2060 795 item,
2086 755 2151 787 ali-

1162 812 1248 882 {was
1283 801 1443 835 miserias
1475 803 1605 835 accersi
1639 803 1820 836 erroribus
1847 812 1880 838 et
1910 805 2151 839 voluntatibus

1175 862 1337 884 inmanis.

1263 909 1359 943 Haec
1395 911 1438 943 de
1471 911 1682 945 immediatis
1711 913 1823 946 causis
1855 920 1946 946 recte
1971 914 2149 948 dicuntur.

1161 959 1230 993 Sed
1255 973 1317 994 cur
1334 958 1520 994 hominum
1545 963 1691 996 materia
1710 975 1806 996 nunc
1823 970 1873 997 est
1891 963 2002 998 talis?
2048 964 2151 998 Unde

1161 1018 1211 1045 est
1231 1012 1268 1044 in
1286 1009 1493 1046 hominibus
1510 1013 1730 1056 ignorantia,
1758 1020 1789 1048 et
1813 1014 2005 1048 voluntatis
2034 1016 2152 1060 pravi-

1161 1069 1212 1095 tas
1226 1063 1241 1094 i>

1261 1120 1329 1155 Hic
1352 1122 1512 1156 doctrina
1536 1121 1714 1157 Ecclesiae
1744 1131 1917 1158 monstrat
1940 1126 2151 1169 principales

1161 1184 1300 1213 causas,
1333 1173 1465 1207 scilicet
1489 1181 1685 1221 peccatum.
1745 1174 1936 1220 Postquam
1961 1174 2067 1209 homo
2093 1188 2150 1208 ex-

1161 1235 1260 1257 cusso
1277 1224 1384 1257 verbo
1403 1222 1471 1257 Dei
1490 1226 1640 1259 excussit
1655 1225 1769 1259 Deum
1786 1234 1956 1260 rectorem
1969 1254 1976 1268 ‚
2005 1233 2150 1272 sequuta

1161 1281 1243 1308 sunt
1261 1281 1416 1318 peccata,
1447 1282 1479 1309 et
1496 1287 1536 1308 ex
1554 1277 1719 1319 originali
1739 1283 1855 1320 postea
1873 1277 2148 1311 innumerabilia

1160 1325 1310 1359 actualia
1341 1325 1517 1361 oriuntur.
1569 1325 1634 1360 Est
1664 1334 1781 1361 autem
1813 1329 1901 1361 ordo
1926 1327 2084 1362 iusticiae
2110 1328 2148 1360 in

1160 1375 1254 1415 Deo,
1289 1383 1328 1410 ut
1351 1383 1477 1410 natura
1504 1377 1722 1419 destruatur,
1756 1379 1846 1413 sicut
1876 1378 2045 1423 scriptum
2078 1385 2145 1411 est:

1160 1425 1255 1461 Deus
1280 1434 1331 1460 est
1353 1427 1444 1470 ignis
1467 1439 1689 1462 consumens.
1741 1429 1826 1462 Ideo
1846 1441 1978 1473 poenas
1994 1440 2151 1474 sequun-

1159 1485 1228 1514 tur.
1281 1477 1374 1512 Sunt
1390 1485 1507 1512 autem
1529 1486 1682 1523 quatuor
1698 1491 1820 1514 causae
1838 1492 2031 1524 poenarum
2049 1491 2149 1523 prae-

1159 1529 1261 1573 cipue
1279 1530 1566 1563 considerandae.

1261 1588 1380 1623 Prima
1396 1596 1447 1623 est
1465 1590 1553 1623 ordo
1572 1590 1729 1625 iusticiae
1745 1591 1783 1624 in
1795 1589 1890 1630 Deo,
1919 1591 2001 1636 quia
2019 1591 2150 1625 iustum

1161 1646 1228 1681 est,
1255 1652 1350 1673 ream
1370 1647 1533 1674 naturam
1551 1641 1699 1675 destrui.

1264 1697 1405 1732 Deinde
1423 1700 1595 1730 accedunt
1623 1699 1743 1731 finales
1769 1709 1902 1732 causae.
1956 1698 2042 1733 Vult
2056 1698 2151 1734 Deus

1160 1747 1301 1790 agnosci
1326 1747 1517 1780 discrimen
1549 1744 1778 1782 honestorum
1802 1755 1835 1782 et
1860 1748 2038 1792 turpium,
2074 1750 2150 1783 vult

1160 1809 1195 1830 se
1219 1797 1359 1841 agnosci
1393 1798 1506 1842 qualis
1533 1798 1596 1838 sit,
1623 1804 1656 1831 et
1681 1799 1759 1832 vult
1782 1798 1954 1841 intelligi,
1981 1800 2076 1844 quod
2105 1800 2151 1834 sit

1162 1848 1267 1881 iudex
1296 1854 1329 1881 et
1359 1848 1489 1881 vindex
1518 1848 1700 1881 scelerum.
1765 1848 1829 1883 Est
1856 1849 1964 1893 igitur
1999 1851 2150 1884 secunda

1161 1910 1263 1932 causa
1288 1910 1502 1943 poenarum,
1530 1905 1568 1932 ut
1593 1910 1727 1943 poenae
1750 1899 1821 1934 sint
1838 1901 2149 1935 commonefactio-

1161 1961 1241 1990 neS,
1268 1950 1364 1994 quod
1383 1949 1427 1982 sit
1443 1947 1539 1983 Deus
1562 1957 1595 1984 et
1613 1950 1726 1995 qualis
1753 1951 1819 1990 sit,
1847 1957 1884 1984 ut
1901 1951 1983 1996 quia
2002 1952 2149 1986 destruit

1161 2000 1335 2039 Sodoma,
1362 2001 1491 2034 scimus
1511 1999 1625 2034 Deum
1643 2007 1775 2035 castum
1799 2013 1888 2040 esse,
1916 2010 1949 2036 et
1973 2009 2148 2036 amantem

1160 2051 1339 2091 castitatis,
1358 2058 1391 2085 et
1402 2049 1626 2085 horribiliter
1643 2052 1747 2086 irasci
1766 2053 1909 2086 incestis
1927 2052 2150 2089 lihidinibus.

1263 2118 1384 2152 Tertia
1403 2130 1504 2152 causa
1531 2126 1581 2153 est
1597 2120 1752 2164 utilitas,
1780 2127 1819 2155 ut
1839 2128 2065 2154 conservetur
2090 2132 2149 2164 ge-

1160 2181 1227 2204 nus
1243 2167 1451 2209 humanum,
1476 2171 1557 2215 quia
1577 2183 1649 2204 non
1667 2178 1755 2206 esset
1773 2172 1852 2204 finis
1870 2171 2150 2213 latrociniorum,

1160 2222 1189 2255 si
1206 2221 1326 2255 nullae
1344 2228 1458 2254 essent
1478 2233 1622 2265 poenae.

1263 2279 1397 2324 Quarta
1414 2293 1515 2314 causa
1538 2289 1605 2320 est,
1633 2287 1671 2315 ut
1692 2281 1851 2329 exemplo
1869 2281 1930 2314 alii
1946 2293 2148 2315 commone-

1132 2329 1135 2374 Ι
1160 2333 1268 2370 fiant,
1305 2338 1338 2364 et
1363 2338 1458 2365 metu
1488 2335 1736 2370 coerceantur,
1771 2339 1804 2365 et
1829 2333 1939 2377 aliqui
1965 2333 2006 2365 ad
2034 2331 2146 2365 Deum

1132 2419 1135 2431 ἶ
1161 2388 1425 2417 convertantur.
1449 2380 1576 2416 Dehac
1599 2394 1699 2416 causa
1718 2381 1784 2416 hoc
1801 2383 1879 2416 loco
1891 2383 2037 2416 dicitur:
2055 2382 2147 2416 Sub-

221 2433 410 2478 Postquam
435 2445 533 2467 mens
556 2431 742 2466 hominum
766 2445 876 2466 mersa
903 2440 953 2467 est
974 2434 1010 2466 in
1031 2445 1108 2477 pec-
1132 2435 1134 2479 ξ

1162 2440 1349 2466 sannatore
1388 2445 1551 2477 percusso
1586 2434 1771 2477 imperitus
1810 2434 1874 2467 erit
1919 2433 2075 2473 cautior,
2110 2441 2148 2467 ut

120 2493 258 2528 catum,
294 2492 440 2530 sequuta
472 2492 523 2518 est
554 2483 766 2524 destructio,
805 2483 967 2517 videlicet
997 2483 1106 2528 Mors,
1132 2492 1134 2510 :
1161 2484 1379 2518 Gabeonitae
1399 2484 1523 2518 deletis
1547 2484 1671 2517 vicinis
1695 2485 1775 2518 facti
1801 2491 1883 2517 sunt
1903 2483 2087 2524 cautiores,
2115 2491 2147 2517 et

119 2537 200 2582 quia
225 2534 379 2570 humana
404 2542 529 2569 natura
560 2535 661 2569 desiit
687 2547 758 2568 esse
777 2535 998 2568 domicilium
1026 2535 1108 2575 Dei,
1132 2530 1134 2553 ‘¹
1159 2536 1335 2580 petierunt
1354 2546 1485 2579 pacem.
1536 2534 1653 2569 Poena
1670 2535 1840 2569 Sisamnis
1857 2533 1939 2566 facit
1957 2534 2147 2568 cautiorem

119 2588 208 2621 sicut
227 2596 327 2620 antea
345 2587 478 2627 suerat,
497 2587 590 2619 iuxta
610 2587 756 2619 dictum:
790 2585 828 2618 ln
848 2586 922 2630 ipso
938 2587 1007 2620 vita
1023 2595 1108 2628 erat,
1131 2602 1133 2636 3
1160 2584 1315 2620 Otanem
1339 2586 1549 2619 collocatum
1575 2587 1611 2618 in
1640 2586 1779 2625 sellam,
1808 2585 1843 2617 in
1870 2596 1938 2629 qua
1963 2585 2063 2628 pellis
2087 2598 2147 2629 pa-

120 2639 158 2671 id
182 2645 251 2679 est,
280 2650 341 2683 per
357 2637 517 2670 Verbum
545 2635 710 2671 habitans
736 2637 771 2670 in
798 2635 943 2670 homine
969 2638 1107 2672 vivebat
1131 2638 1133 2677 i
1159 2644 1257 2671 terna
1279 2649 1428 2681 expansa
1447 2643 1538 2678 erat,
1565 2644 1604 2670 ut
1630 2635 1832 2669 Herodotus
1857 2642 1975 2668 narrat
2000 2636 2035 2668 in
2057 2635 2146 2670 Ter—

121 2686 248 2730 homo,
274 2700 415 2722 excusso
433 2689 541 2721 verbo
559 2699 722 2722 excussus
749 2695 798 2722 est
816 2687 912 2722 Deus
938 2696 1050 2723 rector
1075 2697 1107 2724 et
1131 2687 1134 2733 ἶ
1159 2685 1334 2733 psichore.
