2409 2915
250 84 344 119 1151

253 170 384 214 gelium
409 164 683 210 praedicandum
710 163 746 195 in
773 170 913 207 gentes,
963 174 1052 209 quae
1077 160 1245 198 hactenus

253 222 392 255 fuerant
417 215 570 260 populus
597 215 672 247 sine
694 211 791 257 Deo,
834 215 974 249 futurus
1003 211 1147 258 posthac
1171 226 1244 248 non

255 271 361 304 modo
377 266 528 311 populus
548 265 637 303 Dei,
666 265 725 297 sed
743 265 805 298 filii
825 265 906 306 Dei,
933 263 1048 298 Oseae
1068 263 1093 298 Ι.
1148 264 1243 298 Inci-

256 322 308 365 pit
324 319 441 363 itaque
456 314 617 350 Christus
634 315 894 360 praedicare'ds
910 314 1163 360 glorificatione
1179 316 1245 356 sui,

255 373 427 413 docetque
444 368 537 408 fore,
571 373 610 400 ut
632 378 706 399 non
731 367 948 410 glorificetur
963 367 1169 412 priusquam
1187 378 1244 400 ex-

254 426 418 455 tenuatus
451 418 516 459 sit,
556 429 670 462 neque
701 418 887 461 glorificari
915 431 950 452 se
985 418 1048 451 illo
1073 428 1246 451 concursu

255 469 516 510 multitudinis,
545 466 611 501 hoc
636 475 704 507 est,
734 476 874 502 externa
902 469 1014 513 gloria
1039 480 1099 503 seu
1121 480 1246 513 corpo-

256 523 322 556 rali
340 532 448 564 reguo
466 526 545 560 etc.;
579 530 651 552 esse
673 519 778 552 aliam
804 520 974 563 gloriam,
1000 520 1075 556 scil.
1098 530 1245 562 regnum

257 575 457 612 internum,
498 582 570 604 esse
597 577 631 604 et
656 570 761 603 aliam
794 571 886 604 viam
913 572 955 605 ad
980 582 1056 604 eam
1089 570 1249 614 gloriam,

257 624 387 657 scilicet
404 634 465 666 per
483 633 633 656 crucem.

473 703 583 739 Venit
613 701 708 738 hora
738 708 776 738 ul
800 702 1035 751 glorificetur.

358 776 564 817 Ignorantes
596 773 677 806 fidei
711 778 837 817 putant
866 773 1015 816 gloriam
1038 784 1111 806 esse
1136 785 1248 806 meam

257 826 323 860 hoc
337 836 484 867 regnum
505 831 698 858 externum.
725 823 838 868 Atqui
855 824 960 857 instat
975 823 1071 857 aliud
1091 835 1250 866 regnum,

255 877 330 912 scil.
345 875 544 920 spirituale,
571 887 641 920 quo
661 886 741 907 vere
756 874 992 917 glorificabor,
1015 874 1074 907 sed
1090 886 1162 907 non
1180 874 1248 908 nisi

258 940 319 972 per
342 937 490 960 crucem.

383 1008 476 1045 ,Vis-i
494 1019 656 1056 granum
677 1007 866 1056 frumenti
893 1006 1028 1043 cadens
1056 1013 1130 1051 etc„

257 1082 291 1114 id
317 1087 385 1118 est,
429 1077 498 1111 nisi
528 1074 615 1111 haec
646 1088 726 1110 caro
756 1076 863 1109 fuerit
895 1083 1047 1113 mortua.
1125 1076 1249 1111 Solum

258 1130 434 1167 manebit,
462 1129 484 1163 i.
501 1140 530 1162 e.
554 1139 627 1162 non
645 1127 879 1162 fructificabit.
931 1126 1081 1172 Egregia
1097 1135 1146 1162 est
1165 1126 1250 1162 haec

257 1182 369 1216 crucis
384 1179 665 1217 commendatio,
693 1184 842 1211 mortem
868 1189 940 1211 esse
963 1191 1024 1222 per
1048 1192 1152 1225 quam
1174 1180 1248 1213 fru—

255 1241 350 1266 ctum
376 1231 543 1271 facimus,
575 1230 663 1263 sieut
686 1230 728 1263 ad
752 1228 858 1264 Rom.
876 1228 936 1262 VI.
962 1230 1110 1264 dicitur:
1151 1242 1248 1264 com-

257 1284 430 1327 plantatos
454 1281 559 1315 morti
577 1279 709 1315 Christi
733 1279 954 1314 fructificare.
1008 1279 1115 1315 Ratio
1139 1288 1171 1315 et
1194 1281 1248 1314 lex

255 1334 431 1371 sentiunt,
465 1338 614 1365 mortem
641 1343 713 1364 esse
738 1342 906 1374 poenam,
933 1337 965 1364 et
987 1331 1076 1365 sicut
1093 1332 1248 1376 Aposto-

256 1386 312 1419 lus
329 1385 393 1418 ait:
424 1382 524 1416 Mors
543 1389 594 1415 est
609 1381 824 1425 stipendium
841 1381 988 1425 peccati.
1033 1381 1107 1424 Qui
1126 1381 1248 1415 inserti

255 1442 337 1469 sunt
354 1434 458 1467 inorti
476 1431 631 1474 Christi,
658 1432 680 1465 i.
696 1444 726 1467 e.
742 1431 784 1464 iis
800 1431 862 1476 qui
876 1432 1038 1473 credunt,
1065 1443 1160 1466 mors
1178 1433 1247 1465 iam

257 1498 331 1520 non
357 1495 468 1529 poena
495 1490 564 1524 est,
596 1483 656 1516 sed
688 1483 960 1526 transplantatio
987 1483 1176 1527 quaedem,
1209 1489 1248 1516 ut

256 1537 286 1570 si
305 1549 322 1570 e
341 1535 451 1569 sterili
475 1533 550 1567 solo
575 1533 762 1567 transferas
785 1533 941 1577 plantam
963 1533 1000 1565 in
1025 1533 1174 1567 feracius
1191 1544 1247 1566 so-

255 1589 346 1622 lum.
399 1585 586 1622 Secundo,
624 1596 730 1628 porro
755 1584 836 1628 quia
861 1582 926 1617 Dei
959 1583 1070 1627 gloria
1103 1590 1245 1618 aeterna

257 1646 325 1675 est,
355 1649 422 1682 qua
439 1635 654 1679 glorificatur
668 1641 782 1668 totum
792 1631 927 1668 Christi
944 1646 1083 1679 corpus,
1110 1645 1248 1668 necesse

257 1698 328 1727 est,
355 1685 446 1720 hanc
469 1692 676 1720 vetustatem
700 1685 914 1720 mortificari.
981 1685 1061 1720 [deo
1087 1683 1179 1718 nihil
1203 1686 1246 1719 ad

256 1738 389 1775 Christi
422 1749 569 1782 regnum
597 1737 766 1781 pertinet,
807 1737 888 1782 quia
904 1736 935 1780 ¹²)
961 1744 1139 1771 externam
1172 1737 1247 1780 glo-

254 1792 345 1825 riam
359 1817 368 1831 ,
395 1789 594 1822 libertatem
615 1795 802 1822 sectantur.

334 1873 410 1920 Qui
437 1877 541 1906 amal
569 1871 735 1906 animam
764 1885 893 1912 sturm,
923 1870 1044 1918 perdet
1072 1885 1164 1908 cam.

388 1941 539 1974 Nomine
582 1941 719 1973 animae
753 1947 784 1973 et
820 1940 910 1972 vitae
942 1940 977 1972 in
1010 1940 1076 1974 hoc
1116 1942 1249 1975 mundo

260 1990 610 2037 comprehenduntur
630 1991 683 2034 pia
701 1990 874 2023 desideria
892 1991 1027 2032 carnis,
1054 1997 1091 2024 ut
1109 1992 1152 2025 sit
1170 2003 1248 2025 sen-

260 2045 386 2078 tentia:
417 2040 546 2076 Odisse
563 2049 723 2086 oportere
744 2041 850 2074 vitam
878 2042 1010 2081 carnis,
1039 2042 1059 2077 i.
1079 2054 1107 2077 e.
1129 2043 1246 2076 omnia

260 2107 348 2141 quae
364 2093 499 2138 quaerit
518 2104 618 2133 caro,
645 2092 763 2125 omnia
784 2092 819 2124 in
837 2092 966 2136 quibus
983 2099 1032 2126 est
1050 2091 1154 2126 lulius
1172 2106 1247 2127 car—

260 2147 315 2179 nis
354 2145 444 2183 vita,
492 2143 660 2187 gloriam,
703 2144 917 2190 voluptates,
960 2155 1043 2187 opes
1074 2150 1137 2177 etc.
1202 2142 1247 2178 Ut

260 2193 387 2230 Mauh.
408 2193 505 2230 XVI.
522 2195 668 2228 dicitur:
699 2194 771 2236 Qui
791 2193 866 2227 vult
885 2205 940 2226 me
958 2194 1054 2238 sequi
1069 2222 1076 2234 ,
1102 2196 1246 2238 abneget

260 2259 294 2280 se
312 2248 448 2290 ipsum,
478 2252 509 2279 et
535 2245 633 2279 tollat
658 2257 795 2278 crucem
821 2256 930 2277 suam.
983 2244 1161 2287 Abneget,
1190 2246 1246 2278 in-

260 2300 356 2343 quit,
386 2309 418 2328 se
446 2297 577 2340 ipsum,
604 2297 646 2329 de
665 2303 735 2329 tota
755 2302 899 2335 natura,
927 2295 1016 2336 vita,
1043 2308 1121 2328 rum
1146 2309 1245 2330 ener-

260 2350 314 2390 gia
330 2348 460 2384 ειη-κίε,
490 2348 624 2380 locutus
649 2354 710 2380 est.
764 2347 946 2385 Secundo,
973 2347 1032 2391 qui
1052 2347 1105 2379 fiet
1132 2354 1246 2380 autem

261 2398 350 2432 hoc?
387 2397 552 2442 opt-ribus
571 2410 613 2430 ne
637 2405 667 2430 rt
693 2397 827 2429 virilius
852 2397 952 2429 lilii-ri
978 2397 1141 2431 arbitrii?
1202 2397 1244 2432 At

262 2451 411 2483 liberum
447 2448 631 2481 arbitrium
657 2461 728 2481 non
755 2454 866 2491 potest
890 2449 1022 2488 odisse,
1062 2449 1246 2490 abnegare.

261 2500 436 2541 resignare
453 2512 490 2532 rx
510 2501 613 2533 corde
639 2500 765 2538 vitam,
805 2499 1018 2543 voluptatem
1043 2506 1076 2533 et
1099 2499 1166 2532 alia
1186 2501 1245 2532 dc-

294 2639 321 2660 2·
341 2636 396 2658 Tul·
425 2637 481 2663 qni.
514 2635 587 2656 Tunc<
610 2640 677 2656 vcro
698 2634 779 2656 etium
799 2634 943 2663 ptri-'nent
966 2639 1013 2662 pro
1031 2634 1153 2662 per-uma
1175 2633 1244 2656 *rri-

329 2671 441 2693 uerutum
463 2670 576 2692 mmm

847 77 970 112 PHIL.
998 75 1114 112 MEL.
1143 75 1350 116 SCRIPTA
1379 79 1679 120 EXEGETICA·

2187 91 2286 128 1152

1295 167 1422 201 sideria
1438 170 1571 211 carnis,
1597 177 1637 205 ut
1653 168 1740 205 haec
1755 172 1929 206 sententia
1947 173 2051 217 plane
2071 175 2275 212 testificetur

1296 216 1387 251 nihil
1412 230 1512 263 posse
1537 221 1689 255 liberum
1712 223 1914 259 arbitrium.
1962 223 2202 260 Purificantur
2222 239 2287 262 au-

1296 275 1363 302 tem
1392 271 1496 304 corda
1526 270 1613 312 fide,
1647 273 1764 318 inquit
1794 273 1919 307 Petrus
1951 274 1987 308 in
2011 275 2129 317 Actis,
2165 277 2199 310 id
2226 285 2287 317 est,

1297 320 1357 353 ubi
1381 318 1476 354 Deus
1498 328 1636 364 gustum
1660 324 1799 359 dederit
1823 325 2102 367 misericordiae,
2137 327 2204 361 iam
2228 340 2288 362 cor

1298 370 1392 405 ultro
1412 372 1566 416 resignat
1585 379 1619 406 et
1636 373 1785 417 abnegat
1799 376 1918 409 omnia
1938 377 2112 411 desideria
2128 379 2254 415 carnis.

1539 461 1586 498 Si
1610 464 1692 512 quis
1720 463 1817 500 mihi
1840 466 2042 504 ministrat.

1402 540 1473 583 Qui
1497 541 1674 576 ministrat
1696 544 2016 590 quomodocunque
2037 545 2072 578 in
2099 557 2159 579 sua
2185 558 2287 580 voca-

1298 591 1415 628 tione,
1444 604 1496 624 me
1514 599 1681 637 sequatur
1698 594 1882 627 tolerando
1906 606 2043 628 crucem
2070 603 2101 628 et
2127 603 2286 632 mortem.

1302 641 1351 675 lta
1383 644 1525 675 demum
1559 645 1768 678 tolerabitur
1798 657 1901 685 crux,
1934 645 1961 678 si
1985 648 2162 687 credetur,
2194 649 2288 691 quod

1300 693 1387 726 sicut
1405 691 1564 727 Christus
1579 694 1790 737 glorificatus
1807 702 1877 739 est,
1904 695 1951 730 ita
1978 696 2047 729 sint
2068 704 2100 731 ct
2123 694 2158 730 hi
2179 698 2288 741 glori-

1301 744 1448 783 ficandi,
1475 745 1534 789 qui
1555 747 1701 779 credunt
1719 745 1761 780 ei.

1348 835 1486 870 Anima
1515 849 1594 871 mea
1622 838 1772 873 turbata
1801 844 1869 881 est,
1904 844 2010 887 paler
2035 838 2236 886 sanctifica.

1403 911 1509 954 Quod
1537 913 1640 956 paulo
1666 921 1746 948 aute
1765 914 1912 948 docebat
1931 912 2113 956 Christus,
2139 923 2286 951 mortem

1301 974 1372 995 esse
1396 963 1487 995 viam
1511 965 1552 995 ad
1582 964 1891 1007 glorificationem,
1938 965 1971 997 id
1998 966 2106 999 modo
2132 968 2288 1012 exemplo

1300 1024 1362 1046 suo
1380 1015 1596 1056 comprobat.
1651 1014 1825 1049 Tentatur
1846 1016 1958 1054 enim.
1986 1018 2105 1060 neque'
2121 1017 2154 1049 id
2172 1019 2287 1057 modo,

1300 1065 1358 1096 sed
1376 1070 1407 1097 et
1423 1075 1442 1096 a
1461 1071 1556 1108 patre
1580 1065 1739 1105 iuvatur,
1771 1075 1809 1099 ut
1833 1066 2001 1108 sciamus,
2036 1075 2197 1111 oportere
2223 1081 2287 1101 nos

1303 1115 1427 1148 tentari
1459 1117 1756 1159 quemadmodum
1784 1124 1826 1149 et,
1843 1117 1915 1160 ipse
1947 1124 2098 1151 tentatus
2130 1125 2188 1151 est.
2242 1117 2289 1153 Et

1302 1178 1379 1198 cum
1400 1172 1574 1199 tentamur
1594 1167 1687 1207 fore,
1716 1174 1754 1200 ut
1770 1168 1970 1200 consoletur
1987 1175 2082 1212 pater
2099 1180 2171 1201 non
2189 1169 2289 1203 aliter

1300 1223 1403 1261 atque
1420 1215 1529 1249 filium
1547 1217 1747 1251 consolatus
1763 1226 1822 1252 est.
1858 1216 1920 1251 Est
1939 1219 2032 1250 euim
2051 1217 2287 1263 Evaugelium

1301 1273 1390 1300 certa
1418 1267 1603 1310 promissio
1631 1269 1751 1301 auxilii
1777 1276 1808 1302 et
1825 1269 1964 1305 salutis,
1993 1276 2022 1301 et
2038 1268 2199 1303 shristus
2215 1283 2289 1304 cer-

1303 1325 1376 1351 tum
1403 1318 1528 1361 pignus
1554 1319 1674 1351 auxilii
1703 1327 1734 1352 et
1758 1320 1890 1355 salutis.
1951 1318 2157 1354 Cuiusmodi
2184 1321 2287 1355 fuerit

1301 1368 1465 1407 tentatio,
1494 1380 1532 1400 ex
1551 1369 1592 1400 iis
1610 1369 1725 1402 verbis
1742 1370 1858 1412 colligi
1886 1377 2011 1413 potest:
2041 1370 2143 1405 Pater
2160 1371 2287 1406 saucti-

1303 1418 1364 1451 fica
1382 1425 1443 1451 etc.
1462 1419 1497 1450 in
1517 1415 1606 1451 hanc
1625 1416 1765 1459 horam,
1792 1421 1866 1455 scil.
1884 1427 1920 1453 ut
1941 1422 2060 1464 patiar.

1476 1517 1531 1552 'on
1552 1524 1698 1566 propter
1725 1532 1796 1560 me,
1823 1518 1890 1553 scd
1912 1525 2057 1567 propter
2078 1533 2149 1560 vos,

1299 1602 1339 1629 ut
1354 1596 1521 1636 credatis,
1549 1597 1591 1629 ad
1616 1596 1766 1629 eundem
1789 1597 1933 1630 modum
1954 1609 2014 1630 vos
2039 1609 2179 1642 quoque
2203 1610 2289 1631 con-

1299 1646 1464 1680 solandos
1482 1653 1512 1680 et
1529 1647 1704 1680 iuvandos
1731 1658 1823 1688 esse,
1860 1647 1947 1680 sicut
1966 1659 2027 1691 ego
2047 1648 2187 1683 adiutus
2201 1660 2290 1682 sum.

1445 1746 1556 1783 qunc
1583 1746 1759 1783 iudicium
1788 1754 1837 1783 cst
1867 1746 1978 1783 huius
2007 1746 2148 1785 mundi.
2181 1765 2191 1778 ο

1405 1823 1472 1857 llic
1499 1822 1662 1858 Christus
1688 1825 1855 1859 describit
1883 1837 2027 1868 reguum
2053 1838 2175 1865 suum,
2210 1837 2288 1859 cum

1301 1881 1400 1908 antea
1423 1876 1614 1916 docuisset,
1658 1876 1796 1909 carnale
1824 1876 1910 1909 illud
1938 1887 2084 1919 regnum
2113 1888 2184 1909 non
2217 1887 2290 1910 esse

1301 1937 1402 1960 suum
1449 1937 1604 1970 regnum.
1680 1925 1862 1970 Evangelii
1907 1928 2117 1971 praedicatio
2159 1927 2290 1961 iudicat

1302 1977 1492 2017 mundum3
1522 1975 1625 2010 Rom.
1647 1976 1669 2009 Ι.
1687 1978 1861 2010 revelatur
1876 1978 1925 2009 ira
1946 1976 2010 2011 Dei
2029 1989 2133 2019 sup-*r
2148 1988 2288 2010 omnem

1301 2027 1512 2071 impietatem
1532 2034 1561 2060 et
1583 2027 1807 2063 iniusticiam.
1861 2025 1906 2061 Et
1926 2026 2047 2061 lnanu.
2065 2026 2176 2060 xvh:
2206 2027 2288 2071 Spi-

1302 2078 1389 2110 ritus
1420 2085 1560 2111 santtus
1593 2085 1713 2121 :urguet
1743 2079 1915 2110 mundum
1947 2080 1989 2111 de
2016 2078 2166 2115 iudicio„
2207 2079 2287 2123 quia

1301 2129 1462 2172 princeps
1479 2125 1583 2160 huius
1602 2129 1724 2161 tnundi
1743 2129 1809 2161 iam
1830 2129 2004 2162 iudicatus
2021 2135 2080 2163 ost.
2132 2126 2287 2162 Damna-

1301 2186 1358 2212 tur
1375 2179 1492 2223 itaque
1516 2180 1670 2212 mundus
1695 2179 1835 2223 peccati.
1890 2178 1985 2211 Voco
2010 2187 2126 2212 nutem
2151 2187 2286 2223 peccata

1300 2242 1371 2262 non
1389 2243 1426 2263 ca
1444 2231 1569 2268 modo,
1597 2242 1684 2274 quae
1703 2231 1856 2263 mundus
1873 2231 2013 2264 ‹lamuat
2029 2258 2036 2267 .
2061 2237 2097 2263 ut
2113 2237 2193 2264 sunt
2211 2242 2287 2265 cne-

1299 2283 1378 2323 dvs,
1407 2281 1598 2320 adulteria,
1623 2282 1681 2314 sed
1706 2288 1737 2314 et
1755 2293 1814 2322 ea,
1844 2294 1932 2326 quae
1957 2283 2124 2315 damnare
2146 2288 2287 2326 propter

1299 2331 1495 2365 caecitati-m
1515 2333 1669 2364 mundus
1688 2344 1757 2365 nou
1784 2339 1915 2380 potest.
1943 2340 1980 2366 ut
2001 2340 2079 2365 sunt
2103 2331 2285 2374 ignoratio.

1299 2390 1519 2427 contemptus
1537 2383 1626 2419 Dei,
1653 2382 1894 2420 incredulitas,
1919 2395 2006 2428 quac
2022 2382 2139 2416 omnia
2159 2383 2287 2418 revelat

1300 2440 1330 2466 rt
1370 2435 1511 2466 «innuat
1556 2431 1797 2475 Evangvtinm.
1879 2433 1986 2466 l'nrro
2027 2434 2285 2478 praedicatione

1299 2483 1479 2525 lix-angelii
1503 2485 1568 2516 i-un
1590 2485 1764 2518 iudicatur
1789 2486 1959 2520 nnnndns,
1993 2486 2085 2529 qnod
2117 2484 2284 2519 iudicium

1297 2535 1530 2568 conscientiae
1555 2548 1675 2567 vorum
1702 2535 1877 2569 sentiunt.
1913 2535 1972 2578 qui
1995 2534 2185 2578 Evangelio
2211 2547 2285 2569 rre-

1297 2587 1396 2618 ‹lunt.
1474 2585 1671 2618 Novissimn
1698 2597 1778 2618 vero
1804 2587 1860 2618 dir
1882 2587 1993 2629 palum
2019 2587 2074 2620 fwt
2101 2584 2165 2619 ho·-
2191 2586 2281 2620 iudi-

1298 2638 1406 2670 tium,
1434 2645 1464 2668 ut
1490 2637 1727 2677 tvl-»riticmuur
1749 2638 1789 2672 ii,
1818 2638 1876 2681 qui
1897 2637 2131 2671 crediderunt.
