2409 2915
98 93 169 129 593
630 93 710 127 XII.

95 176 285 210 sententiae
307 178 443 211 docent.
497 176 688 210 Abstinens
710 188 730 210 a
752 177 814 211 lite
842 185 980 222 peccata
1004 180 1072 213 rni-

93 234 187 260 nuet.
241 226 323 260 Ideo
350 234 463 260 autem
487 227 588 260 toties
611 227 648 259 iu
665 227 773 261 veteri
796 235 828 261 et
851 241 944 263 novo
969 236 1072 264 testa-

92 283 210 310 mento
227 274 311 310 haec
324 283 506 325 praecepta
521 277 668 321 repetita
685 284 785 319 sunt,
812 279 894 323 quia
916 279 954 312 in
973 281 1071 313 omni

92 328 345 368 gubernatione
361 327 529 360 maximos
545 335 659 360 motus
670 328 793 362 excitat
810 329 983 373 cupiditas
993 331 1071 364 vin-

91 378 203 411 dictae
215 404 225 419 ,
247 384 284 411 ut
301 378 337 409 in
357 389 456 409 versu
473 377 576 411 etiam
593 378 725 411 dictum
743 385 809 412 est:

426 426 500 454 Nam
523 433 638 455 caetera
661 435 752 465 regna

256 468 398 496 Luxuries
420 469 511 505 vitiis,
540 469 672 507 odiisque
695 470 828 507 superbia
852 472 948 499 vertit.

177 586 396 627 Dominica
423 587 584 630 XXIII.
613 593 708 640 post
740 589 973 631 Trinitatis.

341 649 574 696 Evangelium
600 650 731 687 Mattb.
751 654 812 689 22.

136 715 239 751 Tunc
253 716 424 751 abeuntes
436 715 657 759 Pharisaei,
684 718 877 753 consilium
896 720 1066 764 inierunt,
1092 728 1093 732 ’

187 771 224 801 ut
241 772 404 814 caperent
422 779 499 801 eum
517 768 555 802 in
577 780 749 803 sermone.
803 768 856 803 El
869 770 1017 805 mittunt
1035 773 1068 806 ei
1091 789 1093 818 3

186 815 385 865 discipulos
408 830 494 852 suos
519 830 596 853 cum
612 817 859 862 Herodianis‚
893 819 1064 856 dicentes:
1090 823 1092 838 ²

183 865 392 913 Magister,
423 868 556 902 scimus
578 869 667 916 quia
696 881 809 904 verax
826 883 878 911 es,
912 877 942 905 el
968 871 1064 906 viam
1090 891 1091 898 κ

182 916 261 952 Dei
285 918 321 950 in
348 918 493 952 veritate
518 917 637 961 doces,
664 925 694 953 el
722 932 793 953 non
822 926 871 954 est
893 921 1062 956 tibicura

183 966 225 1002 de
243 967 389 1015 aliquo,
417 981 489 1001 non
507 969 600 1002 enim
620 970 766 1017 respicis
781 983 974 1017 personam
993 969 1059 1006 ho-

182 1019 342 1057 minum,
370 1017 446 1052 Dic
465 1032 549 1064 ergo
565 1020 671 1053 nobis
682 1046 690 1059 ,
719 1019 813 1067 quid
825 1021 896 1056 tibi
912 1022 1062 1066 videtur,

180 1066 284 1103 Licet
311 1080 451 1102 censum
476 1068 563 1103 dare
588 1067 758 1109 Caesari,
785 1084 835 1104 an
858 1075 956 1106 non?
989 1070 1061 1107 Co·
1086 1100 1087 1108 1

181 1121 288 1165 gnita
322 1124 441 1152 autem
475 1119 581 1153 Iesus
611 1120 777 1168 nequicia
808 1133 949 1164 eoram,
985 1123 1059 1156 ait.—

181 1167 287 1216 Qm'd
308 1180 362 1201 me
394 1169 542 1203 tentatis
566 1167 778 1216 hypocritae
789 1171 806 1201 Ρ
868 1169 1059 1207 ostendite

181 1217 276 1251 mihi
298 1219 483 1252 numisma
508 1231 643 1255 census,
693 1219 740 1253 At
764 1220 826 1254 illi
851 1222 1059 1257 obtulerunt

179 1269 212 1302 ei
227 1267 429 1302 denarium.

178 1365 365 1404 Caesaris.
392 1367 498 1402 Tunc
512 1369 566 1402 ait
583 1368 680 1403 illis:
700 1367 859 1404 Reddite
868 1384 952 1419 ergo
966 1385 1059 1420 quae
1083 1407 1085 1420 ⁴

177 1424 261 1453 sunt
278 1416 470 1460 Caesaris,
492 1416 668 1461 Caesari,
694 1419 747 1453 Et
763 1433 856 1468 quae
872 1427 956 1457 sunt
971 1422 1058 1465 Dei,
1083 1428 1085 1450 ἴ

173 1468 267 1505 Deo.
320 1468 373 1503 Et
392 1467 582 1504 audientes
605 1470 736 1505 mirati
750 1476 852 1514 sunt,
879 1478 910 1507 et
934 1473 1057 1509 relicto

175 1532 231 1562 eo,
256 1519 438 1554 abierunt.

124 1588 208 1622 Loci
228 1597 308 1623 sunt
327 1594 486 1636 quatuor
502 1590 691 1634 praecipui.

223 1648 249 1682 I.
304 1647 358 1680 De
377 1648 578 1681 discrimine
598 1649 872 1692 promissionum
890 1661 1054 1693 corpora-

277 1699 364 1732 lium
393 1705 426 1732 et
442 1705 674 1732 aeternarum.

227 1748 273 1782 ll.
327 1748 379 1782 De
403 1755 560 1795 tempore
585 1750 755 1782 adventus
781 1746 926 1783 Christi.

223 1798 288 1833 ΙΙΙ.
342 1798 394 1832 De
421 1811 503 1831 vero
539 1799 636 1832 cultu
663 1799 746 1838 Dei,
783 1805 816 1831 et
844 1800 886 1831 de
922 1799 1053 1842 regula,

275 1849 368 1893 quod
386 1855 544 1892 oporteat
556 1847 628 1883 Deo
648 1849 757 1891 magis
774 1849 929 1889 obedire,
947 1861 1052 1894 quam

278 1896 493 1932 hominibus.

223 1948 307 1983 llll.
358 1949 410 1983 De
432 1949 555 1983 officiis
580 1949 841 1993 corporalibus,
883 1961 971 1994 quae
997 1951 1051 1983 vel

269 2000 345 2033 iure
369 2000 454 2047 petit
473 2006 642 2044 potestas,
669 2000 724 2033 vel
748 2000 781 2032 vi
805 2006 997 2044 extorquet.

454 2083 497 2107 De
523 2081 646 2124 primo.

168 2135 314 2168 Prodest
337 2146 438 2177 saepe
461 2134 721 2167 commonefieri
742 2131 903 2167 homines
918 2135 961 2168 de
977 2135 1048 2168 dis-

67 2187 213 2220 crimine
240 2185 531 2228 promissionum,
569 2185 650 2228 quia
673 2185 838 2217 omnibus
863 2187 1048 2228 temporib.

66 2238 166 2270 etiam
186 2238 301 2278 magni
321 2233 482 2267 homiues
505 2234 592 2277 lapsi
619 2242 701 2268 sunt
726 2235 816 2267 mala
838 2235 1047 2282 interpreta-

65 2289 160 2321 tione
175 2286 449 2330 promissionum
466 2284 712 2327 corporalium.
764 2283 855 2318 Cum
880 2284 1045 2318 Ieremias

66 2338 278 2381 praediceret
304 2335 425 2379 templi
450 2342 481 2368 et
508 2334 606 2367 urbis
633 2333 826 2371 excidium,
855 2336 1046 2378 arguebant

65 2400 142 2421 eum
166 2387 359 2420 sacerdotes
383 2384 557 2418 manifesti
584 2385 730 2422 erroris,
766 2385 846 2428 quia
875 2385 1042 2428 scriptum

64 2445 127 2471 est:
155 2436 232 2470 Non
252 2437 429 2470 auferetur
446 2441 619 2479 sceptrum
639 2436 682 2467 de
701 2434 799 2468 Iuda.
853 2433 942 2467 Cum
960 2433 1042 2469 huic

64 2488 193 2535 populo
225 2498 370 2530 regnum
404 2492 436 2519 et
469 2483 573 2519 huius
600 2486 714 2519 cultus
739 2486 1042 2519 conservationem

62 2536 154 2572 Deus
170 2537 402 2581 promisisset,
428 2536 656 2579 disputabant
675 2535 972 2579 praedicationem
991 2535 1040 2569 le-

63 2588 188 2621 remiae
223 2587 404 2621 manifeste
444 2598 599 2629 pugnare
633 2599 711 2619 cum
745 2585 1041 2629 promissionibus

64 2638 281 2679 clarissimis,
315 2650 377 2671 nec
412 2648 540 2681 paucos
576 2638 764 2670 movebant
791 2634 827 2669 hi
861 2636 1039 2673 clamores.

760 92 1148 130 ANNOTATlONES
1182 93 1230 129 IN
1264 93 1564 134 EVANGELIA.

482 1268 535 1302 Et
551 1269 605 1303 ait
623 1269 703 1303 'illis
722 1268 846 1305 Iesus:
874 1267 991 1307 Cuius
1009 1279 1059 1307 esl
1084 1296 1086 1318 ρ

179 1319 302 1364 imago
325 1316 431 1358 haec,
469 1323 499 1352 et
524 1319 804 1365 superscriptio?
842 1319 986 1355 Dicunt
1010 1324 1058 1356 ei:
1084 1327 1085 1361 ᾗ

2027 101 2100 135 394

1123 177 1264 213 Dicitur
1294 186 1327 213 et
1360 182 1403 214 de
1434 182 1515 216 filiis
1536 180 1706 226 Ephraim
1733 185 1763 218 1.
1792 183 1906 219 Paral.
1934 184 1968 220 7.
1996 185 2098 228 longe

1123 235 1203 263 ante
1226 229 1366 263 Moisen
1389 230 1555 265 invasisse
1577 245 1634 266 eos
1657 241 1785 268 terram
1810 235 2037 279 promissam,
2065 243 2099 269 et

1123 279 1326 314 interfectos
1341 291 1431 319 esse,
1457 281 1482 313 ii
1501 279 1592 315 baud
1610 284 1716 317 dubie
1739 286 1825 319 moti
1850 292 1931 319 sunt
1949 285 2097 329 promis-

1122 329 1240 370 sione,
1266 337 1300 364 et
1322 331 1590 374 disputaverunt
1609 344 1643 365 se
1660 334 1786 367 debere
1809 336 1916 369 fretos
1934 347 2017 369 voce
2042 337 2096 368 di-

1121 381 1203 413 vina
1225 392 1320 413 arma
1347 393 1488 425 capere,
1521 389 1554 415 et
1581 394 1639 415 sua
1666 395 1852 427 occupare,
1884 384 1997 418 Deum
2022 398 2095 418 non

1121 430 1210 463 velle
1226 437 1264 463 ut
1288 431 1396 465 ociosi
1420 432 1633 476 negligerent
1659 434 1839 476 promissa.
1891 434 2005 477 Quem
2023 448 2094 469 non

1120 487 1275 514 moveret
1292 487 1361 515 tam
1379 483 1534 525 speciosa
1557 483 1669 517 ratio?
1704 483 1762 517 Sic
1778 495 1842 517 nos
1861 484 2094 528 disputamus:

1119 530 1308 576 Nunquam
1328 531 1678 574 delebiturEcclesia,
1701 545 1782 577 ergo
1792 545 1929 567 necesse
1942 541 1989 568 est
2001 536 2095 568 vinci

1122 579 1274 622 Turcas,
1307 593 1444 615 necesse
1468 590 1517 617 est
1548 584 1584 616 in
1607 582 1663 616 his
1691 584 1776 617 locis
1803 596 1945 617 manere
1970 591 2095 618 statum

1118 628 1306 666 Ecclesiae.
1361 631 1411 666 Ita
1435 634 1522 666 etin
1543 631 1610 667 hoc
1633 645 1712 667 casu
1730 633 1850 669 ludaei
1875 641 2096 678 argumenta-

1118 681 1263 716 bantur:
1318 681 1452 715 Semini
1478 682 1643 717 Abrahae
1669 691 1717 717 est
1749 685 1916 729 promissa
1941 685 2094 725 libertas,

1118 742 1197 775 ergo
1217 733 1318 765 etiam
1340 733 1429 766 tueri
1445 734 1630 772 debemus,
1658 741 1690 767 et
1707 742 1863 768 excutere
1880 733 2069 770 Romanos.

1219 796 1274 831 Ad
1302 797 1368 832 hoc
1393 806 1636 843 argumentum
1671 801 1936 845 explicandum,
1972 808 2094 834 tenen-

1090 842 1092 874 ἶ
1116 849 1200 881 dum
1219 856 1266 882 est
1285 850 1472 883 discrimen
1491 852 1737 884 mandatorum
1759 857 1794 884 et
1810 851 2095 894 promissionum,

1088 909 1091 922 ·'
1116 899 1197 931 item
1229 900 1501 942 promissionum
1533 901 1769 944 corporalium
1797 907 1829 934 et
1860 908 2094 935 aeternarum.

1115 948 1166 982 De
1184 950 1356 982 mandatis
1374 948 1465 983 nibil
1481 951 1630 984 dubium
1648 958 1716 991 est,
1741 951 1899 984 facienda
1917 963 1988 985 esse
2005 963 2094 995 quae

1087 974 1090 1026 i
1115 997 1210 1031 Deus
1226 1001 1449 1043 praeceperit.
1502 999 1554 1034 De
1578 1001 1870 1044 promissionibus
1887 1002 1989 1034 etiam
2013 1002 2093 1034 uni-

1114 1050 1295 1082 versaliter
1312 1051 1491 1083 sciendum
1516 1058 1583 1090 est,
1610 1052 1821 1085 credendum
1847 1063 1919 1085 esse
1943 1051 2093 1095 promis-

1086 1109 1087 1122 *
1112 1099 1223 1139 sioni,
1251 1101 1308 1133 sed
1328 1113 1400 1133 non
1421 1103 1713 1144 praesumendum
1739 1102 1902 1139 modum,
1931 1108 1988 1134 aut
2005 1108 2090 1134 tem-

1086 1172 1087 1175 =
1112 1161 1194 1192 pus,
1223 1150 1290 1182 nisi
1314 1163 1398 1184 voce
1413 1152 1480 1185 Dei
1502 1152 1734 1194 exprimatur,
1761 1159 1799 1185 ut
1823 1152 1962 1184 credere
1986 1152 2090 1184 debe-

1111 1211 1189 1232 mus
1205 1212 1269 1232 nos
1286 1209 1543 1235 resurrecturos
1561 1213 1643 1242 esse,
1669 1203 1727 1234 sed
1746 1209 1881 1246 tempus
1896 1208 1927 1235 et
1945 1202 2089 1235 modum

1111 1249 1326 1291 ignoramus.

1213 1315 1336 1350 Postea
1354 1319 1584 1352 necessarium
1606 1320 1793 1353 discrimen
1814 1327 1863 1354 est
1885 1321 2090 1364 promissio-

1084 1378 1085 1397 1
1111 1377 1207 1401 num.
1261 1366 1341 1400 Alia
1358 1375 1407 1401 est
1425 1370 1718 1403 reconciliationis
1741 1378 1773 1404 et
1796 1382 1913 1404 rerum
1931 1377 2089 1403 aeterna—

1110 1428 1206 1457 rum,
1234 1430 1322 1461 qnae
1346 1425 1395 1452 est
1419 1420 1560 1463 propria
1579 1418 1785 1463 Evangelii,
1811 1428 1843 1454 et
1860 1421 1963 1454 datur
1984 1421 2090 1462 gratis

1110 1474 1253 1514 propter
1273 1468 1402 1501 Filium
1421 1468 1498 1504 Dei.
1548 1468 1682 1515 Estque
1704 1472 1927 1511 mandatum,
1953 1477 1991 1503 ut
2008 1468 2089 1503 huic

1109 1518 1333 1560 promissioni
1357 1521 1555 1560 credamus,
1583 1528 1615 1553 et
1638 1521 1706 1553 iam
1732 1521 1942 1565 accipiamus
1965 1532 2088 1553 recon—

1109 1568 1322 1600 ciliationem
1347 1569 1430 1610 fide,
1457 1577 1491 1604 et
1505 1571 1603 1602 omni
1622 1577 1776 1614 tempore
1801 1572 1844 1604 ad
1872 1580 1946 1603 eam
1966 1572 2087 1602 redea—

1081 1632 1082 1643 κ
1109 1629 1207 1657 mus,
1239 1619 1332 1651 iuxta
1351 1619 1455 1652 illud:
1488 1619 1577 1653 Vivo
1596 1632 1675 1663 ego,
1703 1622 1785 1653 nolo
1805 1628 1950 1654 mortem
1967 1632 2086 1663 pecca-

1079 1646 1082 1711 :
1108 1668 1214 1710 toris,
1242 1669 1301 1700 sed
1318 1675 1541 1702 convertatur
1563 1676 1595 1702 et
1611 1671 1715 1703 vivat.

1079 1714 1082 1784 ἶ
1208 1733 1309 1766 Aliae
1333 1741 1413 1767 sunt
1437 1735 1686 1777 promissiones
1701 1735 1934 1782 corporalium
1956 1735 2086 1768 benefi-

1107 1783 1260 1823 ciorum,
1296 1796 1382 1827 quae
1406 1785 1459 1816 vel
1484 1785 1693 1818 nominatim
1719 1797 1876 1831 expressa
1900 1792 2000 1822 sunt,
2030 1786 2083 1818 vel

1078 1851 1079 1856 =
1107 1845 1178 1866 non
1196 1834 1404 1866 nominatim
1424 1846 1594 1877 expressa.
1648 1833 1778 1878 Estque
1799 1836 1945 1867 tenenda
1964 1836 2085 1878 regula

1077 1893 1079 1922 3
1106 1885 1147 1916 de
1165 1884 1330 1916 omnibus
1346 1884 1640 1927 promissionibus
1657 1885 1911 1928 corporalibus,
1938 1897 2010 1918 non
2029 1897 2085 1918 ra-

1105 1934 1250 1977 piendas
1277 1945 1348 1965 esse
1368 1934 1496 1967 nostris
1521 1935 1695 1973 consiliis,
1724 1936 1798 1967 sine
1823 1935 2004 1968 vocatione
2030 1936 2084 1968 di-

1250 1982 1423 2016 Addenda
1449 1985 1552 2018 etiam
1576 1985 1752 2025 conditio,
1777 1983 1968 2018 Ecclesiam
1996 1986 2084 2019 sub—

1105 2034 1229 2067 iectam
1247 2045 1318 2066 esse
1333 2033 1437 2066 cruci.
1490 2034 1548 2068 Sic
1564 2036 1627 2068 etsi
1645 2034 1809 2068 Abrabae
1824 2035 1992 2079 promissa
2010 2043 2081 2068 erat

1104 2091 1213 2121 terra,
1243 2091 1358 2116 tamen
1385 2095 1564 2128 nunquam
1589 2098 1662 2118 eam
1688 2086 1882 2129 occupavit.
1936 2085 2017 2118 Ideo
2039 2087 2081 2118 ad

1102 2132 1258 2166 Ebraeos
1276 2134 1418 2167 dicitur:
1443 2133 1578 2169 Mortui
1595 2143 1676 2169 sunt
1692 2149 1762 2169 non
1781 2143 1917 2179 accepta
1930 2136 2081 2179 promis-

1101 2184 1216 2223 sione,
1243 2191 1459 2228 expectantes
1477 2193 1651 2219 aeternam
1673 2186 1953 2229 promissionem.
1993 2184 2078 2218 Item

1099 2241 1214 2277 patres
1246 2234 1282 2268 in
1306 2233 1465 2280 Aegypto
1489 2236 1642 2269 sciebant
1678 2237 1744 2269 sibi
1774 2236 1978 2279 promissam
2008 2248 2079 2269 esse

1098 2291 1245 2324 terram,
1270 2297 1333 2318 nec
1356 2292 1471 2319 tamen
1497 2288 1732 2333 occupabant,
1768 2287 1825 2318 sed
1853 2287 2077 2329 expectabant

1099 2335 1328 2370 vocationem.
1381 2334 1511 2369 Davidi
1529 2337 1738 2379 promissum
1757 2343 1805 2369 est
1824 2348 1986 2379 regnum,
2016 2348 2076 2367 ne-

1097 2397 1165 2429 que
1198 2393 1314 2419 tamen
1350 2386 1465 2429 rapuit
1489 2385 1569 2418 vivo
1597 2386 1690 2420 Saul.
1756 2384 1915 2420 Christus
1944 2387 2075 2429 inquit:

1096 2433 1288 2469 Habebunt
1311 2436 1513 2479 centuplum
1537 2437 1572 2468 in
1601 2434 1663 2470 bac
1682 2437 1772 2476 vita,
1802 2438 1894 2480 quod
1921 2437 2076 2477 intellige

1095 2497 1167 2518 non
1191 2486 1401 2529 rapiendum
1431 2484 1586 2520 humano
1612 2488 1778 2526 consilio,
1818 2487 1904 2518 sicut
1932 2487 2075 2518 Anaba-

1093 2537 1218 2579 ptistae
1233 2537 1409 2579 fingebant
1425 2548 1461 2569 se
1478 2538 1604 2570 debere
1619 2538 1768 2569 aliorum
1794 2547 1876 2577 opes
1894 2548 2074 2578 occupate.

1092 2585 1161 2620 Sed
1188 2587 1364 2629 intellige,
1397 2586 1486 2621 sicut
1510 2585 1603 2619 Deus
1626 2599 1687 2618 suo
1713 2586 1860 2618 consilio
1891 2586 2005 2623 dabit,
2042 2594 2073 2619 et

1090 2634 1252 2671 Christus
1274 2637 1348 2682 ipse
1362 2637 1460 2672 addit
1485 2637 1828 2680 interpretationem,
1857 2648 1935 2669 cnm
1963 2637 2073 2669 tribu-

1076 2021 1077 2026 1
1104 1984 1197 2016 vina.
