<?xml version="1.0" encoding="UTF-8"?>
<!DOCTYPE html PUBLIC "-//W3C//DTD XHTML 1.0 Transitional//EN"
    "http://www.w3.org/TR/xhtml1/DTD/xhtml1-transitional.dtd">
<html xmlns="http://www.w3.org/1999/xhtml" xml:lang="en" lang="en">
 <head>
  <title>
</title>
<meta http-equiv="Content-Type" content="text/html;charset=utf-8" />
  <meta name='ocr-system' content='tesseract 3.04.00' />
  <meta name='ocr-capabilities' content='ocr_page ocr_carea ocr_par ocr_line ocrx_word'/>
</head>
<body>
  <div class='ocr_page' id='page_1' title='image "./operaquaesupersu14melauoft/operaquaesupersu14melauoft_0101.png"; bbox 0 0 2409 2915; ppageno 0'>
   <div class='ocr_carea' id='block_1_1' title="bbox 0 0 38 2915">
    <p class='ocr_par' dir='ltr' id='par_1_1' title="bbox 0 0 38 2915">
     <span class='ocr_line' id='line_1_1' title="bbox 0 0 38 2915; baseline 0 0"><span class='ocrx_word' id='word_1_1' title='bbox 0 0 38 2915; x_wconf 95' lang='lat' dir='ltr'> </span> 
     </span>
    </p>
   </div>
   <div class='ocr_carea' id='block_1_2' title="bbox 764 43 776 54">
    <p class='ocr_par' dir='ltr' id='par_1_2' title="bbox 764 43 776 54">
     <span class='ocr_line' id='line_1_2' title="bbox 764 43 776 54; baseline 0 0"><span class='ocrx_word' id='word_1_2' title='bbox 764 43 776 54; x_wconf 77' lang='grc' dir='ltr'><strong>σ</strong></span> 
     </span>
    </p>
   </div>
   <div class='ocr_carea' id='block_1_3' title="bbox 92 109 708 151">
    <p class='ocr_par' dir='ltr' id='par_1_3' title="bbox 92 109 708 151">
     <span class='ocr_line' id='line_1_3' title="bbox 92 109 708 151; baseline -0.003 -3"><span class='ocrx_word' id='word_1_3' title='bbox 92 113 164 151; x_wconf 83' lang='lat'>185</span> <span class='ocrx_word' id='word_1_4' title='bbox 627 109 708 146; x_wconf 86' lang='lat' dir='ltr'>XII.</span> 
     </span>
    </p>
   </div>
   <div class='ocr_carea' id='block_1_4' title="bbox 87 195 1064 292">
    <p class='ocr_par' dir='ltr' id='par_1_4' title="bbox 87 195 1064 292">
     <span class='ocr_line' id='line_1_4' title="bbox 87 195 1064 241; baseline -0.003 -9"><span class='ocrx_word' id='word_1_5' title='bbox 87 207 121 233; x_wconf 90' lang='lat' dir='ltr'>et</span> <span class='ocrx_word' id='word_1_6' title='bbox 146 199 344 232; x_wconf 70' lang='lat' dir='ltr'>refutantur</span> <span class='ocrx_word' id='word_1_7' title='bbox 369 196 508 237; x_wconf 88' lang='lat' dir='ltr'>Iudaei,</span> <span class='ocrx_word' id='word_1_8' title='bbox 537 195 598 240; x_wconf 91' lang='lat' dir='ltr'>qui</span> <span class='ocrx_word' id='word_1_9' title='bbox 629 202 709 240; x_wconf 91' lang='lat' dir='ltr'>post</span> <span class='ocrx_word' id='word_1_10' title='bbox 731 202 891 241; x_wconf 80' lang='lat' dir='ltr'>quartam</span> <span class='ocrx_word' id='word_1_11' title='bbox 922 208 1064 229; x_wconf 89' lang='lat' dir='ltr'>monar-</span> 
     </span>
     <span class='ocr_line' id='line_1_5' title="bbox 87 244 1063 292; baseline -0.004 -9"><span class='ocrx_word' id='word_1_12' title='bbox 87 247 222 290; x_wconf 78' lang='lat' dir='ltr'>chiam,</span> <span class='ocrx_word' id='word_1_13' title='bbox 258 256 289 282; x_wconf 91' lang='lat' dir='ltr'>et</span> <span class='ocrx_word' id='word_1_14' title='bbox 322 255 399 292; x_wconf 88' lang='lat' dir='ltr'>post</span> <span class='ocrx_word' id='word_1_15' title='bbox 423 258 578 280; x_wconf 84' lang='lat' dir='ltr'>eversam</span> <span class='ocrx_word' id='word_1_16' title='bbox 608 246 766 290; x_wconf 80' lang='lat' dir='ltr'>politiam</span> <span class='ocrx_word' id='word_1_17' title='bbox 790 245 915 286; x_wconf 83' lang='lat' dir='ltr'>Moisi,</span> <span class='ocrx_word' id='word_1_18' title='bbox 949 244 1063 279; x_wconf 87' lang='lat' dir='ltr'>adhuc</span> 
     </span>
    </p>
   </div>
   <div class='ocr_carea' id='block_1_5' title="bbox 86 297 1063 444">
    <p class='ocr_par' dir='ltr' id='par_1_5' title="bbox 86 297 1063 444">
     <span class='ocr_line' id='line_1_6' title="bbox 87 297 1063 344; baseline -0.004 -11"><span class='ocrx_word' id='word_1_19' title='bbox 87 307 268 344; x_wconf 74' lang='lat' dir='ltr'>expectant</span> <span class='ocrx_word' id='word_1_20' title='bbox 293 298 478 338; x_wconf 87' lang='lat' dir='ltr'>Messiam,</span> <span class='ocrx_word' id='word_1_21' title='bbox 513 308 592 330; x_wconf 92' lang='lat' dir='ltr'>cum</span> <span class='ocrx_word' id='word_1_22' title='bbox 617 297 814 341; x_wconf 83' lang='lat' dir='ltr'>oportuerit</span> <span class='ocrx_word' id='word_1_23' title='bbox 848 308 925 329; x_wconf 91' lang='lat' dir='ltr'>eum</span> <span class='ocrx_word' id='word_1_24' title='bbox 951 303 1063 330; x_wconf 88' lang='lat' dir='ltr'>stante</span> 
     </span>
     <span class='ocr_line' id='line_1_7' title="bbox 88 348 1061 394; baseline -0.003 -11"><span class='ocrx_word' id='word_1_25' title='bbox 88 349 152 384; x_wconf 84' lang='lat' dir='ltr'>hac</span> <span class='ocrx_word' id='word_1_26' title='bbox 179 351 320 394; x_wconf 79' lang='lat' dir='ltr'>politia,</span> <span class='ocrx_word' id='word_1_27' title='bbox 354 349 424 382; x_wconf 85' lang='lat' dir='ltr'>imo</span> <span class='ocrx_word' id='word_1_28' title='bbox 447 354 561 382; x_wconf 87' lang='lat' dir='ltr'>stante</span> <span class='ocrx_word' id='word_1_29' title='bbox 594 348 749 381; x_wconf 88' lang='lat' dir='ltr'>secundo</span> <span class='ocrx_word' id='word_1_30' title='bbox 774 348 926 391; x_wconf 90' lang='lat' dir='ltr'>templo,</span> <span class='ocrx_word' id='word_1_31' title='bbox 955 348 1061 388; x_wconf 84' lang='lat' dir='ltr'>nasci,</span> 
     </span>
     <span class='ocr_line' id='line_1_8' title="bbox 86 396 952 444; baseline -0.003 -11"><span class='ocrx_word' id='word_1_32' title='bbox 86 402 176 435; x_wconf 90' lang='lat' dir='ltr'>sicut</span> <span class='ocrx_word' id='word_1_33' title='bbox 194 400 370 444; x_wconf 84' lang='lat' dir='ltr'>Aggaens,</span> <span class='ocrx_word' id='word_1_34' title='bbox 395 397 525 432; x_wconf 82' lang='lat' dir='ltr'>Daniel</span> <span class='ocrx_word' id='word_1_35' title='bbox 543 404 575 431; x_wconf 89' lang='lat' dir='ltr'>et</span> <span class='ocrx_word' id='word_1_36' title='bbox 595 396 754 431; x_wconf 81' lang='lat' dir='ltr'>Micheas</span> <span class='ocrx_word' id='word_1_37' title='bbox 773 404 952 431; x_wconf 71' lang='lat' dir='ltr'>testantur.</span> 
     </span>
    </p>
   </div>
   <div class='ocr_carea' id='block_1_6' title="bbox 456 473 689 497">
    <p class='ocr_par' dir='ltr' id='par_1_6' title="bbox 456 473 689 497">
     <span class='ocr_line' id='line_1_9' title="bbox 456 473 689 497; baseline 0 0"><span class='ocrx_word' id='word_1_38' title='bbox 456 473 689 497; x_wconf 62' lang='lat' dir='ltr'>Desecundm</span> 
     </span>
    </p>
   </div>
   <div class='ocr_carea' id='block_1_7' title="bbox 83 523 1062 724">
    <p class='ocr_par' dir='ltr' id='par_1_7' title="bbox 83 523 1062 724">
     <span class='ocr_line' id='line_1_10' title="bbox 186 523 1060 571; baseline -0.003 -13"><span class='ocrx_word' id='word_1_39' title='bbox 186 524 253 558; x_wconf 85' lang='lat' dir='ltr'>Sed</span> <span class='ocrx_word' id='word_1_40' title='bbox 305 524 515 558; x_wconf 89' lang='lat' dir='ltr'>mirabiliter</span> <span class='ocrx_word' id='word_1_41' title='bbox 554 524 749 571; x_wconf 74' lang='lat' dir='ltr'>implentur</span> <span class='ocrx_word' id='word_1_42' title='bbox 797 523 1060 567; x_wconf 80' lang='lat' dir='ltr'>promissiones,</span> 
     </span>
     <span class='ocr_line' id='line_1_11' title="bbox 85 573 1062 621; baseline -0.005 -11"><span class='ocrx_word' id='word_1_43' title='bbox 85 576 290 621; x_wconf 81' lang='lat' dir='ltr'>promiserat</span> <span class='ocrx_word' id='word_1_44' title='bbox 304 574 399 608; x_wconf 90' lang='lat' dir='ltr'>Deus</span> <span class='ocrx_word' id='word_1_45' title='bbox 416 586 450 608; x_wconf 91' lang='lat' dir='ltr'>se</span> <span class='ocrx_word' id='word_1_46' title='bbox 468 576 631 608; x_wconf 87' lang='lat' dir='ltr'>daturum</span> <span class='ocrx_word' id='word_1_47' title='bbox 644 573 746 607; x_wconf 89' lang='lat' dir='ltr'>Iacob</span> <span class='ocrx_word' id='word_1_48' title='bbox 763 581 891 608; x_wconf 90' lang='lat' dir='ltr'>terram</span> <span class='ocrx_word' id='word_1_49' title='bbox 911 573 1062 614; x_wconf 83' lang='lat' dir='ltr'>Canaan,</span> 
     </span>
     <span class='ocr_line' id='line_1_12' title="bbox 83 625 1060 670; baseline -0.004 -10"><span class='ocrx_word' id='word_1_50' title='bbox 83 628 142 660; x_wconf 88' lang='lat' dir='ltr'>sed</span> <span class='ocrx_word' id='word_1_51' title='bbox 160 626 258 670; x_wconf 88' lang='lat' dir='ltr'>prius</span> <span class='ocrx_word' id='word_1_52' title='bbox 276 626 413 659; x_wconf 89' lang='lat' dir='ltr'>inducit</span> <span class='ocrx_word' id='word_1_53' title='bbox 439 638 517 659; x_wconf 91' lang='lat' dir='ltr'>eum</span> <span class='ocrx_word' id='word_1_54' title='bbox 536 626 572 657; x_wconf 91' lang='lat' dir='ltr'>in</span> <span class='ocrx_word' id='word_1_55' title='bbox 593 625 811 670; x_wconf 81' lang='lat' dir='ltr'>Aegyptum,</span> <span class='ocrx_word' id='word_1_56' title='bbox 841 632 872 658; x_wconf 87' lang='lat' dir='ltr'>et</span> <span class='ocrx_word' id='word_1_57' title='bbox 891 625 938 658; x_wconf 89' lang='lat' dir='ltr'>ibi</span> <span class='ocrx_word' id='word_1_58' title='bbox 956 625 1060 667; x_wconf 88' lang='lat' dir='ltr'>longo</span> 
     </span>
     <span class='ocr_line' id='line_1_13' title="bbox 83 676 1060 724; baseline -0.004 -13"><span class='ocrx_word' id='word_1_59' title='bbox 83 684 239 721; x_wconf 88' lang='lat' dir='ltr'>tempore</span> <span class='ocrx_word' id='word_1_60' title='bbox 258 677 418 709; x_wconf 85' lang='lat' dir='ltr'>miseram</span> <span class='ocrx_word' id='word_1_61' title='bbox 433 677 670 724; x_wconf 80' lang='lat' dir='ltr'>posteritatem</span> <span class='ocrx_word' id='word_1_62' title='bbox 683 677 818 709; x_wconf 87' lang='lat' dir='ltr'>duriter</span> <span class='ocrx_word' id='word_1_63' title='bbox 828 676 961 719; x_wconf 80' lang='lat' dir='ltr'>aflligit,</span> <span class='ocrx_word' id='word_1_64' title='bbox 978 688 1060 719; x_wconf 92' lang='lat' dir='ltr'>pro-</span> 
     </span>
    </p>
   </div>
   <div class='ocr_carea' id='block_1_8' title="bbox 762 107 1566 147">
    <p class='ocr_par' dir='ltr' id='par_1_8' title="bbox 762 107 1566 147">
     <span class='ocr_line' id='line_1_14' title="bbox 762 107 1566 147; baseline 0.004 -4"><span class='ocrx_word' id='word_1_65' title='bbox 762 107 1157 146; x_wconf 72' lang='lat' dir='ltr'>ANNOTATIONES</span> <span class='ocrx_word' id='word_1_66' title='bbox 1186 108 1236 144; x_wconf 89' lang='lat' dir='ltr'>IN</span> <span class='ocrx_word' id='word_1_67' title='bbox 1263 108 1566 147; x_wconf 85' lang='lat' dir='ltr'>EVANGELIA.</span> 
     </span>
    </p>
   </div>
   <div class='ocr_carea' id='block_1_9' title="bbox 1085 619 1336 675">
    <p class='ocr_par' dir='ltr' id='par_1_9' title="bbox 1085 619 1336 675">
     <span class='ocr_line' id='line_1_15' title="bbox 1085 619 1336 675; baseline -0.004 -17"><span class='ocrx_word' id='word_1_68' title='bbox 1085 619 1088 675; x_wconf 56' lang='lat' dir='ltr'>l</span> <span class='ocrx_word' id='word_1_69' title='bbox 1115 627 1156 658; x_wconf 90' lang='lat' dir='ltr'>de</span> <span class='ocrx_word' id='word_1_70' title='bbox 1172 623 1336 668; x_wconf 88' lang='lat' dir='ltr'>hospitio.</span> 
     </span>
    </p>
   </div>
   <div class='ocr_carea' id='block_1_10' title="bbox 1085 247 1090 803">
    <p class='ocr_par' dir='ltr' id='par_1_10' title="bbox 1085 247 1090 803">
     <span class='ocr_line' id='line_1_16' title="bbox 1085 247 1090 803; baseline 0 0"><span class='ocrx_word' id='word_1_71' title='bbox 1085 247 1090 803; x_wconf 95' lang='lat' dir='ltr'> </span> 
     </span>
    </p>
   </div>
   <div class='ocr_carea' id='block_1_11' title="bbox 75 728 1060 1681">
    <p class='ocr_par' dir='ltr' id='par_1_11' title="bbox 79 728 1060 1126">
     <span class='ocr_line' id='line_1_17' title="bbox 81 728 1060 771; baseline -0.003 -11"><span class='ocrx_word' id='word_1_72' title='bbox 81 728 224 761; x_wconf 81' lang='lat' dir='ltr'>miserat</span> <span class='ocrx_word' id='word_1_73' title='bbox 242 739 277 760; x_wconf 89' lang='lat' dir='ltr'>se</span> <span class='ocrx_word' id='word_1_74' title='bbox 295 728 522 760; x_wconf 85' lang='lat' dir='ltr'>defensurum</span> <span class='ocrx_word' id='word_1_75' title='bbox 549 738 622 759; x_wconf 90' lang='lat' dir='ltr'>esse</span> <span class='ocrx_word' id='word_1_76' title='bbox 646 728 836 771; x_wconf 86' lang='lat' dir='ltr'>templum,</span> <span class='ocrx_word' id='word_1_77' title='bbox 865 728 924 759; x_wconf 86' lang='lat' dir='ltr'>sed</span> <span class='ocrx_word' id='word_1_78' title='bbox 944 733 1060 759; x_wconf 88' lang='lat' dir='ltr'>tamen</span> 
     </span>
     <span class='ocr_line' id='line_1_18' title="bbox 82 776 1059 822; baseline -0.001 -11"><span class='ocrx_word' id='word_1_79' title='bbox 82 778 167 812; x_wconf 82' lang='lat' dir='ltr'>sinit</span> <span class='ocrx_word' id='word_1_80' title='bbox 190 778 300 811; x_wconf 87' lang='lat' dir='ltr'>deleri</span> <span class='ocrx_word' id='word_1_81' title='bbox 324 790 342 811; x_wconf 90' lang='lat' dir='ltr'>a</span> <span class='ocrx_word' id='word_1_82' title='bbox 362 777 666 821; x_wconf 85' lang='lat' dir='ltr'>Nabugdonosor,</span> <span class='ocrx_word' id='word_1_83' title='bbox 694 785 726 811; x_wconf 92' lang='lat' dir='ltr'>et</span> <span class='ocrx_word' id='word_1_84' title='bbox 752 785 869 822; x_wconf 86' lang='lat' dir='ltr'>postea</span> <span class='ocrx_word' id='word_1_85' title='bbox 897 776 1059 810; x_wconf 75' lang='lat' dir='ltr'>restituit.</span> 
     </span>
     <span class='ocr_line' id='line_1_19' title="bbox 83 828 1059 876; baseline -0.003 -14"><span class='ocrx_word' id='word_1_86' title='bbox 83 828 134 862; x_wconf 88' lang='lat' dir='ltr'>lta</span> <span class='ocrx_word' id='word_1_87' title='bbox 152 829 350 876; x_wconf 85' lang='lat' dir='ltr'>plerunque</span> <span class='ocrx_word' id='word_1_88' title='bbox 366 829 633 872; x_wconf 85' lang='lat' dir='ltr'>promissiones,</span> <span class='ocrx_word' id='word_1_89' title='bbox 651 828 753 861; x_wconf 89' lang='lat' dir='ltr'>aliter</span> <span class='ocrx_word' id='word_1_90' title='bbox 770 840 872 873; x_wconf 90' lang='lat' dir='ltr'>quam</span> <span class='ocrx_word' id='word_1_91' title='bbox 891 839 954 860; x_wconf 90' lang='lat' dir='ltr'>nos</span> <span class='ocrx_word' id='word_1_92' title='bbox 972 828 1059 859; x_wconf 91' lang='lat' dir='ltr'>ima-</span> 
     </span>
     <span class='ocr_line' id='line_1_20' title="bbox 81 877 1059 924; baseline -0.002 -13"><span class='ocrx_word' id='word_1_93' title='bbox 81 880 263 924; x_wconf 86' lang='lat' dir='ltr'>ginamur,</span> <span class='ocrx_word' id='word_1_94' title='bbox 289 877 509 914; x_wconf 89' lang='lat' dir='ltr'>exhibentur.</span> <span class='ocrx_word' id='word_1_95' title='bbox 557 878 596 911; x_wconf 91' lang='lat' dir='ltr'>ld</span> <span class='ocrx_word' id='word_1_96' title='bbox 629 879 716 912; x_wconf 88' lang='lat' dir='ltr'>scire</span> <span class='ocrx_word' id='word_1_97' title='bbox 739 891 803 912; x_wconf 90' lang='lat' dir='ltr'>nos</span> <span class='ocrx_word' id='word_1_98' title='bbox 825 885 980 921; x_wconf 83' lang='lat' dir='ltr'>oportet,</span> <span class='ocrx_word' id='word_1_99' title='bbox 1016 889 1059 909; x_wconf 90' lang='lat' dir='ltr'>ne</span> 
     </span>
     <span class='ocr_line' id='line_1_21' title="bbox 81 928 1058 973; baseline -0.003 -11"><span class='ocrx_word' id='word_1_100' title='bbox 81 931 228 963; x_wconf 85' lang='lat' dir='ltr'>verbum</span> <span class='ocrx_word' id='word_1_101' title='bbox 247 928 314 962; x_wconf 91' lang='lat' dir='ltr'>Dei</span> <span class='ocrx_word' id='word_1_102' title='bbox 331 930 560 973; x_wconf 86' lang='lat' dir='ltr'>abiiciamus,</span> <span class='ocrx_word' id='word_1_103' title='bbox 588 942 667 962; x_wconf 89' lang='lat' dir='ltr'>cum</span> <span class='ocrx_word' id='word_1_104' title='bbox 695 936 885 963; x_wconf 89' lang='lat' dir='ltr'>occurrunt</span> <span class='ocrx_word' id='word_1_105' title='bbox 910 928 1058 972; x_wconf 89' lang='lat' dir='ltr'>impedi-</span> 
     </span>
     <span class='ocr_line' id='line_1_22' title="bbox 80 979 1057 1025; baseline -0.003 -12"><span class='ocrx_word' id='word_1_106' title='bbox 80 988 216 1021; x_wconf 86' lang='lat' dir='ltr'>menta,</span> <span class='ocrx_word' id='word_1_107' title='bbox 243 993 332 1025; x_wconf 90' lang='lat' dir='ltr'>quae</span> <span class='ocrx_word' id='word_1_108' title='bbox 351 981 517 1013; x_wconf 85' lang='lat' dir='ltr'>videntur</span> <span class='ocrx_word' id='word_1_109' title='bbox 535 992 692 1024; x_wconf 87' lang='lat' dir='ltr'>pugnare</span> <span class='ocrx_word' id='word_1_110' title='bbox 710 993 787 1014; x_wconf 92' lang='lat' dir='ltr'>cum</span> <span class='ocrx_word' id='word_1_111' title='bbox 808 979 1057 1024; x_wconf 87' lang='lat' dir='ltr'>promissione:</span> 
     </span>
     <span class='ocr_line' id='line_1_23' title="bbox 79 1030 1058 1075; baseline -0.004 -10"><span class='ocrx_word' id='word_1_112' title='bbox 79 1039 119 1065; x_wconf 87' lang='lat' dir='ltr'>ut</span> <span class='ocrx_word' id='word_1_113' title='bbox 136 1030 293 1064; x_wconf 78' lang='lat' dir='ltr'>Ecclesia</span> <span class='ocrx_word' id='word_1_114' title='bbox 318 1031 488 1075; x_wconf 90' lang='lat' dir='ltr'>promissa</span> <span class='ocrx_word' id='word_1_115' title='bbox 514 1037 563 1064; x_wconf 90' lang='lat' dir='ltr'>est</span> <span class='ocrx_word' id='word_1_116' title='bbox 592 1031 680 1069; x_wconf 88' lang='lat' dir='ltr'>vita,</span> <span class='ocrx_word' id='word_1_117' title='bbox 709 1039 827 1065; x_wconf 90' lang='lat' dir='ltr'>tamen</span> <span class='ocrx_word' id='word_1_118' title='bbox 853 1030 948 1074; x_wconf 88' lang='lat' dir='ltr'>prins</span> <span class='ocrx_word' id='word_1_119' title='bbox 968 1041 1058 1061; x_wconf 87' lang='lat' dir='ltr'>mer-</span> 
     </span>
     <span class='ocr_line' id='line_1_24' title="bbox 79 1082 428 1126; baseline 0 -11"><span class='ocrx_word' id='word_1_120' title='bbox 79 1083 195 1126; x_wconf 88' lang='lat' dir='ltr'>gimur</span> <span class='ocrx_word' id='word_1_121' title='bbox 213 1082 250 1114; x_wconf 89' lang='lat' dir='ltr'>in</span> <span class='ocrx_word' id='word_1_122' title='bbox 268 1088 428 1115; x_wconf 85' lang='lat' dir='ltr'>mortem.</span> 
     </span>
    </p>

    <p class='ocr_par' dir='ltr' id='par_1_12' title="bbox 75 1130 1059 1681">
     <span class='ocr_line' id='line_1_25' title="bbox 182 1130 1059 1175; baseline -0.002 -10"><span class='ocrx_word' id='word_1_123' title='bbox 182 1131 247 1166; x_wconf 81' lang='lat' dir='ltr'>Est</span> <span class='ocrx_word' id='word_1_124' title='bbox 263 1133 371 1175; x_wconf 87' lang='lat' dir='ltr'>igitur</span> <span class='ocrx_word' id='word_1_125' title='bbox 389 1139 421 1165; x_wconf 90' lang='lat' dir='ltr'>et</span> <span class='ocrx_word' id='word_1_126' title='bbox 439 1130 505 1165; x_wconf 93' lang='lat' dir='ltr'>hoc</span> <span class='ocrx_word' id='word_1_127' title='bbox 522 1132 601 1165; x_wconf 88' lang='lat' dir='ltr'>loco</span> <span class='ocrx_word' id='word_1_128' title='bbox 623 1131 724 1164; x_wconf 90' lang='lat' dir='ltr'>aliter</span> <span class='ocrx_word' id='word_1_129' title='bbox 744 1131 886 1175; x_wconf 85' lang='lat' dir='ltr'>impleta</span> <span class='ocrx_word' id='word_1_130' title='bbox 908 1131 1059 1174; x_wconf 79' lang='lat' dir='ltr'>promis-</span> 
     </span>
     <span class='ocr_line' id='line_1_26' title="bbox 79 1180 1058 1227; baseline -0.002 -11"><span class='ocrx_word' id='word_1_131' title='bbox 79 1183 150 1222; x_wconf 89' lang='lat' dir='ltr'>sio,</span> <span class='ocrx_word' id='word_1_132' title='bbox 190 1195 295 1227; x_wconf 91' lang='lat' dir='ltr'>quam</span> <span class='ocrx_word' id='word_1_133' title='bbox 334 1180 495 1215; x_wconf 87' lang='lat' dir='ltr'>homines</span> <span class='ocrx_word' id='word_1_134' title='bbox 531 1182 828 1224; x_wconf 83' lang='lat' dir='ltr'>imaginabantur.</span> <span class='ocrx_word' id='word_1_135' title='bbox 891 1181 1058 1215; x_wconf 88' lang='lat' dir='ltr'>Sciebant</span> 
     </span>
     <span class='ocr_line' id='line_1_27' title="bbox 79 1230 1058 1270; baseline -0.002 -4"><span class='ocrx_word' id='word_1_136' title='bbox 79 1244 201 1267; x_wconf 88' lang='lat' dir='ltr'>omnes</span> <span class='ocrx_word' id='word_1_137' title='bbox 217 1233 290 1266; x_wconf 87' lang='lat' dir='ltr'>sore</span> <span class='ocrx_word' id='word_1_138' title='bbox 316 1240 354 1266; x_wconf 89' lang='lat' dir='ltr'>ut</span> <span class='ocrx_word' id='word_1_139' title='bbox 379 1239 580 1266; x_wconf 88' lang='lat' dir='ltr'>nasceretur</span> <span class='ocrx_word' id='word_1_140' title='bbox 597 1230 760 1266; x_wconf 91' lang='lat' dir='ltr'>Christus</span> <span class='ocrx_word' id='word_1_141' title='bbox 785 1232 820 1264; x_wconf 91' lang='lat' dir='ltr'>in</span> <span class='ocrx_word' id='word_1_142' title='bbox 837 1230 1058 1270; x_wconf 83' lang='lat' dir='ltr'>Bethlehem,</span> 
     </span>
     <span class='ocr_line' id='line_1_28' title="bbox 79 1283 1055 1327; baseline -0.002 -11"><span class='ocrx_word' id='word_1_143' title='bbox 79 1285 137 1317; x_wconf 91' lang='lat' dir='ltr'>sed</span> <span class='ocrx_word' id='word_1_144' title='bbox 163 1283 362 1326; x_wconf 87' lang='lat' dir='ltr'>cogitabant</span> <span class='ocrx_word' id='word_1_145' title='bbox 384 1284 543 1316; x_wconf 89' lang='lat' dir='ltr'>futurum</span> <span class='ocrx_word' id='word_1_146' title='bbox 567 1294 638 1315; x_wconf 90' lang='lat' dir='ltr'>esse</span> <span class='ocrx_word' id='word_1_147' title='bbox 667 1283 820 1327; x_wconf 85' lang='lat' dir='ltr'>aliquem</span> <span class='ocrx_word' id='word_1_148' title='bbox 845 1283 1055 1326; x_wconf 90' lang='lat' dir='ltr'>opulentum</span> 
     </span>
     <span class='ocr_line' id='line_1_29' title="bbox 79 1331 1058 1373; baseline -0.002 -6"><span class='ocrx_word' id='word_1_149' title='bbox 79 1335 189 1367; x_wconf 80' lang='lat' dir='ltr'>civem</span> <span class='ocrx_word' id='word_1_150' title='bbox 213 1334 261 1367; x_wconf 92' lang='lat' dir='ltr'>ibi</span> <span class='ocrx_word' id='word_1_151' title='bbox 286 1331 522 1373; x_wconf 85' lang='lat' dir='ltr'>habitantem,</span> <span class='ocrx_word' id='word_1_152' title='bbox 557 1332 736 1367; x_wconf 82' lang='lat' dir='ltr'>munitum</span> <span class='ocrx_word' id='word_1_153' title='bbox 767 1333 943 1366; x_wconf 89' lang='lat' dir='ltr'>nobilium</span> <span class='ocrx_word' id='word_1_154' title='bbox 971 1345 1058 1366; x_wconf 89' lang='lat' dir='ltr'>con-</span> 
     </span>
     <span class='ocr_line' id='line_1_30' title="bbox 77 1381 1054 1424; baseline -0.003 -5"><span class='ocrx_word' id='word_1_155' title='bbox 77 1384 276 1422; x_wconf 85' lang='lat' dir='ltr'>iunctione,</span> <span class='ocrx_word' id='word_1_156' title='bbox 305 1384 342 1416; x_wconf 92' lang='lat' dir='ltr'>in</span> <span class='ocrx_word' id='word_1_157' title='bbox 367 1384 466 1418; x_wconf 84' lang='lat' dir='ltr'>cuius</span> <span class='ocrx_word' id='word_1_158' title='bbox 490 1383 624 1416; x_wconf 86' lang='lat' dir='ltr'>familia</span> <span class='ocrx_word' id='word_1_159' title='bbox 651 1390 852 1417; x_wconf 88' lang='lat' dir='ltr'>nasceretur</span> <span class='ocrx_word' id='word_1_160' title='bbox 879 1381 1054 1424; x_wconf 82' lang='lat' dir='ltr'>Christus,</span> 
     </span>
     <span class='ocr_line' id='line_1_31' title="bbox 77 1432 1056 1478; baseline 0 -9"><span class='ocrx_word' id='word_1_161' title='bbox 77 1443 115 1469; x_wconf 90' lang='lat' dir='ltr'>nt</span> <span class='ocrx_word' id='word_1_162' title='bbox 158 1432 301 1469; x_wconf 82' lang='lat' dir='ltr'>haberet</span> <span class='ocrx_word' id='word_1_163' title='bbox 345 1435 457 1467; x_wconf 87' lang='lat' dir='ltr'>socios</span> <span class='ocrx_word' id='word_1_164' title='bbox 500 1441 618 1478; x_wconf 85' lang='lat' dir='ltr'>postea</span> <span class='ocrx_word' id='word_1_165' title='bbox 659 1446 777 1467; x_wconf 90' lang='lat' dir='ltr'>rerum</span> <span class='ocrx_word' id='word_1_166' title='bbox 811 1435 1056 1477; x_wconf 86' lang='lat' dir='ltr'>gerendarum.</span> 
     </span>
     <span class='ocr_line' id='line_1_32' title="bbox 77 1482 1056 1529; baseline -0.001 -11"><span class='ocrx_word' id='word_1_167' title='bbox 77 1486 290 1529; x_wconf 84' lang='lat' dir='ltr'>Quanquam</span> <span class='ocrx_word' id='word_1_168' title='bbox 307 1492 423 1518; x_wconf 87' lang='lat' dir='ltr'>autem</span> <span class='ocrx_word' id='word_1_169' title='bbox 442 1482 568 1529; x_wconf 88' lang='lat' dir='ltr'>Ioseph</span> <span class='ocrx_word' id='word_1_170' title='bbox 591 1491 640 1518; x_wconf 90' lang='lat' dir='ltr'>est</span> <span class='ocrx_word' id='word_1_171' title='bbox 664 1485 752 1517; x_wconf 90' lang='lat' dir='ltr'>civis</span> <span class='ocrx_word' id='word_1_172' title='bbox 768 1497 805 1518; x_wconf 91' lang='lat' dir='ltr'>ac</span> <span class='ocrx_word' id='word_1_173' title='bbox 824 1485 976 1525; x_wconf 88' lang='lat' dir='ltr'>nobilis,</span> <span class='ocrx_word' id='word_1_174' title='bbox 1004 1492 1056 1518; x_wconf 86' lang='lat' dir='ltr'>ta-</span> 
     </span>
     <span class='ocr_line' id='line_1_33' title="bbox 75 1534 1056 1580; baseline -0.002 -11"><span class='ocrx_word' id='word_1_175' title='bbox 75 1549 157 1569; x_wconf 88' lang='lat' dir='ltr'>men</span> <span class='ocrx_word' id='word_1_176' title='bbox 180 1536 231 1569; x_wconf 89' lang='lat' dir='ltr'>ibi</span> <span class='ocrx_word' id='word_1_177' title='bbox 259 1548 332 1569; x_wconf 91' lang='lat' dir='ltr'>non</span> <span class='ocrx_word' id='word_1_178' title='bbox 355 1534 513 1576; x_wconf 88' lang='lat' dir='ltr'>habitat,</span> <span class='ocrx_word' id='word_1_179' title='bbox 541 1548 604 1569; x_wconf 91' lang='lat' dir='ltr'>nec</span> <span class='ocrx_word' id='word_1_180' title='bbox 627 1536 772 1580; x_wconf 88' lang='lat' dir='ltr'>stipatus</span> <span class='ocrx_word' id='word_1_181' title='bbox 797 1544 848 1570; x_wconf 90' lang='lat' dir='ltr'>est</span> <span class='ocrx_word' id='word_1_182' title='bbox 873 1536 1056 1580; x_wconf 88' lang='lat' dir='ltr'>praesidiis</span> 
     </span>
     <span class='ocr_line' id='line_1_34' title="bbox 75 1586 1055 1631; baseline -0.001 -11"><span class='ocrx_word' id='word_1_183' title='bbox 75 1587 289 1627; x_wconf 89' lang='lat' dir='ltr'>amicorum,</span> <span class='ocrx_word' id='word_1_184' title='bbox 316 1593 453 1620; x_wconf 89' lang='lat' dir='ltr'>tantum</span> <span class='ocrx_word' id='word_1_185' title='bbox 474 1587 512 1619; x_wconf 91' lang='lat' dir='ltr'>in</span> <span class='ocrx_word' id='word_1_186' title='bbox 530 1586 725 1620; x_wconf 88' lang='lat' dir='ltr'>diversorio</span> <span class='ocrx_word' id='word_1_187' title='bbox 748 1587 863 1629; x_wconf 84' lang='lat' dir='ltr'>exigui</span> <span class='ocrx_word' id='word_1_188' title='bbox 887 1587 1055 1631; x_wconf 87' lang='lat' dir='ltr'>temporis</span> 
     </span>
     <span class='ocr_line' id='line_1_35' title="bbox 75 1635 408 1681; baseline 0 -11"><span class='ocrx_word' id='word_1_189' title='bbox 75 1636 271 1681; x_wconf 86' lang='lat' dir='ltr'>hospitium</span> <span class='ocrx_word' id='word_1_190' title='bbox 290 1635 408 1670; x_wconf 78' lang='lat' dir='ltr'>liabet-</span> 
     </span>
    </p>
   </div>
   <div class='ocr_carea' id='block_1_12' title="bbox 469 1710 668 1734">
    <p class='ocr_par' dir='ltr' id='par_1_13' title="bbox 469 1710 668 1734">
     <span class='ocr_line' id='line_1_36' title="bbox 469 1710 668 1734; baseline 0.005 -1"><span class='ocrx_word' id='word_1_191' title='bbox 469 1710 514 1733; x_wconf 88' lang='lat' dir='ltr'>De</span> <span class='ocrx_word' id='word_1_192' title='bbox 543 1710 668 1734; x_wconf 59' lang='lat' dir='ltr'>tertia</span> 
     </span>
    </p>
   </div>
   <div class='ocr_carea' id='block_1_13' title="bbox 69 1760 1074 2719">
    <p class='ocr_par' dir='ltr' id='par_1_14' title="bbox 70 1760 1055 2353">
     <span class='ocr_line' id='line_1_37' title="bbox 176 1760 1054 1806; baseline 0.001 -13"><span class='ocrx_word' id='word_1_193' title='bbox 176 1760 358 1794; x_wconf 75' lang='lat' dir='ltr'>venturus</span> <span class='ocrx_word' id='word_1_194' title='bbox 376 1768 449 1794; x_wconf 85' lang='lat' dir='ltr'>erat</span> <span class='ocrx_word' id='word_1_195' title='bbox 466 1760 634 1800; x_wconf 87' lang='lat' dir='ltr'>Messias,</span> <span class='ocrx_word' id='word_1_196' title='bbox 662 1773 740 1794; x_wconf 91' lang='lat' dir='ltr'>cum</span> <span class='ocrx_word' id='word_1_197' title='bbox 760 1761 892 1806; x_wconf 82' lang='lat' dir='ltr'>populo</span> <span class='ocrx_word' id='word_1_198' title='bbox 911 1769 999 1794; x_wconf 90' lang='lat' dir='ltr'>esset</span> <span class='ocrx_word' id='word_1_199' title='bbox 1017 1761 1054 1793; x_wconf 90' lang='lat' dir='ltr'>in</span> 
     </span>
     <span class='ocr_line' id='line_1_38' title="bbox 75 1809 1055 1856; baseline -0.002 -10"><span class='ocrx_word' id='word_1_200' title='bbox 75 1813 261 1852; x_wconf 83' lang='lat' dir='ltr'>servitute,</span> <span class='ocrx_word' id='word_1_201' title='bbox 289 1818 323 1845; x_wconf 87' lang='lat' dir='ltr'>et</span> <span class='ocrx_word' id='word_1_202' title='bbox 348 1818 464 1844; x_wconf 88' lang='lat' dir='ltr'>tamen</span> <span class='ocrx_word' id='word_1_203' title='bbox 482 1810 626 1845; x_wconf 84' lang='lat' dir='ltr'>haberet</span> <span class='ocrx_word' id='word_1_204' title='bbox 643 1809 884 1856; x_wconf 76' lang='grc' dir='ltr'><em>αὐτονομίαν,</em></span> <span class='ocrx_word' id='word_1_205' title='bbox 939 1811 1055 1845; x_wconf 84' lang='lat' dir='ltr'>Maxi-</span> 
     </span>
     <span class='ocr_line' id='line_1_39' title="bbox 74 1860 1053 1906; baseline -0.002 -9"><span class='ocrx_word' id='word_1_206' title='bbox 74 1877 128 1897; x_wconf 89' lang='lat' dir='ltr'>me</span> <span class='ocrx_word' id='word_1_207' title='bbox 146 1875 228 1896; x_wconf 90' lang='lat' dir='ltr'>vero</span> <span class='ocrx_word' id='word_1_208' title='bbox 254 1862 433 1896; x_wconf 87' lang='lat' dir='ltr'>declarant</span> <span class='ocrx_word' id='word_1_209' title='bbox 449 1862 654 1897; x_wconf 87' lang='lat' dir='ltr'>servitutem</span> <span class='ocrx_word' id='word_1_210' title='bbox 682 1860 746 1895; x_wconf 91' lang='lat' dir='ltr'>hae</span> <span class='ocrx_word' id='word_1_211' title='bbox 763 1865 852 1896; x_wconf 91' lang='lat' dir='ltr'>duae</span> <span class='ocrx_word' id='word_1_212' title='bbox 871 1874 1053 1906; x_wconf 77' lang='lat' dir='ltr'>personae,</span> 
     </span>
     <span class='ocr_line' id='line_1_40' title="bbox 74 1913 1052 1956; baseline -0.002 -9"><span class='ocrx_word' id='word_1_213' title='bbox 74 1923 176 1949; x_wconf 90' lang='lat' dir='ltr'>natae</span> <span class='ocrx_word' id='word_1_214' title='bbox 192 1913 288 1956; x_wconf 91' lang='lat' dir='ltr'>regio</span> <span class='ocrx_word' id='word_1_215' title='bbox 302 1924 439 1955; x_wconf 81' lang='lat' dir='ltr'>genere,</span> <span class='ocrx_word' id='word_1_216' title='bbox 469 1915 628 1947; x_wconf 90' lang='lat' dir='ltr'>nondum</span> <span class='ocrx_word' id='word_1_217' title='bbox 647 1914 740 1946; x_wconf 89' lang='lat' dir='ltr'>enim</span> <span class='ocrx_word' id='word_1_218' title='bbox 757 1914 929 1946; x_wconf 85' lang='lat' dir='ltr'>memoria</span> <span class='ocrx_word' id='word_1_219' title='bbox 947 1925 1052 1956; x_wconf 84' lang='lat' dir='ltr'>gene-</span> 
     </span>
     <span class='ocr_line' id='line_1_41' title="bbox 73 1964 1052 2004; baseline -0.002 -6"><span class='ocrx_word' id='word_1_220' title='bbox 73 1966 122 1998; x_wconf 89' lang='lat' dir='ltr'>ris</span> <span class='ocrx_word' id='word_1_221' title='bbox 144 1964 294 1999; x_wconf 80' lang='lat' dir='ltr'>extincta</span> <span class='ocrx_word' id='word_1_222' title='bbox 319 1971 410 2004; x_wconf 88' lang='lat' dir='ltr'>erat,</span> <span class='ocrx_word' id='word_1_223' title='bbox 438 1966 498 1997; x_wconf 91' lang='lat' dir='ltr'>sed</span> <span class='ocrx_word' id='word_1_224' title='bbox 516 1971 596 1998; x_wconf 89' lang='lat' dir='ltr'>ante</span> <span class='ocrx_word' id='word_1_225' title='bbox 614 1976 728 1997; x_wconf 86' lang='lat' dir='ltr'>annos</span> <span class='ocrx_word' id='word_1_226' title='bbox 749 1971 888 1997; x_wconf 90' lang='lat' dir='ltr'>centum</span> <span class='ocrx_word' id='word_1_227' title='bbox 907 1971 939 1997; x_wconf 90' lang='lat' dir='ltr'>et</span> <span class='ocrx_word' id='word_1_228' title='bbox 956 1976 1052 1997; x_wconf 86' lang='lat' dir='ltr'>sexa-</span> 
     </span>
     <span class='ocr_line' id='line_1_42' title="bbox 73 2012 1052 2060; baseline -0.002 -11"><span class='ocrx_word' id='word_1_229' title='bbox 73 2017 168 2060; x_wconf 86' lang='lat' dir='ltr'>ginta</span> <span class='ocrx_word' id='word_1_230' title='bbox 186 2012 302 2048; x_wconf 87' lang='lat' dir='ltr'>adhuc</span> <span class='ocrx_word' id='word_1_231' title='bbox 319 2015 432 2048; x_wconf 90' lang='lat' dir='ltr'>tenuit</span> <span class='ocrx_word' id='word_1_232' title='bbox 450 2015 743 2057; x_wconf 85' lang='lat' dir='ltr'>gubernationem</span> <span class='ocrx_word' id='word_1_233' title='bbox 763 2014 901 2058; x_wconf 85' lang='lat' dir='ltr'>lannes,</span> <span class='ocrx_word' id='word_1_234' title='bbox 930 2016 991 2060; x_wconf 88' lang='lat' dir='ltr'>qui</span> <span class='ocrx_word' id='word_1_235' title='bbox 1009 2015 1052 2048; x_wconf 89' lang='lat' dir='ltr'>ab</span> 
     </span>
     <span class='ocr_line' id='line_1_43' title="bbox 74 2063 1052 2110; baseline -0.002 -10"><span class='ocrx_word' id='word_1_236' title='bbox 74 2063 252 2100; x_wconf 83' lang='lat' dir='ltr'>Antiocho</span> <span class='ocrx_word' id='word_1_237' title='bbox 277 2066 481 2099; x_wconf 79' lang='lat' dir='ltr'>interfectus</span> <span class='ocrx_word' id='word_1_238' title='bbox 501 2073 569 2104; x_wconf 89' lang='lat' dir='ltr'>est,</span> <span class='ocrx_word' id='word_1_239' title='bbox 596 2078 701 2110; x_wconf 91' lang='lat' dir='ltr'>quem</span> <span class='ocrx_word' id='word_1_240' title='bbox 726 2064 871 2098; x_wconf 88' lang='lat' dir='ltr'>Iannem</span> <span class='ocrx_word' id='word_1_241' title='bbox 898 2073 1052 2098; x_wconf 88' lang='lat' dir='ltr'>recenset</span> 
     </span>
     <span class='ocr_line' id='line_1_44' title="bbox 72 2114 1052 2160; baseline -0.001 -10"><span class='ocrx_word' id='word_1_242' title='bbox 72 2117 184 2150; x_wconf 83' lang='lat' dir='ltr'>Lucas</span> <span class='ocrx_word' id='word_1_243' title='bbox 216 2116 383 2150; x_wconf 87' lang='lat' dir='ltr'>tritavum</span> <span class='ocrx_word' id='word_1_244' title='bbox 416 2114 552 2160; x_wconf 90' lang='lat' dir='ltr'>Ioseph.</span> <span class='ocrx_word' id='word_1_245' title='bbox 615 2116 735 2159; x_wconf 86' lang='lat' dir='ltr'>Quare</span> <span class='ocrx_word' id='word_1_246' title='bbox 765 2127 864 2149; x_wconf 89' lang='lat' dir='ltr'>senes</span> <span class='ocrx_word' id='word_1_247' title='bbox 889 2116 1052 2149; x_wconf 87' lang='lat' dir='ltr'>viderant</span> 
     </span>
     <span class='ocr_line' id='line_1_45' title="bbox 72 2166 1050 2213; baseline -0.002 -13"><span class='ocrx_word' id='word_1_248' title='bbox 72 2168 222 2208; x_wconf 91' lang='lat' dir='ltr'>multos,</span> <span class='ocrx_word' id='word_1_249' title='bbox 259 2166 390 2213; x_wconf 88' lang='lat' dir='ltr'>quibus</span> <span class='ocrx_word' id='word_1_250' title='bbox 412 2167 473 2200; x_wconf 91' lang='lat' dir='ltr'>ille</span> <span class='ocrx_word' id='word_1_251' title='bbox 499 2166 625 2201; x_wconf 88' lang='lat' dir='ltr'>lannes</span> <span class='ocrx_word' id='word_1_252' title='bbox 648 2174 754 2200; x_wconf 90' lang='lat' dir='ltr'>notus</span> <span class='ocrx_word' id='word_1_253' title='bbox 778 2168 861 2200; x_wconf 88' lang='lat' dir='ltr'>fuit:</span> <span class='ocrx_word' id='word_1_254' title='bbox 899 2174 937 2200; x_wconf 92' lang='lat' dir='ltr'>ut</span> <span class='ocrx_word' id='word_1_255' title='bbox 957 2167 1050 2199; x_wconf 90' lang='lat' dir='ltr'>enim</span> 
     </span>
     <span class='ocr_line' id='line_1_46' title="bbox 72 2217 1050 2259; baseline -0.003 -7"><span class='ocrx_word' id='word_1_256' title='bbox 72 2225 164 2252; x_wconf 85' lang='lat' dir='ltr'>certa</span> <span class='ocrx_word' id='word_1_257' title='bbox 183 2223 271 2250; x_wconf 84' lang='lat' dir='ltr'>esset</span> <span class='ocrx_word' id='word_1_258' title='bbox 289 2217 445 2249; x_wconf 83' lang='lat' dir='ltr'>familiae</span> <span class='ocrx_word' id='word_1_259' title='bbox 463 2218 587 2258; x_wconf 86' lang='lat' dir='ltr'>series,</span> <span class='ocrx_word' id='word_1_260' title='bbox 612 2218 710 2251; x_wconf 93' lang='lat' dir='ltr'>Deus</span> <span class='ocrx_word' id='word_1_261' title='bbox 729 2230 801 2251; x_wconf 90' lang='lat' dir='ltr'>non</span> <span class='ocrx_word' id='word_1_262' title='bbox 820 2218 933 2250; x_wconf 84' lang='lat' dir='ltr'>voluit</span> <span class='ocrx_word' id='word_1_263' title='bbox 952 2217 1050 2259; x_wconf 90' lang='lat' dir='ltr'>peni-</span> 
     </span>
     <span class='ocr_line' id='line_1_47' title="bbox 74 2267 1049 2303; baseline -0.003 0"><span class='ocrx_word' id='word_1_264' title='bbox 74 2276 128 2303; x_wconf 92' lang='lat' dir='ltr'>tus</span> <span class='ocrx_word' id='word_1_265' title='bbox 151 2267 337 2301; x_wconf 84' lang='lat' dir='ltr'>extinctam</span> <span class='ocrx_word' id='word_1_266' title='bbox 363 2279 434 2300; x_wconf 89' lang='lat' dir='ltr'>esse</span> <span class='ocrx_word' id='word_1_267' title='bbox 459 2269 664 2301; x_wconf 88' lang='lat' dir='ltr'>memoriam</span> <span class='ocrx_word' id='word_1_268' title='bbox 690 2269 918 2302; x_wconf 87' lang='lat' dir='ltr'>successionis</span> <span class='ocrx_word' id='word_1_269' title='bbox 949 2269 986 2300; x_wconf 91' lang='lat' dir='ltr'>in</span> <span class='ocrx_word' id='word_1_270' title='bbox 1012 2280 1049 2301; x_wconf 89' lang='lat' dir='ltr'>ea</span> 
     </span>
     <span class='ocr_line' id='line_1_48' title="bbox 70 2319 217 2353; baseline 0 0"><span class='ocrx_word' id='word_1_271' title='bbox 70 2319 217 2353; x_wconf 86' lang='lat' dir='ltr'>familia.</span> 
     </span>
    </p>

    <p class='ocr_par' dir='ltr' id='par_1_15' title="bbox 69 2366 1074 2719">
     <span class='ocr_line' id='line_1_49' title="bbox 171 2366 1048 2412; baseline -0.002 -9"><span class='ocrx_word' id='word_1_272' title='bbox 171 2368 252 2403; x_wconf 91' lang='lat' dir='ltr'>Duo</span> <span class='ocrx_word' id='word_1_273' title='bbox 269 2376 384 2402; x_wconf 92' lang='lat' dir='ltr'>autem</span> <span class='ocrx_word' id='word_1_274' title='bbox 403 2369 585 2403; x_wconf 84' lang='lat' dir='ltr'>discantur</span> <span class='ocrx_word' id='word_1_275' title='bbox 601 2381 640 2402; x_wconf 87' lang='lat' dir='ltr'>ex</span> <span class='ocrx_word' id='word_1_276' title='bbox 657 2366 723 2402; x_wconf 90' lang='lat' dir='ltr'>hoc</span> <span class='ocrx_word' id='word_1_277' title='bbox 743 2370 913 2412; x_wconf 89' lang='lat' dir='ltr'>exemplo.</span> <span class='ocrx_word' id='word_1_278' title='bbox 942 2370 1048 2412; x_wconf 83' lang='lat' dir='ltr'>Quod</span> 
     </span>
     <span class='ocr_line' id='line_1_50' title="bbox 71 2419 1049 2464; baseline -0.002 -10"><span class='ocrx_word' id='word_1_279' title='bbox 71 2421 179 2454; x_wconf 90' lang='lat' dir='ltr'>sancti</span> <span class='ocrx_word' id='word_1_280' title='bbox 197 2420 507 2464; x_wconf 85' lang='lat' dir='ltr'>debeant-politica</span> <span class='ocrx_word' id='word_1_281' title='bbox 523 2421 636 2453; x_wconf 83' lang='lat' dir='ltr'>officia</span> <span class='ocrx_word' id='word_1_282' title='bbox 655 2420 755 2453; x_wconf 90' lang='lat' dir='ltr'>obire</span> <span class='ocrx_word' id='word_1_283' title='bbox 773 2432 835 2463; x_wconf 93' lang='lat' dir='ltr'>pro</span> <span class='ocrx_word' id='word_1_284' title='bbox 856 2419 1049 2458; x_wconf 89' lang='lat' dir='ltr'>vocatione,</span> 
     </span>
     <span class='ocr_line' id='line_1_51' title="bbox 70 2467 1049 2514; baseline 0 -10"><span class='ocrx_word' id='word_1_285' title='bbox 70 2479 102 2505; x_wconf 92' lang='lat' dir='ltr'>et</span> <span class='ocrx_word' id='word_1_286' title='bbox 127 2484 165 2504; x_wconf 89' lang='lat' dir='ltr'>ea</span> <span class='ocrx_word' id='word_1_287' title='bbox 191 2471 233 2504; x_wconf 90' lang='lat' dir='ltr'>ad</span> <span class='ocrx_word' id='word_1_288' title='bbox 259 2470 446 2505; x_wconf 88' lang='lat' dir='ltr'>utilitatem</span> <span class='ocrx_word' id='word_1_289' title='bbox 473 2470 650 2505; x_wconf 84' lang='lat' dir='ltr'>Ecclesiae</span> <span class='ocrx_word' id='word_1_290' title='bbox 675 2471 843 2514; x_wconf 88' lang='lat' dir='ltr'>dirigere:</span> <span class='ocrx_word' id='word_1_291' title='bbox 869 2477 907 2504; x_wconf 91' lang='lat' dir='ltr'>ut</span> <span class='ocrx_word' id='word_1_292' title='bbox 927 2467 983 2503; x_wconf 91' lang='lat' dir='ltr'>hic</span> <span class='ocrx_word' id='word_1_293' title='bbox 1001 2471 1049 2511; x_wconf 81' lang='lat' dir='ltr'>fit,</span> 
     </span>
     <span class='ocr_line' id='line_1_52' title="bbox 71 2520 1048 2565; baseline -0.003 -8"><span class='ocrx_word' id='word_1_294' title='bbox 71 2523 314 2565; x_wconf 79' lang='lat' dir='ltr'>obtemperant</span> <span class='ocrx_word' id='word_1_295' title='bbox 342 2522 473 2560; x_wconf 88' lang='lat' dir='ltr'>sancti,</span> <span class='ocrx_word' id='word_1_296' title='bbox 515 2529 549 2556; x_wconf 90' lang='lat' dir='ltr'>et</span> <span class='ocrx_word' id='word_1_297' title='bbox 575 2520 642 2556; x_wconf 90' lang='lat' dir='ltr'>hoc</span> <span class='ocrx_word' id='word_1_298' title='bbox 669 2522 735 2555; x_wconf 92' lang='lat' dir='ltr'>iter</span> <span class='ocrx_word' id='word_1_299' title='bbox 760 2521 866 2554; x_wconf 87' lang='lat' dir='ltr'>servit</span> <span class='ocrx_word' id='word_1_300' title='bbox 899 2521 1048 2554; x_wconf 85' lang='lat' dir='ltr'>maxime</span> 
     </span>
     <span class='ocr_line' id='line_1_53' title="bbox 70 2570 1074 2626; baseline -0.002 -19"><span class='ocrx_word' id='word_1_301' title='bbox 70 2573 217 2608; x_wconf 82' lang='lat' dir='ltr'>utilitati</span> <span class='ocrx_word' id='word_1_302' title='bbox 243 2570 440 2613; x_wconf 83' lang='lat' dir='ltr'>Ecclesiae,</span> <span class='ocrx_word' id='word_1_303' title='bbox 468 2573 539 2605; x_wconf 89' lang='lat' dir='ltr'>imo</span> <span class='ocrx_word' id='word_1_304' title='bbox 558 2572 655 2606; x_wconf 88' lang='lat' dir='ltr'>Deus</span> <span class='ocrx_word' id='word_1_305' title='bbox 680 2573 724 2606; x_wconf 90' lang='lat' dir='ltr'>ita</span> <span class='ocrx_word' id='word_1_306' title='bbox 751 2572 923 2615; x_wconf 84' lang='lat' dir='ltr'>gubernat</span> <span class='ocrx_word' id='word_1_307' title='bbox 943 2572 1047 2605; x_wconf 89' lang='lat' dir='ltr'>edicti</span> <span class='ocrx_word' id='word_1_308' title='bbox 1071 2571 1074 2626; x_wconf 50' lang='lat' dir='ltr'>l</span> 
     </span>
     <span class='ocr_line' id='line_1_54' title="bbox 69 2622 1073 2675; baseline 0 -19"><span class='ocrx_word' id='word_1_309' title='bbox 69 2630 222 2669; x_wconf 87' lang='lat' dir='ltr'>tempus,</span> <span class='ocrx_word' id='word_1_310' title='bbox 263 2630 302 2656; x_wconf 91' lang='lat' dir='ltr'>ut</span> <span class='ocrx_word' id='word_1_311' title='bbox 324 2624 453 2657; x_wconf 89' lang='lat' dir='ltr'>serviat</span> <span class='ocrx_word' id='word_1_312' title='bbox 475 2622 657 2666; x_wconf 85' lang='lat' dir='ltr'>Augustus</span> <span class='ocrx_word' id='word_1_313' title='bbox 679 2636 880 2669; x_wconf 86' lang='lat' dir='ltr'>quanquam</span> <span class='ocrx_word' id='word_1_314' title='bbox 907 2623 1048 2666; x_wconf 85' lang='lat' dir='ltr'>ignarus</span> <span class='ocrx_word' id='word_1_315' title='bbox 1071 2627 1073 2675; x_wconf 55' lang='lat' dir='ltr'>J</span> 
     </span>
     <span class='ocr_line' id='line_1_55' title="bbox 70 2671 1074 2719; baseline -0.001 -12"><span class='ocrx_word' id='word_1_316' title='bbox 70 2671 151 2708; x_wconf 90' lang='lat' dir='ltr'>huic</span> <span class='ocrx_word' id='word_1_317' title='bbox 170 2685 296 2718; x_wconf 85' lang='lat' dir='ltr'>magno</span> <span class='ocrx_word' id='word_1_318' title='bbox 313 2675 423 2719; x_wconf 83' lang='lat' dir='ltr'>operi.</span> <span class='ocrx_word' id='word_1_319' title='bbox 476 2673 541 2707; x_wconf 86' lang='lat' dir='ltr'>His</span> <span class='ocrx_word' id='word_1_320' title='bbox 557 2675 722 2718; x_wconf 86' lang='lat' dir='ltr'>exemplis</span> <span class='ocrx_word' id='word_1_321' title='bbox 739 2674 935 2715; x_wconf 86' lang='lat' dir='ltr'>admoniti,</span> <span class='ocrx_word' id='word_1_322' title='bbox 961 2673 1047 2706; x_wconf 86' lang='lat' dir='ltr'>scia·</span> <span class='ocrx_word' id='word_1_323' title='bbox 1070 2679 1074 2717; x_wconf 58' lang='grc' dir='ltr'>ξ</span> 
     </span>
    </p>
   </div>
   <div class='ocr_carea' id='block_1_14' title="bbox 2032 112 2100 146">
    <p class='ocr_par' dir='ltr' id='par_1_16' title="bbox 2032 112 2100 146">
     <span class='ocr_line' id='line_1_56' title="bbox 2032 112 2100 146; baseline 0 -1"><span class='ocrx_word' id='word_1_324' title='bbox 2032 112 2100 146; x_wconf 86' lang='grc'>186</span> 
     </span>
    </p>
   </div>
   <div class='ocr_carea' id='block_1_15' title="bbox 1114 194 2089 281">
    <p class='ocr_par' dir='ltr' id='par_1_17' title="bbox 1114 194 2089 281">
     <span class='ocr_line' id='line_1_57' title="bbox 1114 194 2089 279; baseline 0.002 -52"><span class='ocrx_word' id='word_1_325' title='bbox 1114 206 1192 279; x_wconf 55' lang='grc' dir='ltr'>ἕως</span> <span class='ocrx_word' id='word_1_326' title='bbox 1212 194 1288 228; x_wconf 91' lang='lat' dir='ltr'>Deo</span> <span class='ocrx_word' id='word_1_327' title='bbox 1308 207 1408 229; x_wconf 88' lang='lat' dir='ltr'>curae</span> <span class='ocrx_word' id='word_1_328' title='bbox 1426 207 1514 237; x_wconf 81' lang='lat' dir='ltr'>esse,</span> <span class='ocrx_word' id='word_1_329' title='bbox 1539 209 1583 230; x_wconf 86' lang='lat' dir='ltr'>ue</span> <span class='ocrx_word' id='word_1_330' title='bbox 1604 197 1748 241; x_wconf 89' lang='lat' dir='ltr'>imperia</span> <span class='ocrx_word' id='word_1_331' title='bbox 1771 196 1911 242; x_wconf 88' lang='lat' dir='ltr'>penitus</span> <span class='ocrx_word' id='word_1_332' title='bbox 1936 197 2089 230; x_wconf 86' lang='lat' dir='ltr'>obruant</span> 
     </span>
     <span class='ocr_line' id='line_1_58' title="bbox 1149 245 1321 281; baseline 0.017 -4"><span class='ocrx_word' id='word_1_333' title='bbox 1149 245 1321 281; x_wconf 87' lang='lat' dir='ltr'>eclesiam.</span> 
     </span>
    </p>
   </div>
   <div class='ocr_carea' id='block_1_16' title="bbox 1497 319 1703 349">
    <p class='ocr_par' dir='ltr' id='par_1_18' title="bbox 1497 319 1703 349">
     <span class='ocr_line' id='line_1_59' title="bbox 1497 319 1703 349; baseline 0.01 -8"><span class='ocrx_word' id='word_1_334' title='bbox 1497 319 1542 342; x_wconf 90' lang='lat' dir='ltr'>De</span> <span class='ocrx_word' id='word_1_335' title='bbox 1567 320 1703 349; x_wconf 62' lang='lat' dir='ltr'>quarto</span> 
     </span>
    </p>
   </div>
   <div class='ocr_carea' id='block_1_17' title="bbox 1114 367 2093 770">
    <p class='ocr_par' dir='ltr' id='par_1_19' title="bbox 1114 367 2093 770">
     <span class='ocr_line' id='line_1_60' title="bbox 1218 367 2087 415; baseline -0.001 -11"><span class='ocrx_word' id='word_1_336' title='bbox 1218 369 1264 404; x_wconf 89' lang='lat' dir='ltr'>Ut</span> <span class='ocrx_word' id='word_1_337' title='bbox 1289 371 1396 413; x_wconf 86' lang='lat' dir='ltr'>igitur</span> <span class='ocrx_word' id='word_1_338' title='bbox 1423 367 1489 402; x_wconf 91' lang='lat' dir='ltr'>hoc</span> <span class='ocrx_word' id='word_1_339' title='bbox 1516 370 1591 402; x_wconf 93' lang='lat' dir='ltr'>loco</span> <span class='ocrx_word' id='word_1_340' title='bbox 1616 370 1707 402; x_wconf 89' lang='lat' dir='ltr'>Deus</span> <span class='ocrx_word' id='word_1_341' title='bbox 1731 378 1827 404; x_wconf 88' lang='lat' dir='ltr'>curat</span> <span class='ocrx_word' id='word_1_342' title='bbox 1845 382 2007 415; x_wconf 85' lang='lat' dir='ltr'>praesepe</span> <span class='ocrx_word' id='word_1_343' title='bbox 2025 383 2087 403; x_wconf 91' lang='lat' dir='ltr'>na-</span> 
     </span>
     <span class='ocr_line' id='line_1_61' title="bbox 1115 419 2088 465; baseline 0 -11"><span class='ocrx_word' id='word_1_344' title='bbox 1115 419 1386 462; x_wconf 86' lang='lat' dir='ltr'>scentiChristo‚</span> <span class='ocrx_word' id='word_1_345' title='bbox 1402 421 1450 453; x_wconf 91' lang='lat' dir='ltr'>sic</span> <span class='ocrx_word' id='word_1_346' title='bbox 1466 431 1602 463; x_wconf 85' lang='lat' dir='ltr'>semper</span> <span class='ocrx_word' id='word_1_347' title='bbox 1614 420 1757 464; x_wconf 86' lang='lat' dir='ltr'>aliquod</span> <span class='ocrx_word' id='word_1_348' title='bbox 1777 419 1966 464; x_wconf 84' lang='lat' dir='ltr'>hospitium</span> <span class='ocrx_word' id='word_1_349' title='bbox 1988 433 2088 465; x_wconf 87' lang='lat' dir='ltr'>prac-</span> 
     </span>
     <span class='ocr_line' id='line_1_62' title="bbox 1116 469 2092 520; baseline -0.001 -15"><span class='ocrx_word' id='word_1_350' title='bbox 1116 473 1191 506; x_wconf 87' lang='lat' dir='ltr'>huit</span> <span class='ocrx_word' id='word_1_351' title='bbox 1214 480 1245 507; x_wconf 89' lang='lat' dir='ltr'>et</span> <span class='ocrx_word' id='word_1_352' title='bbox 1268 473 1413 520; x_wconf 74' lang='lat' dir='ltr'>praebet</span> <span class='ocrx_word' id='word_1_353' title='bbox 1434 469 1629 508; x_wconf 87' lang='lat' dir='ltr'>Ecclesiae,</span> <span class='ocrx_word' id='word_1_354' title='bbox 1658 471 1742 503; x_wconf 87' lang='lat' dir='ltr'>alias</span> <span class='ocrx_word' id='word_1_355' title='bbox 1767 472 1893 514; x_wconf 83' lang='lat' dir='ltr'>magis,</span> <span class='ocrx_word' id='word_1_356' title='bbox 1920 472 2004 504; x_wconf 79' lang='lat' dir='ltr'>alias</span> <span class='ocrx_word' id='word_1_357' title='bbox 2024 472 2092 504; x_wconf 88' lang='lat' dir='ltr'>mi-</span> 
     </span>
     <span class='ocr_line' id='line_1_63' title="bbox 1116 521 2091 567; baseline -0.003 -10"><span class='ocrx_word' id='word_1_358' title='bbox 1116 535 1180 557; x_wconf 91' lang='lat' dir='ltr'>nus</span> <span class='ocrx_word' id='word_1_359' title='bbox 1198 523 1441 567; x_wconf 86' lang='lat' dir='ltr'>tranquillum.</span> <span class='ocrx_word' id='word_1_360' title='bbox 1495 521 1546 554; x_wconf 81' lang='lat' dir='ltr'>Ac</span> <span class='ocrx_word' id='word_1_361' title='bbox 1563 523 1605 554; x_wconf 88' lang='lat' dir='ltr'>de</span> <span class='ocrx_word' id='word_1_362' title='bbox 1622 527 1768 566; x_wconf 88' lang='lat' dir='ltr'>utraque</span> <span class='ocrx_word' id='word_1_363' title='bbox 1793 533 1829 554; x_wconf 90' lang='lat' dir='ltr'>re</span> <span class='ocrx_word' id='word_1_364' title='bbox 1856 523 2091 554; x_wconf 69' lang='lat' dir='ltr'>commonefa-</span> 
     </span>
     <span class='ocr_line' id='line_1_64' title="bbox 1115 570 2093 616; baseline -0.003 -8"><span class='ocrx_word' id='word_1_365' title='bbox 1115 575 1161 608; x_wconf 90' lang='lat' dir='ltr'>cit</span> <span class='ocrx_word' id='word_1_366' title='bbox 1179 586 1242 607; x_wconf 91' lang='lat' dir='ltr'>nos</span> <span class='ocrx_word' id='word_1_367' title='bbox 1260 572 1325 606; x_wconf 89' lang='lat' dir='ltr'>hoc</span> <span class='ocrx_word' id='word_1_368' title='bbox 1344 573 1580 616; x_wconf 80' lang='lat' dir='ltr'>spectaculum</span> <span class='ocrx_word' id='word_1_369' title='bbox 1593 600 1600 612; x_wconf 91' lang='lat'>,</span> <span class='ocrx_word' id='word_1_370' title='bbox 1628 573 1670 604; x_wconf 78' lang='lat' dir='ltr'>tle</span> <span class='ocrx_word' id='word_1_371' title='bbox 1695 572 1845 604; x_wconf 90' lang='lat' dir='ltr'>miseriis</span> <span class='ocrx_word' id='word_1_372' title='bbox 1864 570 2036 604; x_wconf 86' lang='lat' dir='ltr'>Ecclesiae</span> <span class='ocrx_word' id='word_1_373' title='bbox 2061 579 2093 605; x_wconf 91' lang='lat' dir='ltr'>et</span> 
     </span>
     <span class='ocr_line' id='line_1_65' title="bbox 1392 620 2092 662; baseline -0.004 -6"><span class='ocrx_word' id='word_1_374' title='bbox 1392 621 1452 656; x_wconf 77' lang='lat' dir='ltr'>Est</span> <span class='ocrx_word' id='word_1_375' title='bbox 1469 635 1675 656; x_wconf 88' lang='lat' dir='ltr'>aerumnosa</span> <span class='ocrx_word' id='word_1_376' title='bbox 1688 650 1695 662; x_wconf 92' lang='lat'>,</span> <span class='ocrx_word' id='word_1_377' title='bbox 1712 623 1769 655; x_wconf 89' lang='lat' dir='ltr'>sed</span> <span class='ocrx_word' id='word_1_378' title='bbox 1788 629 1906 655; x_wconf 89' lang='lat' dir='ltr'>tamen</span> <span class='ocrx_word' id='word_1_379' title='bbox 1915 620 2010 655; x_wconf 91' lang='lat' dir='ltr'>Deus</span> <span class='ocrx_word' id='word_1_380' title='bbox 2028 622 2092 654; x_wconf 90' lang='lat' dir='ltr'>ali-</span> 
     </span>
     <span class='ocr_line' id='line_1_66' title="bbox 1115 672 2091 721; baseline -0.004 -12"><span class='ocrx_word' id='word_1_381' title='bbox 1115 677 1208 721; x_wconf 86' lang='lat' dir='ltr'>quod</span> <span class='ocrx_word' id='word_1_382' title='bbox 1233 673 1425 718; x_wconf 84' lang='lat' dir='ltr'>hospitium</span> <span class='ocrx_word' id='word_1_383' title='bbox 1444 681 1558 716; x_wconf 74' lang='lat' dir='ltr'>cnr.·»t‚</span> <span class='ocrx_word' id='word_1_384' title='bbox 1587 680 1626 707; x_wconf 92' lang='lat' dir='ltr'>ut</span> <span class='ocrx_word' id='word_1_385' title='bbox 1645 673 1763 705; x_wconf 84' lang='lat' dir='ltr'>navim</span> <span class='ocrx_word' id='word_1_386' title='bbox 1788 674 1948 706; x_wconf 87' lang='lat' dir='ltr'>servabat</span> <span class='ocrx_word' id='word_1_387' title='bbox 1968 672 2091 712; x_wconf 85' lang='lat' dir='ltr'>Paulo,</span> 
     </span>
     <span class='ocr_line' id='line_1_67' title="bbox 1114 721 2010 770; baseline -0.002 -11"><span class='ocrx_word' id='word_1_388' title='bbox 1114 727 1284 770; x_wconf 86' lang='lat' dir='ltr'>tantisper</span> <span class='ocrx_word' id='word_1_389' title='bbox 1298 727 1409 758; x_wconf 92' lang='lat' dir='ltr'>donec</span> <span class='ocrx_word' id='word_1_390' title='bbox 1424 725 1462 757; x_wconf 90' lang='lat' dir='ltr'>in</span> <span class='ocrx_word' id='word_1_391' title='bbox 1479 731 1617 768; x_wconf 86' lang='lat' dir='ltr'>portum</span> <span class='ocrx_word' id='word_1_392' title='bbox 1638 724 1784 761; x_wconf 87' lang='lat' dir='ltr'>veniret,</span> <span class='ocrx_word' id='word_1_393' title='bbox 1814 721 1931 756; x_wconf 78' lang='lat' dir='ltr'>Actor.</span> <span class='ocrx_word' id='word_1_394' title='bbox 1950 722 2010 757; x_wconf 75' lang='lat'>27.</span> 
     </span>
    </p>
   </div>
   <div class='ocr_carea' id='block_1_18' title="bbox 1494 795 1699 826">
    <p class='ocr_par' dir='ltr' id='par_1_20' title="bbox 1494 795 1699 826">
     <span class='ocr_line' id='line_1_68' title="bbox 1494 795 1699 826; baseline -0.005 -7"><span class='ocrx_word' id='word_1_395' title='bbox 1494 796 1540 819; x_wconf 86' lang='lat' dir='ltr'>De</span> <span class='ocrx_word' id='word_1_396' title='bbox 1565 795 1699 826; x_wconf 61' lang='lat' dir='ltr'>quintm</span> 
     </span>
    </p>
   </div>
   <div class='ocr_carea' id='block_1_19' title="bbox 1110 845 2091 1500">
    <p class='ocr_par' dir='ltr' id='par_1_21' title="bbox 1110 845 2091 1500">
     <span class='ocr_line' id='line_1_69' title="bbox 1215 845 2086 893; baseline -0.007 -10"><span class='ocrx_word' id='word_1_397' title='bbox 1215 849 1291 884; x_wconf 87' lang='lat' dir='ltr'>Etsi</span> <span class='ocrx_word' id='word_1_398' title='bbox 1317 861 1353 882; x_wconf 87' lang='lat' dir='ltr'>ea</span> <span class='ocrx_word' id='word_1_399' title='bbox 1376 860 1463 893; x_wconf 89' lang='lat' dir='ltr'>quae</span> <span class='ocrx_word' id='word_1_400' title='bbox 1485 847 1522 880; x_wconf 93' lang='lat' dir='ltr'>in</span> <span class='ocrx_word' id='word_1_401' title='bbox 1545 845 1701 880; x_wconf 88' lang='lat' dir='ltr'>Ecclesia</span> <span class='ocrx_word' id='word_1_402' title='bbox 1726 852 1915 889; x_wconf 87' lang='lat' dir='ltr'>geruntur,</span> <span class='ocrx_word' id='word_1_403' title='bbox 1942 858 2014 878; x_wconf 89' lang='lat' dir='ltr'>non</span> <span class='ocrx_word' id='word_1_404' title='bbox 2038 846 2086 877; x_wconf 86' lang='lat' dir='ltr'>sic</span> 
     </span>
     <span class='ocr_line' id='line_1_70' title="bbox 1114 895 2091 939; baseline -0.006 -6"><span class='ocrx_word' id='word_1_405' title='bbox 1114 902 1302 934; x_wconf 91' lang='lat' dir='ltr'>incurrunt</span> <span class='ocrx_word' id='word_1_406' title='bbox 1320 901 1356 932; x_wconf 90' lang='lat' dir='ltr'>in</span> <span class='ocrx_word' id='word_1_407' title='bbox 1371 899 1491 932; x_wconf 89' lang='lat' dir='ltr'>oculos</span> <span class='ocrx_word' id='word_1_408' title='bbox 1504 923 1512 937; x_wconf 91' lang='lat'>,</span> <span class='ocrx_word' id='word_1_409' title='bbox 1540 904 1579 930; x_wconf 91' lang='lat' dir='ltr'>ut</span> <span class='ocrx_word' id='word_1_410' title='bbox 1597 909 1651 930; x_wconf 89' lang='lat' dir='ltr'>res</span> <span class='ocrx_word' id='word_1_411' title='bbox 1669 903 1781 939; x_wconf 84' lang='lat' dir='ltr'>gestae</span> <span class='ocrx_word' id='word_1_412' title='bbox 1800 895 2006 935; x_wconf 86' lang='lat' dir='ltr'>Alexandri,</span> <span class='ocrx_word' id='word_1_413' title='bbox 2032 903 2091 928; x_wconf 88' lang='lat' dir='ltr'>ant</span> 
     </span>
     <span class='ocr_line' id='line_1_71' title="bbox 1112 947 2088 994; baseline -0.007 -9"><span class='ocrx_word' id='word_1_414' title='bbox 1112 951 1319 985; x_wconf 85' lang='lat' dir='ltr'>C.Caesaris</span> <span class='ocrx_word' id='word_1_415' title='bbox 1331 978 1340 990; x_wconf 92' lang='lat'>,</span> <span class='ocrx_word' id='word_1_416' title='bbox 1368 962 1457 994; x_wconf 89' lang='lat' dir='ltr'>quae</span> <span class='ocrx_word' id='word_1_417' title='bbox 1474 948 1741 992; x_wconf 88' lang='lat' dir='ltr'>conspiciuntur</span> <span class='ocrx_word' id='word_1_418' title='bbox 1759 947 1917 980; x_wconf 85' lang='lat' dir='ltr'>omnium</span> <span class='ocrx_word' id='word_1_419' title='bbox 1933 947 2088 989; x_wconf 86' lang='lat' dir='ltr'>gentium</span> 
     </span>
     <span class='ocr_line' id='line_1_72' title="bbox 1113 997 2091 1036; baseline -0.007 -1"><span class='ocrx_word' id='word_1_420' title='bbox 1113 1003 1242 1036; x_wconf 87' lang='lat' dir='ltr'>oculis:</span> <span class='ocrx_word' id='word_1_421' title='bbox 1280 1010 1395 1035; x_wconf 90' lang='lat' dir='ltr'>tamen</span> <span class='ocrx_word' id='word_1_422' title='bbox 1419 1000 1514 1034; x_wconf 89' lang='lat' dir='ltr'>Deus</span> <span class='ocrx_word' id='word_1_423' title='bbox 1536 1000 1611 1032; x_wconf 84' lang='lat' dir='ltr'>vult</span> <span class='ocrx_word' id='word_1_424' title='bbox 1634 997 1827 1031; x_wconf 87' lang='lat' dir='ltr'>Ecclesiam</span> <span class='ocrx_word' id='word_1_425' title='bbox 1852 1004 1978 1030; x_wconf 88' lang='lat' dir='ltr'>certam</span> <span class='ocrx_word' id='word_1_426' title='bbox 2008 1008 2091 1035; x_wconf 84' lang='lat' dir='ltr'>esse,</span> 
     </span>
     <span class='ocr_line' id='line_1_73' title="bbox 1113 1046 2088 1086; baseline -0.007 0"><span class='ocrx_word' id='word_1_427' title='bbox 1113 1060 1144 1086; x_wconf 93' lang='lat' dir='ltr'>et</span> <span class='ocrx_word' id='word_1_428' title='bbox 1162 1051 1302 1086; x_wconf 86' lang='lat' dir='ltr'>exhibet</span> <span class='ocrx_word' id='word_1_429' title='bbox 1327 1052 1436 1085; x_wconf 87' lang='lat' dir='ltr'>multa</span> <span class='ocrx_word' id='word_1_430' title='bbox 1463 1049 1673 1084; x_wconf 85' lang='lat' dir='ltr'>testimonia.</span> <span class='ocrx_word' id='word_1_431' title='bbox 1730 1048 1812 1081; x_wconf 85' lang='lat' dir='ltr'>Ideo</span> <span class='ocrx_word' id='word_1_432' title='bbox 1832 1046 1938 1081; x_wconf 89' lang='lat' dir='ltr'>ethic</span> <span class='ocrx_word' id='word_1_433' title='bbox 1956 1049 1998 1080; x_wconf 91' lang='lat' dir='ltr'>de</span> <span class='ocrx_word' id='word_1_434' title='bbox 2019 1047 2088 1080; x_wconf 81' lang='lat' dir='ltr'>Na-</span> 
     </span>
     <span class='ocr_line' id='line_1_74' title="bbox 1113 1099 2090 1145; baseline -0.008 -8"><span class='ocrx_word' id='word_1_435' title='bbox 1113 1104 1246 1137; x_wconf 88' lang='lat' dir='ltr'>tivitate</span> <span class='ocrx_word' id='word_1_436' title='bbox 1263 1103 1449 1145; x_wconf 87' lang='lat' dir='ltr'>diligenter</span> <span class='ocrx_word' id='word_1_437' title='bbox 1465 1101 1655 1134; x_wconf 86' lang='lat' dir='ltr'>recitantur</span> <span class='ocrx_word' id='word_1_438' title='bbox 1671 1099 1867 1133; x_wconf 88' lang='lat' dir='ltr'>testimonia</span> <span class='ocrx_word' id='word_1_439' title='bbox 1880 1126 1887 1139; x_wconf 96' lang='lat'>,</span> <span class='ocrx_word' id='word_1_440' title='bbox 1916 1110 2004 1143; x_wconf 89' lang='lat' dir='ltr'>quae</span> <span class='ocrx_word' id='word_1_441' title='bbox 2024 1110 2090 1130; x_wconf 89' lang='lat' dir='ltr'>no-</span> 
     </span>
     <span class='ocr_line' id='line_1_75' title="bbox 1113 1149 2089 1190; baseline -0.007 -3"><span class='ocrx_word' id='word_1_442' title='bbox 1113 1155 1166 1187; x_wconf 89' lang='lat' dir='ltr'>bis</span> <span class='ocrx_word' id='word_1_443' title='bbox 1182 1155 1357 1187; x_wconf 91' lang='lat' dir='ltr'>inculcare</span> <span class='ocrx_word' id='word_1_444' title='bbox 1377 1154 1563 1190; x_wconf 90' lang='lat' dir='ltr'>debemus,</span> <span class='ocrx_word' id='word_1_445' title='bbox 1591 1158 1629 1184; x_wconf 88' lang='lat' dir='ltr'>ut</span> <span class='ocrx_word' id='word_1_446' title='bbox 1642 1151 1744 1183; x_wconf 89' lang='lat' dir='ltr'>fidem</span> <span class='ocrx_word' id='word_1_447' title='bbox 1771 1150 1808 1182; x_wconf 90' lang='lat' dir='ltr'>in</span> <span class='ocrx_word' id='word_1_448' title='bbox 1833 1150 1936 1182; x_wconf 85' lang='lat' dir='ltr'>nobis</span> <span class='ocrx_word' id='word_1_449' title='bbox 1961 1149 2089 1181; x_wconf 80' lang='lat' dir='ltr'>confir-</span> 
     </span>
     <span class='ocr_line' id='line_1_76' title="bbox 1277 1198 2091 1244; baseline -0.006 -7"><span class='ocrx_word' id='word_1_450' title='bbox 1277 1204 1380 1237; x_wconf 90' lang='lat' dir='ltr'>lnitio</span> <span class='ocrx_word' id='word_1_451' title='bbox 1400 1211 1501 1237; x_wconf 84' lang='lat' dir='ltr'>testes</span> <span class='ocrx_word' id='word_1_452' title='bbox 1517 1208 1598 1235; x_wconf 87' lang='lat' dir='ltr'>sunt</span> <span class='ocrx_word' id='word_1_453' title='bbox 1615 1202 1657 1233; x_wconf 93' lang='lat' dir='ltr'>de</span> <span class='ocrx_word' id='word_1_454' title='bbox 1673 1208 1829 1244; x_wconf 89' lang='lat' dir='ltr'>tempore</span> <span class='ocrx_word' id='word_1_455' title='bbox 1845 1207 1877 1233; x_wconf 89' lang='lat' dir='ltr'>et</span> <span class='ocrx_word' id='word_1_456' title='bbox 1895 1201 1989 1237; x_wconf 88' lang='lat' dir='ltr'>loco,</span> <span class='ocrx_word' id='word_1_457' title='bbox 2019 1198 2091 1232; x_wconf 85' lang='lat' dir='ltr'>Da-</span> 
     </span>
     <span class='ocr_line' id='line_1_77' title="bbox 1112 1251 2088 1295; baseline -0.005 -8"><span class='ocrx_word' id='word_1_458' title='bbox 1112 1256 1183 1288; x_wconf 91' lang='lat' dir='ltr'>niel</span> <span class='ocrx_word' id='word_1_459' title='bbox 1199 1263 1232 1288; x_wconf 90' lang='lat' dir='ltr'>et</span> <span class='ocrx_word' id='word_1_460' title='bbox 1248 1252 1418 1288; x_wconf 82' lang='lat' dir='ltr'>Micheas.</span> <span class='ocrx_word' id='word_1_461' title='bbox 1471 1252 1560 1286; x_wconf 90' lang='lat' dir='ltr'>Cum</span> <span class='ocrx_word' id='word_1_462' title='bbox 1580 1252 1687 1295; x_wconf 84' lang='lat' dir='ltr'>igitur</span> <span class='ocrx_word' id='word_1_463' title='bbox 1703 1258 1847 1284; x_wconf 86' lang='lat' dir='ltr'>eventus</span> <span class='ocrx_word' id='word_1_464' title='bbox 1867 1251 2088 1294; x_wconf 71' lang='lat' dir='ltr'>respondeat,</span> 
     </span>
     <span class='ocr_line' id='line_1_78' title="bbox 1111 1300 2087 1339; baseline -0.008 0"><span class='ocrx_word' id='word_1_465' title='bbox 1111 1313 1244 1339; x_wconf 89' lang='lat' dir='ltr'>certum</span> <span class='ocrx_word' id='word_1_466' title='bbox 1263 1312 1312 1338; x_wconf 90' lang='lat' dir='ltr'>est</span> <span class='ocrx_word' id='word_1_467' title='bbox 1332 1304 1495 1337; x_wconf 88' lang='lat' dir='ltr'>vaticinia</span> <span class='ocrx_word' id='word_1_468' title='bbox 1521 1304 1578 1335; x_wconf 88' lang='lat' dir='ltr'>illa</span> <span class='ocrx_word' id='word_1_469' title='bbox 1603 1302 1708 1335; x_wconf 87' lang='lat' dir='ltr'>fuisse</span> <span class='ocrx_word' id='word_1_470' title='bbox 1724 1302 1857 1336; x_wconf 87' lang='lat' dir='ltr'>divina.</span> <span class='ocrx_word' id='word_1_471' title='bbox 1914 1300 1988 1334; x_wconf 87' lang='lat' dir='ltr'>lam</span> <span class='ocrx_word' id='word_1_472' title='bbox 2005 1312 2087 1332; x_wconf 84' lang='lat' dir='ltr'>vcro</span> 
     </span>
     <span class='ocr_line' id='line_1_79' title="bbox 1110 1349 2090 1403; baseline -0.007 -13"><span class='ocrx_word' id='word_1_473' title='bbox 1110 1368 1129 1389; x_wconf 84' lang='lat' dir='ltr'>a</span> <span class='ocrx_word' id='word_1_474' title='bbox 1148 1363 1318 1403; x_wconf 88' lang='lat' dir='ltr'>conceptu</span> <span class='ocrx_word' id='word_1_475' title='bbox 1336 1362 1417 1388; x_wconf 87' lang='lat' dir='ltr'>sunt</span> <span class='ocrx_word' id='word_1_476' title='bbox 1435 1361 1553 1393; x_wconf 85' lang='lat' dir='ltr'>testes,</span> <span class='ocrx_word' id='word_1_477' title='bbox 1575 1353 1689 1385; x_wconf 88' lang='lat' dir='ltr'>Maria</span> <span class='ocrx_word' id='word_1_478' title='bbox 1701 1378 1710 1391; x_wconf 91' lang='lat'>,</span> <span class='ocrx_word' id='word_1_479' title='bbox 1730 1350 1854 1399; x_wconf 86' lang='lat' dir='ltr'>loseph</span> <span class='ocrx_word' id='word_1_480' title='bbox 1866 1379 1873 1391; x_wconf 86' lang='lat'>‚</span> <span class='ocrx_word' id='word_1_481' title='bbox 1891 1349 2090 1389; x_wconf 81' lang='lat' dir='ltr'>Zacharias,</span> 
     </span>
     <span class='ocr_line' id='line_1_80' title="bbox 1110 1400 2085 1446; baseline -0.007 -6"><span class='ocrx_word' id='word_1_482' title='bbox 1110 1404 1313 1446; x_wconf 84' lang='lat' dir='ltr'>Elisabeth,</span> <span class='ocrx_word' id='word_1_483' title='bbox 1337 1412 1371 1439; x_wconf 87' lang='lat' dir='ltr'>et</span> <span class='ocrx_word' id='word_1_484' title='bbox 1390 1403 1515 1439; x_wconf 91' lang='lat' dir='ltr'>horum</span> <span class='ocrx_word' id='word_1_485' title='bbox 1533 1403 1697 1437; x_wconf 83' lang='lat' dir='ltr'>familiae.</span> <span class='ocrx_word' id='word_1_486' title='bbox 1752 1401 1783 1436; x_wconf 80' lang='grc' dir='ltr'><strong>Α</strong></span> <span class='ocrx_word' id='word_1_487' title='bbox 1802 1402 2002 1441; x_wconf 89' lang='lat' dir='ltr'>nativitate,</span> <span class='ocrx_word' id='word_1_488' title='bbox 2019 1400 2085 1434; x_wconf 84' lang='lat' dir='ltr'>Pa-</span> 
     </span>
     <span class='ocr_line' id='line_1_81' title="bbox 1110 1452 2005 1500; baseline -0.008 -9"><span class='ocrx_word' id='word_1_489' title='bbox 1110 1465 1239 1496; x_wconf 89' lang='lat' dir='ltr'>stores,</span> <span class='ocrx_word' id='word_1_490' title='bbox 1266 1456 1383 1500; x_wconf 85' lang='lat' dir='ltr'>Magi,</span> <span class='ocrx_word' id='word_1_491' title='bbox 1411 1455 1575 1496; x_wconf 86' lang='lat' dir='ltr'>Simeon,</span> <span class='ocrx_word' id='word_1_492' title='bbox 1602 1452 1727 1495; x_wconf 84' lang='lat' dir='ltr'>Anna,</span> <span class='ocrx_word' id='word_1_493' title='bbox 1755 1460 1788 1487; x_wconf 87' lang='lat' dir='ltr'>et</span> <span class='ocrx_word' id='word_1_494' title='bbox 1811 1453 1914 1486; x_wconf 90' lang='lat' dir='ltr'>multi</span> <span class='ocrx_word' id='word_1_495' title='bbox 1933 1452 2005 1485; x_wconf 89' lang='lat' dir='ltr'>alii.</span> 
     </span>
    </p>
   </div>
   <div class='ocr_carea' id='block_1_20' title="bbox 1104 1509 2088 2278">
    <p class='ocr_par' dir='ltr' id='par_1_22' title="bbox 1108 1509 2088 1859">
     <span class='ocr_line' id='line_1_82' title="bbox 1212 1509 2085 1559; baseline -0.008 -9"><span class='ocrx_word' id='word_1_496' title='bbox 1212 1516 1274 1551; x_wconf 80' lang='lat' dir='ltr'>Est</span> <span class='ocrx_word' id='word_1_497' title='bbox 1301 1516 1409 1559; x_wconf 85' lang='lat' dir='ltr'>igitur</span> <span class='ocrx_word' id='word_1_498' title='bbox 1428 1514 1582 1549; x_wconf 89' lang='lat' dir='ltr'>Ecclesia</span> <span class='ocrx_word' id='word_1_499' title='bbox 1608 1513 1760 1547; x_wconf 86' lang='lat' dir='ltr'>visibilis</span> <span class='ocrx_word' id='word_1_500' title='bbox 1786 1519 1924 1552; x_wconf 88' lang='lat' dir='ltr'>coetus,</span> <span class='ocrx_word' id='word_1_501' title='bbox 1952 1509 2085 1544; x_wconf 90' lang='lat' dir='ltr'>habens</span> 
     </span>
     <span class='ocr_line' id='line_1_83' title="bbox 1110 1563 2086 1602; baseline -0.008 -1"><span class='ocrx_word' id='word_1_502' title='bbox 1110 1576 1201 1602; x_wconf 89' lang='lat' dir='ltr'>certa</span> <span class='ocrx_word' id='word_1_503' title='bbox 1227 1567 1428 1602; x_wconf 86' lang='lat' dir='ltr'>testimonia</span> <span class='ocrx_word' id='word_1_504' title='bbox 1447 1565 1632 1599; x_wconf 89' lang='lat' dir='ltr'>hominum</span> <span class='ocrx_word' id='word_1_505' title='bbox 1653 1576 1732 1597; x_wconf 78' lang='lat' dir='ltr'>vere</span> <span class='ocrx_word' id='word_1_506' title='bbox 1751 1563 2026 1596; x_wconf 86' lang='lat' dir='ltr'>asseverantium</span> <span class='ocrx_word' id='word_1_507' title='bbox 2047 1574 2086 1593; x_wconf 87' lang='lat' dir='ltr'>ea</span> 
     </span>
     <span class='ocr_line' id='line_1_84' title="bbox 1109 1613 2088 1664; baseline -0.008 -11"><span class='ocrx_word' id='word_1_508' title='bbox 1109 1632 1197 1664; x_wconf 89' lang='lat' dir='ltr'>quae</span> <span class='ocrx_word' id='word_1_509' title='bbox 1213 1618 1308 1652; x_wconf 91' lang='lat' dir='ltr'>Deus</span> <span class='ocrx_word' id='word_1_510' title='bbox 1327 1618 1480 1652; x_wconf 88' lang='lat' dir='ltr'>ostendit</span> <span class='ocrx_word' id='word_1_511' title='bbox 1493 1644 1501 1657; x_wconf 92' lang='lat'>,</span> <span class='ocrx_word' id='word_1_512' title='bbox 1523 1616 1658 1649; x_wconf 86' lang='lat' dir='ltr'>etiarnsi</span> <span class='ocrx_word' id='word_1_513' title='bbox 1683 1613 1766 1648; x_wconf 91' lang='lat' dir='ltr'>haec</span> <span class='ocrx_word' id='word_1_514' title='bbox 1786 1613 1984 1648; x_wconf 88' lang='lat' dir='ltr'>testimonia</span> <span class='ocrx_word' id='word_1_515' title='bbox 2004 1624 2088 1656; x_wconf 91' lang='lat' dir='ltr'>pro-</span> 
     </span>
     <span class='ocr_line' id='line_1_85' title="bbox 1111 1662 2088 1713; baseline -0.008 -10"><span class='ocrx_word' id='word_1_516' title='bbox 1111 1677 1186 1712; x_wconf 86' lang='lat' dir='ltr'>pter</span> <span class='ocrx_word' id='word_1_517' title='bbox 1211 1680 1376 1713; x_wconf 87' lang='lat' dir='ltr'>personas</span> <span class='ocrx_word' id='word_1_518' title='bbox 1400 1667 1592 1700; x_wconf 90' lang='lat' dir='ltr'>imbecilles</span> <span class='ocrx_word' id='word_1_519' title='bbox 1624 1671 1911 1698; x_wconf 85' lang='lat' dir='ltr'>contemnuntur.</span> <span class='ocrx_word' id='word_1_520' title='bbox 1953 1662 2000 1696; x_wconf 80' lang='lat' dir='ltr'>Ut</span> <span class='ocrx_word' id='word_1_521' title='bbox 2027 1674 2088 1706; x_wconf 90' lang='lat' dir='ltr'>pa-</span> 
     </span>
     <span class='ocr_line' id='line_1_86' title="bbox 1108 1715 2087 1759; baseline -0.009 -6"><span class='ocrx_word' id='word_1_522' title='bbox 1108 1727 1243 1753; x_wconf 88' lang='lat' dir='ltr'>storum</span> <span class='ocrx_word' id='word_1_523' title='bbox 1266 1718 1421 1751; x_wconf 89' lang='lat' dir='ltr'>narratio</span> <span class='ocrx_word' id='word_1_524' title='bbox 1448 1729 1465 1749; x_wconf 89' lang='lat' dir='ltr'>a</span> <span class='ocrx_word' id='word_1_525' title='bbox 1491 1716 1612 1749; x_wconf 91' lang='lat' dir='ltr'>multis</span> <span class='ocrx_word' id='word_1_526' title='bbox 1639 1722 1751 1759; x_wconf 91' lang='lat' dir='ltr'>spreta</span> <span class='ocrx_word' id='word_1_527' title='bbox 1777 1715 1864 1752; x_wconf 87' lang='lat' dir='ltr'>fuit,</span> <span class='ocrx_word' id='word_1_528' title='bbox 1904 1720 1936 1746; x_wconf 88' lang='lat' dir='ltr'>et</span> <span class='ocrx_word' id='word_1_529' title='bbox 1971 1720 2087 1745; x_wconf 91' lang='lat' dir='ltr'>tamen</span> 
     </span>
     <span class='ocr_line' id='line_1_87' title="bbox 1109 1765 2086 1815; baseline -0.007 -12"><span class='ocrx_word' id='word_1_530' title='bbox 1109 1771 1219 1815; x_wconf 88' lang='lat' dir='ltr'>aliqui</span> <span class='ocrx_word' id='word_1_531' title='bbox 1246 1770 1348 1803; x_wconf 84' lang='lat' dir='ltr'>etiam</span> <span class='ocrx_word' id='word_1_532' title='bbox 1382 1769 1419 1800; x_wconf 88' lang='lat' dir='ltr'>in</span> <span class='ocrx_word' id='word_1_533' title='bbox 1446 1767 1627 1800; x_wconf 85' lang='lat' dir='ltr'>functione</span> <span class='ocrx_word' id='word_1_534' title='bbox 1656 1765 1835 1798; x_wconf 89' lang='lat' dir='ltr'>ordinaria</span> <span class='ocrx_word' id='word_1_535' title='bbox 1867 1765 2086 1797; x_wconf 87' lang='lat' dir='ltr'>sacerdotum</span> 
     </span>
     <span class='ocr_line' id='line_1_88' title="bbox 1108 1815 1890 1859; baseline -0.006 -5"><span class='ocrx_word' id='word_1_536' title='bbox 1108 1822 1252 1855; x_wconf 90' lang='lat' dir='ltr'>fuerunt</span> <span class='ocrx_word' id='word_1_537' title='bbox 1269 1827 1391 1859; x_wconf 86' lang='lat' dir='ltr'>testes,</span> <span class='ocrx_word' id='word_1_538' title='bbox 1418 1825 1456 1851; x_wconf 88' lang='lat' dir='ltr'>ut</span> <span class='ocrx_word' id='word_1_539' title='bbox 1476 1815 1666 1850; x_wconf 85' lang='lat' dir='ltr'>Zacharias</span> <span class='ocrx_word' id='word_1_540' title='bbox 1685 1823 1717 1849; x_wconf 86' lang='lat' dir='ltr'>et</span> <span class='ocrx_word' id='word_1_541' title='bbox 1734 1816 1890 1849; x_wconf 85' lang='lat' dir='ltr'>Simeon.</span> 
     </span>
    </p>

    <p class='ocr_par' dir='ltr' id='par_1_23' title="bbox 1104 1873 2088 2278">
     <span class='ocr_line' id='line_1_89' title="bbox 1209 1873 2088 1920; baseline -0.01 -9"><span class='ocrx_word' id='word_1_542' title='bbox 1209 1878 1282 1912; x_wconf 84' lang='lat' dir='ltr'>Nos</span> <span class='ocrx_word' id='word_1_543' title='bbox 1309 1890 1389 1910; x_wconf 91' lang='lat' dir='ltr'>vero</span> <span class='ocrx_word' id='word_1_544' title='bbox 1416 1877 1602 1918; x_wconf 89' lang='lat' dir='ltr'>diligenter</span> <span class='ocrx_word' id='word_1_545' title='bbox 1630 1886 1667 1907; x_wconf 91' lang='lat' dir='ltr'>ea</span> <span class='ocrx_word' id='word_1_546' title='bbox 1699 1873 1803 1906; x_wconf 89' lang='lat' dir='ltr'>nobis</span> <span class='ocrx_word' id='word_1_547' title='bbox 1833 1883 2088 1920; x_wconf 89' lang='lat' dir='ltr'>proponamus,</span> 
     </span>
     <span class='ocr_line' id='line_1_90' title="bbox 1107 1921 2084 1975; baseline -0.008 -13"><span class='ocrx_word' id='word_1_548' title='bbox 1107 1930 1188 1975; x_wconf 90' lang='lat' dir='ltr'>quia</span> <span class='ocrx_word' id='word_1_549' title='bbox 1214 1929 1298 1961; x_wconf 86' lang='lat' dir='ltr'>fides</span> <span class='ocrx_word' id='word_1_550' title='bbox 1320 1928 1478 1970; x_wconf 86' lang='lat' dir='ltr'>exemplo</span> <span class='ocrx_word' id='word_1_551' title='bbox 1504 1926 1742 1958; x_wconf 82' lang='lat' dir='ltr'>membrorum</span> <span class='ocrx_word' id='word_1_552' title='bbox 1760 1921 1936 1956; x_wconf 88' lang='lat' dir='ltr'>Ecclesiae</span> <span class='ocrx_word' id='word_1_553' title='bbox 1955 1922 2084 1955; x_wconf 79' lang='lat' dir='ltr'>confir-</span> 
     </span>
     <span class='ocr_line' id='line_1_91' title="bbox 1107 1973 2087 2013; baseline -0.009 0"><span class='ocrx_word' id='word_1_554' title='bbox 1107 1987 1222 2013; x_wconf 88' lang='lat' dir='ltr'>matur</span> <span class='ocrx_word' id='word_1_555' title='bbox 1239 1981 1282 2012; x_wconf 88' lang='lat' dir='ltr'>de</span> <span class='ocrx_word' id='word_1_556' title='bbox 1303 1979 1468 2012; x_wconf 87' lang='lat' dir='ltr'>omnibns</span> <span class='ocrx_word' id='word_1_557' title='bbox 1485 1976 1656 2009; x_wconf 85' lang='lat' dir='ltr'>articulis.</span> <span class='ocrx_word' id='word_1_558' title='bbox 1709 1974 1824 2008; x_wconf 88' lang='lat' dir='ltr'>Simul</span> <span class='ocrx_word' id='word_1_559' title='bbox 1849 1974 1950 2007; x_wconf 88' lang='lat' dir='ltr'>etiam</span> <span class='ocrx_word' id='word_1_560' title='bbox 1970 1973 2087 2005; x_wconf 91' lang='lat' dir='ltr'>consi-</span> 
     </span>
     <span class='ocr_line' id='line_1_92' title="bbox 1106 2023 2085 2070; baseline -0.009 -6"><span class='ocrx_word' id='word_1_561' title='bbox 1106 2032 1267 2064; x_wconf 90' lang='lat' dir='ltr'>deremus</span> <span class='ocrx_word' id='word_1_562' title='bbox 1292 2028 1617 2063; x_wconf 89' lang='lat' dir='ltr'>dissimilitudinem</span> <span class='ocrx_word' id='word_1_563' title='bbox 1644 2024 1819 2059; x_wconf 87' lang='lat' dir='ltr'>Ecclesiae</span> <span class='ocrx_word' id='word_1_564' title='bbox 1850 2031 1882 2058; x_wconf 88' lang='lat' dir='ltr'>et</span> <span class='ocrx_word' id='word_1_565' title='bbox 1916 2023 2085 2070; x_wconf 84' lang='lat' dir='ltr'>imperio—</span> 
     </span>
     <span class='ocr_line' id='line_1_93' title="bbox 1106 2074 2086 2121; baseline -0.01 -6"><span class='ocrx_word' id='word_1_566' title='bbox 1106 2094 1196 2121; x_wconf 85' lang='lat' dir='ltr'>rum,</span> <span class='ocrx_word' id='word_1_567' title='bbox 1224 2088 1258 2114; x_wconf 89' lang='lat' dir='ltr'>et</span> <span class='ocrx_word' id='word_1_568' title='bbox 1274 2080 1424 2113; x_wconf 89' lang='lat' dir='ltr'>sciamus</span> <span class='ocrx_word' id='word_1_569' title='bbox 1439 2077 1635 2112; x_wconf 85' lang='lat' dir='ltr'>Ecclesiam</span> <span class='ocrx_word' id='word_1_570' title='bbox 1653 2089 1725 2109; x_wconf 93' lang='lat' dir='ltr'>non</span> <span class='ocrx_word' id='word_1_571' title='bbox 1745 2087 1817 2108; x_wconf 89' lang='lat' dir='ltr'>esse</span> <span class='ocrx_word' id='word_1_572' title='bbox 1835 2077 1911 2108; x_wconf 92' lang='lat' dir='ltr'>sine</span> <span class='ocrx_word' id='word_1_573' title='bbox 1929 2074 2086 2108; x_wconf 80' lang='lat' dir='ltr'>testimo-</span> 
     </span>
     <span class='ocr_line' id='line_1_94' title="bbox 1105 2125 2085 2174; baseline -0.009 -9"><span class='ocrx_word' id='word_1_574' title='bbox 1105 2133 1192 2172; x_wconf 89' lang='lat' dir='ltr'>niis,</span> <span class='ocrx_word' id='word_1_575' title='bbox 1220 2130 1357 2165; x_wconf 87' lang='lat' dir='ltr'>etiamsi</span> <span class='ocrx_word' id='word_1_576' title='bbox 1386 2142 1458 2170; x_wconf 81' lang='lat' dir='ltr'>reS,</span> <span class='ocrx_word' id='word_1_577' title='bbox 1486 2141 1575 2174; x_wconf 86' lang='lat' dir='ltr'>quae</span> <span class='ocrx_word' id='word_1_578' title='bbox 1601 2129 1637 2160; x_wconf 91' lang='lat' dir='ltr'>in</span> <span class='ocrx_word' id='word_1_579' title='bbox 1662 2139 1700 2161; x_wconf 88' lang='lat' dir='ltr'>ea</span> <span class='ocrx_word' id='word_1_580' title='bbox 1723 2133 1911 2170; x_wconf 86' lang='lat' dir='ltr'>geruntur,</span> <span class='ocrx_word' id='word_1_581' title='bbox 1940 2137 2011 2157; x_wconf 91' lang='lat' dir='ltr'>non</span> <span class='ocrx_word' id='word_1_582' title='bbox 2037 2125 2085 2156; x_wconf 92' lang='lat' dir='ltr'>sic</span> 
     </span>
     <span class='ocr_line' id='line_1_95' title="bbox 1106 2174 2079 2217; baseline -0.009 -2"><span class='ocrx_word' id='word_1_583' title='bbox 1106 2184 1291 2216; x_wconf 90' lang='lat' dir='ltr'>incurrunt</span> <span class='ocrx_word' id='word_1_584' title='bbox 1309 2182 1346 2214; x_wconf 91' lang='lat' dir='ltr'>in</span> <span class='ocrx_word' id='word_1_585' title='bbox 1363 2181 1484 2215; x_wconf 81' lang='lat' dir='ltr'>oculos</span> <span class='ocrx_word' id='word_1_586' title='bbox 1503 2179 1682 2216; x_wconf 89' lang='lat' dir='ltr'>omnium,</span> <span class='ocrx_word' id='word_1_587' title='bbox 1708 2186 1746 2212; x_wconf 90' lang='lat' dir='ltr'>ut</span> <span class='ocrx_word' id='word_1_588' title='bbox 1770 2177 1939 2210; x_wconf 82' lang='lat' dir='ltr'>exercitus</span> <span class='ocrx_word' id='word_1_589' title='bbox 1963 2174 2079 2217; x_wconf 82' lang='lat' dir='ltr'>magni</span> 
     </span>
     <span class='ocr_line' id='line_1_96' title="bbox 1104 2229 2034 2278; baseline -0.01 -11"><span class='ocrx_word' id='word_1_590' title='bbox 1104 2234 1354 2278; x_wconf 88' lang='lat' dir='ltr'>imperiorum,</span> <span class='ocrx_word' id='word_1_591' title='bbox 1382 2232 1442 2277; x_wconf 92' lang='lat' dir='ltr'>qui</span> <span class='ocrx_word' id='word_1_592' title='bbox 1460 2237 1694 2275; x_wconf 84' lang='lat' dir='ltr'>pervagantur</span> <span class='ocrx_word' id='word_1_593' title='bbox 1711 2229 1831 2261; x_wconf 87' lang='lat' dir='ltr'>orbem</span> <span class='ocrx_word' id='word_1_594' title='bbox 1851 2235 2034 2261; x_wconf 86' lang='lat' dir='ltr'>terrarum.</span> 
     </span>
    </p>
   </div>
   <div class='ocr_carea' id='block_1_21' title="bbox 1112 1212 1219 1240">
    <p class='ocr_par' dir='ltr' id='par_1_24' title="bbox 1112 1212 1219 1240">
     <span class='ocr_line' id='line_1_97' title="bbox 1112 1212 1219 1240; baseline 0.028 -3"><span class='ocrx_word' id='word_1_595' title='bbox 1112 1212 1219 1240; x_wconf 86' lang='lat' dir='ltr'>ment.</span> 
     </span>
    </p>
   </div>
   <div class='ocr_carea' id='block_1_22' title="bbox 1498 2312 1683 2337">
    <p class='ocr_par' dir='ltr' id='par_1_25' title="bbox 1498 2312 1683 2337">
     <span class='ocr_line' id='line_1_98' title="bbox 1498 2312 1683 2337; baseline -0.016 0"><span class='ocrx_word' id='word_1_596' title='bbox 1498 2313 1543 2337; x_wconf 87' lang='lat' dir='ltr'>De</span> <span class='ocrx_word' id='word_1_597' title='bbox 1572 2312 1683 2335; x_wconf 60' lang='lat' dir='ltr'>sexta</span> 
     </span>
    </p>
   </div>
   <div class='ocr_carea' id='block_1_23' title="bbox 1101 2362 2083 2709">
    <p class='ocr_par' dir='ltr' id='par_1_26' title="bbox 1101 2362 2083 2709">
     <span class='ocr_line' id='line_1_99' title="bbox 1205 2362 2082 2409; baseline -0.01 -9"><span class='ocrx_word' id='word_1_598' title='bbox 1205 2365 1373 2400; x_wconf 89' lang='lat' dir='ltr'>Doctrina</span> <span class='ocrx_word' id='word_1_599' title='bbox 1398 2365 1582 2409; x_wconf 82' lang='lat' dir='ltr'>praecipue</span> <span class='ocrx_word' id='word_1_600' title='bbox 1608 2362 1827 2396; x_wconf 87' lang='lat' dir='ltr'>observanda</span> <span class='ocrx_word' id='word_1_601' title='bbox 1861 2367 1930 2396; x_wconf 76' lang='lat' dir='ltr'>est,</span> <span class='ocrx_word' id='word_1_602' title='bbox 1965 2366 1996 2392; x_wconf 87' lang='lat' dir='ltr'>et</span> <span class='ocrx_word' id='word_1_603' title='bbox 2021 2371 2082 2401; x_wconf 83' lang='lat' dir='ltr'>ap·</span> 
     </span>
     <span class='ocr_line' id='line_1_100' title="bbox 1103 2411 2081 2462; baseline -0.012 -10"><span class='ocrx_word' id='word_1_604' title='bbox 1103 2418 1246 2462; x_wconf 88' lang='lat' dir='ltr'>plicatio</span> <span class='ocrx_word' id='word_1_605' title='bbox 1266 2415 1434 2450; x_wconf 89' lang='lat' dir='ltr'>historiae</span> <span class='ocrx_word' id='word_1_606' title='bbox 1453 2412 1684 2447; x_wconf 87' lang='lat' dir='ltr'>inhocdicto:</span> <span class='ocrx_word' id='word_1_607' title='bbox 1707 2411 1810 2452; x_wconf 89' lang='lat' dir='ltr'>Ecce,</span> <span class='ocrx_word' id='word_1_608' title='bbox 1830 2411 2009 2443; x_wconf 86' lang='lat' dir='ltr'>annuncio</span> <span class='ocrx_word' id='word_1_609' title='bbox 2021 2422 2081 2441; x_wconf 76' lang='lat' dir='ltr'>vo·-</span> 
     </span>
     <span class='ocr_line' id='line_1_101' title="bbox 1103 2459 2083 2512; baseline -0.011 -9"><span class='ocrx_word' id='word_1_610' title='bbox 1103 2470 1156 2503; x_wconf 84' lang='lat' dir='ltr'>bis</span> <span class='ocrx_word' id='word_1_611' title='bbox 1177 2469 1343 2512; x_wconf 89' lang='lat' dir='ltr'>gaudium</span> <span class='ocrx_word' id='word_1_612' title='bbox 1364 2478 1529 2509; x_wconf 87' lang='lat' dir='ltr'>magnum</span> <span class='ocrx_word' id='word_1_613' title='bbox 1542 2492 1549 2505; x_wconf 95' lang='lat'>‚</span> <span class='ocrx_word' id='word_1_614' title='bbox 1578 2471 1681 2497; x_wconf 91' lang='lat' dir='ltr'>natus</span> <span class='ocrx_word' id='word_1_615' title='bbox 1698 2471 1746 2497; x_wconf 92' lang='lat' dir='ltr'>est</span> <span class='ocrx_word' id='word_1_616' title='bbox 1765 2463 1864 2495; x_wconf 89' lang='lat' dir='ltr'>vobis</span> <span class='ocrx_word' id='word_1_617' title='bbox 1882 2459 1986 2493; x_wconf 87' lang='lat' dir='ltr'>hodie</span> <span class='ocrx_word' id='word_1_618' title='bbox 2013 2460 2083 2492; x_wconf 88' lang='lat' dir='ltr'>sal-</span> 
     </span>
     <span class='ocr_line' id='line_1_102' title="bbox 1102 2508 2082 2556; baseline -0.013 -2"><span class='ocrx_word' id='word_1_619' title='bbox 1102 2527 1201 2554; x_wconf 87' lang='lat' dir='ltr'>vator</span> <span class='ocrx_word' id='word_1_620' title='bbox 1221 2517 1395 2552; x_wconf 88' lang='lat' dir='ltr'>Christus.</span> <span class='ocrx_word' id='word_1_621' title='bbox 1449 2517 1554 2550; x_wconf 76' lang='lat' dir='ltr'>Nulla</span> <span class='ocrx_word' id='word_1_622' title='bbox 1573 2522 1728 2549; x_wconf 84' lang='lat' dir='ltr'>creatura</span> <span class='ocrx_word' id='word_1_623' title='bbox 1755 2518 1866 2556; x_wconf 85' lang='lat' dir='ltr'>potest</span> <span class='ocrx_word' id='word_1_624' title='bbox 1894 2508 1997 2543; x_wconf 89' lang='lat' dir='ltr'>huius</span> <span class='ocrx_word' id='word_1_625' title='bbox 2021 2512 2082 2543; x_wconf 83' lang='lat' dir='ltr'>ad-</span> 
     </span>
     <span class='ocr_line' id='line_1_103' title="bbox 1102 2562 2082 2605; baseline -0.01 -1"><span class='ocrx_word' id='word_1_626' title='bbox 1102 2571 1261 2603; x_wconf 86' lang='lat' dir='ltr'>mirandi</span> <span class='ocrx_word' id='word_1_627' title='bbox 1282 2569 1421 2603; x_wconf 84' lang='lat' dir='ltr'>consilii</span> <span class='ocrx_word' id='word_1_628' title='bbox 1439 2578 1557 2601; x_wconf 84' lang='lat' dir='ltr'>causas</span> <span class='ocrx_word' id='word_1_629' title='bbox 1576 2573 1607 2599; x_wconf 92' lang='lat' dir='ltr'>et</span> <span class='ocrx_word' id='word_1_630' title='bbox 1627 2563 1905 2605; x_wconf 78' lang='lat' dir='ltr'>magnitudinem</span> <span class='ocrx_word' id='word_1_631' title='bbox 1925 2562 2008 2595; x_wconf 90' lang='lat' dir='ltr'>satis</span> <span class='ocrx_word' id='word_1_632' title='bbox 2025 2573 2082 2594; x_wconf 79' lang='lat' dir='ltr'>ex-</span> 
     </span>
     <span class='ocr_line' id='line_1_104' title="bbox 1101 2612 2078 2665; baseline -0.011 -10"><span class='ocrx_word' id='word_1_633' title='bbox 1101 2623 1275 2665; x_wconf 86' lang='lat' dir='ltr'>pendere,</span> <span class='ocrx_word' id='word_1_634' title='bbox 1311 2621 1382 2653; x_wconf 89' lang='lat' dir='ltr'>imo</span> <span class='ocrx_word' id='word_1_635' title='bbox 1407 2617 1559 2652; x_wconf 85' lang='lat' dir='ltr'>humana</span> <span class='ocrx_word' id='word_1_636' title='bbox 1587 2616 1678 2649; x_wconf 91' lang='lat' dir='ltr'>ratio</span> <span class='ocrx_word' id='word_1_637' title='bbox 1703 2612 1788 2646; x_wconf 88' lang='lat' dir='ltr'>haec</span> <span class='ocrx_word' id='word_1_638' title='bbox 1813 2613 1979 2652; x_wconf 81' lang='lat' dir='ltr'>audiens,</span> <span class='ocrx_word' id='word_1_639' title='bbox 2014 2612 2078 2646; x_wconf 87' lang='lat' dir='ltr'>Dei</span> 
     </span>
     <span class='ocr_line' id='line_1_105' title="bbox 1101 2664 2079 2709; baseline -0.01 -3"><span class='ocrx_word' id='word_1_640' title='bbox 1101 2672 1231 2706; x_wconf 88' lang='lat' dir='ltr'>Filium</span> <span class='ocrx_word' id='word_1_641' title='bbox 1256 2672 1401 2704; x_wconf 89' lang='lat' dir='ltr'>missum</span> <span class='ocrx_word' id='word_1_642' title='bbox 1420 2681 1489 2701; x_wconf 84' lang='lat' dir='ltr'>esse</span> <span class='ocrx_word' id='word_1_643' title='bbox 1503 2695 1510 2708; x_wconf 88' lang='lat'>‚</span> <span class='ocrx_word' id='word_1_644' title='bbox 1535 2674 1571 2700; x_wconf 92' lang='lat' dir='ltr'>ut</span> <span class='ocrx_word' id='word_1_645' title='bbox 1588 2665 1760 2709; x_wconf 89' lang='lat' dir='ltr'>supplicio</span> <span class='ocrx_word' id='word_1_646' title='bbox 1778 2664 1986 2701; x_wconf 78' lang='lat' dir='ltr'>afficeretur,</span> <span class='ocrx_word' id='word_1_647' title='bbox 2014 2664 2079 2696; x_wconf 76' lang='lat' dir='ltr'>ol)—</span> 
     </span>
    </p>
   </div>
  </div>
 </body>
</html>
