2409 2915
0 2508 30 2539 in-

0 2611 33 2641 itte

0 2657 33 2695 :hm

121 107 194 143 497

117 243 256 278 Clarius
279 251 394 278 autem
419 243 626 285 intelligitur
649 240 705 275 hic
737 243 850 283 locus,
883 245 1098 278 considerata

118 292 297 328 antithesi.

118 351 151 378 et
167 346 282 388 augeri
299 345 485 377 acerbitate
503 343 687 376 vindictae.

1090 423 1098 435 ἱ

119 457 182 479 nec
215 452 330 478 tamen
357 454 566 488 quaeramus
596 444 768 488 privatam
795 445 1004 485 vindictam,
1038 449 1096 479 sed

117 495 228 529 exitus
238 493 310 528 Deo
329 495 623 528 commendemus.
652 493 698 529 Et
715 507 793 528 cum
809 507 847 528 ex
866 496 980 528 officio
1000 508 1098 529 exer-

116 546 224 579 cenda
239 551 289 578 est
305 545 478 584 vindicta,
506 545 705 588 mitigemus
722 557 808 585 eam,
836 546 924 579 sicut
941 547 1096 591 exempla

114 594 242 634 David,
267 601 376 629 totam
394 593 484 628 banc
501 596 696 629 doctrinam
717 597 878 639 pingunt.
906 596 1095 641 Nunquam

114 645 229 679 voluit
245 645 387 679 Saulem
405 646 618 687 interficere,
646 647 773 680 deinde
791 659 950 689 regnans,
979 659 1097 680 neces-

114 696 241 729 sariam
258 696 466 736 vindictam,
489 703 607 730 tamen
623 709 722 741 saepe
739 698 945 741 temperavit
960 698 1095 730 miseri-

112 746 250 787 cordia,
278 747 431 790 pepercit
449 747 574 781 Semei.
628 747 707 781 Huc
730 748 905 792 pertinent
927 748 1036 781 multa
1059 748 1095 780 in

113 795 272 837 Psalmis,
287 804 325 830 ut
343 796 552 833 Psalm.36.:
591 797 791 832 Saevientes
809 799 1094 831 exterminabun-

112 854 192 888 tur,
218 848 431 881 sustinentes
456 855 571 882 autem
599 849 796 882 Dominum
827 847 1094 882 haereditabunt

113 903 255 931 terram.
308 896 446 932 Pharao
470 899 604 932 deletus
627 906 695 940 est,
723 900 806 933 vicit
828 899 944 935 lsrael.
996 898 1093 942 Apo-

113 948 195 982 stoli
216 949 390 982 interfecti
414 957 513 990 sunt,
539 951 667 983 mansit
691 957 806 983 tamen
825 948 979 982 Ecclesia
999 950 1092 982 dele-

112 999 158 1032 tis
178 999 349 1044 tyrannis.
403 999 581 1033 Promittit
605 1001 713 1042 igitur
736 999 792 1033 hic
816 1001 1006 1033 versiculus
1031 1012 1093 1043 op-

111 1049 250 1093 pressis,
278 1056 312 1082 et
329 1049 468 1083 vindice
486 1051 696 1091 carentibus,
724 1063 762 1083 ac
778 1062 849 1083 non
868 1051 1003 1094 cupidis
1023 1051 1094 1093 pri-

111 1106 211 1133 vatae
227 1099 422 1140 vindictae,
450 1101 749 1133 conservationem
767 1101 869 1133 etiam
888 1101 923 1132 in
942 1108 1043 1135 terra.

212 1149 425 1195 Quanquam
457 1157 574 1184 autem
600 1148 685 1183 haec
717 1151 858 1195 proprie
891 1151 1093 1184 scribuntur

113 1207 257 1245 propter
273 1198 464 1233 Ecclesiam
477 1227 486 1243 ,
514 1207 630 1234 tamen
648 1208 685 1234 ut
704 1213 757 1234 res
774 1202 816 1234 sit
832 1202 940 1243 magis
959 1202 1094 1245 perspi-

113 1262 196 1288 cua,
231 1251 333 1283 etiam
365 1251 505 1294 politica
538 1252 694 1294 exempla
726 1251 998 1286 consideremus,
1055 1250 1093 1283 ln

112 1301 255 1345 politica
279 1301 434 1341 iusticia,
461 1301 644 1334 clementia
668 1301 908 1346 principibus,
936 1308 968 1333 et
993 1312 1094 1333 man-

113 1351 261 1384 suetudo
278 1350 422 1393 privatis
437 1351 534 1383 utilis
551 1357 610 1383 est.
647 1349 814 1389 Econtra,
843 1349 982 1382 saevitia
1001 1350 1093 1382 mul-

112 1401 156 1435 tis
172 1400 277 1434 exitio
293 1400 369 1440 suit,
394 1412 465 1433 non
481 1401 593 1433 solum
612 1400 817 1433 monstrosis
835 1400 1004 1445 tyrannis,
1032 1400 1091 1444 qui

111 1451 216 1484 etiam
241 1450 319 1483 aliis
339 1450 527 1484 sceleribus
549 1451 675 1494 polluti
700 1457 818 1491 erant,
844 1457 882 1484 ut
899 1448 1094 1490 Phalaridi,

110 1499 296 1545 Dionysio,
320 1500 471 1542 Neroni,
499 1502 557 1534 sed
575 1501 678 1534 etiam
697 1501 828 1546 alioqui
845 1501 1093 1538 mediocribus,

110 1558 148 1585 ut
165 1550 354 1591 Pertinaci,
381 1549 589 1585 Aureliano.
642 1549 688 1585 Et
703 1563 804 1595 saepe
823 1551 993 1590 videmus,
1022 1552 1094 1595 pri-

111 1608 207 1635 vatas
221 1601 434 1634 offensiones
448 1613 590 1645 magnas
612 1602 780 1645 patientia
797 1602 924 1636 sanari.

202 1651 304 1684 Hanc
320 1652 498 1685 lenitatem
515 1653 663 1685 maxime
679 1653 810 1695 flagitat
823 1650 994 1692 Christus,
1012 1652 1094 1694 quia

112 1703 149 1736 in
166 1699 320 1735 Ecclesia
338 1702 500 1735 incidunt
522 1703 736 1746 periculosae
758 1702 986 1742 offensiones,
1013 1702 1092 1735 ideo

112 1754 215 1787 toties
238 1752 338 1785 dicit:
373 1751 575 1793 Remittite,
603 1759 635 1785 et
660 1753 854 1785 remittetur
880 1753 992 1785 vobis.
1046 1751 1093 1785 Et

111 1801 274 1838 Christus
296 1803 417 1836 lavans
438 1803 542 1846 pedes
565 1802 762 1844 Apostolis,
790 1803 864 1835 vult
888 1815 951 1835 nos
972 1814 1092 1835 sanare

113 1854 325 1888 offensiones
341 1853 437 1886 omni
454 1865 578 1896 genere
594 1853 711 1893 officii,
739 1853 816 1885 ideo
835 1853 934 1886 dicit:
963 1852 1093 1886 Exem-

112 1905 210 1949 plum
228 1904 308 1937 dedi
326 1904 436 1937 vobis.
484 1902 529 1937 Et
540 1903 663 1937 Petrus
680 1904 812 1948 inquit:
842 1903 992 1937 Dilectio
1011 1904 1093 1947 tegit

112 1961 263 2000 peccata.
303 1953 378 1987 Hae
396 1955 586 1987 sententiae
602 1966 724 1988 omnes
741 1952 808 1987 buc
825 1955 1093 1991 transferantur,

112 2004 160 2040 Et
185 2005 267 2050 quia
295 2005 332 2037 in
354 2005 518 2049 periculis
540 2005 670 2045 famae,
702 2011 762 2038 aut
786 2017 919 2044 rerum,
954 2004 982 2036 si
1005 2004 1094 2037 desit

113 2055 254 2095 vindex,
281 2055 444 2088 timemus
461 2067 524 2089 nos
542 2062 574 2089 et
590 2062 708 2089 nostra
729 2055 881 2100 peritura
901 2066 985 2094 esse,
1014 2054 1093 2087 ideo

115 2103 173 2138 hic
188 2105 405 2149 promittitur
421 2107 649 2146 conservatio,
676 2119 753 2140 curn
771 2106 831 2139 ait:
859 2105 1095 2139 Possidebunt

114 2163 261 2195 terram,
296 2155 384 2188 sicut
414 2154 522 2188 lsrael
553 2156 588 2188 in
623 2155 780 2200 Aegypto
814 2156 1095 2195 conservabatur,

115 2206 248 2242 etiamsi
269 2206 470 2239 mandatum
490 2212 562 2239 erat
578 2213 615 2240 ut
634 2207 784 2240 infantes
805 2206 1095 2241 interficerentur.

234 2295 334 2328 Beati
356 2296 412 2339 qui
435 2296 553 2328 sitiunt
575 2299 605 2327 et
629 2295 780 2327 esuriunt
802 2296 979 2328 iusticiam.

217 2357 324 2392 Sitire
339 2357 512 2391 iusticiam
531 2364 598 2397 est,
625 2368 706 2389 vero
723 2356 843 2389 dolore
857 2362 890 2389 et
906 2355 978 2388 zelo
994 2353 1097 2395 affici,

117 2413 156 2442 ut
173 2415 383 2453 propagetur
408 2408 517 2451 gloria
535 2407 620 2448 Dei,
648 2413 685 2440 ut
702 2407 790 2439 iusta
815 2406 859 2439 sit
880 2405 1097 2449 gubernatio,

119 2465 151 2492 et
172 2459 353 2499 scandala,
381 2465 414 2492 et
431 2459 521 2491 mala
540 2458 696 2501 exempla
715 2457 896 2491 tollantur.
949 2453 1014 2490 Est
1034 2467 1096 2489 au-

119 2515 187 2542 tem
211 2506 295 2542 haec
320 2509 486 2553 particula
511 2509 610 2554 quasi
635 2507 823 2541 declaratio
847 2506 1017 2552 quaedam
1039 2517 1097 2540 su-

119 2559 276 2602 perioris.
331 2558 445 2593 Antea
462 2559 550 2592 dixit
567 2559 756 2593 salutarem
775 2569 847 2591 esse
867 2557 1098 2597 clementiam,

122 2619 214 2642 nunc
233 2610 331 2643 addit
348 2608 439 2643 hanc
461 2610 680 2643 clementiam
706 2620 776 2641 non
796 2609 922 2641 debere
939 2618 1011 2640 esse
1026 2607 1098 2640 dis-

124 2658 330 2693 solutionem
357 2672 415 2693 seu
441 2660 626 2703 ignaviam.
679 2659 832 2694 Accedat
849 2659 959 2702 zelus,
985 2658 1028 2692 sit
1046 2658 1098 2690 vi-

177 2710 349 2742 Manna.
379 2713 481 2743 Orza.
513 2713 591 2743 Vox..
615 2712 708 2743 XIV.

653 105 732 143 XII.
785 102 1176 143 ANNOTATIONES
1214 106 1264 143 IN
1304 106 1597 146 EVANGELIA.

117 191 272 227 Ecclesia
306 193 371 228 sub
395 191 631 229 Diocletiano,
667 198 766 225 erant
789 192 864 225 sine
888 193 1100 229 defensione.

357 294 517 338 Tyranni
545 293 744 326 existimant
774 293 921 340 imperia
943 295 1098 333 retineri,
1123 297 1125 301 '

740 341 906 384 Econtra,
936 344 1097 387 Evange-
1122 371 1123 385 ἶ

118 395 205 428 lium
231 396 349 431 docet,
381 400 419 426 ut
442 393 479 425 in
505 404 605 426 causa
640 394 728 427 insta
755 394 864 427 simus
889 402 1085 429 constantes
1121 394 1123 398 ⁴

2054 113 2125 149 498

1122 203 1126 250 ἶ
1150 194 1279 237 gHans,
1307 195 1479 237 intentus,
1507 209 1600 236 acer,
1635 196 1876 243 unusquisque
1902 196 1936 231 in
1961 209 2022 232 suo
2047 200 2125 232 osfi'-

1151 245 1215 278 cio.
1278 243 1410 290 Estque
1440 248 1597 290 opposita
1630 249 1799 282 'sententia
1828 247 2026 292 Epicureis,
2064 251 2122 294 qui

1149 295 1238 327 nibil
1264 303 1386 329 curant
1411 298 1667 342 qualiacunque
1690 299 1791 338 vitia,
1817 311 1876 331 seu
1904 300 2126 341 religionum,

1148 357 1206 377 sen
1226 346 1304 383 alia,
1327 353 1365 379 ut
1381 358 1475 379 nunc
1491 348 1605 379 rident
1625 360 1687 379 nos
1698 346 1872 390 Epicurei,
1891 362 1968 383 cum
1987 352 2029 383 de
2047 351 2125 383 ido-

1148 396 1284 430 lolatria
1304 403 1361 429 aut
1379 398 1420 429 de
1441 397 1650 430 libidinibus
1665 398 1856 442 querimur.

1122 348 1124 362 ὓ

1248 453 1349 487 Hanc
1373 456 1544 498 ignaviam
1565 457 1753 489 detestatur
1769 454 1948 496 Christus,
1976 465 2005 492 et
2026 471 2124 502 prae-

1147 504 1231 551 cipit
1248 506 1379 546 zelum,
1407 518 1445 538 ac
1463 507 1562 540 addit
1579 506 1859 550 promissionem.
1912 506 1998 541 Nam
2023 510 2124 553 impii

1146 555 1268 589 dicunt
1288 556 1364 599 pios
1387 556 1514 589 frustra
1537 557 1653 589 moliri
1677 557 1968 591 emendationem.
2021 557 2126 592 Chri..

1145 612 1218 639 stus
1233 614 1371 639 econtra
1390 607 1561 650 promittit
1577 608 1712 640 labores
1732 619 1803 640 non
1821 607 1895 640 fore
1913 608 2045 648 inanes,
2071 621 2125 642 sa-

1145 657 1370 697 turabuntur,
1398 658 1526 702 inquit.
1577 657 1674 697 Item,
1700 655 1735 689 hi
1754 657 1909 690 sitientes
1925 658 2126 702 intelligan-

1145 713 1203 740 tur
1220 719 1291 739 non
1308 706 1449 752 Cynici,
1477 708 1587 740 aliena
1605 708 1688 741 vitia
1712 714 1848 741 tantum
1863 706 2125 751 reprehenden-

1144 763 1213 795 tes,
1242 759 1283 790 ad
1310 769 1370 791 sua
1393 758 1638 796 conniventes,
1665 758 1726 790 sed
1751 769 1824 790 sese
1843 770 1981 803 quoque
2006 771 2125 792 emen-

1144 808 1285 846 dantes,
1309 808 1404 842 iuxta
1428 809 1536 842 illud:
1567 808 1682 841 Iustus
1701 808 1855 853 primum
1880 816 2058 843 accusator
2076 817 2125 843 est

1145 859 1216 897 sui,
1245 865 1363 902 postea
1386 859 1538 893 occurrit
1560 859 1670 892 alteri.

1452 948 1550 979 Beata·
1573 948 1813 980 misericordes,

1246 1010 1469 1044 promittitur
1492 1021 1620 1043 merces
1643 1010 1822 1050 beneficis,
1850 1010 1910 1055 qui
1933 1010 2127 1045 defendunt

1144 1067 1202 1093 ant
1218 1062 1385 1094 adiuvant
1403 1061 1568 1098 afflictos,
1595 1067 1633 1093 ut
1649 1061 1709 1105 qui
1725 1067 1845 1104 tegunt
1864 1072 1937 1101 eos,
1964 1061 2025 1106 qui
2045 1073 2126 1104 pro-

1146 1118 1221 1154 pter
1256 1112 1508 1155 professionem
1544 1109 1729 1153 Evangelii
1764 1111 1988 1153 affliguntur,
2031 1111 2126 1144 iuxta

1146 1161 1338 1195 psalmum:
1372 1161 1500 1195 Beatus
1526 1162 1586 1207 qui
1610 1161 1775 1204 intelligit
1796 1172 1901 1205 super
1925 1172 2072 1204 egenum
2094 1168 2127 1194 et

1145 1224 1329 1256 pauperem
1347 1219 1409 1246 etc.

1245 1269 1344 1303 Beati
1370 1271 1502 1302 mundo
1529 1271 1653 1311 corde,
1679 1270 1715 1302 id
1738 1276 1807 1311 est,
1833 1276 1947 1309 casto,
1974 1270 2062 1303 sicut
2083 1271 2127 1303 ad

1146 1318 1301 1353 Ebraeos
1330 1320 1477 1353 dicitur:
1513 1319 1703 1354 Sectamini
1733 1320 2062 1360 sanctificationem,
2090 1321 2127 1352 id

1145 1377 1215 1409 est,
1243 1370 1445 1410 castitatem,
1474 1370 1548 1402 sine
1565 1383 1633 1413 qua
1649 1382 1752 1403 nemo
1770 1370 1883 1403 Deum
1898 1369 2044 1404 videbit.
2081 1369 2128 1403 Et

1143 1420 1268 1454 usitata
1294 1431 1405 1463 poena
1434 1427 1483 1453 est
1508 1420 1700 1453 libidinum
1724 1420 1887 1461 coecitas,
1913 1425 1951 1452 ut
1969 1418 2074 1453 Rom.
2096 1422 2127 1454 1.

1145 1477 1177 1504 et
1192 1468 1320 1514 Ephes.
1338 1469 1370 1503 4.
1388 1471 1528 1504 dicitur.

1246 1528 1344 1562 Beati
1386 1528 1539 1573 pacifici,
1579 1528 1615 1561 id
1655 1534 1725 1571 est,
1767 1533 1858 1561 recte
1895 1527 2128 1562 diiudicantes

1145 1581 1321 1622 (logmata,
1348 1586 1438 1612 recte
1456 1585 1617 1612 sanantes
1633 1579 1778 1612 iniustas
1794 1577 1986 1610 discordias
2005 1576 2127 1611 Eccle-

1145 1631 1234 1668 siae,
1262 1630 1317 1662 vel
1333 1641 1522 1672 regnorum
1533 1656 1542 1669 ,
1570 1630 1729 1662 cedentes
1745 1628 1823 1661 aliis
1837 1628 1928 1661 bona
1945 1629 2127 1661 conscien-

1145 1681 1211 1721 tia,
1234 1686 1376 1724 propter
1394 1691 1522 1723 pacem.

1247 1738 1458 1772 Continetur
1474 1745 1589 1772 autem
1608 1735 1665 1771 hic
1687 1737 1836 1770 maxima
1855 1749 1933 1781 pars
1951 1736 2130 1781 Decalogi.⁴

1146 1790 1233 1823 Nam
1253 1791 1294 1822 ad
1316 1790 1468 1833 primum
1492 1795 1713 1832 praeceptum
1739 1788 1914 1831 pertinent
1932 1786 1997 1821 hae
2015 1789 2127 1821 virtu-

1147 1848 1214 1881 tes,
1245 1839 1383 1873 Yeritas
1407 1846 1440 1872 et
1464 1839 1634 1872 fortitudo
1661 1839 1698 1872 in
1729 1838 1962 1878 confessione,
1993 1840 2036 1871 de
2059 1850 2128 1883 qua

1146 1892 1247 1924 dicit:
1275 1889 1373 1923 Beati
1393 1890 1455 1934 qni
1476 1888 1751 1932 persecutionem
1776 1889 1967 1932 patiuntur.
2021 1887 2126 1922 Item:

1147 1941 1251 1975 Fides
1270 1947 1454 1988 expectans
1469 1937 1531 1972 has
1546 1939 1794 1983 promissiones
1815 1945 1847 1972 et
1862 1939 2018 1971 retinens
2037 1939 2128 1971 veri-

1118 1975 1120 2029 i,
1147 1998 1272 2031 tatem,
1296 1997 1439 2034 propter
1455 1987 1516 2022 has
1541 1989 1800 2033 promissiones,
1854 1987 1958 2022 Item:
1987 1988 2128 2021 Patien-

1118 2038 1120 2081 Ι
1148 2043 1193 2075 tia
1212 2043 1249 2075 in
1269 2041 1573 2085 qualibuscunque
1589 2039 1778 2073 aerumnis.
1821 2038 1910 2072 Nam
1935 2037 1998 2071 hae
2016 2039 2128 2071 virtu-

1118 2084 1121 2127 Ι
1148 2100 1196 2125 tes
1223 2099 1306 2124 suut
1336 2091 1468 2132 cultus,
1499 2092 1542 2124 de
1568 2089 1696 2136 quibus
1722 2089 1950 2123 concionatur
1973 2090 2127 2133 primum

1118 2140 1121 2189 Ῑ
1148 2148 1381 2186 praeceptum.

1249 2201 1306 2235 Ad
1323 2201 1510 2233 secundam
1528 2200 1684 2233 tabulam
1705 2199 1879 2242 pertinent
1894 2198 2126 2231 mansuetudo

1148 2253 1184 2286 iu
1201 2252 1393 2296 mitiganda
1414 2250 1588 2289 vindicta,
1617 2249 1863 2289 beneficentia,
1890 2249 2045 2288 castitas,
2071 2260 2128 2281 ca-

1147 2303 1231 2337 ritas
1252 2303 1306 2336 vel
1329 2301 1484 2348 aequitas
1507 2301 1542 2333 in
1569 2301 1724 2333 facienda
1749 2310 1841 2342 pace.
1895 2297 1949 2332 Ad
1975 2298 2128 2342 primum

1147 2360 1371 2398 praeceptum
1398 2352 1546 2397 pertinet
1571 2350 1668 2384 sitire
1699 2349 1892 2393 iusticiam,
1920 2349 1954 2382 id
1978 2356 2044 2389 est,
2073 2360 2128 2382 ze-

1147 2406 1202 2439 lus
1227 2411 1287 2438 etc.

1305 2496 1354 2526 De
1378 2495 1479 2525 dicto:

1250 2556 1320 2590 Lex
1339 2555 1481 2589 moralis
1499 2561 1550 2588 est
1571 2560 1710 2587 aeterna
1734 2559 1765 2585 et
1791 2550 2022 2585 immutabilis
2047 2561 2127 2583 sen-

1147 2608 1255 2642 tentia
1281 2609 1317 2640 in
1342 2613 1456 2639 mente
1483 2605 1621 2644 divina,
1646 2614 1733 2648 quae
1756 2609 1806 2636 est
1821 2601 1939 2645 regula
1963 2601 2129 2639 iusticiae,

1147 2659 1364 2704 praecipiens
1393 2656 1511 2700 quales
1541 2665 1662 2688 omnes
1693 2659 1867 2686 creaturas
1895 2652 2129 2695 intelligentes

1393 2707 1441 2740 32

1523 2493 1600 2525 Non
1624 2492 1696 2523 veni
1718 2490 1839 2523 solvere
1860 2490 1974 2531 legem.
